4174 6444
277 465 376 519 225

996 469 1006 479 κ
1035 471 1230 526 LIBER
1267 469 1805 526 EXHORTATIONIS
1838 471 1927 525 AD
1963 471 2311 527 HENRICUM
2348 469 2666 528 FOROJUL.

3345 475 3448 531 2:26

276 585 478 630 secreta
499 579 693 633 mentis
719 587 820 633 tum
843 581 1003 634 novit.
1048 581 1334 648 Vigilantcr
1366 595 1492 649 ergo
1529 589 1583 633 et
1608 567 1816 634 assidue
1845 590 1890 642 Α
1918 580 2318 633 amaritudinem
2347 587 2399 632 et
2429 580 2670 633 timorem
2699 582 2951 651 gelicnnm
2980 585 3273 647 annuntics,
3299 594 3354 638 ct
3388 578 3478 639 do'

275 665 474 720 assiste.
515 668 572 721 in
619 678 900 737 conspectu
952 670 1045 722 Dei
1089 671 1142 723 in
1185 679 1421 738 tempore
1449 669 1731 732 orationis,
1761 676 1818 722 ut

275 755 638 812 imminentem
686 757 876 812 diaboli
909 759 1251 812 tentationem
1284 758 1490 812 facilius
1524 758 1696 826 possis
1742 755 1820 810 cf-

170 881 178 887 .
273 839 476 911 fugere.
523 843 581 898 Si
607 845 749 900 enim
791 845 1139 914 cogitationes
1157 845 1314 913 hujus
1346 846 1532 899 ‘sazculi
1573 845 1724 899 malm
1766 853 1819 898 et

272 929 500 993 sordida:
526 932 745 986 turbant
780 947 873 986 cor
920 940 1089 995 tuum,
1120 939 1175 985 et
1221 939 1414 1001 cogunt
1453 932 1689 986 illicitum
1727 931 1820 983 aii-

271 1018 402 1086 quid
419 1028 747 1088 perpetrare,
772 1034 867 1088 per
891 1019 1164 1073 orationes
1195 1034 1356 1087 puras
1381 1026 1436 1072 et
1463 1019 1666 1088 vigilias
1691 1033 1818 1072 san-

271 1112 388 1160 ctas
417 1105 744 1175 depellentur
775 1107 791 1136 ¹
823 1107 892 1161 ab
937 1106 1115 1160 anima
1164 1114 1270 1159 tua.
1321 1105 1502 1161 Oratio
1528 1119 1551 1146 α
1593 1121 1821 1174 namque

269 1194 488 1260 grandis
515 1196 734 1250 munitio
757 1204 840 1248 est
871 1196 1080 1250 animat.
1117 1195 1220 1249 Per
1247 1197 1515 1251 orationes
1545 1195 1574 1234 ι)
1600 1196 1820 1265 purissi-

273 1296 388 1336 mas
411 1282 592 1336 omnia
613 1285 764 1338 nobis
798 1283 948 1338 utilia
969 1285 1271 1339 tribuuntur
1293 1300 1323 1337 a
1348 1284 1570 1339 Domino
1596 1294 1649 1338 et
1689 1299 1820 1338 cun-

270 1376 355 1422 cta
377 1369 537 1422 noxia
556 1368 871 1438 etl‘ugantur.
897 1370 965 1425 Et
1001 1385 1068 1426 ne
1093 1371 1113 1402 '
1149 1372 1349 1426 diutius
1373 1372 1437 1426 de
1473 1372 1572 1426 hac
1604 1386 1662 1426 re
1679 1371 1700 1402 ³
1742 1371 1823 1424 di-

270 1465 480 1522 sputem
521 1456 605 1510 vel
633 1458 900 1522 immorer,
931 1459 1038 1529 33
1069 1459 1212 1512 sicut
1241 1474 1306 1513 ex
1341 1460 1641 1513 carnalibus
1684 1459 1822 1539 escis

268 1542 434 1596 alitur
456 1557 602 1609 caro,
629 1544 702 1598 ita
725 1560 791 1600 ex
819 1545 1012 1601 divinis
1048 1546 1272 1615 eloquiis
1298 1555 1350 1600 et
1375 1548 1702 1602 orationibus
1741 1547 1821 1600 in-

272 1633 442 1686 terior
490 1631 650 1688 homo
705 1634 938 1688 nutritur
974 1644 1027 1688 et
1079 1635 1334 1704 pascitur.
1378 1635 1579 1698 Pasce,
1621 1644 1822 1705 quasso,

270 1719 511 1773 animam
550 1727 694 1775 tuam
731 1721 1094 1791 spiritualibus
1137 1722 1302 1786 cibis,
1337 1723 1389 1778 id
1416 1730 1498 1778 est
1541 1723 1662 1789 ﬁde,
1705 1737 1819 1793 spe,

271 1807 566 1872 cbaritate,
593 1817 648 1863 et
679 1809 896 1878 reliquis
921 1809 1224 1875 virtutibus,
1266 1826 1362 1881 per
1397 1827 1531 1880 quas
1560 1810 1824 1880 intelligas

1914 682 2095 721 eorum
2123 667 2290 721 salute
2320 662 2594 722 sollicitus
2620 683 2680 722 ac
2711 669 2731 699 ⁸
2774 670 2899 740 vigil
2919 671 3116 726 exiStas
3153 673 3316 742 :qnia
3344 688 3457 742 pro

1914 757 2155 809 omnibus
2178 757 2274 810 tibi
2298 755 2568 822 subjectis,
2599 743 2690 826 qui
2735 757 2788 810 in
2817 759 2971 813 domo
3001 768 3087 812 tua
3115 769 3258 823 sunt,
3289 761 3454 813 ratio-

1915 860 2032 898 nem
2079 841 2316 900 Domino.
2349 847 2550 900 reddes.
2591 846 2859 900 Annuntia
2881 887 2896 911 ,
2929 850 3172 918 ιιι-πεῖρε,
3201 850 3456 918 impera,

1916 933 2077 986 suade
2111 934 2208 996 eis,
2240 941 2299 986 ut
2344 941 2566 986 caveant
2594 948 2652 986 se
2694 948 2725 986 a
2761 936 3027 1002 superbia,
3057 951 3088 989 a
3113 937 3454 999 detractione,

1917 1019 1984 1071 ab
2010 1019 2284 1093 ebrietate,
2312 1034 2340 1072 a
2366 1019 2740 1088 fornicatione,
2763 1037 2794 1074 a
2819 1009 3044 1086 luxuria,
3067 1025 3134 1078 ab
3159 1024 3256 1088 ira,
3284 1039 3314 1076 a
3335 1034 3465 1093 per-‘

1909 1103 2070 1171 jurio,
2101 1092 2138 1158 a'
2155 1105 2456 1175 cupiditate,
2486 1121 2602 1174 qua:
2633 1114 2713 1160 est
2743 1108 2894 1162 radix
2917 1110 3151 1164 omnium
3177 1092 3455 1166 malorum.

2484 1215 2896 1270 CAPUTXXX.
3322 1253 3324 1256 ›
3484 1208 3486 1211 ’

2315 1283 2380 1337 Ut
2401 1285 2694 1352 cupiditatis
2723 1285 2860 1338 mala
2886 1297 3078 1340 caveat.
3377 1319 3380 1348 ;

1987 1370 2218 1440 Cupidus
2237 1372 2380 1425 enim
2403 1373 2486 1424 vir
2513 1372 2744 1425 animam
2769 1386 2918 1426 suam
2946 1384 2968 1412 ο
2996 1374 3231 1428 venalem
3259 1375 3416 1430 habet
3440 1393 3465 1429 :-

1920 1459 1963 1512 si
1991 1458 2251 1512 invenerit
2280 1468 2485 1527 tempus
2531 1465 2589 1512 ut
2628 1460 2965 1528 concupiscat
3005 1460 3228 1529 alicujus
3274 1478 3462 1517 aurum

1919 1556 2010 1602 aut
2033 1557 2330 1618 argentum,
2359 1561 2451 1601 seu
2475 1555 2650 1601 vestes
2670 1547 2935 1615 pulchras,
2959 1549 3039 1602 vel
3061 1550 3221 1603 etiam
3245 1549 3464 1620 cujusli-

1919 1637 2010 1691 bet
2053 1637 2326 1692 mulierem
2361 1636 2634 1706 pulchram
2675 1636 2826 1706 t‘acie,
2874 1653 2968 1706 pro
3007 1639 3171 1693 nihilo
3195 1649 3467 1710 perpetrat
3519 1701 3524 1711 ,

1920 1725 2283 1780 homicidium.
2314 1724 2381 1776 Et
2407 1732 2464 1776 ut
2492 1725 2614 1790 quis
2637 1722 2857 1779 effundit
2877 1723 2904 1763 ἀ
2940 1739 3130 1794 aquam
3154 1725 3208 1779 in
3239 1734 3460 1790 terram,

1922 1814 1995 1869 ita
2024 1822 2107 1868 est
2132 1813 2182 1866 ei
2202 1810 2468 1865 cil'undere
2495 1811 2803 1880 sanguinem
2829 1813 3057 1881 proximi
3089 1814 3191 1868 sui.
3221 1813 3465 1868 Plurima:

273 1894 442 1949 Deum
486 1897 654 1951 amari
684 1885 732 1961 ’⁸,
765 1907 820 1951 et
855 1897 970 1965 ejus
1006 1907 1270 1968 praecepta
1320 1901 1520 1953 servari
1547 1913 1562 1952 :
1594 1907 1652 1953 ut
1700 1913 1822 1955 cum
1852 1898 1898 1958 B
1923 1901 2110 1955 anima:
2125 1899 2178 1953 in
2194 1898 2378 1952 mortis
2401 1896 2692 1966 periculum
2716 1897 3012 1952 inciderunt
3033 1907 3248 1968 pr0pter
3273 1881 3465 1970 cupidi-

270 1993 512 2038 extrema
549 1985 663 2040 dies
689 1987 782 2040 tibi
814 1987 835 2017 ⁸
876 1989 1133 2042 evenerit.
1162 1989 1334 2058 angeli
1379 1990 1526 2057 pacis
1574 1997 1627 2043 te
1657 1989 1839 2042 susci-

270 2072 441 2139 piant,
465 2072 536 2128 de
579 2081 841 2142 potestate
873 2074 1064 2129 diaboli
1103 2083 1155 2130 te
1190 2077 1439 2146 eripiant,
1465 2085 1520 2132 et
1569 2076 1823 2130 merearis

270 2172 581 2218 sanctorum
602 2166 871 2221 consortio
898 2167 951 2229 in
978 2167 1131 2221 beata
1156 2169 1336 2237 requie
1354 2167 1556 2235 perlici,
1578 2175 1631 2219 et
1659 2166 1821 2218 vitam

268 2263 525 2309 aeternam
557 2271 678 2309 cum
703 2256 948 2310 omnibus
989 2258 1188 2316 sanctis
1216 2257 1504 2326 possidere.
1531 2255 1663 2308 Nam
1703 2270 1822 2309 cer-

273 2343 479 2397 tissime
501 2344 628 2409 scis,
656 2346 778 2412 quia
816 2345 1078 2413 possessio
1110 2346 1255 2414 regni
1281 2345 1532 2400 caelorum
1560 2345 1820 2412 promissa

274 2433 366 2487 tibi
392 2441 496 2498 est,
521 2435 614 2488 sed
651 2435 770 2512 vide
794 2450 860 2489 ne
891 2435 958 2488 ab
983 2449 1042 2489 ea
1067 2443 1349 2490 extraneus
1375 2425 1639 2489 eﬂiciaris.

752 2543 857 2612 37
893 2542 1123 2623 parur
1150 2543 1338 2623 xm.

539 2609 789 2664 Familia?
806 2609 983 2665 Eur'am
1011 2613 1248 2665 hortatur
1271 2611 1577 2680 impendere.

338 2697 566 2766 Qnmso,
597 2700 670 2752 mi
698 2698 895 2764 frater,
917 2714 1127 2768 quasso,
1161 2699 1405 2754 omnibus
1445 2698 1539 2752 tibi
1567 2697 1822 2779 subjectis

267 2796 322 2839 et
351 2787 508 2841 bonze
535 2787 821 2842 voluntatis
849 2789 899 2840 in
929 2789 1087 2842 domo
1115 2799 1204 2841 tua
1247 2803 1277 2840 a
1323 2786 1519 2854 majore
1559 2801 1727 2854 usque
1754 2786 1824 2839 ad

273 2877 586 2941 minimum,
635 2892 868 2934 amorem
915 2889 970 2933 et
1012 2878 1343 2934 dulcedinem
1368 2879 1516 2948 regni
1557 2876 1821 2942 caelestis,

1923 1999 2110 2052 tatem,
2141 1994 2194 2041 et
2227 1985 2376 2040 multi
2403 1986 2623 2040 Domino
2654 1983 2871 2052 jubente
2897 1988 2965 2041 ob
2986 1987 3085 2041 hoc
3105 1987 3318 2057 lapidati
3344 2000 3465 2042 sunt

1923 2080 2101 2149 (Iosue
2146 2092 2238 2138 vn,
2269 2075 2381 2144 25).
2419 2075 2545 2129 Saul
2589 2075 2730 2130 enim
2778 2075 2980 2130 alienus
3024 2092 3052 2130 a
3097 2078 3205 2132 Deo
3246 2088 3462 2147 pmpter

1924 2166 2202 2220 avaritiam
2229 2163 2400 2218 factus
2426 2171 2509 2217 est
2539 2181 2551 2215 :
2589 2174 2643 2217 et
2687 2164 2755 2217 ad
2804 2173 3099 2220 extremum
3147 2167 3210 2222 de
3237 2167 3466 2220 culmine

1924 2257 2084 2326 regali
2107 2254 2356 2324 expulsus
2383 2255 2450 2307 ab
2472 2253 2698 2308 inimicis
2717 2256 2826 2310 suis
2845 2265 3146 2324 peremptus
3166 2266 3246 2311 est
3267 2257 3318 2326 (1
3330 2257 3464 2328 Reg.

1926 2350 2036 2412 xv).
2070 2343 2136 2396 Et
2173 2343 2237 2396 de
2280 2341 2461 2395 multis
2489 2341 2652 2394 multa
2696 2341 2871 2395 dicere
2895 2344 3202 2412 potuissem,
3251 2345 3342 2399 sed
3380 2361 3467 2399 sa-

1927 2433 2088 2502 pienti
2135 2438 2172 2470 ε’
2194 2447 2363 2501 pauca
2411 2429 2695 2484 sulliciunt.
2733 2431 2984 2486 Dominus
3024 2448 3150 2486 vero
3197 2441 3378 2486 noster
3415 2442 3468 2486 et

1923 2521 2166 2574 Salvator
2195 2519 2358 2572 voluit
2399 2519 2462 2572 de
2497 2514 2745 2572 cordibus
2788 2518 3176 2582 Pharisaaorum
3219 2523 3469 2590 pecunia-

1924 2624 2040 2661 rum
2070 2622 2302 2661 amorcm
2325 2607 2604 2666 excludere
2627 2623 2638 2658 :
2674 2607 2765 2660 sed
2792 2609 2915 2676 quia
2941 2617 3092 2662 erant
3121 2611 3465 2678 capidissimi,

1926 2697 2180 2752 salutaria
2204 2695 2410 2748 Domini
2440 2695 2598 2748 verba
2627 2694 2936 2750 deridebant
2958 2695 3166 2765 (Matth.
3195 2697 3308 2767 xv).
3337 2699 3469 2757 Nam

1927 2795 1982 2840 et
2031 2785 2179 2838 illum
2209 2784 2442 2846 divitem,
2470 2797 2624 2850 quem
2653 2783 2905 2839 Dominus
2932 2786 2997 2839 ad
3025 2799 3184 2855 regna
3217 2787 3471 2842 caelorum

1930 2873 2265 2944 provocavit,
2286 2887 2447 2934 ,amor
2471 2873 2810 2940 pecuniarum
2835 2887 2956 2938 eum
2981 2873 3181 2929 intrare
3215 2890 3320 2930 non
3353 2891 3473 2946 per-

1473 3002 1855 3062 VARIANTES
1888 2998 2284 3057 LECTIONES.
3042 3079 3044 3081 s
3520 3066 3521 3069 η

349 3099 365 3129 ¹
404 3095 534 3150 Ven.
584 3095 927 3181 depellantur.
1002 3097 1022 3126 ¹
1047 3094 1280 3181 genesim
1295 3104 1350 3150 et
1385 3104 1444 3150 ut
1474 3111 1600 3181 ne:
1633 3095 1653 3125 '
1680 3093 1748 3148 In
1786 3089 1978 3146 Bened.
2030 3088 2167 3141 deest
2193 3103 2268 3142 re.
2343 3089 2364 3118 ⁸
2413 3087 2605 3158 Bened.
2637 3104 2816 3145 amare
2847 3101 2894 3144 et
2936 3092 3008 3144 sic
3051 3094 3187 3181 quod
3209 3096 3463 3167 sequitur,

271 3180 512 3222 scrvare.
591 3163 864 3231 I"Benedq
886 3164 1108 3219 venerit.
1183 3164 1204 3195 ⁶
1242 3163 1364 3218 Ven.
1381 3165 1624 3234 pervigil.

1757 3246 1961 3303 NOTAE
1977 3293 1982 3299 .

272 3349 357 3399 καὶ
382 3350 499 3424 ταῖς
519 3342 862 3424 πράξξσινλρῦ
895 3347 964 3412 μή
991 3339 1385 3424 animum;
1406 3341 1459 3398 δὲ
1479 3345 1566 3424 τὸτί
1585 3341 1704 3396 Θεὸν
1730 3361 1826 3424 eo;
1851 3339 1896 3401 C
1925 3350 2037 3424 erat

1925 3336 2277 3424 era-mining;
2297 3334 2546 3424 εἰει-εἵρ-
2575 3337 2875 3406 hujusmotli
2897 3348 3071 3397 oratio
3102 3344 3465 3414 mundissima,

266 3409 582 3480 somewhat?
607 3419 689 3480 est
716 3426 732 3480 ς
761 3410 819 3464 Si
863 3409 1059 3480 semper
1096 3409 1389 3465 'n.emineris
1433 3409 1566 3480 quod
1597 3409 1826 3480 aperanti

270 3479 559 3535 secundum
597 3479 833 3551 spiritum
869 3478 944 3532 vel
970 3478 1166 3550 corpus
1189 3519 1205 3544 ,
1249 3480 1384 3534 Deus
1427 3478 1562 3551 astat
1584 3478 1825 3551 _prwsens

273 3553 555 3616 inspector,
590 3544 646 3599 in
671 3544 902 3616 omnibus
923 3544 1295 3616 precationibus
1323 3558 1370 3601 et
1405 3544 1689 3600 actionibus
1724 3548 1826 3600 tuis

274 3615 380 3671 non
405 3616 665 3685 peccabis,
691 3615 895 3685 habebis
915 3615 1204 3685 Quinetiam
1222 3617 1384 3670 Deum
1405 3615 1821 3685 cohabitatorem.

347 3698 373 3726 ιι
404 3683 590 3754 gratio
621 3684 839 3754 munitio
858 3683 934 3754 est
959 3685 1164 3738 animos.
1194 3685 1502 3754 Egesippus,
1534 3699 1652 3736 cum
1680 3684 1825 3738 varia

273 3769 342 3808 ex
400 3751 696 3822 Scripturis
754 3752 1014 3807 attulisset
1065 3751 1300 3822 exempla
1327 3751 1585 3821 ,"quibus
1640 3754 1828 3821 probat

273 3830 494 3877 sanctos
548 3821 744 3892 Patres
783 3821 1468 3892 orationeﬂdurafquaeque
1509 3837 1784 3892 superasse
1808 3861 1823 3884 ,

276 3894 573 3958 hostesque
594 3890 803 3952 vicisse,
827 3889 1004 3943 subdit
1025 3891 1116 3946 lib.
1143 3907 1194 3956 v,
1220 3889 1293 3945 De
1317 3889 1491 3944 excid.
1522 3889 1675 3944 Urbis
1704 3891 1826 3944 llic-

275 3957 423 4016 rosol
447 3957 511 4012 ~.’«
549 3957 678 4023 Quis
705 3959 817 4012 haec
847 3966 901 4012 et
941 3959 1065 4012 talia
1111 3960 1450 4014 considerans
1495 3975 1599 4012 non
1654 3960 1824 4013 admi-

275 4038 428 4083 retur
453 4037 508 4079 et
536 4043 642 4083 non
669 4027 923 4094 intelligat
947 4027 1001 4080 in
1027 4028 1266 4082 oratione
1284 4029 1437 4082 nobis
1467 4028 1684 4081 meliora
1709 4042 1827 4081 esse

275 4112 428 4217 frma
449 4135 466 4162 ,
489 4111 649 4164 quam
669 4096 723 4149 in
753 4095 988 4151 virtute?
1021 4115 1040 4147 ι
1075 4096 1289 4152 Scilicet
1309 4097 1535 4150 humana
1562 4107 1685 4165 puta
1716 4097 1825 4152 bel-

297 4182 400 4217 ica.

297 4182 400 4218 ica.

352 4235 377 4273 δ
410 4232 517 4286 Per
543 4233 800 4301 orationes
843 4233 1162 4301 purissimas.
1204 4233 1304 4299 Qui
1331 4233 1429 4288 sub
1470 4233 1684 4295 Catonis
1732 4249 1825 4287 no-

245 4321 248 4324 ’
276 4303 425 4356 mine
463 4299 909 4355 circumferuntur
940 4317 1160 4356 versus:

434 4391 487 4453 Si
512 4391 648 4438 Deus
665 4397 737 4439 est
762 4392 946 4439 animus
969 4391 1121 4447 nobis,
1139 4398 1194 4440 ut
1215 4392 1420 4440 carmina
1438 4392 1618 4453 dicunt,

435 4451 528 4499 Hic
550 4453 639 4499 tibi
663 4454 902 4514 praecipue
928 4464 1043 4512 pora
1067 4457 1132 4501 sit
1153 4460 1316 4501 mente
1338 4454 1580 4502 colendus.

275 4531 346 4585 Et
371 4529 565 4584 Cicero
583 4545 620 4612 ιι
646 4529 719 4583 De
741 4528 857 4582 Nat.
887 4529 1069 4584 deor.:
1099 4549 1118 4581 ι
1140 4529 1324 4612 Cultus
1349 4519 1564 4612 deorum
1591 4542 1671 4587 est
1698 4534 1829 4602 opti—

275 4616 426 4654 mus.
547 4606 607 4650 ut
630 4611 724 4652 eos
749 4612 956 4666 semper
979 4615 1128 4668 pura,
1169 4606 1392 4672 integra,
1430 4606 1736 4672 incorrupta
1777 4613 1832 4657 et

191 4717 199 4726 ,
276 4676 461 4738 mente
505 4673 560 4721 ct
587 4681 716 4738 voce
768 4681 1096 4722 veneremur.
1138 4687 1156 4720 ι
1194 4669 1408 4724 Plautus
1454 4669 1736 4738 Amphitr.‘
1776 4688 1825 4725 v.

277 4736 442 4802 i292,
475 4743 582 4790 act.
609 4735 671 4790 V.
695 4749 709 4787 :

401 4826 597 4892 invocat
617 4825 1065 4892 deosimmortales,
1090 4837 1141 4876 ut
1158 4829 1244 4876 sibi
1272 4829 1498 4879 auxilium
1521 4828 1694 4892 ferant,

401 4886 624 4936 nauibus
647 4888 794 4947 puris,
819 4891 977 4948 capite
999 4886 1184 4948 operto.

277 4969 384 5022 Sed
425 4966 734 5037 Apostolus,
762 4965 781 5018 Ι
808 4966 944 5037 Tim.
976 4984 1034 5029 ιι,
1062 4967 1115 5031 8,
1143 4984 1302 5037 puras
1333 4985 1537 5034 manus,
1566 4986 1684 5024 cum
1713 4986 1830 5025 ora-

280 5053 423 5101 mus,
453 5034 718 5090 advbeum
751 5034 862 5105 tolli
889 5034 1293 5105 praecipiu'cum
1321 5039 1448 5092 dicit
1475 5058 1487 5091 :
1545 5037 1669 5093 l'olo
1699 5042 1828 5094 viros

276 5121 432 5158 orare
472 5107 548 5174 in
575 5105 726 5174 omni
741 5102 873 5174 loco,
891 5102 1124 5174 'levan'tes
1141 5123 1298 5174 puras
1321 5124 1503 5160 manus
1531 5109 1640 5160 sine
1677 5110 1756 5162 ira
1770 5108 1829 5162 ’et

275 5172 667 5245 disceptatione.
695 5171 907 5245 Puritas
935 5173 1093 5234 enim,
1125 5171 1281 5245 quam
1310 5178 1572 5244 prmeipue
1610 5178 1832 5245 requirit

275 5242 491 5314 Paulus.
526 5242 582 5294 in
613 5255 682 5314 eo
725 5241 896 5314 posita
922 5250 1023 5314 _est
1064 5241 1348 5314 secundum
1397 5241 1832 5314 Ch'rysostoinum

279 5311 384 5380 hic,
420 5310 668 5380 ilom.V78,
719 5319 776 5380 _ut
803 5310 870 5362 ab
919 5309 999 5363 ira
1045 5313 1270 5380 odioque
1313 5309 1520 5368 animus
1551 5315 1620 5368 sit
1675 5315 1826 5370 liber.

283 5400 300 5452 _c
350 5379 540 5441 Peras,
587 5378 780 5448 inquit,
808 5392 1016 5452 manus,
1063 5379 1115 5434 id
1156 5378 1237 5452 est
1270 5383 1510 5452 mundas,
1543 5400 1645 5438 non
1696 5400 1829 5452 aqua

279 5448 450 5510 latas,
478 5446 1019 5516 verumfcupiditate,
1067 5449 1250 5516 rapina
1302 5451 1534 5506 aedibus
1585 5446 1827 5516 mundus,

279 5519 481 5584 absque
522 5517 599 5570 ira
656 5523 710 5567 et
757 5517 1154 5584 disceptatione.
1190 5519 1342 5582 Quid,
1396 5534 1526 5583 oro,
1579 5523 1678 5575 hoc
1731 5523 1831 5577 sibi

279 5586 427 5639 vult?
450 5584 583 5652 Quis
607 5586 749 5638 enim
784 5584 1031 5637 irascitur
1078 5588 1270 5640 orans?
1311 5591 1569 5643 Caeterum
1617 5593 1708 5644 ira:
1741 5608 1833 5645 no-

281 5659 422 5728 mine
462 5654 757 5728 profanam
796 5652 1113 5728 injuriarum
1171 5659 1480 5728 memoriam
1535 5659 1833 5728 signiﬁcare

283 5721 477 5775 voluit;
498 5721 692 5779 Munda
715 5721 785 5776 sit
803 5722 1006 5775 orantis
1027 5724 1270 5778 intentio.
1292 5764 1304 5777 .
1330 5765 1342 5777 .
1373 5727 1546 5782 nullus
1570 5721 1700 5782 adeo
1739 5746 1830 5783 au~

283 5791 380 5844 das
431 5794 518 5858 sit,
555 5799 611 5846 ut
659 5791 970 5846 inimicitias
1023 5807 1276 5848 exercens
1322 5795 1386 5849 ad
1432 5796 1595 5852 Deum
1648 5808 1833 5868 pergat

125 6407 154 6423 I'
166 6407 328 6444 λθειν-1⁸
338 6425 368 6444 ι

1933 3419 2090 3474 quam
2117 3404 2282 3473 exigit
2301 3403 2568 3474 Paulinus.
2645 3403 2658 3406 ⁷
2922 3463 2924 3466 ,

2005 3485 2026 3512 ε
2060 3474 2295 3543 Animam
2313 3473 2535 3543 venalem
2555 3474 2724 3528 habet.
2746 3475 2823 3530 Ex
2847 3476 2936 3530 illo
2962 3476 3122 3531 Eccli.
3150 3495 3204 3543 κ,
3231 3473 3264 3534 9
3285 3490 3338 3537 et
3366 3483 3466 3538 i0:

1934 3544 2100 3595 Avaro
2130 3540 2256 3593 nihil
2280 3551 2352 3620 est
2380 3539 2704 3621 scel-estius:..
2752 3544 2902 3621 Nihii
2929 3554 3002 3599 est
3042 3539 3267 3616 iniquius
3311 3567 3466 3621 quam

1933 3625 2108 3663 amare
2132 3610 2398 3679 pecuniam
2420 3625 2438 3661 :
2467 3609 2549 3662 hic
2572 3613 2706 3664 enim
2735 3621 2781 3664 et
2809 3614 3034 3669 animum
3069 3609 3215 3669 suam
3242 3609 3466 3673 venalem

1932 3679 2099 3749 habet.
2135 3678 2326 3749 Quia:
2363 3693 2458 3749 pro
2491 3693 2621 3749 auro
2660 3681 2838 3749 vendit
2884 3683 3114 3736 animum
3159 3699 3306 3739 suam
3351 3689 3465 3742 dia-

1934 3747 2069 3808 bolo,
2091 3765 2124 3824 _D
2163 3757 2219 3799 ut
2246 3748 2334 3801 hic
2359 3746 2448 3824 _ait
2489 3746 2785 3824 Cornelius.
2816 3750 2910 3824 VAeI
2945 3753 3070 3824 _quia
3101 3753 3208 3807 vita
3232 3758 3469 3824 corporis

1931 3815 2244 3936 quandoque
2287 3815 2476 3868 animm
2512 3818 2725 3897 nomine
2755 3819 2808 3872 in
2841 3815 3115 3898 Scriptura
3140 3815 3370 3890 ponitur,
3411 3835 3468 3879 ut

1931 3885 2055 3936 llud
2078 3883 2230 3936 Joan.
2267 3899 2352 3936 xv.
2396 3885 2462 3936 13
2487 3901 2500 3936 :
2535 3884 2790 3936 Maiorem
2820 3887 3118 3936 chamatem
3145 3906 3290 3936 nemo
3319 3893 3466 3936 habnt

1931 3883 2055 3938 illud
2078 3883 2230 3955 Joan.
2267 3899 2352 3947 xv,
2396 3885 2500 3938 13:
2535 3884 2790 3955 Majorem
2820 3883 3118 3941 charitotem
3140 3883 3290 3944 nemo
3317 3883 3466 3947 habet
3511 3891 3518 3898 ’

1928 3962 1984 4005 ut
2010 3953 2234 4022 animum
2257 3968 2403 4022 suam
2426 3953 2719 4022 ponatquis
2738 3971 2830 4022 pro
2858 3957 3037 4010 amicis
3063 3958 3205 4022 suis;
3242 3958 3298 4012 S.
3324 3961 3464 4014 Tho-

1929 4036 2063 4084 mas,
2091 4021 2144 4084 2,
2166 4021 2229 4089 2,
2261 4037 2314 4089 q.
2341 4021 2461 4083 H8,
2486 4036 2536 4074 a.
2567 4021 2625 4085 5,
2643 4021 2710 4077 ad
2736 4021 2784 4087 ι.
2818 4025 2895 4078 sic
2921 4025 3091 4078 locum
3121 4021 3260 4081 hunc
3303 4029 3465 4082 inter-

1928 4088 2169 4161 pretatut‘
2200 4103 2229 4161 _:_
2260 4088 2292 4138 ί
2311 4089 2516 4161 Avarus
2543 4091 2772 4145 animam
2817 4107 2966 4146 suam
3010 4095 3245 4148 venalem
3287 4097 3464 4161 habet,

1927 4157 2051 4226 quia
2079 4157 2323 4211 videlicet
2348 4159 2774 4224 animamsuam,
2805 4161 2856 4214 id
2883 4171 2963 4216 est
2989 4164 3149 4216 vitam
3179 4180 3327 4220 suam
3368 4157 3464 4221 ex;

1928 4226 2480 4303 ponit_pe_riculis_pro
2525 4229 2766 4303 pecunia.
2806 4247 2838 4303 g_
2887 4230 3177 4303 Utrumque
3225 4247 3465 4303 compre-

1932 4295 2111 4366 hendit
2144 4295 2474 4366 _Augustinus
2518 4295 2600 4350 Vel
2626 4298 2744 4366 quis
2773 4297 2907 4353 alius
2952 4313 3057 4353 ser.
3091 4295 3229 4355 'olim
3267 4295 3362 4365 25:
3401 4304 3486 4358 de.

1930 4364 2116 4435 Verbis
2142 4363 2368 4435 Domini,
2388 4380 2526 4419 nunc
2547 4381 2600 4418 η.
2625 4363 2744 4429 567,
2767 4367 2875 4420 edit
2900 4369 3116 4435 novies,
3142 4369 3231 4424 ubi
3253 4373 3329 4425 sic
3344 4363 3425 4426 ait
3447 4390 3462 4426 :

1934 4431 2116 4503 (Qua:
2160 4440 2243 4486 cst
2287 4433 2406 4497 ista,
2443 4449 2587 4503 rogo,
2616 4435 2914 4488 animarum
2959 4431 3183 4499 insania,
3221 4441 3465 4496 amittere

1857 4500 1907 4558 D
1930 4502 2110 4578 vitam,
2145 4510 2391 4571 appetere
2415 4500 2668 4560 mortem:
2695 4504 2971 4573 acquirere
3009 4521 3217 4571 aurum,
3246 4510 3468 4578 perdere

1928 4569 2138 4623 caelum.
2170 4569 2189 4618 ὁ

1994 4637 2018 4676 d
2045 4636 2120 4715 _Ut
2149 4639 2263 4707 quis
2295 4639 2510 4715 effundit
2530 4656 2725 4715 aquam
2753 4643 2808 4694 in
2828 4652 3055 4715 terrain,-
3071 4644 3161 4715 ita)
3177 4655 3250 4700 est
3299 4648 3346 4699 ei
3384 4646 3466 4715 ef-

1927 4706 2140 4780 fundere
2163 4706 2668 4776 sanguinem..PSal.
2720 4713 2918 4764 ux'vm
2959 4730 2971 4763 :
3002 4712 3311 4780 Eﬁ’uderunt
3347 4706 3465 4768 mh.

1925 4777 2127 4848 Quinem
2157 4791 2332 4848 eorum
2358 4785 2600 4846 tanquam
2628 4795 2814 4848 aquam
2837 4781 2895 4832 iu‘
2910 4777 3126 4834 circuitu
3156 4782 3462 4836 Jerusalem.

1929 4841 2508 4918 Similitudoufrcquens
2537 4850 2589 4899 in
2622 4841 2928 4918 scripturis,
2972 4850 3236 4918 praecipue
3267 4851 3333 4906 ad
3377 4867 3467 4905 co-

1926 4912 2067 4978 piam
2094 4912 2513 4988 signilicandam,
2546 4924 2634 4988 aut
2658 4912 2915 4988 vili—tatem
2943 4912 3018 4972 rei
3041 4912 3172 4988 _quie
3197 4918 3465 4988 profundi-
3558 4938 3561 4941 ·

1927 4988 2032 5031 tur.
2093 4979 2205 5049 Hoc
2252 4996 2409 5034 sensu
2455 4983 2812 5049 accipiendum
2866 4986 2989 5040 illud
3040 4979 3329 5041 Psalmisla:
3368 4990 3468 5043 sub

1926 5062 2149 5116 persona
2181 5048 2376 5120 Christi
2407 5048 2610 5104 Domini
2644 5054 2910 5120 patientis.
2936 5053 3074 5108 Psal.
3102 5071 3212 5119 ut,
3246 5056 3308 5110 15
3334 5075 3346 5108 :
3375 5058 3465 5112 Si-

1928 5127 2012 5194 eut
2043 5133 2198 5194 _aqua
2244 5119 2436 5194 effusus
2459 5136 2592 5194 sum.
2637 5119 2692 5174 ln
2729 5124 2898 5194 primo
2922 5137 3078 5178 sensu
3107 5126 3466 5194 accipiendum

1929 5185 2054 5264 illud
2092 5185 2241 5238 Osem
2266 5203 2317 5248 v,
2344 5186 2440 5239 '10:
2493 5188 2660 5257 Super
2687 5185 2770 5243 eos
2799 5191 3060 5258 effundam
3088 5185 3239 5262 quasi
3281 5211 3468 5264 aquam

1928 5269 2059 5305 iram
2089 5270 2271 5307 meum.

2002 5333 2024 5360 ο
2070 5320 2829 5400 sapientipauca‘sufﬁciunt:
2867 5327 3074 5382 Dictum
3121 5330 3466 5400 proverbiale.

1929 5391 2209 5445 Terentius
2237 5394 2287 5444 in
2315 5391 2633 5448 Phormione
2656 5410 2706 5448 v.
2737 5396 2858 5459 540,
2889 5405 2992 5450 act.
3040 5391 3138 5461 tu,-
3165 5414 3242 5452 sc.
3296 5399 3348 5461 ὅ,
3393 5391 3470 5455 sic

1931 5461 2688 5534 solioqttentesAntiphonem
2739 5464 3277 5534 Getamque'inducit
3321 5485 3333 5520 :
3385 5468 3466 5522 An

1931 5528 2090 5581 Pater
2120 5531 2260 5601 adest
2280 5532 2380 5601 hic.
2406 5528 2500 5584 Ge.
2535 5531 2804 5601 Scioased
2821 5528 3074 5601 quid-tum
3094 5537 3118 5588 ?
3140 5535 3242 5589 An.
3276 5535 3374 5597 Ah,
3393 5537 3472 5588 di-

1930 5607 2066 5665 ctum
2099 5599 2314 5665 sapienti
2342 5609 2420 5650 sat
2454 5609 2546 5651 est.
2573 5599 2842 5662 Videlicet,
2874 5611 2931 5655 ut
2968 5604 3200 5658 Donatus
3237 5604 3301 5658 ad
3328 5605 3469 5658 hunc

1931 5664 2419 5740 locum-observat;
2453 5686 2469 5717 ι
2501 5669 2681 5740 Brevis
2709 5686 2902 5731 sermo,
2953 5680 3006 5725 et
3040 5674 3188 5740 quasi
3228 5673 3467 5740 quaedam

1932 5735 2219 5812 admonitio
2253 5736 2451 5812 sufﬁcit
2488 5738 2731 5805 sapienti,
2753 5741 2917 5812 Lquod
2954 5735 3112 5794 etiam
3165 5735 3318 5812 vni—go
3366 5742 3468 5797 dici

1933 5802 2065 5856 solet
2095 5821 2107 5856 :
2149 5804 2453 5874 intelligcnti
2484 5802 2648 5875 pauca
2679 5802 2962 5862 suﬂiciunt.
2996 5830 3013 5862 ι
