4174 6426
276 538 374 596 ἳὸῖ

1035 543 1233 598 LIBER
1271 539 1818 598 EXIIORTATIONIS
1856 542 1945 596 AD
1984 543 2334 598 [IENRICUM
2373 542 2699 599 FOROJUL.

3353 539 3452 594 9.38

272 649 326 708 iu
349 652 507 708 domo
537 661 624 706 tua
657 653 924 720 subjectis,
974 657 1112 724 quod
1136 656 1374 724 plerique
1401 667 1425 694 ει
1452 655 1731 708 homicidia
1760 662 1812 706 et
1838 666 1884 722 Α
1916 657 1929 685 ¹
1958 656 1982 694 ιι
2017 657 2240 709 daemon.
2281 655 2530 709 Ebriosus
2556 663 2702 723 putat
2748 666 2802 706 sc
2849 654 3046 721 aliquid
3079 650 3330 720 Optimum
3359 667 3472 721 ge-

272 739 300 779 δ
325 739 704 796 fornicationes
737 751 1172 810 perpetraverunt
1196 783 1210 808 ,
1255 758 1354 797 nec
1397 743 1562 812 ipsam
1591 750 1814 796 mortem

275 837 296 865 ε
328 840 747 884 recusaverunt:
792 831 879 884 alii
915 840 1011 902 per
1044 833 1223 885 vinum
1265 849 1296 885 a
1322 833 1646 886 dmmouibus
1677 833 1815 908 capti

268 926 412 972 sunt.
463 918 572 975 Nec
596 928 676 974 est
707 920 849 975 aliud
885 922 1129 986 ebrietas,
1169 938 1327 992 quam
1357 922 1818 976 nianifestissimus

1413 1012 1796 1068 VARIANTES
1833 1009 2222 1068 LECTIONES.

340 1096 357 1126 ‘
401 1093 523 1152 Ven.
548 1059 877 1159 manifestus.

1918 759 2055 808 rere,
2085 760 2205 797 cum
2245 743 2402 797 fuerit
2446 743 2510 796 ad
2549 742 2838 811 pmecipitia
2899 739 3191 794 devolutus.
3229 737 3333 792 Per
3370 739 3451 791 vi-

1918 834 2203 890 nolentiam
2263 840 2502 886 armatur
2566 845 2587 870 θ
2628 833 2692 884 ad
2760 830 3032 883 maledicta
3092 838 3145 883 et
3213 828 3452 883 convicia

1921 925 2300 992 proximorum,
2333 931 2386 975 et
2422 921 2729 974 immutatur
2757 920 2775 958 ί
2827 934 2976 973 mens
3011 918 3143 988 ejus,
3174 927 3227 973 et
3272 917 3454 986 lingua

1741 1182 1942 1244 ΝΟΤΑΞ
1957 1226 1970 1241 .

266 1275 478 1331 Sanitas
502 1287 574 1331 est
612 1279 798 1332 animi:
822 1286 868 1330 et
903 1279 1128 1345 corporis
1152 1277 1352 1332 sobrius
1377 1287 1543 1347 potus.
1579 1278 1811 1347 Chryso-

264 1354 469 1400 stomus
526 1347 668 1400 hom.
722 1347 771 1409 l,
808 1347 873 1399 ad
901 1361 1019 1414 pop.
1067 1347 1308 1400 Antioch.
1362 1364 1380 1396 ι
1417 1347 1608 1399 Vinum
1642 1348 1808 1400 medi-

265 1414 392 1466 cina
421 1417 619 1484 optima
647 1423 746 1476 est,
795 1416 1004 1484 quando
1044 1415 1608 1484 commensurationem
1652 1417 1812 1470 habet

263 1482 537 1548 optimam.
575 1503 594 1534 ι
637 1485 696 1537 Et
731 1482 866 1536 infra
899 1501 911 1535 ί
965 1502 983 1534 ι
1021 1484 1209 1537 Vinum
1245 1483 1424 1536 datum
1464 1493 1568 1546 est,
1607 1493 1667 1537 ut
1690 1500 1810 1537 cor—

263 1554 408 1619 poris
449 1553 864 1606 imbecillitatem
891 1554 1215 1614 corroboret,
1261 1567 1362 1604 non
1391 1560 1447 1604 ut
1473 1554 1633 1606 animi
1670 1553 1811 1606 sani-

265 1627 426 1673 tatem
453 1622 789 1674 exterminet.
826 1639 843 1670 ι
896 1620 1094 1674 Plinius
1138 1620 1230 1674 lib.
1266 1635 1430 1681 χχιιι,
1473 1636 1588 1688 cap.
1631 1622 1680 1681 l,
1715 1621 1812 1673 ali-

261 1703 394 1758 quas
417 1690 532 1758 ejus
558 1690 788 1743 medicas
820 1688 1040 1742 virtutes
1066 1698 1340 1742 enumerat
1364 1689 1544 1743 dicens
1567 1704 1580 1742 :
1618 1707 1635 1738 ι
1675 1690 1809 1743 Vino

261 1757 472 1835 aluntur
489 1759 650 1820 vires,
682 1758 893 1826 sanguis
911 1759 1155 1835 colosque
1177 1758 1469 1820 hominum,
1496 1796 1509 1809 .
1535 1797 1549 1811 .
1572 1797 1586 1811 .
1615 1796 1628 1810 .
1661 1760 1810 1835 nervi

256 1828 532 1895 juvantur,
566 1865 579 1879 .
608 1866 621 1878 .
648 1864 662 1877 .
691 1867 703 1878 .
738 1829 1042 1880 stomachus
1071 1836 1362 1889 recreatur,
1411 1828 1708 1895 appetentia
1736 1828 1811 1880 ci-

262 1893 451 1947 borum
480 1895 764 1959 invitatur,
811 1896 1036 1949 tristitize
1059 1911 1185 1949 cura
1219 1893 1516 1958 hebetatur,
1568 1897 1718 1948 urina
1757 1905 1812 1949 et

1911 1280 2002 1348 lib.
2028 1279 2147 1335 eod.
2178 1276 2242 1332 de
2261 1277 2465 1348 Lacyde
2487 1275 2556 1346 Cy
2567 1290 2737 1348 remeo
2762 1291 2776 1329 :
2805 1294 2822 1327 ι
2860 1274 3094 1348 Mortuus
3111 1284 3280 1330 estex
3302 1292 3453 1345 para-

1910 1346 2028 1417 lysi,
2085 1362 2242 1417 quam
2289 1346 2669 1417 ex‘immodica
2721 1347 2987 1417 potatione
3022 1353 3377 1417 contraxerat.
3429 1368 3445 1398 ι

1910 1413 2191 1497 Athena—eus
2215 1415 2304 1470 lib.
2338 1432 2366 1468 κ
2397 1415 2712 1537 Βίρηοεοὲιι.
2737 1429 2853 1493 cap.
2883 1415 2950 1467 12
2978 1429 3269 1493 nonunum
3292 1413 3448 1495 hujus

1914 1501 1988 1537 rei
2041 1485 2196 1537 aﬂ'ert
2241 1485 2557 1537 exemplum.
2655 1492 2708 1535 at
2737 1491 2805 1535 snt
2861 1482 3051 1536 afferre
3091 1482 3217 1536 illud
3252 1483 3447 1537 ebrtOSI

1914 1487 1988 1538 rei
2041 1485 2196 1539 all'ert
2241 1482 2557 1552 exemplbm.
2614 1482 2708 1537 Sat
2737 1482 2814 1552 sit
2861 1482 3051 1552 all'erre
3091 1482 3217 1536 illud
3252 1483 3447 1537 ebriosi

1912 1553 2202 1621 cujusdam,
2257 1553 2346 1620 qui
2372 1551 2437 1605 ex
2472 1553 2759 1621 ebrietate
2791 1551 2842 1603 in
2889 1551 3121 1621 furorem
3155 1559 3305 1621 actus
3347 1552 3450 1606 sibi

1913 1619 2099 1676 manus
2124 1622 2378 1674 violentas
2413 1620 2586 1687 injeci.
2615 1634 2628 1672 :
2660 1638 2676 1669 ι
2705 1619 3009 1672 Cleomenes
3033 1619 3449 1674 Lacedemonius

1912 1691 1956 1744 is
1982 1691 2097 1753 fuit,
2128 1691 2216 1758 qui
2244 1706 2444 1753 merum
2477 1690 2700 1747 bibebat,
2830 1689 2967 1755 quod
3004 1696 3178 1758 autem
3215 1689 3445 1756 Seipsunt

1910 1761 2079 1813 cultro
2105 1754 2310 1813 caecidit
2335 1761 2403 1810 ob
2431 1759 2739 1811 ebrietatem
2759 1797 2772 1820 ,
2811 1754 3020 1824 scripsit
3059 1754 3369 1824 Herodotus.
3419 1779 3437 1809 ι

1912 1828 2060 1881 Unde
2082 1828 2342 1881 Siracides
2364 1827 2524 1880 Eccli.
2547 1841 2662 1892 cap.
2695 1841 2838 1889 χχχι,
2866 1823 3008 1878 v.30
3031 1841 3042 1876 :
3071 1823 3259 1878 Multos
3282 1835 3448 1879 exter—

1910 1899 2116 1949 minavit
2155 1898 2344 1948 vinum.

260 1963 407 2041 algor
434 1963 737 2041 expellitur,
773 1979 986 2041 somnus
1007 1963 1337 2041 conciliatur.
1365 1963 1811 2041 Prtetereavomi-
1842 1983 1886 2041 Β
1980 1965 2007 2004 ἀ
2028 1963 2276 2041 Ebrietas
2313 1964 2755 2041 manifestissimis
2777 1964 2995 2015 dtemon.
3037 1959 3264 2041 §anctlis
3315 1962 3444 2041 Ber-

261 2031 457 2084 tionem
497 2033 674 2094 sistit,
721 2033 1056 2086 collectiones
1097 2042 1244 2085 extra
1287 2033 1419 2085 lanis
1445 2033 1674 2085 humidis
1707 2036 1808 2084 im-

257 2101 444 2170 positis
467 2101 692 2170 mitigat.
720 2101 1053 2167 Asclepiades
1073 2101 1353 2170 utilitatem
1375 2101 1476 2154 vini
1498 2101 1697 2169 aequari
1723 2102 1807 2153 vix

262 2169 481 2238 deorum
510 2169 743 2236 potentia
770 2185 924 2238 posse
948 2169 1325 2238 pronuntiavit.
1359 2188 1377 2219 ι
1657 2213 1674 2228 .

329 2249 354 2276 ι
383 2233 490 2290 Per
511 2233 696 2308 'vinum
741 2233 1032 2291 hbmicidia.
1070 2238 1226 2291 Eccli.
1275 2237 1310 2290 Ι.
1355 2252 1403 2292 c.
1431 2252 1481 2308 ν,
1512 2238 1579 2291 58
1603 2245 1654 2291 et
1692 2253 1802 2308 seq.

267 2303 454 2358 Vinum
480 2306 711 2377 multum
735 2319 962 2377 potatum
990 2308 1351 2377 irritationem,
1381 2316 1428 2358 et
1455 2307 1610 2377 iram,
1639 2318 1682 2359 et
1706 2303 1808 2360 rui-

256 2391 351 2427 nas
375 2376 570 2429 multas
593 2374 744 2443 facit.
765 2415 778 2428 .
807 2415 820 2428 .
849 2415 862 2428 .
912 2386 957 2428 et
991 2377 1184 2444 faciens
1220 2375 1453 2444 vulnerat
1496 2374 1639 2428 Scite
1682 2391 1805 2428 san-

253 2452 370 2514 ctus
394 2445 587 2514 Petrus
605 2444 957 2514 Cbrysglogus
981 2459 1084 2498 ser.
1112 2444 1178 2496 Ξϐ
1206 2444 1258 2496 ὶιι
1285 2443 1412 2496 illud
1437 2443 1563 2496 Luc.
1593 2459 1688 2505 xu,
1715 2445 1804 2514 45,

251 2512 316 2583 ile
343 2513 483 2565 malo
513 2528 669 2583 servo
693 2512 727 2583 τί
761 2513 826 2565 Et
859 2512 1344 2583 emperitpercutere
1369 2527 1538 2583 servos
1563 2522 1611 2583 et
1640 2513 1803 2565 ancil-

251 2579 354 2642 las,
383 2591 431 2634 et
458 2581 607 2634 cdere
626 2592 672 2634 et
698 2582 864 2634 bibere
895 2579 942 2634 et
972 2579 1233 2641 inebriari,
1272 2581 1348 2635 sic
1380 2582 1452 2632 ait
1480 2598 1490 2630 :
1538 2599 1555 2629 ι
1587 2579 1806 2648 Proprie

252 2649 387 2702 dixit
431 2652 614 2714 edere,
659 2661 716 2704 et
764 2650 960 2714 bibere,
1002 2654 1054 2704 et
1093 2650 1361 2710 inebriari,
1409 2657 1463 2702 et
1508 2659 1801 2716 percutere.

251 2717 497 2773 Ebrietas
537 2720 697 2773 caedis
729 2727 915 2788 mater,
958 2733 1150 2788 parens
1191 2719 1398 2788 litium,
1441 2717 1636 2788 furoris
1663 2719 1807 2788 geni-

251 2787 381 2851 trix,
409 2797 514 2841 etc.
550 2808 567 2838 i
599 2788 732 2841 Hinc
755 2786 1004 2842 Proverb.
1035 2802 1191 2847 xxm,
1222 2787 1290 2840 29
1319 2795 1371 2839 et
1401 2801 1512 2854 seq.
1558 2786 1752 2840 Cui‘vw
1781 2789 1806 2840 ?

247 2858 401 2927 cujus
426 2858 566 2927 patri
595 2858 706 2927 ore?
729 2857 809 2910 cui
833 2857 1006 2927 rixa?
1048 2857 1130 2909 cui
1158 2855 1354 2927 fovete?
1395 2856 1493 2927 cui
1513 2857 1804 2927 sinecausa

247 2923 461 2977 vulnera
486 2926 510 2978 ?
543 2926 625 2977 cui
647 2927 863 2994 suffusio
889 2925 1153 2979 oculorum
1179 2925 1202 2976 ?
1238 2923 1421 2994 anne
1443 2924 1521 2977 Itis
1555 2926 1640 2992 qui
1667 2939 1804 2994 com-

245 3003 521 3047 morantur
541 2996 596 3046 in
623 2992 756 3058 vino,
788 3005 834 3047 et
860 2994 1059 3047 student
1096 2993 1342 3046 calicibus
1365 2994 1631 3062 epotandis
1655 2994 1677 3044 Ζ)
1703 2992 1796 3045 Se-

247 3077 380 3131 neca
408 3063 569 3131 epist.
594 3064 662 3131 83
687 3078 795 3116 rem
825 3063 1079 3131 exemplis
1103 3061 1398 3131 conﬁrmatt
1417 3081 1454 3131 ί(
1489 3061 1669 3121 Refer,
1705 3063 1798 3131 ait,

245 3129 534 3185 Alexandri
575 3130 872 3185 Macedonis
899 3129 1218 3199 exemplum,
1256 3131 1344 3198 qui
1372 3129 1562 3183 Clitum
1593 3130 1798 3199 charis-

244 3199 444 3254 simum
467 3200 569 3255 sibi
596 3216 660 3254 ac
702 3197 1067 3255 ﬁdelissimum
1101 3200 1238 3252 inter
1272 3197 1454 3266 epulas
1491 3197 1796 3262 transfodit,

1911 2033 2126 2094 nardus,
2178 2048 2270 2086 seu
2295 2033 2532 2100 quisquis
2561 2032 2692 2085 alius
2715 2042 2795 2085 est
2836 2039 3022 2100 auctor
3042 2031 3161 2100 lib_ri
3190 2031 3260 2084 De
3287 2033 3443 2086 modo

1909 2103 2042 2154 bene
2063 2102 2267 2156 vivendi
2290 2098 2353 2154 ad
2382 2098 2617 2155 sororem
2651 2117 2766 2168 cap.
2793 2099 2860 2152 ‘25
2886 2113 2949 2152 ex
2977 2100 3074 2154 hoc
3097 2098 3299 2154 Paulini
3326 2103 3442 2155 loco

1907 2169 2042 2224 forte
2069 2172 2241 2224 hausit
2281 2171 2418 2237 quod
2448 2171 2656 2238 scripsit
2686 2187 2697 2220 :
2739 2186 2756 2217 ι
2785 2168 2930 2238 Multi
2962 2182 3053 2236 per
3080 2169 3256 2221 vinum
3291 2184 3321 2221 a
3340 2171 3445 2223 da:-

1906 2240 2151 2307 monihus
2197 2241 2332 2307 capti
2370 2244 2527 2300 sunt;
2582 2252 2677 2291 nec
2715 2237 2960 2307 estaliud
3010 2237 3238 2290 ebrietas
3283 2254 3441 2306 quam

1906 2305 2367 2361 manifestissifnus
2391 2308 2611 2360 daemon.
2661 2326 2678 2356 ι
2719 2306 2828 2358 Non
2858 2305 3164 2374 infrequens
3183 2314 3263 2360 est
3304 2305 3442 2375 apud

1907 2375 2089 2430 Patres
2114 2385 2172 2430 ut
2199 2378 2425 2430 ebrietas
2450 2376 2548 2428 hac
2573 2384 2692 2428 nota
2724 2375 2976 2426 inuratur.
3009 2375 3435 2442 Chrysostomus,

1906 2445 2052 2499 hom.
2079 2446 2144 2499 l9
2167 2446 2221 2498 in
2248 2444 2470 2498 Genes.:
2503 2461 2520 2491 ι
2548 2443 2681 2497 Vere
2706 2445 2844 2496 enim
2867 2443 3094 2496 ebrietas
3116 2443 3442 2499 voluntarius

1906 2523 1990 2565 est
2013 2517 2248 2574 daemon;
2301 2522 2353 2567 et
2375 2512 2588 2581 gravius
2623 2527 2782 2580 quam
2809 2513 3010 2565 daemon
3039 2520 3265 2581 mentem
3292 2515 3442 2567 obte-

1903 2585 2109 2636 nebrat.
2159 2603 2176 2634 ›
2217 2580 2401 2635 Petrus
2447 2582 2799 2650 Chrysologus
2828 2597 2949 2650 ser.
2998 2580 3064 2633 26
3094 2596 3107 2634 :
3143 2600 3160 2632 ι
3204 2582 3442 2636 Ebrietas

1903 2661 1984 2703 est
2007 2653 2208 2705 daemon
2248 2650 2482 2712 blandus,
2519 2649 2776 2718 venenum
2810 2649 2982 2711 dulce,
3013 2651 3202 2718 rabies
3249 2651 3434 2718 volun-

1907 2721 2060 2784 taria,
2113 2721 2367 2774 invitatus
2397 2719 2579 2772 hostis.
2624 2739 2641 2770 ι
2685 2717 2773 2771 Sic
2811 2718 2863 2771 bi
2907 2725 2959 2771 et
2978 2717 3062 2770 alii
3096 2717 3295 2772 Patres.
3319 2720 3432 2773 Nutt

1906 2798 2077 2842 tamen
2114 2805 2176 2843 eo
2203 2805 2358 2858 sensu
2404 2803 2508 2856 quo
2561 2785 2846 2850 Manichrci,
2874 2787 2960 2854 qui
2993 2787 3232 2858 dicebant
3254 2788 3434 2858 vinum

1902 2873 2054 2924 opus,
2080 2860 2185 2912 imo
2209 2855 2292 2927 fel
2319 2855 2533 2919 diaboli,
2568 2858 2823 2927 etsiuvas
2849 2855 3218 2927 concederent.
3239 2855 3434 2927 Contra

1901 2942 2033 2995 quos
2066 2929 2239 2996 arguit
2278 2925 2725 2996 ‘Augustinuslib.
2776 2941 2828 2996 ll_
2863 2925 2935 2978 De
2987 2925 3222 2978 moribus
3272 2925 3440 2979 Mani-

1901 2991 2184 3060 chaeorum,
2236 3012 2288 3048 n.
2312 2991 2400 3057 Μ’,
2455 3009 2569 3061 cap.
2604 2994 2666 3046 16
2698 3007 2710 3045 :
2747 3012 2764 3043 ι
2801 2991 2915 3044 Jazn
2953 3008 3076 3046 vero
3129 3009 3245 3061 qua:
3292 3003 3436 3048 tanta

1899 3067 2168 3134 perversio
2191 3074 2270 3120 est
2314 3065 2490 3116 vinum
2529 3069 2721 3134 putare
2767 3061 2833 3115 fel
2867 3061 3161 3134 principum
3197 3065 3438 3134 tenebra-

1899 3131 2037 3197 rum,
2088 3144 2140 3190 et
2187 3135 2303 3188 uvis
2357 3132 2690 3186 comedendis
2746 3146 2849 3183 non
2905 3132 3154 3198 parcere?
3201 3131 3435 3200 Magisne
3479 3165 3481 3167 ι

1900 3202 2056 3256 inerit
2104 3205 2231 3257 illud
2256 3201 2325 3256 fel
2349 3217 2468 3257 cum
2495 3201 2548 3253 in
2576 3212 2770 3268 cuppa,
2811 3214 2968 3268 quam
3000 3215 3120 3253 cum
3169 3200 3222 3253 in
3265 3203 3434 3256 acinis

380 3289 400 3320 ι
434 3269 746 3360 ειοῇηῖηὶξνι
777 3269 1010 3360 Marcu‘m
1029 3268 1579 3360 Antonium‘inagnpm
1601 3268 1796 3360 virpm,
1825 3299 1870 3360 Ο
1902 3271 2094 3360 fuerit‘?
2136 3293 2154 3325 ι

243 3346 297 3391 et
321 3339 522 3408 ingenii
564 3338 752 3392 nobilis
776 3354 894 3407 quae
922 3337 1022 3408 a_lia
1055 3352 1141 3391 res
1175 3335 1443 3408 perdidit;
1456 3343 1510 3388 et
1534 3337 1585 3388 in
1617 3345 1795 3408 exter-

243 3424 342 3462 nos
365 3404 545 3464 mores
579 3416 637 3461 et
662 3404 910 3466 vitia—non
931 3405 1166 3459 Romana
1181 3404 1414 3474 ’trajecit,
1441 3413 1598 3474 quam
1629 3405 1800 3459 ebrio-

240 3478 370 3530 tas?
399 3514 416 3528 .
441 3516 454 3529 .
482 3516 498 3530 .
537 3473 661 3530 Haec
689 3477 832 3530 illum
859 3474 1121 3529 crudelem
1158 3512 1171 3526 .
1199 3511 1213 3524 .
1240 3470 1424 3535 .Tecit,
1459 3470 1595 3526 ‘cum
1624 3475 1797 3541 capita

239 3544 823 3620 principum_eivitatis_
847 3543 1078 3620 cinnami
1106 3541 1452 3620 referrentur,
1498 3557 1618 3596 cum
1659 3543 1799 3620 inter

239 3611 679 3682 apparatissimas
703 3613 906 3684 epulas,
937 3612 1193 3680 luxusque
1219 3611 1442 3681 regales,
1471 3625 1564 3684 ora
1593 3626 1655 3664 ac
1683 3611 1798 3665 ma-

239 3698 339 3736 nus
364 3682 786 3752 proscriptorum
823 3688 1242 3752 recognosceret,
1284 3694 1403 3752 cum
1450 3682 1574 3734 vino
1617 3684 1798 3752 gra'Vis

237 3749 418 3805 sitiret
477 3749 654 3806 tamen
712 3749 1039 3816 sanguinem.
1097 3749 1432 3803 Intolerabile
1485 3749 1798 3816 erat'quod

235 3821 421 3875 ebrius
449 3820 766 3886 faeiebat....
793 3818 927 3875 Fere
950 3819 1286 3875 vinolentiam
1316 3818 1602 3872 crudelitas
1627 3819 1798 3886 sequi-

237 3901 344 3954 tur,
371 3899 479 3944 etc.
514 3910 532 3942 ι

306 3960 332 3999 δ
366 3959 436 4012 Et
466 3959 852 4027 fornicationes,
884 3958 990 4012 imo
1024 3971 1245 4027 quaeque
1269 3957 1440 4025 turpia
1467 3965 1519 4011 et
1547 3955 1790 4027 nefanda.

236 4026 413 4096 Quare
442 4025 692 4081 monebat
727 4028 1005 4096 Apostolus
1033 4025 1286 4096 Ephésihs
1306 4066 1343 4096 ζ
1351 4028 1531 4081 dicens
1559 4040 1573 4078 :
1621 4025 1795 4096 Nolite

235 4091 487 4150 inebriari
517 4098 652 4159 vino,
698 4098 753 4148 in
773 4091 892 4165 'quo
924 4105 996 4150 est
1027 4091 1233 4148 luitur-ia
1267 4094 1432 4217 _$Eph.
1471 4109 1521 4158 v,
1572 4094 1676 4160 18).
1704 4095 1795 4173 ⁴Ει

235 4166 652 4217 Chrvsostomus
670 4166 812 4217 hom.
838 4167 901 4217 de
926 4164 1152 4217 ingluvie
1175 4172 1230 4217 et
1253 4178 1285 4217 e
1323 4172 1507 4216 rtetate
1533 4204 1544 4216 .
1591 4179 1608 4212 ι
1638 4163 1795 4216 llltci-

234 4166 652 4236 Chrysostomus
670 4163 812 4219 hom.
838 4167 901 4236 de
926 4164 1152 4233 ingluvie
1175 4172 1232 4236 et
1253 4163 1507 4217 ebrietate
1533 4204 1544 4216 .
1591 4179 1608 4212 ‹
1638 4163 1795 4216 lllici-

237 4244 318 4290 tos
343 4232 693 4297 concubitus,
721 4232 1050 4304 excogitauit,
1076 4245 1130 4289 et
1150 4232 1362 4302 exleges
1386 4247 1611 4304 amores.
1632 4271 1645 4283 .
1667 4270 1680 4284 .
1708 4247 1790 4296 os,

234 4304 418 4358 oculos
441 4344 455 4365 ,
513 4319 670 4358 nares
696 4343 709 4366 ,
757 4300 831 4355 et‘
852 4300 1029 4357 omnia
1073 4300 1292 4369 prorsus
1324 4301 1561 4355 membra
1589 4303 1792 4369 peccati

234 4318 455 4365 OCUIOS,
513 4319 670 4358 nares
696 4343 709 4366 ,
757 4318 827 4355 et‘
852 4319 1029 4357 omnia
1113 4318 1289 4356 rorsus
1324 4318 1561 4355 memora
1589 4318 1788 4369 peccau

232 4373 444 4426 cloacas
483 4372 664 4428 ellicit.
692 4392 708 4421 ι
763 4371 828 4425 Et
873 4371 1015 4429 hom.
1043 4318 1131 4434 ἢ,
1178 4372 1388 4438 incap.
1438 4384 1548 4423 xxii
1603 4369 1788 4422 Matth.

237 4460 252 4486 ι
284 4441 537 4495 Ebrietas
571 4441 749 4493 multis
769 4440 1045 4508 capitibus,
1073 4451 1131 4492 ut
1149 4436 1350 4508 Hydra,
1372 4447 1638 4494 armatur:
1669 4439 1792 4492 hinc

229 4511 369 4563 enim
408 4509 721 4573 fornicatio,
745 4507 868 4563 hinc
892 4510 987 4570 ira,
1019 4509 1141 4562 hinc
1163 4507 1427 4570 mollities,
1459 4508 1581 4561 hinc
1609 4517 1790 4576 turpes

230 4594 443 4656 amores
471 4579 736 4656 oriuntur.
763 4597 781 4628 ι
816 4576 1790 4656 Eadem_sen_tit;llieronymus,.exem-

229 4645 438 4718 plisque
474 4647 756 4702 conﬁrmat
784 4648 937 4716 epist.
971 4647 1038 4700 85
1068 4643 1140 4699 'ad
1169 4643 1456 4700 Oceanum.
1492 4663 1510 4695 ‹
1548 4645 1792 4702 Vinolen-

231 4717 320 4782 tia,
349 4719 451 4780 ait,
494 4731 801 4770 scurrarum
825 4723 906 4770 est
929 4723 982 4769 et
1011 4724 1424 4768 comessatorum
1454 4731 1466 4766 :
1503 4724 1793 4781 venterque

229 4801 378 4842 mero
416 4793 658 4840 aestimas
703 4786 812 4840 cito
855 4785 1135 4854 despumat
1177 4782 1533 4854 in_libidines.
1574 4783 1791 4854 indvino

228 4854 544 4930 luxuriatin
566 4855 777 4930 luxuria
803 4851 1064 4930 volup—tas,
1091 4851 1146 4906 in
1172 4852 1441 4930 voluptate
1462 4851 1790 4930 impudicitia

227 4933 327 4975 est.
381 4923 491 4990 Qui
531 4923 846 4984 luxuriatur,
882 4921 1065 4975 vivens
1111 4921 1350 4990 mortuus
1372 4931 1486 4990 est:
1537 4934 1668 4990 ergo
1699 4921 1789 4987 qui

227 4988 535 5046 inebriatur
560 5000 616 5044 et
643 4999 882 5046 mortuus
921 4989 1231 5059 et_sepultus
1257 4996 1356 5042 est.
1403 4988 1515 5042 Noe
1543 4988 1610 5041 ad
1636 4991 1790 5041 unius

227 5061 368 5114 liora:
399 5061 722 5116 ebrietatem
763 5060 923 5114 nudat
966 5057 1165 5112 femora
1214 5073 1308 5112 sua
1332 5098 1345 5122 ,
1393 5073 1511 5125 quae
1551 5071 1645 5124 per
1672 5071 1789 5110 sex-

227 5141 410 5184 centos
438 5143 613 5182 annos
636 5128 742 5198 b3
771 5129 1054 5198 sobrietate
1095 5123 1425 5198 contexerat.
1471 5123 1569 5178 Lot
1593 5140 1686 5194 per
1712 5134 1790 5177 te-

225 5199 564 5259 mulentiam,
587 5196 828 5252 nesciens
849 5197 1047 5249 libidini
1063 5196 1243 5249 miscet
1260 5196 1534 5254 incestum,
1558 5204 1612 5245 et
1630 5207 1786 5260 quem

227 5265 456 5322 Sodoma
481 5283 592 5328 non
623 5267 842 5328 vicerat,
871 5265 992 5318 vina
1031 5265 1290 5318 vicerunt.
1324 5283 1342 5314 ι
1385 5263 1589 5316 Similia
1629 5263 1788 5314 habet

225 5334 505 5400 Origenes,
533 5336 676 5388 hom.
700 5334 736 5387 5
765 5334 817 5387 in
840 5333 1033 5388 Cenes.
1071 5351 1089 5382 ι
1118 5332 1358 5386 Ebrietas
1386 5331 1597 5400 decipit,
1629 5344 1784 5398 quem

228 5399 458 5459 Sodoma
499 5418 606 5457 non
631 5403 858 5472 decepit.
909 5401 1092 5456 Uritur
1118 5401 1203 5472 ille
1227 5399 1452 5454 ﬂammis
1481 5399 1783 5462 mulierum,

224 5485 384 5543 quem,
399 5472 700 5543 sulphurea
722 5471 932 5525 ﬂamma
965 5486 1067 5525 non
1098 5471 1247 5524 ussit.
1288 5489 1305 5520 ι

291 5552 313 5580 ε
357 5542 475 5596 Nec
494 5533 672 5611 ipsum
689 5550 906 5611 mortem
942 5547 1320 5611 recusaret-unt,
1347 5545 1472 5611 puto
1517 5550 1614 5605 pro
1637 5533 1782 5611 -ωιυτ

225 5619 412 5680 gerunt
439 5604 565 5665 esse
583 5610 844 5680 pesituuu
867 5606 1025 5662 Pauci
1047 5608 1189 5680 enim
1219 5604 1499 5680 adniOdum
1519 5604 1664 5667 sunt,
1692 5604 1782 5673 qui

227 5675 318 5732 sibi
369 5675 608 5733 mortem
668 5677 1020 5732 consciscant.
1073 5675 1187 5730 Non
1235 5675 1596 5742 infrequentes
1634 5686 1780 5733 vero,

225 5761 351 5821 quos
380 5764 450 5802 cs
483 5749 647 5821 nimia
687 5747 1096 5821 ingurgitatione
1122 5743 1453 5821 morshfuerit
1476 5742 1779 5821 subsecuta.

229 5811 468 5872 Laertius
496 5817 588 5871 lib.
636 5832 689 5870 ιν
718 5811 784 5870 de
832 5811 1102 5869 Arcesilae
1133 5836 1144 5866 :
1180 5833 1198 5864 ι
1241 5811 1402 5872 Obiit,
1451 5821 1508 5862 ut
1541 5811 1782 5878 lfcrmip-

227 5889 442 5955 pusait,
497 5901 616 5941 cum
667 5898 872 5937 merum
927 5884 1207 5937 immodice
1251 5880 1529 5935 hausisset.
1580 5898 1595 5929 ι
1639 5877 1780 5932 idem

1804 4619 1864 4676 'D

1871 5117 2138 5192 ‘stinéuat,
2182 5121 2226 5176 si
2266 5121 2386 5188 quis
2411 5118 2669 5192 ebrietate
2711 5117 2885 5192 fuerit
2913 5117 3108 5192 occupa

1976 3353 1999 3380 ε
2038 3343 2283 3395 Armatur
2306 3339 2373 3393 ad
2393 3337 2690 3398 maledicta.
2707 3337 2935 3392 Dissertc
2948 3335 3098 3391 Philo
3118 3337 3207 3390 lib.
3235 3338 3307 3391 De
3331 3341 3436 3394 vita

1899 3410 2303 3480 contemplativa
2333 3407 2628 3480 :_«__Vulgus
2681 3407 2767 3480 ubi
2797 3421 2852 3480 se
2885 3421 3030 3480 mero
3074 3408 3320 3480 explevit,
3372 3425 3437 3464 ac

1899 3480 1944 3532 si
1993 3475 2319 3533 non'vinum
2364 3478 2600 3536 bibisset,
2653 3475 2746 3530 sed
2796 3475 3011 3529 insaniae
3073 3478 3316 3544 poculum

1897 3547 2141 3612 oﬂ‘ensat,
2178 3554 2230 3602 et
2250 3561 2439 3601 canum
2458 3544 2706 3599 ferocium
2734 3559 2876 3598 more
2891 3546 2947 3596 in
2967 3545 3163 3598 rabiem
3182 3545 3429 3600 vertitur:

1897 3632 2017 3672 mox
2060 3632 2124 3671 ue
2148 3616 2314 3670 coorti
2345 3629 2402 3668 se
2433 3616 2652 3673 invicem
2683 3613 2942 3667 morsibus
2967 3623 3217 3681 appetunt
3354 3617 3436 3670 sic

1897 3632 2264 3738 conflictantur
2297 3694 2542 3738 tanquam
2565 3683 2619 3735 in
2653 3697 2812 3736 arena
2835 3682 2915 3735 vel
2944 3681 3233 3738 pancratio.
3277 3702 3294 3734 ι
3321 3683 3429 3738 Lu-

1896 3701 1994 3739 (ἷοη

1895 3755 2094 3809 cretius
2137 3754 2232 3807 llh.
2274 3767 2332 3807 ιιι
2370 3767 2420 3804 v.
2471 3751 2567 3805 481
2601 3765 2616 3804 :

2133 3822 2335 3881 Clamor,
2359 3822 2613 3881 singultus,
2635 3819 2787 3880 iurgia
2809 3817 3033 3879 gliscunt.

1892 3883 1959 3938 In.
1989 3879 2330 3953 Apophtheg.:
2359 3882 2423 3953 de
2441 3879 2664 3950 Pyrrho
2708 3879 2826 3953 lucc
2848 3889 3047 3953 narrat‘
3069 3879 3376 3953 Plutarchus
3415 3901 3430 3936 :

1900 3971 1917 4002 ι
1962 3949 2233 4012 Audierat,
2269 3949 2628 4004 adolescentes
2662 3949 3122 4020 quosdam_multis
3148 3951 3286 4003 inter
3327 3967 3424 4020 po--

1893 4022 2011 4074 cula
2040 4020 2334 4075 maledictis
2355 4018 2880 4087 ipsumpproscidisse.
2911 4016 3012 4070 Eos
3037 4020 3288 4085 postridie
3313 4016 3431 4074 uni-

1892 4104 2073 4144 versos
2095 4090 2160 4143 ad
2191 4105 2248 4143 se
2296 4085 2482 4147 adduci
2516 4085 2696 4154 jussit,
2752 4086 3085 4156 primumque
3107 4102 3170 4140 ex
3216 4090 3292 4141 eis
3315 4104 3433 4156 pcr-

1891 4166 2302 4221 cunctatus/est,
2343 4171 2409 4209 an
2447 4157 2512 4209 de
2551 4157 2665 4224 ipso
2701 4155 2824 4208 talia
2855 4155 3128 4208 dixissent.
3183 4155 3427 4219 Omnino,

1890 4228 2160 4296 respondit
2188 4229 2291 4296 hic,
2349 4225 2472 4278 talia
2503 4243 2515 4276 :
2555 4226 2810 4296 pluraque
2847 4223 3178 4285 dixissemus,
3234 4227 3277 4278 si
3312 4226 3429 4294 plus

1891 4294 1997 4350 vini
2055 4297 2206 4349 nobis
2246 4294 2449 4348 fuisset.
2489 4310 2507 4345 ι
2549 4294 2691 4346 Adeo
2735 4302 3066 4363 verumdesl.
3127 4296 3267 4362 quod
3317 4299 3429 4363 ipse

1892 4366 2133 4435 Sympos.
2162 4366 2256 4435 lib.
2278 4380 2391 4435 vni,
2420 4377 2480 4435 eq.
2514 4363 2560 4423 l,
2580 4377 2642 4415 ex
2663 4370 2836 4435 mente
2859 4361 3308 4435 philosophorum,
3336 4361 3427 4432 qui

1889 4430 2178 4488 e6rielatem
2224 4430 2578 4486 delirationem
2617 4447 2680 4484 ex
2713 4432 2826 4484 vino
2862 4430 3087 4501 obortam
3143 4430 3426 4501 appellant,

1890 4504 2063 4581 subdit
2095 4521 2106 4555 :
2145 4520 2163 4552 ι
2205 4517 2326 4581 eum
2352 4501 2634 4581 garrulitas
2677 4499 3017 4581 incomposita
3038 4506 3090 4551 et
3129 4499 3279 4570 nugae
3308 4502 3430 4581 vino

1891 4573 2164 4634 accedunt,
2200 4571 2318 4639 linis
2356 4568 3232 4640 inscitissimusingratissimusque
3253 4573 3427 4640 sequi-

1894 4655 2000 4705 tur,
2041 4636 2371 4695 contumelia:
2398 4647 2453 4692 et
2496 4636 2847 4691 bacchatio.)
2880 4636 3049 4702 Quam
3085 4636 3260 4695 autem
3305 4636 3429 4691 deli-

1894 4711 2151 4778 rationem
2188 4707 2483 4778 pliilosopbi
2530 4707 2790 4769 dicebant,
2835 4707 3025 4778 mentis
3080 4708 3423 4762 mutationem

1891 4780 2021 4842 dixit
2051 4777 2229 4832 nostra
2254 4777 2518 4838 Paulinus,
2559 4790 2692 4844 cum
2721 4777 2974 4844 sequitur.

1965 4847 1984 4886 ί
2018 4846 2331 4927 [inmittatur
2355 4861 2493 4927 mens
2518 4843 2650 4927 eius:
2685 4842 2832 4924 Plato
2859 4845 2958 4927 lib.
2989 4859 3004 4896 ι
3028 4842 3092 4927 de
3115 4843 3427 4927 lege-Atlio.-

1889 4919 2125 4974 nit'msem
2155 4916 2410 4984 b'ospitcm
2438 4921 2493 4966 et
2519 4913 2738 4966 Cliniam
2773 4913 2849 4984 sic
2872 4913 3150 4984 loquentes
3178 4914 3391 4984 inducit:

1895 5008 1913 5039 ι
1961 4987 2138 5040 Athan.
2182 4982 2366 5039 Utrum
2395 4996 2601 5043 sensus,
2632 4982 2957 5045 memoriam,
2997 4983 3315 5046 opinionem,
3345 4983 3423 5035 iu-

1890 5056 2232 5124 telligentiam
2271 5052 2665 5105 vehementiora
2699 5049 2922 5112 ell'rciat,
2961 5049 3043 5104 vel
3077 5065 3292 5118 prorsus
3331 5065 3426 5104 ex-

1890 5126 2138 5172 ntinnuat.
2182 5121 2226 5172 si
2266 5121 2386 5172 auis
2411 5118 2665 5171 ebrietate
2711 5117 2885 5170 fuerit
2915 5120 3237 5172 occupatus?
3286 5117 3421 5172 Clin.

3117 5121 3237 5171 tus?
3286 5121 3421 5172 Clin.

1887 5185 2112 5250 Omnino
2132 5198 2274 5246 certe
2286 5185 2596 5254 exstinguit.
2636 5187 2818 5255 Athan.
2848 5185 2926 5239 Ad
2952 5185 3074 5240 eum
3098 5186 3256 5255 igitur
3274 5186 3360 5255 ha!
3384 5189 3426 5240 i-

1887 5272 2012 5316 tum.
2035 5260 2186 5322 redit,
2211 5271 2365 5327 quem
2391 5253 2524 5327 puer
2549 5255 2732 5327 primis
2757 5254 2822 5308 ab
2842 5254 2996 5327 annis
3018 5253 3262 5327 habebat.
3283 5253 3420 5308 Clin.

1884 5329 2140 5400 profecto.
2170 5323 2566 5400 Axii/renipuare
2592 5323 2961 5400 titinitne_tune
2985 5324 3066 5376 Sui
3092 5325 3409 5400 ipsiuslcom-

1883 5391 1980 5467 pos
2003 5399 2123 5467 erit.
2152 5392 2314 5467 icui..-
2335 5393 2560 5467 Minime.
2591 5392 2772 5467 lutea.
2800 5391 2916 5467 tam
2943 5391 3119 5459 itaque
3141 5393 3420 5467 pesfimus.

1884 5459 2018 5520 Clin.
2045 5464 2215 5518 valde.
2230 5462 2409 5514 Alhen.
2425 5459 2537 5512 Non
2559 5459 2726 5512 solum
2745 5461 2902 5528 igitur
2922 5473 3102 5528 senex,
3127 5459 3422 5528 mevidetur,

1884 5536 1967 5590 bis
1992 5535 2093 5589 erit
2140 5544 2293 5595 puer,
2337 5529 2428 5582 sed
2446 5528 2562 5594 ipse
2594 5529 2754 5582 etiam
2770 5526 3102 5581 'tenulentus
3121 5527 3145 5576 ?
3173 5526 3308 5595 Clin.
3333 5542 3422 5595 0p-

1885 5605 2009 5657 time
2035 5604 2106 5665 id,
2140 5593 2364 5666 bospes,
2389 5593 2477 5650 est
2494 5596 2711 5650 dictum.
2749 5616 2766 5646 ›
2804 5596 3028 5666 Sanctus
3050 5595 3234 5666 Petrus
3258 5593 3422 5666 (ζωῇ.

1882 5663 2101 5742 δοιοευς
2137 5663 2336 5742 ser.
2361 5679 2482 5742 sup.
2509 5666 2656 5742 _allat.
2687 5683 2697 5716 :
2735 5683 2752 5742 ς
2779 5665 2923 5742 illinc
2952 5663 3302 5742 (ebrietatem)
3330 5663 3416 5732 qui

1882 5733 2059 5799 habét,
2088 5753 2143 5792 se
2165 5752 2267 5791 non
2288 5734 2479 5794 habet;
2509 5733 2647 5789 hanc
2668 5734 2755 5802 qui
2783 5733 2969 5796 habet,
3001 5735 3156 5788 homo
3180 5747 3282 5786 non
3306 5744 3416 5793 est;

1883 5810 2017 5862 hanc
2052 5808 2138 5875 qui
2179 5805 2354 5867 habet,
2386 5817 2487 5855 non
2544 5801 2813 5871 peccatum
2852 5803 2994 5868 facit,
3047 5805 3136 5855 sed
3189 5809 3270 5855 est
3311 5801 3419 5870 ipse

1879 5887 2173 5946 peccatum.
2210 5900 2224 5931 ι

2055 3693 2264 3739 ctantur
2297 3694 2542 3751 tanquam
2565 3683 2619 3735 in
2653 3697 2812 3736 arena
2835 3682 2915 3735 vel
2940 3681 3233 3751 pancratio.
3277 3702 3294 3734 ι
3321 3683 3429 3738 Lu-
3523 3745 3528 3748 _
