4174 6436
722 504 827 558 2ιῦ
1648 500 1704 553 S.
1744 499 2010 555 I‘AULINI
2050 490 2500 553 I’ATRlARCIléE
2542 496 3004 564 AQUILEIENSJS
3791 491 3884 546 ευ

725 624 839 693 tare
866 628 879 662 :
908 625 1024 664 cum
1069 619 1121 662 et
1172 610 1388 677 impium
1425 622 1452 650 Α
1490 610 1559 663 sit
1586 609 1745 662 talem
1793 609 2054 662 licentiam
2081 623 2111 661 a
2140 608 2247 662 Deo
2277 612 2323 669 Λ
2354 607 2543 676 ignem,
2572 622 2676 661 non
2696 606 2884 660 faciem
2909 598 3256 658 truculentam
3282 604 3517 669 tortoris,
3544 617 3652 658 non
3681 603 3891 662 famem.

726 689 992 765 postulare
1025 696 1323 765 quempiam
1344 696 1497 757 velle,
1525 689 1893 761 cujusinitiuin
1915 703 1996 748 est
2022 696 2036 724 ¹
2057 734 2071 758 ,
2094 709 2123 747 a
2148 695 2255 749 Deo
2354 712 2459 751 non
2483 697 2647 758 sitim,
2679 710 2784 749 non
2804 696 2961 749 ullam
2987 690 3163 748 carnis
3201 694 3585 763 aegritudinem.
3616 691 3734 761 Eon
3757 694 3893 747 ultra

729 797 969 852 separare
1012 782 1101 850 qui
1128 784 1241 836 haec
1285 782 1500 850 cogitat.
1535 780 1715 851 Impia:
1759 782 1892 834 enim
1927 781 2255 850 cogitationes
2356 786 2864 840 adversabiturcaro
2888 785 3113 853 spiritui,
3139 798 3241 838 nec
3263 783 3427 837 ullum
3458 783 3767 845 timebimus
3802 796 3896 851 pe-

730 882 966 941 separant
997 887 1087 925 nos
1129 870 1289 925 aDeo
1320 869 1471 940 (Sap.
1502 886 1542 933 ι,
1595 868 1669 936 5).
1716 869 1857 933 Ideo,
1899 870 2134 937 inquam,
2193 884 2259 923 ne

732 959 857 1015 talia
878 960 1185 1028 cogitemus,
1211 974 1334 1013 cum
1353 959 1651 1012 nesciamus
1670 973 1772 1025 qua
1794 958 1878 1011 die
1902 957 2143 1009 morituri
2171 972 2261 1010 su-

732 1062 868 1103 mus.
898 1048 1062 1102 Nemo
1094 1047 1121 1087 ιι
1146 1047 1285 1102 enim
1307 1047 1578 1115 hominum
1598 1046 1743 1098 novit
1779 1044 1915 1098 diem
1944 1044 2117 1097 exitus
2157 1046 2256 1097 sui.

731 1135 847 1192 Non
875 1148 898 1176 ο
927 1151 1110 1192 omnes
1136 1137 1187 1191 in
1213 1144 1484 1190 senectute
1519 1134 1828 1195 moriuntur,
1854 1132 1945 1186 sed
1967 1132 2019 1185 in
2041 1133 2262 1187 diversis

728 1227 974 1295 aetatibus
1018 1227 1081 1281 de
1129 1225 1231 1278 hoc
1257 1222 1449 1278 mundo
1476 1222 1580 1292 55
1616 1222 1846 1291 migrant
1874 1237 1887 1274 :
1919 1230 1971 1274 et
1997 1222 2049 1274 in
2071 1222 2264 1289 quibus

730 1314 934 1367 actibus
960 1313 1316 1381 unusquisque
1343 1313 1499 1365 homo
1519 1311 1763 1365 inventus
1793 1308 1963 1371 fuerit,
1989 1310 2041 1363 in
2065 1311 2261 1364 eis-.lem

724 1401 1063 1468 iudicabitur,
1106 1400 1313 1467 quando
1339 1400 1512 1453 anima
1532 1398 1723 1452 exierit
1757 1397 1823 1452 de
1850 1412 2090 1466 corpore.
2124 1397 2260 1450 Dicit

731 1490 872 1543 enim
922 1487 1199 1542 Psalmista
1229 1506 1242 1540 :
1277 1487 1441 1541 Nemo
1477 1490 1532 1541 in
1566 1486 1767 1554 inferno
1807 1486 2127 1552 conﬁtebitur
2174 1487 2263 1539 tibi

734 1575 898 1643 (Psal.
928 1592 1000 1641 vr,
1039 1576 1113 1648 6).
1151 1576 1272 1631 Ideo
1299 1574 1607 1630 festinemus
1642 1575 1707 1628 ad
1737 1576 2094 1644 paenitentiam
2136 1590 2263 1631 con-

732 1665 884 1716 verti.
938 1663 1157 1733 Semper
1184 1672 1306 1741 ante
1335 1664 1517 1719 oculos
1538 1671 1747 1718 nostros
1786 1670 2025 1718 versetur
2046 1664 2265 1719 ultimus

733 1756 847 1808 dies
872 1770 887 1808 :
915 1764 1107 1809 etcum
1135 1755 1361 1811 diluculo
1385 1757 1789 1819 surrexerimus,
1816 1772 1882 1811 ne
1910 1757 1976 1810 ad
1990 1772 2263 1824 vesperam

734 1859 831 1897 nos
857 1844 1177 1899 confidamus
1199 1847 1469 1914 pervenire
1494 1863 1507 1911 ;
1540 1855 1594 1901 et
1620 1862 1737 1900 cum
1752 1847 1803 1898 in
1820 1845 2009 1899 lectulo
2030 1848 2263 1901 membra

735 1933 1149 2002 deposuerimus,
1203 1935 1267 1989 de
1302 1935 1434 1990 lucis
1459 1935 1485 1974 ά
1514 1952 1615 1989 non
1651 1935 1974 1989 conﬁdamus
2012 1936 2258 1990 adventu.

740 2018 833 2075 Sic
868 2022 889 2051 '
918 2029 973 2075 et
997 2019 1549 2092 facillimepoterimus
1593 2038 1784 2092 corpus
1809 2032 2045 2078 nostrum
2075 2039 2103 2077 a
2128 2024 2270 2079 vitiis

743 2111 799 2159 et
823 2108 1259 2176 concupiscentiis
1278 2109 1430 2163 malis
1446 2108 1466 2139 ³
1494 2108 1780 2163 refrenare.

1322 2216 1541 2272 CAPUT
1576 2198 1686 2270 Xb.

1212 2284 1416 2339 Gaudia
1442 2286 1628 2353 futui-te
1657 2287 1788 2338 sint.
2014 2356 2019 2361 ο

807 2374 1026 2443 Semper
1050 2387 1143 2427 cor
1157 2382 1392 2426 nostrum
1417 2373 1674 2440 promissa
1697 2374 1930 2429 coelestia
1959 2375 2266 2429 meditetur:

740 2463 915 2516 omnia
943 2468 1150 2515 terrena
1178 2476 1295 2530 qua;
1329 2461 1690 2529 possidemus,
1715 2465 1769 2517 in
1803 2463 2007 2517 futuras
2039 2464 2273 2517 cmlestis

739 2550 884 2619 regni
912 2549 1212 2603 mansiones
1232 2547 1607 2604 transferamus
1628 2591 1641 2616 ,
1669 2558 1728 2604 ut
1752 2566 1870 2605 cum
1897 2551 1968 2604 ibi
1994 2552 2228 2618 provecti
2253 2551 2275 2582 ⁸

739 2638 1015 2701 fuerimus,
1037 2635 1276 2691 fruamur
1304 2637 1460 2691 bonis
1480 2638 1801 2691 caelestibus.
1826 2638 1957 2691 Nam
1985 2638 2268 2700 credimus,

740 2727 864 2794 quia
885 2742 1004 2781 eum
1041 2741 1071 2779 a
1100 2727 1274 2780 carnis
1295 2726 1503 2781 vinculo
1530 2727 1702 2780 anima
1724 2736 1902 2781 nostra
1940 2726 2100 2781 fuerit
2122 2728 2276 2781 abso-

740 2815 875 2879 luta,
912 2815 957 2869 si
983 2816 1115 2870 bene
1141 2821 1194 2869 et
1221 2822 1365 2870 recte
1384 2831 1562 2869 coram
1604 2816 1712 2870 Deo
1733 2817 2040 2879 vixerimus,
2081 2830 2201 2869 mox
2223 2817 2274 2869 in

742 2921 1026 2961 occursum.
1047 2914 1285 2959 nostrum
1309 2906 1613 2975 angelorum
1651 2902 1844 2959 chorus
1873 2914 2134 2967 occurret,
2165 2920 2267 2958 om-

742 2996 991 3062 niumque
1030 3003 1328 3070 sanctorum
1363 2996 1571 3063 agmina
1610 2995 1661 3047 in
1701 3003 1911 3049 nostros
1949 2993 2275 3047 miscentur‘

745 3084 1050 3151 amplexus,
1094 3090 1148 3138 et
1176 3088 1242 3137 ad
1268 3081 1590 3138 adorandum
1622 3098 1805 3137 verum
1826 3081 2054 3149 judicem
2088 3082 2278 3151 perdu-

744 3177 882 3223 cent.
911 3168 965 3223 Si
996 3171 1120 3223 dum
1166 3170 1220 3223 in
1262 3184 1485 3240 corpore
1516 3171 1763 3235 vivimus,
1811 3171 1949 3224 sicut
1989 3170 2133 3234 dixi,
2160 3186 2276 3238 quae

2357 872 2617 929 ric'ulnm:
2667 876 2758 929 sed
2810 890 2929 929 cum
2977 875 3155 928 carnis
3188 872 3543 940 ahjecerimus
3589 871 3892 935 sarcinam,

2306 1012 2309 1017 .
2361 971 2480 1016 tunc
2529 963 2757 1030 Spiritus
2784 970 3001 1016 sanctus
3052 962 3248 1015 tribuet
3285 960 3437 1014 nobis
3485 959 3539 1013 in
3591 958 3896 1012 caelestibus

2359 1053 2705 1115 mansionem,
2750 1052 2835 1106 cui
2863 1067 2958 1106 nos
2976 1054 3139 1120 paulo
3168 1061 3290 1105 ante
3330 1051 3469 1104 intra
3513 1050 3757 1118 corporis
3804 1064 3897 1104 no-

2359 1139 2452 1191 stri
2481 1140 2763 1206 hospitium
2792 1139 3085 1194 feceramus
3127 1139 3490 1192 mansionem:
3530 1146 3586 1192 et
3614 1138 3724 1192 laeti
3773 1152 3899 1207 gau-

2359 1224 2645 1292 dentesque
2670 1224 2831 1278 futuri
2856 1216 3046 1293 )ud‘icii
3079 1226 3216 1280 diem
3238 1225 3663 1295 exspectabimus
3686 1265 3703 1291 ,
3723 1225 3777 1278 in
3797 1240 3898 1294 quo

2360 1312 2680 1383 singulorum
2701 1315 2889 1367 anima:
2914 1329 3013 1382 pro
3031 1314 3141 1368 suis
3176 1315 3381 1367 actibus
3412 1314 3672 1383 recipient
3690 1312 3896 1366 merita.

2876 1422 2986 1493 ω
3005 1422 3226 1478 CAPUT
3251 1422 3383 1493 xu.

2802 1509 3225 1565 Damnandorum
3263 1527 3441 1582 ρωηω.

2431 1621 2543 1675 Ete
2567 1629 2749 1675 contra
2779 1630 3084 1689 peccatores
3106 1630 3161 1675 et
3196 1622 3341 1691 impii
3379 1622 3783 1691 pcenitebunt',
3812 1623 3904 1676 sed

2361 1707 2578 1761 frustra.
2622 1709 2862 1777 Rapaces
2886 1718 2941 1763 et
2975 1710 3146 1773 avari,
3176 1710 3388 1777 superbi
3418 1718 3477 1764 et
3519 1710 3771 1776 adulteri,
3801 1711 3905 1763 ira-

2363 1796 2520 1850 cundi
2544 1805 2597 1849 et
2619 1798 2817 1867 cupidi,
2855 1797 3092 1852 maledici
3121 1806 3173 1853 et
3215 1796 3411 1867 perjuri
3457 1797 3906 1853 amarissimam-

2364 1883 2515 1948 bunt,
2539 1885 2630 1938 sed
2670 1885 2928 1938 malorum
2952 1900 3166 1939 suorum
3199 1886 3404 1940 veniam
3441 1900 3547 1939 non
3574 1899 3907 1955 consequen-

2367 1981 2469 2026 tur.
2501 1973 2557 2026 ln
2594 1974 2735 2043 luctu
2760 1976 2989 2029 maximo
3016 1974 3387 2031 detinebantur
3417 1988 3626 2039 omnes,
3669 1975 3761 2043 qui
3785 1988 3904 2029 car-

2367 2061 2450 2115 nis
2469 2075 2576 2113 sua:
2601 2060 2894 2129 voluptates
2910 2061 3072 2121 secuti
3101 2069 3260 2125 sunt;
3291 2062 3343 2114 in
3365 2076 3595 2117 maerore
3623 2070 3681 2117 et
3705 2060 3907 2132 gemitu

2368 2150 2689 2215 sempiterno
2733 2156 2909 2213 erunt,
2959 2148 3052 2217 qui
3090 2149 3233 2203 vitiis
3256 2156 3311 2201 et
3330 2149 3670 2217 passionibus
3711 2149 3910 2203 servie-

2368 2246 2514 2291 runt.
2543 2238 2608 2291 Et
2643 2252 2763 2291 cum
2791 2236 2846 2292 hi
2883 2252 3068 2292 omnes
3091 2252 3188 2306 pro
3222 2237 3535 2291 criminibus
3572 2234 3689 2291 suis
3711 2244 3767 2291 et
3794 2250 3911 2289 sce-

2369 2326 2564 2380 levibus
2590 2328 2841 2396 gehennae
2877 2327 3082 2394 ignibus
3124 2326 3406 2395 deputandi
3450 2334 3629 2391 erunt,
3671 2341 3769 2381 nos
3795 2366 3812 2391 ,
3865 2326 3911 2380 si

2370 2416 2500 2480 Deo,
2523 2416 2645 2470 dum
2675 2416 2724 2469 in
2750 2417 2849 2469 hoc
2879 2430 3097 2485 corpore
3135 2430 3336 2479 sumus,
3364 2414 3743 2483 placuerimus,
3784 2429 3908 2468 cum

2370 2507 2565 2561 sanctis
2585 2507 2897 2574 sempiterna
2919 2506 3132 2574 praemia
3145 2505 3411 2574 accepturi
3425 2519 3629 2560 sumus.
3649 2503 3913 2559 ldeocon-

2371 2602 2670 2647 temnamus
2704 2601 2891 2647 cuncta
2940 2608 3055 2661 qua:
3073 2607 3208 2645 vana
3228 2599 3283 2645 et
3308 2589 3506 2645 caduca
3532 2598 3680 2655 sunt,
3702 2600 3762 2644 ut
3790 2601 3911 2644 tan-

2374 2690 2478 2736 tam
2505 2683 2745 2751 gloriam,
2769 2681 2976 2738 Christo
3004 2680 3317 2743 miserante,
3342 2677 3564 2748 adipisci
3584 2667 3909 2732 mereamur.

2917 2788 3142 2865 CAPUT
3179 2789 3315 2842 xui

2887 2878 3098 2948 Linguae
3121 2879 3374 2932 custodia.

2444 2987 2773 3041 Declinemus
2813 3002 3022 3055 semper
3044 3002 3076 3041 a
3101 2988 3264 3051 vitiis,
3305 2994 3360 3042 et
3378 2987 3444 3042 ad
3474 2988 3701 3043 virtutes
3729 2989 3914 3045 tenda-

2376 3089 2533 3129 mus:
2565 3091 2663 3129 nec
2692 3076 2714 3107 ⁸
2768 3076 3017 3145 superﬂui
3072 3091 3341 3132 sermones
3387 3077 3677 3146 procedant
3714 3093 3784 3132 ex
3820 3092 3914 3132 ore

2377 3172 2559 3218 nostro
2595 3166 2716 3234 quia
2738 3180 2832 3233 pro
2857 3164 3043 3219 otiosis
3075 3166 3404 3219 sermonibus
3446 3165 3705 3235 reddituri
3730 3180 3914 3221 sumus

743 3253 852 3306 Deo
876 3262 997 3307 sunt
1021 3254 1212 3322 placita
1240 3254 1516 3320 faciamus,
1542 3263 1668 3310 tunc
1691 3256 1796 3309 erit
1813 3256 1964 3310 nobis
1986 3270 2089 3323 pax
2109 3256 2161 3309 in
2182 3257 2284 3310 cir-
2308 3260 2352 3319 ο
2383 3254 2637 3309 rationem
2654 3255 2707 3306 in
2733 3254 2816 3306 die
2832 3252 3036 3321 judicii.
3067 3252 3175 3308 Nec
3192 3252 3271 3308 ad
3285 3254 3701 3309 maledicendum
3723 3270 3910 3324 quem-

745 3343 890 3397 cuitu
912 3350 967 3397 et
993 3358 1198 3398 summa
1222 3345 1479 3399 securitas
1503 3359 1517 3397 :
1541 3358 1640 3399 nec
1676 3344 1976 3397 timebimus
1999 3344 2138 3396 ultra
2166 3343 2281 3396 dia-

743 3429 852 3483 boli
876 3431 1038 3499 ignita
1076 3430 1275 3500 iacula,
1316 3446 1423 3489 nec.
1441 3432 1604 3486 ullum
1635 3430 1921 3499 quemlibet
1970 3431 2277 3495 inimicum,

746 3520 835 3587 qui
863 3521 1007 3590 cupit
1029 3521 1233 3575 animas
1257 3531 1464 3576 nostras
1479 3521 1499 3552 '
1518 3520 1775 3588 jaculare,
1797 3534 1902 3575 non
1928 3518 2142 3583 ferrum,
2174 3536 2278 3574 non

2380 3356 2539 3410 quam
2561 3356 2967 3398 consuescamus
2988 3342 3216 3411 linguam
3240 3348 3499 3408 nostram,
3523 3358 3643 3412 qua
3669 3345 3737 3397 ad
3760 3345 3912 3397 liene-

2381 3429 2657 3484 dicendum
2688 3442 2711 3469 ε
2735 3438 2789 3483 et
2832 3430 3145 3484 laudandum
3190 3432 3352 3484 Deum
3396 3438 3571 3484 creata
3610 3440 3695 3487 est
3720 3432 3762 3486 '.
3808 3431 3914 3485 Nec

2381 3533 2784 3573 consuescamus
2818 3520 3220 3574 consuetudines
3262 3519 3519 3587 pessimas
3541 3519 3594 3572 in
3619 3521 3765 3574 omni
3793 3529 3916 3574 actu

1930 3627 2311 3684 VARIANTES
2347 3627 2735 3684 LECTIONES.

819 3724 835 3754 '
875 3721 1085 3790 Veneta,
1115 3721 1263 3790 cujus
1300 3721 1415 3775 init.
1449 3727 1532 3790 est
1569 3730 1952 3790 no_s__separare
1975 3732 2030 3790 _a
2074 3718 2341 3790 Deojd‘eo.
2374 3720 2586 3788 inquam
2623 3729 2725 3790 etc.
2765 3735 2879 3788 qut:
2902 3718 3157 3790 niedjant,
3185 3718 3384 3790 desunt.
3452 3719 3473 3749 ¹
3502 3720 3557 3772 in
3601 3717 3737 3790 Ven.
3751 3721 3911 3781 deest,

746 3794 843 3847 sic.
916 3791 937 3822 ³
964 3793 1017 3844 in
1047 3787 1356 3851 Venfdeest,
1389 3787 1557 3842 malis.

1632 3785 1653 3815 ⁵
1683 3784 1829 3849 νεή.,
1871 3785 2141 3856 ιηοοΐθιξιί.Δ
2185 3788 2206 3817 ⁵
2238 3784 2461 3848 Βεηεάη⁷
2481 3784 2858 3856 miscebuntur.
2890 3855 2895 3856 ν
2932 3786 2963 3856 ‘A
2988 3786 3176 3838 Bened.
3227 3786 3281 3839 in
3304 3801 3464 3856 marg.
3499 3804 3594 3840 nis.
3622 3787 3849 3856 Colbert.
3880 3804 3913 3839 α

745 3864 970 3913 secunda
1008 3874 1185 3919 manu,
1206 3857 1461 3925 jugulare.
1510 3854 1628 3907 Ven.
1660 3863 1828 3906 autem
1855 3853 1920 3905 ad
1948 3853 2233 3921 periculum
2262 3856 2488 3909 aculare.
2562 3857 2581 3888 "
2627 3854 2749 3908 Ven.
2779 3858 2852 3908 sic
2877 3854 3045 3916 habet,
3071 3856 3212 3973 impii
3237 3853 3500 3922 peribunt.
3534 3856 3683 3910 Tunc
3714 3855 3916 3909 frustra

748 3941 985 3973 minaces.
1012 3935 1105 3973 etc.
1135 3924 1347 3973 flebunt.
1374 3923 1498 3973 auia
1532 3922 1810 3973 malorum.
1840 3930 1935 3973 etc.
2008 3921 2030 3951 ⁸
2054 3920 2243 3973 Bened.
2274 3924 2562 3973 tendamus.
2587 3923 2662 3973 Ne
2686 3922 2951 3973 sunerﬂui.
3023 3924 3044 3952 '
3063 3924 3118 3973 in
3194 3938 3274 3973 en.
3299 3923 3373 3973 sic
3394 3940 3413 3973 :
3435 3933 3613 3973 creata
3638 3935 3724 3973 est
3750 3941 3765 3973 :
3788 3924 3914 3973 auia

748 3941 985 3996 rapaces,
1012 3935 1105 4003 etc.
1129 3920 1347 4003 ﬂebunt,
1374 3923 1498 4003 quia
1532 3922 1810 4003 malorum,
1840 3920 1961 3974 etc.’
2008 3921 2030 3951 ⁸
2054 3920 2243 3983 Bened.
2274 3924 2562 3978 tendamus.
2587 3923 2662 3977 Ne
2686 3922 2951 3993 superflui.
3023 3924 3044 3952 '
3063 3924 3118 3975 in

750 3989 1092 4052 consuetudo.
1122 3991 1249 4058 Quae
1275 3989 1517 4054 mediam,
1546 3989 1744 4042 desunt.

3194 3938 3274 3977 en.
3299 3923 3373 3976 sic
3394 3940 3413 3977 :
3435 3933 3613 3978 creata
3638 3935 3724 3978 est
3750 3924 3914 3994 :quia

2229 4055 2451 4113 ΝΟΤᾹΞ.

751 4130 879 4198 quid
922 4129 975 4182 in
1027 4136 1135 4181 tam
1180 4140 1297 4198 sera
1347 4126 1639 4198 curatione,
1675 4125 2074 4198 temerjiriumq
2113 4123 2281 4198 Quam

749 4192 1025 4251 stultitiam
1069 4194 1312 4263 cognovit
1355 4200 1407 4247 et
1454 4192 1651 4263 Seneca
1684 4192 2120 4263 _|ib._ADeAbrev_it.
2166 4192 2284 4263 vita;

753 4281 871 4333 cap.
896 4263 962 4317 ιε
995 4282 1013 4314 ι
1046 4259 1254 4333 Non‘te
1281 4264 1460 4333 pudet,
1500 4260 1595 4322 ait,
1634 4260 1701 4333 ad
1735 4259 1982 4327 reliquias
2021 4261 2144 4333 vita:
2176 4261 2283 4333 tibi

752 4325 1047 4394 reservare,
1077 4339 1129 4383 et
1170 4326 1223 4381 id
1265 4325 1432 4382 solum
1460 4335 1666 4394 tempus
1688 4325 2035 4380 bonte'menti
2059 4327 2283 4379 destina-

755 4415 835 4461 re,
857 4399 995 4467 quod
1018 4392 1069 4451 in
1092 4394 1285 4467 nulfam
1317 4409 1426 4467 rem
1448 4392 1683 4467 conferri-
1701 4395 1897 4467 possit‘i
1918 4394 2084 4458 Quam
2108 4408 2285 4467 serum

751 4476 836 4522 est
870 4461 995 4520 tunc
1029 4466 1206 4519 vivere
1235 4463 1488 4529 incipere,
1509 4476 1637 4529 cum,
1653 4462 1991 4515 desinendum
2020 4461 2285 4525 est?Qu:e

753 4521 865 4587 tam
935 4533 1092 4588 stulta
1159 4521 1496 4608 mortalitatis
1560 4528 1756 4608 oblivia
1805 4529 1857 4581 in
1911 4521 2285 4608 quinquagesi-
2313 4521 2360 4578 D

757 4616 923 4664 mum,
945 4610 1000 4655 et
1035 4598 1417 4664 sexagesimum
1446 4611 1638 4649 annum
1660 4595 1868 4649 differre
1893 4611 2016 4649 sana
2049 4595 2287 4657 consilia,

755 4676 813 4723 et
835 4668 953 4722 inde
976 4668 1106 4721 velle
1125 4663 1285 4720 vitam
1306 4663 1688 4732 inchoare,quo
1706 4665 1855 4732 pauci
1875 4664 2285 4731 perduxerunt?»

828 4746 854 4776 ι
869 4734 1089 4799 Impiurn
1101 4736 1164 4787 sit
1177 4732 1327 4786 talem
1339 4731 1592 4785 licentiam
1603 4731 1873 4799 postulare.
1891 4732 2292 4799 Chrysostomus

758 4805 903 4877 hem.
938 4798 1007 4855 92
1028 4803 1079 4855 ἰη
1112 4801 1152 4855 ll
1181 4802 1245 4855 ad
1274 4800 1395 4877 Cor.
1427 4811 1584 4877 supra
1623 4798 1711 4877 cit;
1748 4817 1764 4845 ι
1804 4798 1943 4852 Cave
1976 4798 2040 4851 ne
2073 4799 2289 4877 dixeris,

761 4872 864 4925 erit
889 4879 1092 4938 tempus
1108 4882 1267 4938 ,Acum
1297 4867 1361 4938 ad
1387 4862 1659 4938 meliorem
1685 4862 1897 4938 frugem
1926 4866 2289 4938 revertendum

763 4940 883 4991 erit.
908 4932 1032 4991 Haec
1056 4936 1197 4989 enim
1224 4936 1385 4987 verba
1405 4935 1570 4987 Deum
1597 4932 1845 4999 majorem
1887 4933 1935 4984 in
1970 4934 2178 4985 modum
2223 4933 2289 4985 ad

764 5004 1086 5077 iracundiam
1115 5003 1396 5077 concitant.
1426 5039 1443 5077 ._
1468 5037 1481 5051 .
1528 5001 1634 5077 Deo
1674 4998 1867 5069 gratias
1913 5015 2029 5077 age,
2061 5001 2200 5077 quod
2241 5007 2292 5051 te

765 5073 906 5124 inter
952 5072 1120 5123 media
1167 5076 1379 5137 peccata
1430 5068 1841 5137 haudquaquam
1880 5068 2124 5137 abripuit
2153 5083 2198 5137 :_
2227 5081 2291 5119 ne

766 5138 989 5190 alterum
1028 5134 1236 5204 quoque
1278 5136 1369 5189 tibi
1398 5134 1601 5201 tempus
1624 5134 1706 5187 ad'
1730 5135 1984 5203 flagitiose
2016 5134 2290 5186 vivendum

762 5204 1011 5272 prteflniri
1045 5203 1292 5272 postules.
1333 5221 1351 5253 ι

835 5294 863 5332 δ
894 5288 1056 5363 {verno
1075 5292 1497 5363 hominumAnovit
1526 5291 2166 5363 diemAexitussuiaouem
2191 5292 2293 5363 huc

767 5360 927 5413 latet?
968 5358 1169 5413 Eccles.
1210 5374 1281 5419 rx,
1313 5358 1408 5410 ηε
1444 5357 1616 5410 Nescit
1656 5360 1803 5411 homo
1835 5357 1985 5419 βηεηὶ
2013 5357 2180 5412 suum.
2228 5359 2292 5412 Et

766 5426 1019 5494 Dominus
1044 5426 1097 5479 in
1134 5427 1331 5494 Evang.
1381 5425 1563 5477 Matth.
1594 5441 1738 5489 xxiv,
1787 5425 1891 5479 Δὶς
1946 5426 2165 5480 Nescitis
2190 5442 2291 5494 qua

770 5498 898 5548 hora
920 5493 1166 5547 Dominus
1188 5502 1347 5547 vester
1393 5497 1630 5545 uenturus
1669 5494 1754 5547 sit.
1785 5495 1850 5547 Et
1873 5494 1998 5548 Luc.
2030 5510 2140 5556 xu,
2178 5493 2245 5546 40
2273 5506 2287 5544 :

771 5561 886 5625 Qua
929 5562 1056 5613 liora
1102 5576 1202 5613 non
1241 5562 1430 5627 putatis
1477 5555 1644 5627 Filius
1680 5562 1898 5614 hominis
1946 5555 2134 5613 veniet.
2164 5561 2291 5625 Quae

770 5629 927 5705 verba
949 5641 1212 5705 exponens
1234 5625 1315 5705 de
1337 5635 1504 5680 morte
1525 5625 1808 5681 Guarricus
1851 5628 2013 5705 abbas
2038 5643 2141 5681 ser.
2163 5629 2211 5705 δέ
2222 5629 2291 5705 de

712 5712 727 5745 \
770 5696 955 5749 adven.
981 5695 1056 5748 sic
1074 5695 1181 5748 ait:
1208 5713 1225 5742 ι
1260 5695 1379 5748 Dies
1413 5707 1621 5762 quoque
1642 5705 1818 5749 noster
1842 5695 2078 5757 ultimus,
2107 5696 2289 5749 certis-

772 5762 934 5819 simus
966 5763 1110 5814 nobis
1137 5761 1273 5833 quod
1300 5761 1473 5815 veniat
1505 5800 1516 5825 ,
1556 5761 1929 5816 incertissimus
1956 5771 2035 5815 est
2060 5763 2286 5832 quando,

2382 4127 2464 4181 vel
2485 4128 2597 4192 ubi,
2644 4128 2726 4182 vel
2752 4130 2888 4183 unde
2916 4126 3067 4198 nobis
3094 4126 3336 4198 adveniat
3359 4167 3373 4191 ,
3400 4127 3503 4198 nisi
3525 4128 3666 4198 quod
3689 4128 3771 4198 (ut
3789 4138 3916 4183 ante

2382 4211 2478 4249 nos
2513 4198 2705 4250 dictum
2739 4199 2839 4264 est)
2869 4197 3083 4265 senibus
3108 4204 3189 4265 est
3212 4193 3493 4265 in‘januis,
3516 4193 3606 4265 qui
3634 4193 3920 4265 juvenibus

2385 4273 2466 4317 est
2485 4264 2787 4331 ininsidiis.
2821 4262 2838 4316 ὀ
2864 4264 2954 4317 Sic
2982 4271 3033 4317 et
3060 4262 3351 4331 philosophi
3395 4262 3689 4331 poenisque.
3714 4263 3920 4323 Juncus

2384 4331 2519 4410 apud
2540 4330 2802 4410 Stobteum
2828 4347 2932 4410 ser.
2958 4328 3079 4410 il6,
3102 4332 3165 4410 de
3189 4328 3547 4410 l_aud._senect.
3576 4328 3597 4382 ἶ
3622 4351 3640 4382 ι
3672 4332 3919 4387 Cnmmu-

2384 4398 2464 4450 nis
2491 4400 2663 4453 exitus
2705 4401 2909 4469 mortis,
2956 4408 3009 4452 et
3036 4398 3172 4469 nulla
3200 4398 3280 4450 lex
3325 4399 3391 4469 de
3413 4400 3521 4469 ipsa
3542 4439 3556 4462 ,
3592 4414 3768 4469 neque
3801 4416 3916 4469 cer-

2386 4472 2493 4586 tam
2516 4475 2720 4588 ιετηὲιὲῗ
2747 4485 2775 4522 a
2801 4468 2909 4521 Diis
2930 4466 3346 4537 praescriptum.»
3366 4466 3585 4532 Statius,
3610 4466 3702 4522 lib.
3737 4485 3775 4526 ιι
3801 4468 3919 4539 Syl-

2456 4550 2498 4587 r.
2530 4550 2579 4586 v.
2738 4551 2753 4588 :

2387 4549 2498 4587 var.
2530 4550 2579 4586 ν.
2613 4549 2753 4589 2242

2506 4615 2601 4677 150s
2619 4620 2796 4675 miseri,
2820 4618 2993 4676 quibus
3016 4616 3142 4665 unde
3156 4615 3262 4663 dies
3282 4627 3528 4677 suprema,
3543 4617 3653 4677 quis
3670 4619 3761 4667 aevi

2504 4673 2674 4722 Exitus
2695 4673 2944 4723 incertum.
3216 4688 3219 4691 λ

2456 4756 2478 4782 c
2507 4743 2627 4796 Non
2647 4760 2819 4797 omnes
2852 4745 2904 4798 in
2927 4750 3178 4797 senectute
3201 4743 3508 4805 moriuntur,
3532 4744 3693 4799 sedin
3705 4745 3920 4801 diuersis

2388 4812 2619 4865 a'tatibus
2668 4812 2731 4864 de
2771 4812 2868 4867 hoc
2915 4810 3103 4864 mundo
3150 4811 3387 4878 migrent.
3422 4811 3651 4867 Sanetus
3693 4811 3923 4870 Basilius

2387 4882 2529 4934 hom.
2559 4879 2610 4931 in
2633 4888 2868 4934 sanctam
2890 4879 3122 4933 Julittam
3143 4877 3237 4945 ηιξ
3267 4877 3436 4932 «Deus
3457 4878 3548 4932 uni
3573 4879 3791 4937 cuilibet
3810 4884 3924 4935 ani-

2387 4964 2484 5025 mae
2514 4948 2796 5025 suum__hic
2838 4945 3282 5025 vivendi"st‘a_tum
3307 4946 3673 5025 rationemque
3712 4951 3921 5025 praesti-

2388 5016 2486 5084 tuit
2510 5029 2523 5065 :
2554 5023 2606 5067 et
2633 5015 2767 5084 alios
2795 5015 3004 5084 quidem
3026 5011 3143 5084 aliis
3169 5011 3606 5084 hincetnigrandi
3639 5011 3925 5084 μήέδει-ἰρ-

2387 5082 2456 5134 sit
2494 5083 2763 5134 terminos.
2807 5080 2955 5134 Hune
2979 5081 3117 5133 enim
3147 5080 3417 5134 constituit
3456 5080 3656 5135 diutius
3678 5084 3733 5136 in
3760 5080 3925 5138 carne

2385 5163 2694 5266 permanere;
2723 5166 2736 5228 ς
2769 5148 2913 5201 illum
2934 5156 3114 5203 contra
3136 5147 3403 5215 corporeis
3430 5147 3923 5221 vinculis‘decrevit

2386 5230 2670 5266 ociusexsc
2692 5231 2760 5266 vi.
2795 5236 2813 5266 ι

2386 5230 2760 5269 οςιυεεκδοινι.
2795 5236 2813 5267 ι

2452 5282 2475 5319 ἀ
2503 5283 2575 5333 De
2597 5284 2725 5335 lucis
2751 5300 2852 5336 non
2880 5282 3198 5349 conﬁdamus
3223 5282 3459 5337 adventu.
3501 5282 3763 5340 Horatius
3792 5286 3925 5345 Car.

2388 5348 2477 5403 lib.
2508 5365 2580 5412 iv,
2604 5366 2654 5401 v.
2683 5351 2804 5413 ξος),
2835 5351 2919 5403 od.
2946 5348 3019 5400 τε

2509 5427 2622 5481 ouis
2642 5428 2729 5474 scit
2752 5440 2811 5472 an
2832 5426 3315 5486 adiiciambodi'ernz
3340 5428 3545 5478 cratim
3565 5441 3766 5483 summa

2504 5487 2740 5545 Tempora
2765 5486 2840 5534 Dii
2861 5485 3071 5547 superi?

2442 5555 2521 5611 .Et
2551 5555 2751 5609 Seneca
2777 5555 2830 5608 in
2853 5555 3100 5623 Thyeste,
3120 5562 3174 5608 ν.
3200 5556 3301 5609 617
3327 5573 3342 5610 :

2624 5631 2774 5695 [gemo
2795 5638 2887 5681 tam
2910 5634 3043 5681 divos
3064 5633 3227 5695 habuit
3251 5632 3466 5695 faventes
3486 5670 3502 5695 ,

2627 5691 2887 5740 Crastinum
2911 5699 2963 5740 ut
2984 5693 3131 5753 possit
3153 5694 3238 5741 sibi
3260 5690 3490 5753 polliceri.

2462 5770 2482 5797 ο
2513 5758 2589 5811 Ad
2620 5760 3009 5814 benedicendum
3049 5760 3209 5815 Deum
3263 5771 3435 5815 creata
3483 5772 3575 5815 est.
3626 5762 3719 5817 Sic
3761 5763 3916 5819 docet
