  <div class='ocr_page' id='page_1' title='image "/cluster/home/n/w/nwhite01/storage/ocr_20150623/99-100/uc1.31175006946845/133.png"; bbox 0 0 4174 6468; ppageno 0'>
   <div class='ocr_carea' id='block_1_1' title="bbox 775 417 875 472">
    <p class='ocr_par' dir='ltr' id='par_1_1' title="bbox 775 417 875 472">
     <span class='ocr_line' id='line_1_1' title="bbox 775 417 875 472; baseline 0.01 -1"><span class='ocrx_word' id='word_1_1' title='bbox 775 417 875 472; x_wconf 70' lang='grc' dir='ltr'>2ἱῖ</span> 
     </span>
    </p>
   </div>
   <div class='ocr_carea' id='block_1_2' title="bbox 1681 395 3034 487">
    <p class='ocr_par' dir='ltr' id='par_1_2' title="bbox 1681 395 3034 487">
     <span class='ocr_line' id='line_1_2' title="bbox 1681 395 3034 487; baseline 0.002 -15"><span class='ocrx_word' id='word_1_2' title='bbox 1681 418 1736 472; x_wconf 90' lang='lat' dir='ltr'><strong>s.</strong></span> <span class='ocrx_word' id='word_1_3' title='bbox 1778 418 2043 474; x_wconf 65' lang='lat' dir='ltr'><strong>panum</strong></span> <span class='ocrx_word' id='word_1_4' title='bbox 2072 395 2530 474; x_wconf 61' lang='lat' dir='ltr'><strong>enauimus</strong></span> <span class='ocrx_word' id='word_1_5' title='bbox 2572 421 3034 487; x_wconf 74' lang='lat' dir='ltr'><strong>AQULEIENSIS</strong></span> 
     </span>
    </p>
   </div>
   <div class='ocr_carea' id='block_1_3' title="bbox 3847 417 3950 472">
    <p class='ocr_par' dir='ltr' id='par_1_3' title="bbox 3847 417 3950 472">
     <span class='ocr_line' id='line_1_3' title="bbox 3847 417 3950 472; baseline 0.01 -2"><span class='ocrx_word' id='word_1_6' title='bbox 3847 417 3950 472; x_wconf 68' lang='grc' dir='ltr'><strong>εις</strong></span> 
     </span>
    </p>
   </div>
   <div class='ocr_carea' id='block_1_4' title="bbox 779 527 3954 600">
    <p class='ocr_par' dir='ltr' id='par_1_4' title="bbox 779 527 3954 600">
     <span class='ocr_line' id='line_1_4' title="bbox 779 527 3954 600; baseline -0.001 -16"><span class='ocrx_word' id='word_1_7' title='bbox 779 549 808 584; x_wconf 82' lang='lat' dir='ltr'><strong>u</strong></span> <span class='ocrx_word' id='word_1_8' title='bbox 836 529 1012 582; x_wconf 90' lang='lat' dir='ltr'><strong>verbis</strong></span> <span class='ocrx_word' id='word_1_9' title='bbox 1035 543 1216 581; x_wconf 89' lang='lat' dir='ltr'><strong>eorum</strong></span> <span class='ocrx_word' id='word_1_10' title='bbox 1242 543 1305 581; x_wconf 92' lang='lat' dir='ltr'><strong>ne</strong></span> <span class='ocrx_word' id='word_1_11' title='bbox 1327 537 1534 582; x_wconf 75' lang='lat' dir='ltr'><strong>avertas</strong></span> <span class='ocrx_word' id='word_1_12' title='bbox 1555 545 1736 582; x_wconf 87' lang='lat' dir='ltr'><strong>aurem</strong></span> <span class='ocrx_word' id='word_1_13' title='bbox 1768 538 1935 593; x_wconf 88' lang='lat' dir='ltr'><strong>tuam,</strong></span> <span class='ocrx_word' id='word_1_14' title='bbox 1960 538 2014 582; x_wconf 88' lang='lat' dir='ltr'><strong>et</strong></span> <span class='ocrx_word' id='word_1_15' title='bbox 2040 531 2092 582; x_wconf 89' lang='lat' dir='ltr'><strong>in</strong></span> <span class='ocrx_word' id='word_1_16' title='bbox 2120 544 2302 582; x_wconf 85' lang='lat' dir='ltr'><strong>eorum</strong></span> <span class='ocrx_word' id='word_1_17' title='bbox 2330 535 2378 591; x_wconf 75' lang='grc' dir='ltr'><strong>Α</strong></span> <span class='ocrx_word' id='word_1_18' title='bbox 2405 532 2722 595; x_wconf 82' lang='lat' dir='ltr'><strong>carnalibus,</strong></span> <span class='ocrx_word' id='word_1_19' title='bbox 2751 532 2961 600; x_wconf 82' lang='lat' dir='ltr'><strong>quando</strong></span> <span class='ocrx_word' id='word_1_20' title='bbox 2988 533 3080 585; x_wconf 92' lang='lat' dir='ltr'><strong>tibi</strong></span> <span class='ocrx_word' id='word_1_21' title='bbox 3101 533 3368 595; x_wconf 88' lang='lat' dir='ltr'><strong>eveniunt,</strong></span> <span class='ocrx_word' id='word_1_22' title='bbox 3398 546 3504 585; x_wconf 91' lang='lat' dir='ltr'><strong>non</strong></span> <span class='ocrx_word' id='word_1_23' title='bbox 3534 529 3818 598; x_wconf 76' lang='lat' dir='ltr'><strong>frangatur</strong></span> <span class='ocrx_word' id='word_1_24' title='bbox 3843 527 3954 581; x_wconf 76' lang='lat' dir='ltr'><strong>ani-</strong></span> 
     </span>
    </p>
   </div>
   <div class='ocr_carea' id='block_1_5' title="bbox 778 616 2310 673">
    <p class='ocr_par' dir='ltr' id='par_1_5' title="bbox 778 616 2310 673">
     <span class='ocr_line' id='line_1_5' title="bbox 778 616 2310 673; baseline 0 0"><span class='ocrx_word' id='word_1_25' title='bbox 778 617 998 673; x_wconf 71' lang='lat' dir='ltr'><strong>wnsilio</strong></span> <span class='ocrx_word' id='word_1_26' title='bbox 1022 616 1308 670; x_wconf 89' lang='lat' dir='ltr'><strong>delectetur</strong></span> <span class='ocrx_word' id='word_1_27' title='bbox 1333 618 1506 671; x_wconf 86' lang='lat' dir='ltr'><strong>anima</strong></span> <span class='ocrx_word' id='word_1_28' title='bbox 1531 625 1619 670; x_wconf 90' lang='lat' dir='ltr'><strong>tua</strong></span> <span class='ocrx_word' id='word_1_29' title='bbox 1646 633 1660 670; x_wconf 89' lang='lat'><strong>:</strong></span> <span class='ocrx_word' id='word_1_30' title='bbox 1689 618 1850 671; x_wconf 87' lang='lat' dir='ltr'><strong>verba</strong></span> <span class='ocrx_word' id='word_1_31' title='bbox 1878 619 2017 671; x_wconf 89' lang='lat' dir='ltr'><strong>enim</strong></span> <span class='ocrx_word' id='word_1_32' title='bbox 2047 619 2166 671; x_wconf 67' lang='lat' dir='ltr'><strong>vitae</strong></span> <span class='ocrx_word' id='word_1_33' title='bbox 2188 629 2310 673; x_wconf 91' lang='lat' dir='ltr'><strong>sunt</strong></span> 
     </span>
    </p>
   </div>
   <div class='ocr_carea' id='block_1_6' title="bbox 779 694 2312 769">
    <p class='ocr_par' dir='ltr' id='par_1_6' title="bbox 779 694 2312 769">
     <span class='ocr_line' id='line_1_6' title="bbox 779 694 2312 769; baseline 0 -10"><span class='ocrx_word' id='word_1_34' title='bbox 779 705 938 760; x_wconf 85' lang='lat' dir='ltr'><strong>verba</strong></span> <span class='ocrx_word' id='word_1_35' title='bbox 969 704 1238 766; x_wconf 81' lang='lat' dir='ltr'><strong>hominum</strong></span> <span class='ocrx_word' id='word_1_36' title='bbox 1282 694 1445 758; x_wconf 86' lang='lat' dir='ltr'><strong>Deum</strong></span> <span class='ocrx_word' id='word_1_37' title='bbox 1495 705 1828 769; x_wconf 86' lang='lat' dir='ltr'><strong>timentium,</strong></span> <span class='ocrx_word' id='word_1_38' title='bbox 1877 715 1931 758; x_wconf 91' lang='lat' dir='ltr'><strong>et</strong></span> <span class='ocrx_word' id='word_1_39' title='bbox 1979 705 2312 759; x_wconf 78' lang='lat' dir='ltr'><strong>incolumitas</strong></span> 
     </span>
    </p>
   </div>
   <div class='ocr_carea' id='block_1_7' title="bbox 783 792 2314 859">
    <p class='ocr_par' dir='ltr' id='par_1_7' title="bbox 783 792 2314 859">
     <span class='ocr_line' id='line_1_7' title="bbox 783 792 2314 859; baseline 0.001 -12"><span class='ocrx_word' id='word_1_40' title='bbox 783 794 970 847; x_wconf 65' lang='lat' dir='ltr'><strong>animae</strong></span> <span class='ocrx_word' id='word_1_41' title='bbox 989 793 1052 844; x_wconf 89' lang='lat' dir='ltr'><strong>iis</strong></span> <span class='ocrx_word' id='word_1_42' title='bbox 1070 792 1159 859; x_wconf 88' lang='lat' dir='ltr'><strong>qui</strong></span> <span class='ocrx_word' id='word_1_43' title='bbox 1177 792 1478 845; x_wconf 85' lang='lat' dir='ltr'><strong>ealibenter</strong></span> <span class='ocrx_word' id='word_1_44' title='bbox 1503 794 1739 858; x_wconf 85' lang='lat' dir='ltr'><strong>audiunt,</strong></span> <span class='ocrx_word' id='word_1_45' title='bbox 1768 802 1819 846; x_wconf 92' lang='lat' dir='ltr'><strong>ct</strong></span> <span class='ocrx_word' id='word_1_46' title='bbox 1845 795 2140 849; x_wconf 89' lang='lat' dir='ltr'><strong>attendunt.</strong></span> <span class='ocrx_word' id='word_1_47' title='bbox 2165 794 2314 850; x_wconf 80' lang='lat' dir='ltr'><strong>Sicut</strong></span> 
     </span>
    </p>
   </div>
   <div class='ocr_carea' id='block_1_8' title="bbox 783 877 2312 948">
    <p class='ocr_par' dir='ltr' id='par_1_8' title="bbox 783 877 2312 948">
     <span class='ocr_line' id='line_1_8' title="bbox 783 877 2312 948; baseline 0.001 -14"><span class='ocrx_word' id='word_1_48' title='bbox 783 881 922 934; x_wconf 86' lang='lat' dir='ltr'><strong>enim</strong></span> <span class='ocrx_word' id='word_1_49' title='bbox 946 881 961 910; x_wconf 83' lang='grc'>¹</span> <span class='ocrx_word' id='word_1_50' title='bbox 981 879 1060 932; x_wconf 90' lang='lat' dir='ltr'><strong>sol</strong></span> <span class='ocrx_word' id='word_1_51' title='bbox 1086 879 1263 932; x_wconf 90' lang='lat' dir='ltr'><strong>oriens</strong></span> <span class='ocrx_word' id='word_1_52' title='bbox 1280 877 1472 946; x_wconf 78' lang='lat' dir='ltr'><strong>ell‘ugat</strong></span> <span class='ocrx_word' id='word_1_53' title='bbox 1494 880 1788 948; x_wconf 86' lang='lat' dir='ltr'><strong>caliginem,</strong></span> <span class='ocrx_word' id='word_1_54' title='bbox 1805 882 1876 935; x_wconf 86' lang='lat' dir='ltr'><strong>ita</strong></span> <span class='ocrx_word' id='word_1_55' title='bbox 1897 889 2198 936; x_wconf 90' lang='lat' dir='ltr'><strong>sanctorum</strong></span> <span class='ocrx_word' id='word_1_56' title='bbox 2216 882 2312 935; x_wconf 88' lang='lat' dir='ltr'><strong>do-</strong></span> 
     </span>
    </p>
   </div>
   <div class='ocr_carea' id='block_1_9' title="bbox 785 966 2312 1035">
    <p class='ocr_par' dir='ltr' id='par_1_9' title="bbox 785 966 2312 1035">
     <span class='ocr_line' id='line_1_9' title="bbox 785 966 2312 1035; baseline 0.001 -16"><span class='ocrx_word' id='word_1_57' title='bbox 785 967 955 1020; x_wconf 80' lang='lat' dir='ltr'><strong>ctrina</strong></span> <span class='ocrx_word' id='word_1_58' title='bbox 1000 981 1028 1017; x_wconf 89' lang='lat' dir='ltr'><strong>a</strong></span> <span class='ocrx_word' id='word_1_59' title='bbox 1073 966 1308 1019; x_wconf 86' lang='lat' dir='ltr'><strong>sensibus</strong></span> <span class='ocrx_word' id='word_1_60' title='bbox 1335 969 1528 1020; x_wconf 82' lang='lat' dir='ltr'><strong>nostris</strong></span> <span class='ocrx_word' id='word_1_61' title='bbox 1554 967 1766 1035; x_wconf 77' lang='lat' dir='ltr'><strong>expellit</strong></span> <span class='ocrx_word' id='word_1_62' title='bbox 1791 969 1810 996; x_wconf 83' lang='lat'>&#39;</span> <span class='ocrx_word' id='word_1_63' title='bbox 1844 969 2109 1022; x_wconf 84' lang='lat' dir='ltr'><strong>tenebras.</strong></span> <span class='ocrx_word' id='word_1_64' title='bbox 2138 969 2312 1033; x_wconf 86' lang='lat' dir='ltr'><strong>Evita,</strong></span> 
     </span>
    </p>
   </div>
   <div class='ocr_carea' id='block_1_10' title="bbox 787 1056 2318 1125">
    <p class='ocr_par' dir='ltr' id='par_1_10' title="bbox 787 1056 2318 1125">
     <span class='ocr_line' id='line_1_10' title="bbox 787 1056 2318 1125; baseline 0.004 -18"><span class='ocrx_word' id='word_1_65' title='bbox 787 1067 987 1118; x_wconf 69' lang='lat' dir='ltr'><strong>qureso,</strong></span> <span class='ocrx_word' id='word_1_66' title='bbox 1027 1056 1167 1109; x_wconf 87' lang='lat' dir='ltr'><strong>viros</strong></span> <span class='ocrx_word' id='word_1_67' title='bbox 1195 1067 1218 1093; x_wconf 75' lang='grc' dir='ltr'>ι</span> <span class='ocrx_word' id='word_1_68' title='bbox 1241 1057 1514 1125; x_wconf 85' lang='lat' dir='ltr'><strong>superbos,</strong></span> <span class='ocrx_word' id='word_1_69' title='bbox 1543 1057 1768 1120; x_wconf 85' lang='lat' dir='ltr'><strong>invidos,</strong></span> <span class='ocrx_word' id='word_1_70' title='bbox 1798 1058 2138 1120; x_wconf 87' lang='lat' dir='ltr'><strong>detractores,</strong></span> <span class='ocrx_word' id='word_1_71' title='bbox 2170 1073 2318 1112; x_wconf 83' lang='lat' dir='ltr'><strong>men-</strong></span> 
     </span>
    </p>
   </div>
   <div class='ocr_carea' id='block_1_11' title="bbox 789 1141 2314 1214">
    <p class='ocr_par' dir='ltr' id='par_1_11' title="bbox 789 1141 2314 1214">
     <span class='ocr_line' id='line_1_11' title="bbox 789 1141 2314 1214; baseline 0.005 -22"><span class='ocrx_word' id='word_1_72' title='bbox 789 1141 966 1205; x_wconf 66' lang='lat' dir='ltr'><strong>daces,</strong></span> <span class='ocrx_word' id='word_1_73' title='bbox 982 1143 1240 1210; x_wconf 74' lang='lat' dir='ltr'><strong>periuros,</strong></span> <span class='ocrx_word' id='word_1_74' title='bbox 1254 1144 1455 1211; x_wconf 90' lang='lat' dir='ltr'><strong>seipsos</strong></span> <span class='ocrx_word' id='word_1_75' title='bbox 1469 1144 1488 1174; x_wconf 86' lang='grc'>⁸</span> <span class='ocrx_word' id='word_1_76' title='bbox 1502 1154 1555 1196; x_wconf 89' lang='lat' dir='ltr'><strong>et</strong></span> <span class='ocrx_word' id='word_1_77' title='bbox 1570 1144 1789 1198; x_wconf 80' lang='lat' dir='ltr'><strong>salutem</strong></span> <span class='ocrx_word' id='word_1_78' title='bbox 1804 1160 1950 1198; x_wconf 85' lang='lat' dir='ltr'><strong>suam</strong></span> <span class='ocrx_word' id='word_1_79' title='bbox 1974 1146 2314 1214; x_wconf 74' lang='lat' dir='ltr'><strong>negligentes,</strong></span> 
     </span>
    </p>
   </div>
   <div class='ocr_carea' id='block_1_12' title="bbox 788 1232 2321 1304">
    <p class='ocr_par' dir='ltr' id='par_1_12' title="bbox 788 1232 2321 1304">
     <span class='ocr_line' id='line_1_12' title="bbox 788 1232 2321 1304; baseline 0.003 -20"><span class='ocrx_word' id='word_1_80' title='bbox 788 1232 877 1299; x_wconf 88' lang='lat' dir='ltr'><strong>qui</strong></span> <span class='ocrx_word' id='word_1_81' title='bbox 907 1233 1097 1285; x_wconf 87' lang='lat' dir='ltr'><strong>mortui</strong></span> <span class='ocrx_word' id='word_1_82' title='bbox 1153 1241 1273 1286; x_wconf 89' lang='lat' dir='ltr'><strong>sunt</strong></span> <span class='ocrx_word' id='word_1_83' title='bbox 1299 1235 1609 1298; x_wconf 78' lang='lat' dir='ltr'><strong>virtutibus,</strong></span> <span class='ocrx_word' id='word_1_84' title='bbox 1648 1245 1699 1288; x_wconf 92' lang='lat' dir='ltr'><strong>et</strong></span> <span class='ocrx_word' id='word_1_85' title='bbox 1746 1236 1990 1288; x_wconf 67' lang='lat' dir='ltr'><strong>laetantur</strong></span> <span class='ocrx_word' id='word_1_86' title='bbox 2016 1236 2067 1288; x_wconf 91' lang='lat' dir='ltr'><strong>in</strong></span> <span class='ocrx_word' id='word_1_87' title='bbox 2096 1237 2321 1304; x_wconf 75' lang='lat' dir='ltr'><strong>propriis</strong></span> 
     </span>
    </p>
   </div>
   <div class='ocr_carea' id='block_1_13' title="bbox 789 1317 2323 1387">
    <p class='ocr_par' dir='ltr' id='par_1_13' title="bbox 789 1317 2323 1387">
     <span class='ocr_line' id='line_1_13' title="bbox 789 1317 2323 1387; baseline 0.005 -19"><span class='ocrx_word' id='word_1_88' title='bbox 789 1317 1166 1385; x_wconf 76' lang='lat' dir='ltr'><strong>voluptatibus,</strong></span> <span class='ocrx_word' id='word_1_89' title='bbox 1191 1329 1251 1370; x_wconf 93' lang='lat' dir='ltr'><strong>ut</strong></span> <span class='ocrx_word' id='word_1_90' title='bbox 1280 1320 1485 1387; x_wconf 76' lang='lat' dir='ltr'><strong>gaudiis</strong></span> <span class='ocrx_word' id='word_1_91' title='bbox 1512 1329 1726 1374; x_wconf 84' lang='lat' dir='ltr'><strong>careant</strong></span> <span class='ocrx_word' id='word_1_92' title='bbox 1751 1323 1960 1376; x_wconf 78' lang='lat' dir='ltr'><strong>divinis.</strong></span> <span class='ocrx_word' id='word_1_93' title='bbox 1991 1321 2104 1376; x_wconf 80' lang='lat' dir='ltr'><strong>Non</strong></span> <span class='ocrx_word' id='word_1_94' title='bbox 2121 1324 2240 1378; x_wconf 86' lang='lat' dir='ltr'><strong>dico</strong></span> <span class='ocrx_word' id='word_1_95' title='bbox 2265 1330 2323 1376; x_wconf 88' lang='lat' dir='ltr'><strong>ut</strong></span> 
     </span>
    </p>
   </div>
   <div class='ocr_carea' id='block_1_14' title="bbox 791 1405 2326 1470">
    <p class='ocr_par' dir='ltr' id='par_1_14' title="bbox 791 1405 2326 1470">
     <span class='ocr_line' id='line_1_14' title="bbox 791 1405 2326 1470; baseline 0.005 -14"><span class='ocrx_word' id='word_1_96' title='bbox 791 1406 874 1458; x_wconf 88' lang='lat' dir='ltr'><strong>vel</strong></span> <span class='ocrx_word' id='word_1_97' title='bbox 895 1421 1053 1459; x_wconf 89' lang='lat' dir='ltr'><strong>unum</strong></span> <span class='ocrx_word' id='word_1_98' title='bbox 1081 1405 1234 1459; x_wconf 90' lang='lat' dir='ltr'><strong>talem</strong></span> <span class='ocrx_word' id='word_1_99' title='bbox 1265 1407 1316 1460; x_wconf 94' lang='lat' dir='ltr'><strong>in</strong></span> <span class='ocrx_word' id='word_1_100' title='bbox 1343 1408 1498 1462; x_wconf 90' lang='lat' dir='ltr'><strong>domo</strong></span> <span class='ocrx_word' id='word_1_101' title='bbox 1527 1417 1615 1462; x_wconf 90' lang='lat' dir='ltr'><strong>tua</strong></span> <span class='ocrx_word' id='word_1_102' title='bbox 1659 1410 1872 1470; x_wconf 88' lang='lat' dir='ltr'><strong>habeas,</strong></span> <span class='ocrx_word' id='word_1_103' title='bbox 1908 1411 2000 1464; x_wconf 90' lang='lat' dir='ltr'><strong>sed</strong></span> <span class='ocrx_word' id='word_1_104' title='bbox 2029 1411 2187 1463; x_wconf 90' lang='lat' dir='ltr'><strong>etiam</strong></span> <span class='ocrx_word' id='word_1_105' title='bbox 2215 1411 2326 1464; x_wconf 86' lang='lat' dir='ltr'><strong>ubi-</strong></span> 
     </span>
    </p>
   </div>
   <div class='ocr_carea' id='block_1_15' title="bbox 791 1496 2324 1567">
    <p class='ocr_par' dir='ltr' id='par_1_15' title="bbox 791 1496 2324 1567">
     <span class='ocr_line' id='line_1_15' title="bbox 791 1496 2324 1567; baseline 0.007 -21"><span class='ocrx_word' id='word_1_106' title='bbox 791 1509 997 1564; x_wconf 85' lang='lat' dir='ltr'><strong>cunque</strong></span> <span class='ocrx_word' id='word_1_107' title='bbox 1020 1496 1149 1549; x_wconf 85' lang='lat' dir='ltr'><strong>tales</strong></span> <span class='ocrx_word' id='word_1_108' title='bbox 1175 1511 1290 1550; x_wconf 91' lang='lat' dir='ltr'><strong>esse</strong></span> <span class='ocrx_word' id='word_1_109' title='bbox 1327 1498 1576 1559; x_wconf 87' lang='lat' dir='ltr'><strong>audieris,</strong></span> <span class='ocrx_word' id='word_1_110' title='bbox 1607 1499 1703 1551; x_wconf 89' lang='lat' dir='ltr'><strong>hos</strong></span> <span class='ocrx_word' id='word_1_111' title='bbox 1745 1499 1940 1552; x_wconf 88' lang='lat' dir='ltr'><strong>devita.</strong></span> <span class='ocrx_word' id='word_1_112' title='bbox 1981 1499 2111 1554; x_wconf 89' lang='lat' dir='ltr'><strong>Cum</strong></span> <span class='ocrx_word' id='word_1_113' title='bbox 2139 1500 2324 1567; x_wconf 82' lang='lat' dir='ltr'><strong>hujus-</strong></span> 
     </span>
    </p>
   </div>
   <div class='ocr_carea' id='block_1_16' title="bbox 793 1583 2326 1644">
    <p class='ocr_par' dir='ltr' id='par_1_16' title="bbox 793 1583 2326 1644">
     <span class='ocr_line' id='line_1_16' title="bbox 793 1583 2326 1644; baseline 0.006 -9"><span class='ocrx_word' id='word_1_114' title='bbox 793 1584 933 1636; x_wconf 88' lang='lat' dir='ltr'><strong>modi</strong></span> <span class='ocrx_word' id='word_1_115' title='bbox 957 1583 976 1612; x_wconf 78' lang='grc'>⁸</span> <span class='ocrx_word' id='word_1_116' title='bbox 1005 1584 1304 1638; x_wconf 88' lang='lat' dir='ltr'><strong>hominibus</strong></span> <span class='ocrx_word' id='word_1_117' title='bbox 1325 1584 1464 1637; x_wconf 89' lang='lat' dir='ltr'><strong>nulla</strong></span> <span class='ocrx_word' id='word_1_118' title='bbox 1486 1587 1556 1638; x_wconf 87' lang='lat' dir='ltr'><strong>sit</strong></span> <span class='ocrx_word' id='word_1_119' title='bbox 1573 1587 1662 1639; x_wconf 92' lang='lat' dir='ltr'><strong>tibi</strong></span> <span class='ocrx_word' id='word_1_120' title='bbox 1683 1589 1937 1641; x_wconf 78' lang='lat' dir='ltr'><strong>connexio</strong></span> <span class='ocrx_word' id='word_1_121' title='bbox 1957 1589 2038 1642; x_wconf 90' lang='lat' dir='ltr'><strong>vel</strong></span> <span class='ocrx_word' id='word_1_122' title='bbox 2053 1588 2326 1644; x_wconf 77' lang='lat' dir='ltr'><strong>familiari-</strong></span> 
     </span>
    </p>
   </div>
   <div class='ocr_carea' id='block_1_17' title="bbox 792 1670 2324 1743">
    <p class='ocr_par' dir='ltr' id='par_1_17' title="bbox 792 1670 2324 1743">
     <span class='ocr_line' id='line_1_17' title="bbox 792 1670 2324 1743; baseline 0.006 -23"><span class='ocrx_word' id='word_1_123' title='bbox 792 1679 897 1730; x_wconf 88' lang='lat' dir='ltr'><strong>tas,</strong></span> <span class='ocrx_word' id='word_1_124' title='bbox 927 1685 1024 1724; x_wconf 92' lang='lat' dir='ltr'><strong>nec</strong></span> <span class='ocrx_word' id='word_1_125' title='bbox 1050 1670 1180 1724; x_wconf 88' lang='lat' dir='ltr'><strong>velis</strong></span> <span class='ocrx_word' id='word_1_126' title='bbox 1223 1685 1339 1724; x_wconf 91' lang='lat' dir='ltr'><strong>cum</strong></span> <span class='ocrx_word' id='word_1_127' title='bbox 1384 1673 1461 1725; x_wconf 81' lang='lat' dir='ltr'><strong>eis</strong></span> <span class='ocrx_word' id='word_1_128' title='bbox 1510 1675 1884 1737; x_wconf 84' lang='lat' dir='ltr'><strong>sermocinari,</strong></span> <span class='ocrx_word' id='word_1_129' title='bbox 1919 1677 1962 1730; x_wconf 91' lang='lat' dir='ltr'><strong>si</strong></span> <span class='ocrx_word' id='word_1_130' title='bbox 1998 1693 2101 1731; x_wconf 93' lang='lat' dir='ltr'><strong>non</strong></span> <span class='ocrx_word' id='word_1_131' title='bbox 2128 1678 2324 1743; x_wconf 77' lang='lat' dir='ltr'><strong>valeas,</strong></span> 
     </span>
    </p>
   </div>
   <div class='ocr_carea' id='block_1_18' title="bbox 793 1758 2327 1824">
    <p class='ocr_par' dir='ltr' id='par_1_18' title="bbox 793 1758 2327 1824">
     <span class='ocr_line' id='line_1_18' title="bbox 793 1758 2327 1824; baseline 0.007 -14"><span class='ocrx_word' id='word_1_132' title='bbox 793 1758 1016 1811; x_wconf 87' lang='lat' dir='ltr'><strong>Domino</strong></span> <span class='ocrx_word' id='word_1_133' title='bbox 1042 1759 1344 1824; x_wconf 78' lang='lat' dir='ltr'><strong>miserante,</strong></span> <span class='ocrx_word' id='word_1_134' title='bbox 1371 1776 1462 1815; x_wconf 87' lang='lat' dir='ltr'><strong>eos</strong></span> <span class='ocrx_word' id='word_1_135' title='bbox 1492 1763 1557 1815; x_wconf 92' lang='lat' dir='ltr'><strong>ab</strong></span> <span class='ocrx_word' id='word_1_136' title='bbox 1578 1777 1760 1818; x_wconf 86' lang='lat' dir='ltr'><strong>errore</strong></span> <span class='ocrx_word' id='word_1_137' title='bbox 1783 1779 1880 1818; x_wconf 86' lang='lat' dir='ltr'><strong>suo</strong></span> <span class='ocrx_word' id='word_1_138' title='bbox 1906 1773 2172 1820; x_wconf 83' lang='lat' dir='ltr'><strong>revocare.</strong></span> <span class='ocrx_word' id='word_1_139' title='bbox 2197 1767 2327 1821; x_wconf 84' lang='lat' dir='ltr'><strong>Nam</strong></span> 
     </span>
    </p>
   </div>
   <div class='ocr_carea' id='block_1_19' title="bbox 2413 617 3952 692">
    <p class='ocr_par' dir='ltr' id='par_1_19' title="bbox 2413 617 3952 692">
     <span class='ocr_line' id='line_1_19' title="bbox 2413 617 3952 692; baseline -0.003 -16"><span class='ocrx_word' id='word_1_140' title='bbox 2413 639 2530 677; x_wconf 88' lang='lat' dir='ltr'><strong>mus</strong></span> <span class='ocrx_word' id='word_1_141' title='bbox 2555 630 2696 687; x_wconf 89' lang='lat' dir='ltr'><strong>tuus,</strong></span> <span class='ocrx_word' id='word_1_142' title='bbox 2718 637 2785 676; x_wconf 89' lang='lat' dir='ltr'><strong>ne</strong></span> <span class='ocrx_word' id='word_1_143' title='bbox 2805 623 3037 691; x_wconf 88' lang='lat' dir='ltr'><strong>vigorem</strong></span> <span class='ocrx_word' id='word_1_144' title='bbox 3072 623 3338 692; x_wconf 65' lang='lat' dir='ltr'><strong>patientiae</strong></span> <span class='ocrx_word' id='word_1_145' title='bbox 3376 630 3480 676; x_wconf 72' lang='lat' dir='ltr'><strong>tute</strong></span> <span class='ocrx_word' id='word_1_146' title='bbox 3506 621 3527 652; x_wconf 88' lang='lat'><strong>&#39;</strong></span> <span class='ocrx_word' id='word_1_147' title='bbox 3557 635 3644 675; x_wconf 88' lang='lat' dir='ltr'><strong>res</strong></span> <span class='ocrx_word' id='word_1_148' title='bbox 3664 617 3825 686; x_wconf 83' lang='lat' dir='ltr'><strong>hujus</strong></span> <span class='ocrx_word' id='word_1_149' title='bbox 3851 631 3952 672; x_wconf 70' lang='lat' dir='ltr'><strong>ste-</strong></span> 
     </span>
    </p>
   </div>
   <div class='ocr_carea' id='block_1_20' title="bbox 2414 706 3957 778">
    <p class='ocr_par' dir='ltr' id='par_1_20' title="bbox 2414 706 3957 778">
     <span class='ocr_line' id='line_1_20' title="bbox 2414 706 3957 778; baseline -0.003 -14"><span class='ocrx_word' id='word_1_150' title='bbox 2414 710 2516 764; x_wconf 90' lang='lat' dir='ltr'><strong>culi</strong></span> <span class='ocrx_word' id='word_1_151' title='bbox 2545 711 2755 763; x_wconf 75' lang='lat' dir='ltr'><strong>caduca:</strong></span> <span class='ocrx_word' id='word_1_152' title='bbox 2783 710 3023 764; x_wconf 84' lang='lat' dir='ltr'><strong>molliant</strong></span> <span class='ocrx_word' id='word_1_153' title='bbox 3066 724 3080 762; x_wconf 90' lang='lat'><strong>:</strong></span> <span class='ocrx_word' id='word_1_154' title='bbox 3131 711 3224 763; x_wconf 89' lang='lat' dir='ltr'><strong>sed</strong></span> <span class='ocrx_word' id='word_1_155' title='bbox 3266 710 3394 762; x_wconf 89' lang='lat' dir='ltr'><strong>time</strong></span> <span class='ocrx_word' id='word_1_156' title='bbox 3436 710 3614 778; x_wconf 81' lang='lat' dir='ltr'><strong>potius</strong></span> <span class='ocrx_word' id='word_1_157' title='bbox 3641 709 3810 762; x_wconf 85' lang='lat' dir='ltr'><strong>Deum</strong></span> <span class='ocrx_word' id='word_1_158' title='bbox 3853 706 3957 761; x_wconf 82' lang='lat' dir='ltr'><strong>sia</strong></span> 
     </span>
    </p>
   </div>
   <div class='ocr_carea' id='block_1_21' title="bbox 2414 794 3958 867">
    <p class='ocr_par' dir='ltr' id='par_1_21' title="bbox 2414 794 3958 867">
     <span class='ocr_line' id='line_1_21' title="bbox 2414 794 3958 867; baseline -0.002 -16"><span class='ocrx_word' id='word_1_159' title='bbox 2414 800 2680 867; x_wconf 87' lang='lat' dir='ltr'><strong>proposito</strong></span> <span class='ocrx_word' id='word_1_160' title='bbox 2728 807 2816 852; x_wconf 87' lang='lat' dir='ltr'><strong>tuo</strong></span> <span class='ocrx_word' id='word_1_161' title='bbox 2859 797 3245 860; x_wconf 87' lang='lat' dir='ltr'><strong>retardaveris;</strong></span> <span class='ocrx_word' id='word_1_162' title='bbox 3301 804 3355 849; x_wconf 90' lang='lat' dir='ltr'><strong>et</strong></span> <span class='ocrx_word' id='word_1_163' title='bbox 3400 796 3613 864; x_wconf 85' lang='lat' dir='ltr'><strong>quando</strong></span> <span class='ocrx_word' id='word_1_164' title='bbox 3643 803 3696 847; x_wconf 90' lang='lat' dir='ltr'><strong>te</strong></span> <span class='ocrx_word' id='word_1_165' title='bbox 3723 794 3958 862; x_wconf 85' lang='lat' dir='ltr'><strong>peccatis</strong></span> 
     </span>
    </p>
   </div>
   <div class='ocr_carea' id='block_1_22' title="bbox 2413 883 3955 953">
    <p class='ocr_par' dir='ltr' id='par_1_22' title="bbox 2413 883 3955 953">
     <span class='ocr_line' id='line_1_22' title="bbox 2413 883 3955 953; baseline -0.004 -12"><span class='ocrx_word' id='word_1_166' title='bbox 2413 887 2696 941; x_wconf 87' lang='lat' dir='ltr'><strong>obnoxium</strong></span> <span class='ocrx_word' id='word_1_167' title='bbox 2752 886 3001 946; x_wconf 85' lang='lat' dir='ltr'><strong>senseris,</strong></span> <span class='ocrx_word' id='word_1_168' title='bbox 3037 884 3103 938; x_wconf 91' lang='lat' dir='ltr'><strong>ad</strong></span> <span class='ocrx_word' id='word_1_169' title='bbox 3158 884 3520 953; x_wconf 66' lang='lat' dir='ltr'><strong>paenitentiam</strong></span> <span class='ocrx_word' id='word_1_170' title='bbox 3575 883 3816 937; x_wconf 87' lang='lat' dir='ltr'><strong>converti</strong></span> <span class='ocrx_word' id='word_1_171' title='bbox 3854 897 3955 935; x_wconf 83' lang='lat' dir='ltr'><strong>nor.</strong></span> 
     </span>
    </p>
   </div>
   <div class='ocr_carea' id='block_1_23' title="bbox 2416 972 3958 1045">
    <p class='ocr_par' dir='ltr' id='par_1_23' title="bbox 2416 972 3958 1045">
     <span class='ocr_line' id='line_1_23' title="bbox 2416 972 3958 1045; baseline -0.005 -15"><span class='ocrx_word' id='word_1_172' title='bbox 2416 976 2770 1040; x_wconf 80' lang='lat' dir='ltr'><strong>confundaris,</strong></span> <span class='ocrx_word' id='word_1_173' title='bbox 2801 978 2922 1045; x_wconf 84' lang='lat' dir='ltr'><strong>quia</strong></span> <span class='ocrx_word' id='word_1_174' title='bbox 2946 978 3034 1045; x_wconf 88' lang='lat' dir='ltr'><strong>qui</strong></span> <span class='ocrx_word' id='word_1_175' title='bbox 3048 976 3134 1030; x_wconf 82' lang='lat' dir='ltr'><strong>hic</strong></span> <span class='ocrx_word' id='word_1_176' title='bbox 3152 976 3373 1044; x_wconf 67' lang='lat' dir='ltr'><strong>poenitet</strong></span> <span class='ocrx_word' id='word_1_177' title='bbox 3391 976 3432 1037; x_wconf 87' lang='lat'><strong>&#39;,</strong></span> <span class='ocrx_word' id='word_1_178' title='bbox 3463 975 3516 1028; x_wconf 91' lang='lat' dir='ltr'><strong>in</strong></span> <span class='ocrx_word' id='word_1_179' title='bbox 3539 972 3831 1027; x_wconf 88' lang='lat' dir='ltr'><strong>novissimo</strong></span> <span class='ocrx_word' id='word_1_180' title='bbox 3855 985 3958 1023; x_wconf 90' lang='lat' dir='ltr'><strong>non</strong></span> 
     </span>
    </p>
   </div>
   <div class='ocr_carea' id='block_1_24' title="bbox 2417 1061 3961 1133">
    <p class='ocr_par' dir='ltr' id='par_1_24' title="bbox 2417 1061 3961 1133">
     <span class='ocr_line' id='line_1_24' title="bbox 2417 1061 3961 1133; baseline -0.004 -15"><span class='ocrx_word' id='word_1_181' title='bbox 2417 1067 2711 1133; x_wconf 65' lang='lat' dir='ltr'><strong>paenitebit.</strong></span> <span class='ocrx_word' id='word_1_182' title='bbox 2740 1066 2796 1118; x_wconf 93' lang='lat' dir='ltr'><strong>ln</strong></span> <span class='ocrx_word' id='word_1_183' title='bbox 2825 1066 3068 1119; x_wconf 87' lang='lat' dir='ltr'><strong>omnibus</strong></span> <span class='ocrx_word' id='word_1_184' title='bbox 3097 1065 3302 1118; x_wconf 87' lang='lat' dir='ltr'><strong>actibus</strong></span> <span class='ocrx_word' id='word_1_185' title='bbox 3324 1072 3377 1117; x_wconf 91' lang='lat' dir='ltr'><strong>et</strong></span> <span class='ocrx_word' id='word_1_186' title='bbox 3415 1062 3830 1131; x_wconf 84' lang='lat' dir='ltr'><strong>cogitationibus</strong></span> <span class='ocrx_word' id='word_1_187' title='bbox 3857 1061 3961 1113; x_wconf 89' lang='lat' dir='ltr'><strong>tuis</strong></span> 
     </span>
    </p>
   </div>
   <div class='ocr_carea' id='block_1_25' title="bbox 2419 1146 3960 1222">
    <p class='ocr_par' dir='ltr' id='par_1_25' title="bbox 2419 1146 3960 1222">
     <span class='ocr_line' id='line_1_25' title="bbox 2419 1146 3960 1222; baseline -0.005 -17"><span class='ocrx_word' id='word_1_188' title='bbox 2419 1153 2627 1222; x_wconf 86' lang='lat' dir='ltr'><strong>placeas</strong></span> <span class='ocrx_word' id='word_1_189' title='bbox 2675 1153 2800 1215; x_wconf 87' lang='lat' dir='ltr'><strong>Deo,</strong></span> <span class='ocrx_word' id='word_1_190' title='bbox 2845 1166 2943 1205; x_wconf 90' lang='lat' dir='ltr'><strong>nec</strong></span> <span class='ocrx_word' id='word_1_191' title='bbox 2985 1150 3198 1204; x_wconf 88' lang='lat' dir='ltr'><strong>studeas</strong></span> <span class='ocrx_word' id='word_1_192' title='bbox 3225 1150 3430 1218; x_wconf 90' lang='lat' dir='ltr'><strong>placere</strong></span> <span class='ocrx_word' id='word_1_193' title='bbox 3465 1149 3574 1220; x_wconf 67' lang='grc'><strong>48</strong></span> <span class='ocrx_word' id='word_1_194' title='bbox 3626 1147 3779 1201; x_wconf 83' lang='lat' dir='ltr'><strong>alteri</strong></span> <span class='ocrx_word' id='word_1_195' title='bbox 3807 1187 3821 1210; x_wconf 93' lang='lat'><strong>,</strong></span> <span class='ocrx_word' id='word_1_196' title='bbox 3859 1146 3960 1198; x_wconf 90' lang='lat' dir='ltr'><strong>nisi</strong></span> 
     </span>
    </p>
   </div>
   <div class='ocr_carea' id='block_1_26' title="bbox 2423 1235 3960 1306">
    <p class='ocr_par' dir='ltr' id='par_1_26' title="bbox 2423 1235 3960 1306">
     <span class='ocr_line' id='line_1_26' title="bbox 2423 1235 3960 1306; baseline -0.003 -14"><span class='ocrx_word' id='word_1_197' title='bbox 2423 1241 2487 1293; x_wconf 87' lang='lat' dir='ltr'><strong>ad</strong></span> <span class='ocrx_word' id='word_1_198' title='bbox 2511 1239 2906 1295; x_wconf 71' lang='lat' dir='ltr'><strong>aedificationem</strong></span> <span class='ocrx_word' id='word_1_199' title='bbox 2929 1241 3135 1292; x_wconf 74' lang='lat' dir='ltr'><strong>animze.</strong></span> <span class='ocrx_word' id='word_1_200' title='bbox 3152 1239 3217 1292; x_wconf 82' lang='lat' dir='ltr'><strong>Et</strong></span> <span class='ocrx_word' id='word_1_201' title='bbox 3239 1239 3289 1291; x_wconf 90' lang='lat' dir='ltr'><strong>in</strong></span> <span class='ocrx_word' id='word_1_202' title='bbox 3305 1238 3446 1292; x_wconf 90' lang='lat' dir='ltr'><strong>omni</strong></span> <span class='ocrx_word' id='word_1_203' title='bbox 3470 1253 3630 1306; x_wconf 88' lang='lat' dir='ltr'><strong>opere</strong></span> <span class='ocrx_word' id='word_1_204' title='bbox 3649 1236 3790 1304; x_wconf 91' lang='lat' dir='ltr'><strong>quod</strong></span> <span class='ocrx_word' id='word_1_205' title='bbox 3815 1235 3960 1304; x_wconf 81' lang='lat' dir='ltr'><strong>cogi—</strong></span> 
     </span>
    </p>
   </div>
   <div class='ocr_carea' id='block_1_27' title="bbox 2425 1323 3963 1398">
    <p class='ocr_par' dir='ltr' id='par_1_27' title="bbox 2425 1323 3963 1398">
     <span class='ocr_line' id='line_1_27' title="bbox 2425 1323 3963 1398; baseline -0.004 -17"><span class='ocrx_word' id='word_1_206' title='bbox 2425 1336 2506 1382; x_wconf 89' lang='lat' dir='ltr'><strong>tas</strong></span> <span class='ocrx_word' id='word_1_207' title='bbox 2540 1328 2712 1382; x_wconf 79' lang='lat' dir='ltr'><strong>facere</strong></span> <span class='ocrx_word' id='word_1_208' title='bbox 2729 1368 2754 1392; x_wconf 89' lang='lat'><strong>,_</strong></span> <span class='ocrx_word' id='word_1_209' title='bbox 2775 1329 2944 1398; x_wconf 90' lang='lat' dir='ltr'><strong>primo</strong></span> <span class='ocrx_word' id='word_1_210' title='bbox 2969 1328 2988 1358; x_wconf 85' lang='lat'><strong>’</strong></span> <span class='ocrx_word' id='word_1_211' title='bbox 3018 1328 3186 1396; x_wconf 90' lang='lat' dir='ltr'><strong>cogita</strong></span> <span class='ocrx_word' id='word_1_212' title='bbox 3237 1327 3432 1390; x_wconf 89' lang='lat' dir='ltr'><strong>Deum;</strong></span> <span class='ocrx_word' id='word_1_213' title='bbox 3480 1331 3536 1380; x_wconf 85' lang='lat' dir='ltr'><strong>et</strong></span> <span class='ocrx_word' id='word_1_214' title='bbox 3577 1326 3624 1378; x_wconf 88' lang='lat' dir='ltr'><strong>si</strong></span> <span class='ocrx_word' id='word_1_215' title='bbox 3673 1323 3963 1378; x_wconf 86' lang='lat' dir='ltr'><strong>secundum</strong></span> 
     </span>
    </p>
   </div>
   <div class='ocr_carea' id='block_1_28' title="bbox 2428 1403 3968 1485">
    <p class='ocr_par' dir='ltr' id='par_1_28' title="bbox 2428 1403 3968 1485">
     <span class='ocr_line' id='line_1_28' title="bbox 2428 1403 3968 1485; baseline -0.006 -13"><span class='ocrx_word' id='word_1_216' title='bbox 2428 1417 2590 1472; x_wconf 86' lang='lat' dir='ltr'><strong>Deum</strong></span> <span class='ocrx_word' id='word_1_217' title='bbox 2625 1425 2705 1470; x_wconf 90' lang='lat' dir='ltr'><strong>est</strong></span> <span class='ocrx_word' id='word_1_218' title='bbox 2726 1417 2865 1485; x_wconf 90' lang='lat' dir='ltr'><strong>quod</strong></span> <span class='ocrx_word' id='word_1_219' title='bbox 2908 1417 3110 1485; x_wconf 79' lang='lat' dir='ltr'><strong>cogitas</strong></span> <span class='ocrx_word' id='word_1_220' title='bbox 3136 1456 3150 1481; x_wconf 96' lang='lat'><strong>,</strong></span> <span class='ocrx_word' id='word_1_221' title='bbox 3188 1403 3464 1485; x_wconf 81' lang='lat' dir='ltr'><strong>diligenter</strong></span> <span class='ocrx_word' id='word_1_222' title='bbox 3510 1414 3791 1475; x_wconf 82' lang='lat' dir='ltr'><strong>examina;</strong></span> <span class='ocrx_word' id='word_1_223' title='bbox 3841 1419 3895 1464; x_wconf 90' lang='lat' dir='ltr'><strong>et</strong></span> <span class='ocrx_word' id='word_1_224' title='bbox 3923 1410 3968 1464; x_wconf 90' lang='lat' dir='ltr'><strong>si</strong></span> 
     </span>
    </p>
   </div>
   <div class='ocr_carea' id='block_1_29' title="bbox 2427 1499 3972 1573">
    <p class='ocr_par' dir='ltr' id='par_1_29' title="bbox 2427 1499 3972 1573">
     <span class='ocr_line' id='line_1_29' title="bbox 2427 1499 3972 1573; baseline -0.005 -15"><span class='ocrx_word' id='word_1_225' title='bbox 2427 1515 2507 1558; x_wconf 89' lang='lat' dir='ltr'><strong>est</strong></span> <span class='ocrx_word' id='word_1_226' title='bbox 2534 1514 2733 1559; x_wconf 89' lang='lat' dir='ltr'><strong>rectum</strong></span> <span class='ocrx_word' id='word_1_227' title='bbox 2757 1520 2935 1559; x_wconf 90' lang='lat' dir='ltr'><strong>coram</strong></span> <span class='ocrx_word' id='word_1_228' title='bbox 2954 1505 3085 1569; x_wconf 90' lang='lat' dir='ltr'><strong>Deo,</strong></span> <span class='ocrx_word' id='word_1_229' title='bbox 3129 1503 3325 1573; x_wconf 79' lang='lat' dir='ltr'><strong>perfice</strong></span> <span class='ocrx_word' id='word_1_230' title='bbox 3351 1503 3477 1556; x_wconf 91' lang='lat' dir='ltr'><strong>illud</strong></span> <span class='ocrx_word' id='word_1_231' title='bbox 3511 1521 3522 1554; x_wconf 86' lang='lat'><strong>:</strong></span> <span class='ocrx_word' id='word_1_232' title='bbox 3551 1502 3596 1555; x_wconf 91' lang='lat' dir='ltr'><strong>si</strong></span> <span class='ocrx_word' id='word_1_233' title='bbox 3622 1513 3753 1555; x_wconf 84' lang='lat' dir='ltr'><strong>vero</strong></span> <span class='ocrx_word' id='word_1_234' title='bbox 3785 1499 3972 1552; x_wconf 88' lang='lat' dir='ltr'><strong>adver-</strong></span> 
     </span>
    </p>
   </div>
   <div class='ocr_carea' id='block_1_30' title="bbox 2430 1583 3968 1659">
    <p class='ocr_par' dir='ltr' id='par_1_30' title="bbox 2430 1583 3968 1659">
     <span class='ocr_line' id='line_1_30' title="bbox 2430 1583 3968 1659; baseline -0.005 -15"><span class='ocrx_word' id='word_1_235' title='bbox 2430 1605 2546 1644; x_wconf 89' lang='lat' dir='ltr'><strong>sum</strong></span> <span class='ocrx_word' id='word_1_236' title='bbox 2573 1591 2730 1644; x_wconf 79' lang='lat' dir='ltr'><strong>fuerit</strong></span> <span class='ocrx_word' id='word_1_237' title='bbox 2754 1598 3036 1658; x_wconf 87' lang='lat' dir='ltr'><strong>repertum,</strong></span> <span class='ocrx_word' id='word_1_238' title='bbox 3087 1598 3298 1659; x_wconf 82' lang='lat' dir='ltr'><strong>amputa</strong></span> <span class='ocrx_word' id='word_1_239' title='bbox 3344 1589 3471 1644; x_wconf 87' lang='lat' dir='ltr'><strong>illud</strong></span> <span class='ocrx_word' id='word_1_240' title='bbox 3519 1589 3585 1642; x_wconf 88' lang='lat' dir='ltr'><strong>ab</strong></span> <span class='ocrx_word' id='word_1_241' title='bbox 3645 1587 3822 1641; x_wconf 89' lang='lat' dir='ltr'><strong>anima</strong></span> <span class='ocrx_word' id='word_1_242' title='bbox 3860 1583 3968 1638; x_wconf 84' lang='lat' dir='ltr'><strong>tua.</strong></span> 
     </span>
    </p>
   </div>
   <div class='ocr_carea' id='block_1_31' title="bbox 2432 1676 3972 1747">
    <p class='ocr_par' dir='ltr' id='par_1_31' title="bbox 2432 1676 3972 1747">
     <span class='ocr_line' id='line_1_31' title="bbox 2432 1676 3972 1747; baseline -0.006 -15"><span class='ocrx_word' id='word_1_243' title='bbox 2432 1677 2496 1732; x_wconf 81' lang='lat' dir='ltr'><strong>Et</strong></span> <span class='ocrx_word' id='word_1_244' title='bbox 2522 1679 2699 1732; x_wconf 87' lang='lat' dir='ltr'><strong>omnia</strong></span> <span class='ocrx_word' id='word_1_245' title='bbox 2738 1691 2834 1747; x_wconf 87' lang='lat' dir='ltr'><strong>per</strong></span> <span class='ocrx_word' id='word_1_246' title='bbox 2857 1678 3132 1733; x_wconf 88' lang='lat' dir='ltr'><strong>consilium</strong></span> <span class='ocrx_word' id='word_1_247' title='bbox 3177 1678 3472 1747; x_wconf 77' lang='lat' dir='ltr'><strong>sapientum</strong></span> <span class='ocrx_word' id='word_1_248' title='bbox 3504 1676 3698 1739; x_wconf 83' lang='lat' dir='ltr'><strong>facito,</strong></span> <span class='ocrx_word' id='word_1_249' title='bbox 3726 1683 3785 1727; x_wconf 91' lang='lat' dir='ltr'><strong>ut</strong></span> <span class='ocrx_word' id='word_1_250' title='bbox 3811 1686 3972 1740; x_wconf 85' lang='lat' dir='ltr'><strong>opera</strong></span> 
     </span>
    </p>
   </div>
   <div class='ocr_carea' id='block_1_32' title="bbox 2434 1762 3978 1838">
    <p class='ocr_par' dir='ltr' id='par_1_32' title="bbox 2434 1762 3978 1838">
     <span class='ocr_line' id='line_1_32' title="bbox 2434 1762 3978 1838; baseline -0.004 -18"><span class='ocrx_word' id='word_1_251' title='bbox 2434 1777 2522 1821; x_wconf 90' lang='lat' dir='ltr'><strong>tua</strong></span> <span class='ocrx_word' id='word_1_252' title='bbox 2546 1777 2598 1822; x_wconf 89' lang='lat' dir='ltr'><strong>et</strong></span> <span class='ocrx_word' id='word_1_253' title='bbox 2624 1782 2835 1838; x_wconf 83' lang='lat' dir='ltr'><strong>gressus</strong></span> <span class='ocrx_word' id='word_1_254' title='bbox 2857 1769 2928 1822; x_wconf 91' lang='lat' dir='ltr'><strong>tui</strong></span> <span class='ocrx_word' id='word_1_255' title='bbox 2953 1769 3236 1823; x_wconf 90' lang='lat' dir='ltr'><strong>secundum</strong></span> <span class='ocrx_word' id='word_1_256' title='bbox 3262 1768 3471 1822; x_wconf 89' lang='lat' dir='ltr'><strong>Domini</strong></span> <span class='ocrx_word' id='word_1_257' title='bbox 3493 1767 3817 1820; x_wconf 88' lang='lat' dir='ltr'><strong>voluntatem</strong></span> <span class='ocrx_word' id='word_1_258' title='bbox 3846 1762 3978 1815; x_wconf 83' lang='lat' dir='ltr'><strong>diri-</strong></span> 
     </span>
    </p>
   </div>
   <div class='ocr_carea' id='block_1_33' title="bbox 795 1842 3976 1926">
    <p class='ocr_par' dir='ltr' id='par_1_33' title="bbox 795 1842 3976 1926">
     <span class='ocr_line' id='line_1_33' title="bbox 795 1842 3976 1926; baseline 0.001 -28"><span class='ocrx_word' id='word_1_259' title='bbox 795 1860 934 1914; x_wconf 66' lang='lat' dir='ltr'><strong>saepe</strong></span> <span class='ocrx_word' id='word_1_260' title='bbox 954 1861 1047 1913; x_wconf 88' lang='lat' dir='ltr'><strong>per</strong></span> <span class='ocrx_word' id='word_1_261' title='bbox 1059 1863 1216 1900; x_wconf 90' lang='lat' dir='ltr'><strong>unam</strong></span> <span class='ocrx_word' id='word_1_262' title='bbox 1239 1865 1388 1902; x_wconf 89' lang='lat' dir='ltr'><strong>ovem</strong></span> <span class='ocrx_word' id='word_1_263' title='bbox 1405 1850 1431 1888; x_wconf 69' lang='grc' dir='ltr'>δ</span> <span class='ocrx_word' id='word_1_264' title='bbox 1447 1851 1737 1905; x_wconf 86' lang='lat' dir='ltr'><strong>morbidam</strong></span> <span class='ocrx_word' id='word_1_265' title='bbox 1753 1853 2003 1920; x_wconf 88' lang='lat' dir='ltr'><strong>polluitur</strong></span> <span class='ocrx_word' id='word_1_266' title='bbox 2015 1862 2154 1909; x_wconf 86' lang='lat' dir='ltr'><strong>totus</strong></span> <span class='ocrx_word' id='word_1_267' title='bbox 2173 1870 2329 1926; x_wconf 84' lang='lat' dir='ltr'><strong>grex:</strong></span> <span class='ocrx_word' id='word_1_268' title='bbox 2365 1842 2407 1900; x_wconf 80' lang='grc' dir='ltr'><strong>Β</strong></span> <span class='ocrx_word' id='word_1_269' title='bbox 2434 1865 2640 1924; x_wconf 84' lang='lat' dir='ltr'><strong>gantur.</strong></span> <span class='ocrx_word' id='word_1_270' title='bbox 2664 1857 2719 1910; x_wconf 92' lang='lat' dir='ltr'><strong>In</strong></span> <span class='ocrx_word' id='word_1_271' title='bbox 2747 1857 2890 1910; x_wconf 92' lang='lat' dir='ltr'><strong>omni</strong></span> <span class='ocrx_word' id='word_1_272' title='bbox 2935 1857 3172 1911; x_wconf 88' lang='lat' dir='ltr'><strong>oratione</strong></span> <span class='ocrx_word' id='word_1_273' title='bbox 3197 1866 3251 1910; x_wconf 88' lang='lat' dir='ltr'><strong>et</strong></span> <span class='ocrx_word' id='word_1_274' title='bbox 3292 1855 3658 1911; x_wconf 88' lang='lat' dir='ltr'><strong>obsecratione</strong></span> <span class='ocrx_word' id='word_1_275' title='bbox 3685 1853 3731 1882; x_wconf 86' lang='lat'>“</span> <span class='ocrx_word' id='word_1_276' title='bbox 3763 1849 3976 1906; x_wconf 87' lang='lat' dir='ltr'><strong>Domini</strong></span> 
     </span>
    </p>
   </div>
   <div class='ocr_carea' id='block_1_34' title="bbox 796 1937 3978 2021">
    <p class='ocr_par' dir='ltr' id='par_1_34' title="bbox 796 1937 3978 2021">
     <span class='ocr_line' id='line_1_34' title="bbox 796 1937 3978 2021; baseline 0.002 -35"><span class='ocrx_word' id='word_1_277' title='bbox 796 1945 849 1987; x_wconf 92' lang='lat' dir='ltr'><strong>et</strong></span> <span class='ocrx_word' id='word_1_278' title='bbox 894 1937 1092 1990; x_wconf 86' lang='lat' dir='ltr'><strong>modica</strong></span> <span class='ocrx_word' id='word_1_279' title='bbox 1139 1949 1158 1975; x_wconf 76' lang='grc' dir='ltr'><strong>ο</strong></span> <span class='ocrx_word' id='word_1_280' title='bbox 1189 1949 1312 2006; x_wconf 88' lang='lat' dir='ltr'><strong>pars</strong></span> <span class='ocrx_word' id='word_1_281' title='bbox 1343 1937 1477 1994; x_wconf 77' lang='lat' dir='ltr'><strong>fellis</strong></span> <span class='ocrx_word' id='word_1_282' title='bbox 1521 1956 1770 2010; x_wconf 87' lang='lat' dir='ltr'><strong>magnum</strong></span> <span class='ocrx_word' id='word_1_283' title='bbox 1806 1943 2072 2000; x_wconf 80' lang='lat' dir='ltr'><strong>dulcoretn</strong></span> <span class='ocrx_word' id='word_1_284' title='bbox 2099 1947 2258 2000; x_wconf 80' lang='lat' dir='ltr'><strong>vertit</strong></span> <span class='ocrx_word' id='word_1_285' title='bbox 2284 1947 2333 1999; x_wconf 93' lang='lat' dir='ltr'><strong>in</strong></span> <span class='ocrx_word' id='word_1_286' title='bbox 2366 2016 2371 2021; x_wconf 21' lang='lat' dir='ltr'><strong>I</strong></span> <span class='ocrx_word' id='word_1_287' title='bbox 2435 1946 2756 2000; x_wconf 86' lang='lat' dir='ltr'><strong>voluntatem</strong></span> <span class='ocrx_word' id='word_1_288' title='bbox 2783 1947 2834 1998; x_wconf 89' lang='lat' dir='ltr'><strong>in</strong></span> <span class='ocrx_word' id='word_1_289' title='bbox 2854 1956 2928 2010; x_wconf 90' lang='lat' dir='ltr'><strong>te,</strong></span> <span class='ocrx_word' id='word_1_290' title='bbox 2948 1961 3052 1999; x_wconf 91' lang='lat' dir='ltr'><strong>non</strong></span> <span class='ocrx_word' id='word_1_291' title='bbox 3074 1954 3215 1999; x_wconf 90' lang='lat' dir='ltr'><strong>tuam</strong></span> <span class='ocrx_word' id='word_1_292' title='bbox 3236 1945 3520 2014; x_wconf 86' lang='lat' dir='ltr'><strong>deprecare</strong></span> <span class='ocrx_word' id='word_1_293' title='bbox 3541 1943 3684 2001; x_wconf 77' lang='lat' dir='ltr'><strong>ﬁeri;</strong></span> <span class='ocrx_word' id='word_1_294' title='bbox 3713 1949 3768 1994; x_wconf 91' lang='lat' dir='ltr'><strong>et</strong></span> <span class='ocrx_word' id='word_1_295' title='bbox 3785 1955 3978 1994; x_wconf 78' lang='lat' dir='ltr'><strong>secun-</strong></span> 
     </span>
    </p>
   </div>
   <div class='ocr_carea' id='block_1_35' title="bbox 795 2025 3981 2104">
    <p class='ocr_par' dir='ltr' id='par_1_35' title="bbox 795 2025 3981 2104">
     <span class='ocr_line' id='line_1_35' title="bbox 795 2025 3981 2104; baseline 0.002 -29"><span class='ocrx_word' id='word_1_296' title='bbox 795 2025 1219 2078; x_wconf 89' lang='lat' dir='ltr'><strong>amaritudinem.</strong></span> <span class='ocrx_word' id='word_1_297' title='bbox 1245 2026 1372 2079; x_wconf 88' lang='lat' dir='ltr'><strong>Nam</strong></span> <span class='ocrx_word' id='word_1_298' title='bbox 1402 2029 1520 2081; x_wconf 90' lang='lat' dir='ltr'><strong>talis</strong></span> <span class='ocrx_word' id='word_1_299' title='bbox 1544 2030 1586 2082; x_wconf 89' lang='lat' dir='ltr'><strong>si</strong></span> <span class='ocrx_word' id='word_1_300' title='bbox 1625 2031 1674 2083; x_wconf 92' lang='lat' dir='ltr'><strong>in</strong></span> <span class='ocrx_word' id='word_1_301' title='bbox 1702 2031 1883 2085; x_wconf 86' lang='lat' dir='ltr'><strong>habitu</strong></span> <span class='ocrx_word' id='word_1_302' title='bbox 1911 2033 2155 2086; x_wconf 81' lang='lat' dir='ltr'><strong>videatur</strong></span> <span class='ocrx_word' id='word_1_303' title='bbox 2198 2034 2293 2087; x_wconf 92' lang='lat' dir='ltr'><strong>tibi</strong></span> <span class='ocrx_word' id='word_1_304' title='bbox 2316 2034 2335 2065; x_wconf 88' lang='lat'>&#39;</span> <span class='ocrx_word' id='word_1_305' title='bbox 2437 2034 2560 2088; x_wconf 91' lang='lat' dir='ltr'><strong>dum</strong></span> <span class='ocrx_word' id='word_1_306' title='bbox 2589 2036 2822 2104; x_wconf 83' lang='lat' dir='ltr'><strong>Apostoli</strong></span> <span class='ocrx_word' id='word_1_307' title='bbox 2849 2042 3190 2103; x_wconf 61' lang='lat' dir='ltr'><strong>praeceptum,</strong></span> <span class='ocrx_word' id='word_1_308' title='bbox 3225 2047 3379 2087; x_wconf 88' lang='lat' dir='ltr'><strong>orare</strong></span> <span class='ocrx_word' id='word_1_309' title='bbox 3425 2034 3540 2086; x_wconf 90' lang='lat' dir='ltr'><strong>sine</strong></span> <span class='ocrx_word' id='word_1_310' title='bbox 3582 2029 3981 2084; x_wconf 88' lang='lat' dir='ltr'><strong>intermissione</strong></span> 
     </span>
    </p>
   </div>
   <div class='ocr_carea' id='block_1_36' title="bbox 797 2113 2340 2191">
    <p class='ocr_par' dir='ltr' id='par_1_36' title="bbox 797 2113 2340 2191">
     <span class='ocr_line' id='line_1_36' title="bbox 797 2113 2340 2191; baseline 0.006 -25"><span class='ocrx_word' id='word_1_311' title='bbox 797 2113 972 2167; x_wconf 89' lang='lat' dir='ltr'><strong>clarus</strong></span> <span class='ocrx_word' id='word_1_312' title='bbox 991 2129 1053 2167; x_wconf 89' lang='lat' dir='ltr'><strong>ac</strong></span> <span class='ocrx_word' id='word_1_313' title='bbox 1071 2115 1258 2169; x_wconf 87' lang='lat' dir='ltr'><strong>nobilis</strong></span> <span class='ocrx_word' id='word_1_314' title='bbox 1275 2156 1288 2178; x_wconf 94' lang='lat'><strong>,</strong></span> <span class='ocrx_word' id='word_1_315' title='bbox 1339 2126 1391 2170; x_wconf 80' lang='lat' dir='ltr'><strong>et</strong></span> <span class='ocrx_word' id='word_1_316' title='bbox 1413 2119 1581 2172; x_wconf 86' lang='lat' dir='ltr'><strong>dulcia</strong></span> <span class='ocrx_word' id='word_1_317' title='bbox 1611 2120 1703 2173; x_wconf 90' lang='lat' dir='ltr'><strong>tibi</strong></span> <span class='ocrx_word' id='word_1_318' title='bbox 1722 2119 1748 2158; x_wconf 74' lang='grc' dir='ltr'><strong><em>ἀ</em></strong></span> <span class='ocrx_word' id='word_1_319' title='bbox 1777 2123 1934 2174; x_wconf 84' lang='lat' dir='ltr'><strong>verba</strong></span> <span class='ocrx_word' id='word_1_320' title='bbox 1953 2121 2340 2191; x_wconf 83' lang='lat' dir='ltr'><strong>proferat,ope-</strong></span> 
     </span>
    </p>
   </div>
   <div class='ocr_carea' id='block_1_37' title="bbox 799 2203 2340 2278">
    <p class='ocr_par' dir='ltr' id='par_1_37' title="bbox 799 2203 2340 2278">
     <span class='ocr_line' id='line_1_37' title="bbox 799 2203 2340 2278; baseline 0.006 -24"><span class='ocrx_word' id='word_1_321' title='bbox 799 2203 947 2256; x_wconf 89' lang='lat' dir='ltr'><strong>ribus</strong></span> <span class='ocrx_word' id='word_1_322' title='bbox 987 2211 1158 2259; x_wconf 85' lang='lat' dir='ltr'><strong>tamen</strong></span> <span class='ocrx_word' id='word_1_323' title='bbox 1206 2207 1250 2260; x_wconf 93' lang='lat' dir='ltr'><strong>si</strong></span> <span class='ocrx_word' id='word_1_324' title='bbox 1291 2215 1414 2274; x_wconf 81' lang='lat' dir='ltr'><strong>agat</strong></span> <span class='ocrx_word' id='word_1_325' title='bbox 1446 2216 1618 2261; x_wconf 82' lang='lat' dir='ltr'><strong>tecum</strong></span> <span class='ocrx_word' id='word_1_326' title='bbox 1657 2209 1955 2269; x_wconf 87' lang='lat' dir='ltr'><strong>contrariis,</strong></span> <span class='ocrx_word' id='word_1_327' title='bbox 1989 2210 2156 2278; x_wconf 89' lang='lat' dir='ltr'><strong>magis</strong></span> <span class='ocrx_word' id='word_1_328' title='bbox 2183 2218 2340 2264; x_wconf 91' lang='lat' dir='ltr'><strong>nocet</strong></span> 
     </span>
    </p>
   </div>
   <div class='ocr_carea' id='block_1_38' title="bbox 800 2286 2334 2366">
    <p class='ocr_par' dir='ltr' id='par_1_38' title="bbox 800 2286 2334 2366">
     <span class='ocr_line' id='line_1_38' title="bbox 800 2286 2334 2366; baseline 0.005 -23"><span class='ocrx_word' id='word_1_329' title='bbox 800 2291 942 2346; x_wconf 89' lang='lat' dir='ltr'><strong>illius</strong></span> <span class='ocrx_word' id='word_1_330' title='bbox 966 2293 1088 2347; x_wconf 90' lang='lat' dir='ltr'><strong>talis</strong></span> <span class='ocrx_word' id='word_1_331' title='bbox 1114 2293 1340 2356; x_wconf 79' lang='lat' dir='ltr'><strong>factura,</strong></span> <span class='ocrx_word' id='word_1_332' title='bbox 1368 2311 1526 2362; x_wconf 87' lang='lat' dir='ltr'><strong>quam</strong></span> <span class='ocrx_word' id='word_1_333' title='bbox 1564 2286 1771 2365; x_wconf 87' lang='lat' dir='ltr'><strong>placeat</strong></span> <span class='ocrx_word' id='word_1_334' title='bbox 1792 2311 1856 2351; x_wconf 89' lang='lat' dir='ltr'><strong>ex</strong></span> <span class='ocrx_word' id='word_1_335' title='bbox 1901 2297 2076 2351; x_wconf 88' lang='lat' dir='ltr'><strong>verbis</strong></span> <span class='ocrx_word' id='word_1_336' title='bbox 2121 2296 2287 2366; x_wconf 78' lang='lat' dir='ltr'><strong>ﬁgura</strong></span> <span class='ocrx_word' id='word_1_337' title='bbox 2322 2315 2334 2350; x_wconf 91' lang='lat'><strong>:</strong></span> 
     </span>
    </p>
   </div>
   <div class='ocr_carea' id='block_1_39' title="bbox 800 2375 2340 2455">
    <p class='ocr_par' dir='ltr' id='par_1_39' title="bbox 800 2375 2340 2455">
     <span class='ocr_line' id='line_1_39' title="bbox 800 2375 2340 2455; baseline 0.006 -23"><span class='ocrx_word' id='word_1_338' title='bbox 800 2394 905 2432; x_wconf 91' lang='lat' dir='ltr'><strong>non</strong></span> <span class='ocrx_word' id='word_1_339' title='bbox 933 2375 1074 2434; x_wconf 85' lang='lat' dir='ltr'><strong>enim</strong></span> <span class='ocrx_word' id='word_1_340' title='bbox 1099 2397 1164 2434; x_wconf 82' lang='lat' dir='ltr'><strong>ex</strong></span> <span class='ocrx_word' id='word_1_341' title='bbox 1217 2384 1410 2445; x_wconf 88' lang='lat' dir='ltr'><strong>verbis,</strong></span> <span class='ocrx_word' id='word_1_342' title='bbox 1455 2385 1545 2438; x_wconf 88' lang='lat' dir='ltr'><strong>sed</strong></span> <span class='ocrx_word' id='word_1_343' title='bbox 1593 2401 1657 2440; x_wconf 91' lang='lat' dir='ltr'><strong>ex</strong></span> <span class='ocrx_word' id='word_1_344' title='bbox 1703 2387 1986 2441; x_wconf 89' lang='lat' dir='ltr'><strong>virtutibus</strong></span> <span class='ocrx_word' id='word_1_345' title='bbox 2025 2388 2182 2442; x_wconf 92' lang='lat' dir='ltr'><strong>homo</strong></span> <span class='ocrx_word' id='word_1_346' title='bbox 2221 2401 2340 2455; x_wconf 85' lang='lat' dir='ltr'><strong>pro-</strong></span> 
     </span>
    </p>
   </div>
   <div class='ocr_carea' id='block_1_40' title="bbox 804 2467 978 2519">
    <p class='ocr_par' dir='ltr' id='par_1_40' title="bbox 804 2467 978 2519">
     <span class='ocr_line' id='line_1_40' title="bbox 804 2467 978 2519; baseline -0.006 0"><span class='ocrx_word' id='word_1_347' title='bbox 804 2467 978 2519; x_wconf 87' lang='lat' dir='ltr'><strong>batur.</strong></span> 
     </span>
    </p>
   </div>
   <div class='ocr_carea' id='block_1_41' title="bbox 1363 2561 1777 2616">
    <p class='ocr_par' dir='ltr' id='par_1_41' title="bbox 1363 2561 1777 2616">
     <span class='ocr_line' id='line_1_41' title="bbox 1363 2561 1777 2616; baseline -0.007 -1"><span class='ocrx_word' id='word_1_348' title='bbox 1363 2561 1583 2616; x_wconf 81' lang='lat' dir='ltr'><strong>CAPUT</strong></span> <span class='ocrx_word' id='word_1_349' title='bbox 1621 2561 1777 2614; x_wconf 73' lang='lat' dir='ltr'><strong>XLV.</strong></span> 
     </span>
    </p>
   </div>
   <div class='ocr_carea' id='block_1_42' title="bbox 879 2648 2276 2720">
    <p class='ocr_par' dir='ltr' id='par_1_42' title="bbox 879 2648 2276 2720">
     <span class='ocr_line' id='line_1_42' title="bbox 879 2648 2276 2720; baseline 0.001 -18"><span class='ocrx_word' id='word_1_350' title='bbox 879 2648 1157 2711; x_wconf 84' lang='lat' dir='ltr'><strong>Patientia,</strong></span> <span class='ocrx_word' id='word_1_351' title='bbox 1181 2653 1472 2718; x_wconf 64' lang='lat' dir='ltr'><strong>paenitentia</strong></span> <span class='ocrx_word' id='word_1_352' title='bbox 1492 2691 1505 2713; x_wconf 94' lang='lat'><strong>,</strong></span> <span class='ocrx_word' id='word_1_353' title='bbox 1545 2652 1755 2703; x_wconf 76' lang='lat' dir='ltr'><strong>intentio</strong></span> <span class='ocrx_word' id='word_1_354' title='bbox 1785 2659 1919 2703; x_wconf 86' lang='lat' dir='ltr'><strong>recta</strong></span> <span class='ocrx_word' id='word_1_355' title='bbox 1946 2652 2197 2720; x_wconf 67' lang='lat' dir='ltr'><strong>pracipue</strong></span> <span class='ocrx_word' id='word_1_356' title='bbox 2219 2654 2276 2704; x_wconf 84' lang='lat' dir='ltr'><strong>in</strong></span> 
     </span>
    </p>
   </div>
   <div class='ocr_carea' id='block_1_43' title="bbox 1241 2720 1897 2771">
    <p class='ocr_par' dir='ltr' id='par_1_43' title="bbox 1241 2720 1897 2771">
     <span class='ocr_line' id='line_1_43' title="bbox 1241 2720 1897 2771; baseline 0 -1"><span class='ocrx_word' id='word_1_357' title='bbox 1241 2720 1469 2770; x_wconf 85' lang='lat' dir='ltr'><strong>oratione</strong></span> <span class='ocrx_word' id='word_1_358' title='bbox 1499 2720 1897 2771; x_wconf 82' lang='lat' dir='ltr'><strong>commendatur.</strong></span> 
     </span>
    </p>
   </div>
   <div class='ocr_carea' id='block_1_44' title="bbox 873 2802 2345 2873">
    <p class='ocr_par' dir='ltr' id='par_1_44' title="bbox 873 2802 2345 2873">
     <span class='ocr_line' id='line_1_44' title="bbox 873 2802 2345 2873; baseline -0.003 -12"><span class='ocrx_word' id='word_1_359' title='bbox 873 2802 969 2861; x_wconf 89' lang='lat' dir='ltr'><strong>Sic</strong></span> <span class='ocrx_word' id='word_1_360' title='bbox 990 2813 1046 2860; x_wconf 90' lang='lat' dir='ltr'><strong>et</strong></span> <span class='ocrx_word' id='word_1_361' title='bbox 1079 2815 1135 2858; x_wconf 90' lang='lat' dir='ltr'><strong>tu</strong></span> <span class='ocrx_word' id='word_1_362' title='bbox 1163 2805 1238 2858; x_wconf 89' lang='lat' dir='ltr'><strong>sis</strong></span> <span class='ocrx_word' id='word_1_363' title='bbox 1264 2806 1402 2873; x_wconf 86' lang='lat' dir='ltr'><strong>apud</strong></span> <span class='ocrx_word' id='word_1_364' title='bbox 1442 2806 1605 2859; x_wconf 87' lang='lat' dir='ltr'><strong>Deum</strong></span> <span class='ocrx_word' id='word_1_365' title='bbox 1635 2805 1906 2872; x_wconf 90' lang='lat' dir='ltr'><strong>probatus,</strong></span> <span class='ocrx_word' id='word_1_366' title='bbox 1951 2813 2004 2857; x_wconf 93' lang='lat' dir='ltr'><strong>et</strong></span> <span class='ocrx_word' id='word_1_367' title='bbox 2028 2805 2201 2857; x_wconf 88' lang='lat' dir='ltr'><strong>omnia</strong></span> <span class='ocrx_word' id='word_1_368' title='bbox 2248 2819 2345 2873; x_wconf 87' lang='lat' dir='ltr'><strong>pro</strong></span> 
     </span>
    </p>
   </div>
   <div class='ocr_carea' id='block_1_45' title="bbox 805 2885 2345 2962">
    <p class='ocr_par' dir='ltr' id='par_1_45' title="bbox 805 2885 2345 2962">
     <span class='ocr_line' id='line_1_45' title="bbox 805 2885 2345 2962; baseline -0.004 -8"><span class='ocrx_word' id='word_1_369' title='bbox 805 2899 1007 2954; x_wconf 87' lang='lat' dir='ltr'><strong>Christi</strong></span> <span class='ocrx_word' id='word_1_370' title='bbox 1025 2897 1435 2951; x_wconf 84' lang='lat' dir='ltr'><strong>amorelibenter</strong></span> <span class='ocrx_word' id='word_1_371' title='bbox 1451 2896 1690 2959; x_wconf 81' lang='lat' dir='ltr'><strong>suﬂ&#39;eras,</strong></span> <span class='ocrx_word' id='word_1_372' title='bbox 1711 2904 1764 2948; x_wconf 90' lang='lat' dir='ltr'><strong>et</strong></span> <span class='ocrx_word' id='word_1_373' title='bbox 1784 2885 1879 2962; x_wconf 78' lang='lat' dir='ltr'><strong>pro</strong></span> <span class='ocrx_word' id='word_1_374' title='bbox 1893 2895 2345 2949; x_wconf 80' lang='lat' dir='ltr'><strong>tribulationibus‘</strong></span> 
     </span>
    </p>
   </div>
   <div class='ocr_carea' id='block_1_46' title="bbox 2439 2115 3979 2191">
    <p class='ocr_par' dir='ltr' id='par_1_46' title="bbox 2439 2115 3979 2191">
     <span class='ocr_line' id='line_1_46' title="bbox 2439 2115 3979 2191; baseline -0.005 -17"><span class='ocrx_word' id='word_1_375' title='bbox 2439 2129 2644 2191; x_wconf 85' lang='lat' dir='ltr'><strong>oportet</strong></span> <span class='ocrx_word' id='word_1_376' title='bbox 2669 2120 2720 2190; x_wconf 91' lang='grc' dir='ltr'><strong>(Ι</strong></span> <span class='ocrx_word' id='word_1_377' title='bbox 2763 2121 2910 2174; x_wconf 80' lang='lat' dir='ltr'><strong>Thes.</strong></span> <span class='ocrx_word' id='word_1_378' title='bbox 2942 2137 2994 2185; x_wconf 90' lang='lat' dir='ltr'><strong>v,</strong></span> <span class='ocrx_word' id='word_1_379' title='bbox 3026 2121 3135 2189; x_wconf 78' lang='lat' dir='ltr'><strong>i7),</strong></span> <span class='ocrx_word' id='word_1_380' title='bbox 3170 2128 3224 2172; x_wconf 87' lang='lat' dir='ltr'><strong>et</strong></span> <span class='ocrx_word' id='word_1_381' title='bbox 3269 2127 3480 2173; x_wconf 89' lang='lat' dir='ltr'><strong>sanctas</strong></span> <span class='ocrx_word' id='word_1_382' title='bbox 3523 2132 3715 2170; x_wconf 88' lang='lat' dir='ltr'><strong>manus</strong></span> <span class='ocrx_word' id='word_1_383' title='bbox 3756 2116 3872 2168; x_wconf 89' lang='lat' dir='ltr'><strong>sine</strong></span> <span class='ocrx_word' id='word_1_384' title='bbox 3900 2115 3979 2167; x_wconf 85' lang='lat' dir='ltr'><strong>ira</strong></span> 
     </span>
    </p>
   </div>
   <div class='ocr_carea' id='block_1_47' title="bbox 2437 2204 3803 2279">
    <p class='ocr_par' dir='ltr' id='par_1_47' title="bbox 2437 2204 3803 2279">
     <span class='ocr_line' id='line_1_47' title="bbox 2437 2204 3803 2279; baseline -0.004 -17"><span class='ocrx_word' id='word_1_385' title='bbox 2437 2218 2492 2262; x_wconf 90' lang='lat' dir='ltr'><strong>et</strong></span> <span class='ocrx_word' id='word_1_386' title='bbox 2509 2211 2886 2279; x_wconf 87' lang='lat' dir='ltr'><strong>disceptatione</strong></span> <span class='ocrx_word' id='word_1_387' title='bbox 2910 2210 2974 2263; x_wconf 90' lang='lat' dir='ltr'><strong>ad</strong></span> <span class='ocrx_word' id='word_1_388' title='bbox 2996 2210 3159 2263; x_wconf 87' lang='lat' dir='ltr'><strong>Deum</strong></span> <span class='ocrx_word' id='word_1_389' title='bbox 3184 2207 3359 2263; x_wconf 90' lang='lat' dir='ltr'><strong>levare</strong></span> <span class='ocrx_word' id='word_1_390' title='bbox 3397 2207 3446 2276; x_wconf 86' lang='lat' dir='ltr'><strong>(I</strong></span> <span class='ocrx_word' id='word_1_391' title='bbox 3474 2205 3606 2259; x_wconf 85' lang='lat' dir='ltr'><strong>Tim.</strong></span> <span class='ocrx_word' id='word_1_392' title='bbox 3640 2221 3700 2268; x_wconf 81' lang='grc' dir='ltr'><strong>ιι,</strong></span> <span class='ocrx_word' id='word_1_393' title='bbox 3726 2204 3803 2274; x_wconf 88' lang='grc'><strong>8).</strong></span> 
     </span>
    </p>
   </div>
   <div class='ocr_carea' id='block_1_48' title="bbox 2984 2313 3420 2370">
    <p class='ocr_par' dir='ltr' id='par_1_48' title="bbox 2984 2313 3420 2370">
     <span class='ocr_line' id='line_1_48' title="bbox 2984 2313 3420 2370; baseline -0.007 -1"><span class='ocrx_word' id='word_1_394' title='bbox 2984 2315 3206 2370; x_wconf 82' lang='lat' dir='ltr'><strong>CAPUT</strong></span> <span class='ocrx_word' id='word_1_395' title='bbox 3244 2313 3420 2367; x_wconf 73' lang='lat' dir='ltr'><strong>XLVI.</strong></span> 
     </span>
    </p>
   </div>
   <div class='ocr_carea' id='block_1_49' title="bbox 2508 2379 3909 2464">
    <p class='ocr_par' dir='ltr' id='par_1_49' title="bbox 2508 2379 3909 2464">
     <span class='ocr_line' id='line_1_49' title="bbox 2508 2379 3909 2464; baseline -0.006 -25"><span class='ocrx_word' id='word_1_396' title='bbox 2508 2385 2844 2452; x_wconf 78' lang='lat' dir='ltr'><strong>Beneﬁcentia</strong></span> <span class='ocrx_word' id='word_1_397' title='bbox 2863 2386 2914 2436; x_wconf 87' lang='lat' dir='ltr'><strong>in</strong></span> <span class='ocrx_word' id='word_1_398' title='bbox 2936 2401 3106 2437; x_wconf 88' lang='lat' dir='ltr'><strong>omnes</strong></span> <span class='ocrx_word' id='word_1_399' title='bbox 3126 2383 3352 2464; x_wconf 72' lang='lat' dir='ltr'><strong>exemplo</strong></span> <span class='ocrx_word' id='word_1_400' title='bbox 3380 2383 3476 2435; x_wconf 86' lang='lat' dir='ltr'><strong>Dei</strong></span> <span class='ocrx_word' id='word_1_401' title='bbox 3495 2391 3540 2434; x_wconf 88' lang='lat' dir='ltr'><strong>et</strong></span> <span class='ocrx_word' id='word_1_402' title='bbox 3571 2380 3763 2434; x_wconf 78' lang='lat' dir='ltr'><strong>Christi</strong></span> <span class='ocrx_word' id='word_1_403' title='bbox 3783 2379 3909 2432; x_wconf 85' lang='lat' dir='ltr'><strong>Jesu</strong></span> 
     </span>
    </p>
   </div>
   <div class='ocr_carea' id='block_1_50' title="bbox 3040 2463 3358 2522">
    <p class='ocr_par' dir='ltr' id='par_1_50' title="bbox 3040 2463 3358 2522">
     <span class='ocr_line' id='line_1_50' title="bbox 3040 2463 3358 2522; baseline -0.006 -17"><span class='ocrx_word' id='word_1_404' title='bbox 3040 2463 3358 2522; x_wconf 82' lang='lat' dir='ltr'><strong>proponitur.</strong></span> 
     </span>
    </p>
   </div>
   <div class='ocr_carea' id='block_1_51' title="bbox 2512 2536 3987 2602">
    <p class='ocr_par' dir='ltr' id='par_1_51' title="bbox 2512 2536 3987 2602">
     <span class='ocr_line' id='line_1_51' title="bbox 2512 2536 3987 2602; baseline -0.004 -8"><span class='ocrx_word' id='word_1_405' title='bbox 2512 2542 2810 2595; x_wconf 73' lang='lat' dir='ltr'><strong>Misericors</strong></span> <span class='ocrx_word' id='word_1_406' title='bbox 2857 2547 2938 2594; x_wconf 90' lang='lat' dir='ltr'><strong>est</strong></span> <span class='ocrx_word' id='word_1_407' title='bbox 2966 2542 3240 2602; x_wconf 85' lang='lat' dir='ltr'><strong>Dominus,</strong></span> <span class='ocrx_word' id='word_1_408' title='bbox 3281 2546 3336 2591; x_wconf 91' lang='lat' dir='ltr'><strong>et</strong></span> <span class='ocrx_word' id='word_1_409' title='bbox 3377 2536 3797 2591; x_wconf 83' lang='lat' dir='ltr'><strong>misericordiam</strong></span> <span class='ocrx_word' id='word_1_410' title='bbox 3845 2536 3897 2588; x_wconf 92' lang='lat' dir='ltr'><strong>in</strong></span> <span class='ocrx_word' id='word_1_411' title='bbox 3928 2549 3987 2588; x_wconf 82' lang='lat' dir='ltr'><strong>se</strong></span> 
     </span>
    </p>
   </div>
   <div class='ocr_carea' id='block_1_52' title="bbox 2443 2624 3986 2697">
    <p class='ocr_par' dir='ltr' id='par_1_52' title="bbox 2443 2624 3986 2697">
     <span class='ocr_line' id='line_1_52' title="bbox 2443 2624 3986 2697; baseline -0.005 -16"><span class='ocrx_word' id='word_1_412' title='bbox 2443 2630 2776 2697; x_wconf 89' lang='lat' dir='ltr'><strong>sperantibus</strong></span> <span class='ocrx_word' id='word_1_413' title='bbox 2796 2636 3031 2697; x_wconf 60' lang='lat' dir='ltr'><strong>prastat.</strong></span> <span class='ocrx_word' id='word_1_414' title='bbox 3057 2626 3169 2680; x_wconf 85' lang='lat' dir='ltr'><strong>Non</strong></span> <span class='ocrx_word' id='word_1_415' title='bbox 3199 2626 3270 2680; x_wconf 93' lang='lat' dir='ltr'><strong>illi</strong></span> <span class='ocrx_word' id='word_1_416' title='bbox 3299 2624 3665 2680; x_wconf 89' lang='lat' dir='ltr'><strong>misericordia</strong></span> <span class='ocrx_word' id='word_1_417' title='bbox 3691 2637 3828 2690; x_wconf 86' lang='lat' dir='ltr'><strong>opus</strong></span> <span class='ocrx_word' id='word_1_418' title='bbox 3846 2633 3986 2684; x_wconf 91' lang='lat' dir='ltr'><strong>erat,</strong></span> 
     </span>
    </p>
   </div>
   <div class='ocr_carea' id='block_1_53' title="bbox 2441 2709 3987 2783">
    <p class='ocr_par' dir='ltr' id='par_1_53' title="bbox 2441 2709 3987 2783">
     <span class='ocr_line' id='line_1_53' title="bbox 2441 2709 3987 2783; baseline -0.005 -15"><span class='ocrx_word' id='word_1_419' title='bbox 2441 2716 2530 2783; x_wconf 88' lang='lat' dir='ltr'><strong>qui</strong></span> <span class='ocrx_word' id='word_1_420' title='bbox 2551 2715 2747 2768; x_wconf 88' lang='lat' dir='ltr'><strong>nullum</strong></span> <span class='ocrx_word' id='word_1_421' title='bbox 2773 2715 2953 2768; x_wconf 88' lang='lat' dir='ltr'><strong>habuit</strong></span> <span class='ocrx_word' id='word_1_422' title='bbox 2976 2722 3269 2782; x_wconf 88' lang='lat' dir='ltr'><strong>peccatum,</strong></span> <span class='ocrx_word' id='word_1_423' title='bbox 3290 2713 3380 2780; x_wconf 85' lang='lat' dir='ltr'><strong>qui</strong></span> <span class='ocrx_word' id='word_1_424' title='bbox 3405 2711 3618 2780; x_wconf 77' lang='lat' dir='ltr'><strong>angelos</strong></span> <span class='ocrx_word' id='word_1_425' title='bbox 3644 2709 3792 2772; x_wconf 79' lang='lat' dir='ltr'><strong>fecit,</strong></span> <span class='ocrx_word' id='word_1_426' title='bbox 3822 2717 3876 2762; x_wconf 89' lang='lat' dir='ltr'><strong>et</strong></span> <span class='ocrx_word' id='word_1_427' title='bbox 3902 2723 3987 2760; x_wconf 88' lang='lat' dir='ltr'><strong>ar-</strong></span> 
     </span>
    </p>
   </div>
   <div class='ocr_carea' id='block_1_54' title="bbox 2443 2802 3987 2874">
    <p class='ocr_par' dir='ltr' id='par_1_54' title="bbox 2443 2802 3987 2874">
     <span class='ocr_line' id='line_1_54' title="bbox 2443 2802 3987 2874; baseline -0.005 -14"><span class='ocrx_word' id='word_1_428' title='bbox 2443 2805 2727 2874; x_wconf 88' lang='lat' dir='ltr'><strong>changelos</strong></span> <span class='ocrx_word' id='word_1_429' title='bbox 2745 2807 3028 2874; x_wconf 64' lang='lat' dir='ltr'><strong>praepoth</strong></span> <span class='ocrx_word' id='word_1_430' title='bbox 3058 2822 3069 2856; x_wconf 92' lang='lat'>:</span> <span class='ocrx_word' id='word_1_431' title='bbox 3095 2804 3186 2858; x_wconf 91' lang='lat' dir='ltr'><strong>sed</strong></span> <span class='ocrx_word' id='word_1_432' title='bbox 3216 2813 3275 2857; x_wconf 95' lang='lat' dir='ltr'><strong>ut</strong></span> <span class='ocrx_word' id='word_1_433' title='bbox 3295 2819 3388 2856; x_wconf 91' lang='lat' dir='ltr'><strong>nos</strong></span> <span class='ocrx_word' id='word_1_434' title='bbox 3423 2804 3490 2856; x_wconf 92' lang='lat' dir='ltr'><strong>ab</strong></span> <span class='ocrx_word' id='word_1_435' title='bbox 3535 2803 3627 2856; x_wconf 93' lang='lat' dir='ltr'><strong>illo</strong></span> <span class='ocrx_word' id='word_1_436' title='bbox 3679 2802 3987 2855; x_wconf 90' lang='lat' dir='ltr'><strong>misericor-</strong></span> 
     </span>
    </p>
   </div>
   <div class='ocr_carea' id='block_1_55' title="bbox 2446 2888 3989 2965">
    <p class='ocr_par' dir='ltr' id='par_1_55' title="bbox 2446 2888 3989 2965">
     <span class='ocr_line' id='line_1_55' title="bbox 2446 2888 3989 2965; baseline -0.003 -18"><span class='ocrx_word' id='word_1_437' title='bbox 2446 2894 2584 2947; x_wconf 89' lang='lat' dir='ltr'><strong>diam</strong></span> <span class='ocrx_word' id='word_1_438' title='bbox 2613 2908 3027 2962; x_wconf 88' lang='lat' dir='ltr'><strong>consequamur.</strong></span> <span class='ocrx_word' id='word_1_439' title='bbox 3055 2893 3437 2965; x_wconf 83' lang='lat' dir='ltr'><strong>elcemosynam</strong></span> <span class='ocrx_word' id='word_1_440' title='bbox 3468 2891 3507 2920; x_wconf 83' lang='lat'>“</span> <span class='ocrx_word' id='word_1_441' title='bbox 3531 2889 3675 2945; x_wconf 86' lang='lat' dir='ltr'><strong>dedit</strong></span> <span class='ocrx_word' id='word_1_442' title='bbox 3705 2901 3750 2942; x_wconf 73' lang='grc' dir='ltr'><strong>ε.</strong></span> <span class='ocrx_word' id='word_1_443' title='bbox 3780 2889 3893 2943; x_wconf 84' lang='lat' dir='ltr'><strong>Non</strong></span> <span class='ocrx_word' id='word_1_444' title='bbox 3916 2888 3989 2942; x_wconf 83' lang='lat' dir='ltr'><strong>illi</strong></span> 
     </span>
    </p>
   </div>
   <div class='ocr_carea' id='block_1_56' title="bbox 1997 2983 2805 3041">
    <p class='ocr_par' dir='ltr' id='par_1_56' title="bbox 1997 2983 2805 3041">
     <span class='ocr_line' id='line_1_56' title="bbox 1997 2983 2805 3041; baseline -0.001 -4"><span class='ocrx_word' id='word_1_445' title='bbox 1997 2983 2378 3041; x_wconf 61' lang='lat' dir='ltr'><strong>VARIANTES</strong></span> <span class='ocrx_word' id='word_1_446' title='bbox 2415 2983 2805 3038; x_wconf 79' lang='lat' dir='ltr'><strong>LECTIONES.</strong></span> 
     </span>
    </p>
   </div>
   <div class='ocr_carea' id='block_1_57' title="bbox 883 3070 1904 3141">
    <p class='ocr_par' dir='ltr' id='par_1_57' title="bbox 883 3070 1904 3141">
     <span class='ocr_line' id='line_1_57' title="bbox 883 3070 1904 3141; baseline -0.004 -15"><span class='ocrx_word' id='word_1_447' title='bbox 883 3076 896 3103; x_wconf 85' lang='grc'>¹</span> <span class='ocrx_word' id='word_1_448' title='bbox 923 3074 1072 3141; x_wconf 81' lang='lat' dir='ltr'><strong>Apud</strong></span> <span class='ocrx_word' id='word_1_449' title='bbox 1089 3073 1273 3126; x_wconf 84' lang='lat' dir='ltr'><strong>Bened.</strong></span> <span class='ocrx_word' id='word_1_450' title='bbox 1303 3073 1459 3134; x_wconf 89' lang='lat' dir='ltr'><strong>deest,</strong></span> <span class='ocrx_word' id='word_1_451' title='bbox 1485 3073 1644 3141; x_wconf 79' lang='lat' dir='ltr'><strong>enim.</strong></span> <span class='ocrx_word' id='word_1_452' title='bbox 1730 3076 1748 3103; x_wconf 77' lang='grc'><strong><em>²</em></strong></span> <span class='ocrx_word' id='word_1_453' title='bbox 1782 3070 1904 3125; x_wconf 82' lang='lat' dir='ltr'><strong>Ven.</strong></span> 
     </span>
    </p>
   </div>
   <div class='ocr_carea' id='block_1_58' title="bbox 1931 3060 3987 3140">
    <p class='ocr_par' dir='ltr' id='par_1_58' title="bbox 1931 3060 3987 3140">
     <span class='ocr_line' id='line_1_58' title="bbox 1931 3060 3987 3140; baseline -0.001 -16"><span class='ocrx_word' id='word_1_454' title='bbox 1931 3071 2076 3140; x_wconf 83' lang='lat' dir='ltr'><strong>pellit</strong></span> <span class='ocrx_word' id='word_1_455' title='bbox 2103 3081 2209 3126; x_wconf 91' lang='lat' dir='ltr'><strong>ten.</strong></span> <span class='ocrx_word' id='word_1_456' title='bbox 2238 3073 2303 3127; x_wconf 87' lang='lat' dir='ltr'><strong>de</strong></span> <span class='ocrx_word' id='word_1_457' title='bbox 2336 3074 2461 3126; x_wconf 89' lang='lat' dir='ltr'><strong>vita.</strong></span> <span class='ocrx_word' id='word_1_458' title='bbox 2537 3073 2557 3103; x_wconf 88' lang='grc'><em>³</em></span> <span class='ocrx_word' id='word_1_459' title='bbox 2579 3071 2770 3124; x_wconf 82' lang='lat' dir='ltr'><strong>Bened.</strong></span> <span class='ocrx_word' id='word_1_460' title='bbox 2799 3089 2900 3125; x_wconf 86' lang='lat' dir='ltr'><strong>non</strong></span> <span class='ocrx_word' id='word_1_461' title='bbox 2920 3071 3131 3134; x_wconf 61' lang='lat' dir='ltr'><strong>habent,</strong></span> <span class='ocrx_word' id='word_1_462' title='bbox 3158 3072 3375 3138; x_wconf 86' lang='lat' dir='ltr'><strong>seipsos.</strong></span> <span class='ocrx_word' id='word_1_463' title='bbox 3452 3071 3473 3101; x_wconf 71' lang='grc' dir='ltr'>δ</span> <span class='ocrx_word' id='word_1_464' title='bbox 3495 3060 3987 3140; x_wconf 81' lang='lat' dir='ltr'><strong>Bened.,ejusmodi</strong></span> 
     </span>
    </p>
   </div>
   <div class='ocr_carea' id='block_1_59' title="bbox 819 3139 3992 3220">
    <p class='ocr_par' dir='ltr' id='par_1_59' title="bbox 819 3139 3992 3220">
     <span class='ocr_line' id='line_1_59' title="bbox 819 3139 3992 3220; baseline -0.001 -26"><span class='ocrx_word' id='word_1_465' title='bbox 819 3142 910 3220; x_wconf 62' lang='lat' dir='ltr'><strong>ito.</strong></span> <span class='ocrx_word' id='word_1_466' title='bbox 942 3139 993 3220; x_wconf 58' lang='lat' dir='ltr'><strong>ri.</strong></span> <span class='ocrx_word' id='word_1_467' title='bbox 1026 3141 1400 3220; x_wconf 38' lang='lat' dir='ltr'><strong>t.._comrui_xt_ilo</strong></span> <span class='ocrx_word' id='word_1_468' title='bbox 1432 3141 1510 3191; x_wconf 85' lang='lat' dir='ltr'><strong>vel</strong></span> <span class='ocrx_word' id='word_1_469' title='bbox 1529 3139 1660 3220; x_wconf 76' lang='lat' dir='ltr'><strong>_l‘am.</strong></span> <span class='ocrx_word' id='word_1_470' title='bbox 1683 3141 1781 3220; x_wconf 78' lang='lat' dir='ltr'><strong>_sit.</strong></span> <span class='ocrx_word' id='word_1_471' title='bbox 1857 3141 1878 3171; x_wconf 86' lang='grc'>⁸</span> <span class='ocrx_word' id='word_1_472' title='bbox 1911 3142 1962 3219; x_wconf 77' lang='lat' dir='ltr'><strong>in</strong></span> <span class='ocrx_word' id='word_1_473' title='bbox 1998 3139 2116 3192; x_wconf 78' lang='lat' dir='ltr'><strong>Ven.</strong></span> <span class='ocrx_word' id='word_1_474' title='bbox 2141 3142 2585 3220; x_wconf 38' lang='lat' dir='ltr'><strong>deestnutro‘bique,</strong></span> <span class='ocrx_word' id='word_1_475' title='bbox 2614 3141 2728 3194; x_wconf 90' lang='lat' dir='ltr'><strong>tibi.</strong></span> <span class='ocrx_word' id='word_1_476' title='bbox 2805 3141 2833 3220; x_wconf 45' lang='lat'><strong>‘.</strong></span> <span class='ocrx_word' id='word_1_477' title='bbox 2862 3140 3050 3220; x_wconf 62' lang='grc' dir='ltr'><strong>βεηεά.</strong></span> <span class='ocrx_word' id='word_1_478' title='bbox 3078 3141 3131 3192; x_wconf 90' lang='lat' dir='ltr'><strong>in</strong></span> <span class='ocrx_word' id='word_1_479' title='bbox 3153 3156 3319 3220; x_wconf 59' lang='lat' dir='ltr'><strong>marg:</strong></span> <span class='ocrx_word' id='word_1_480' title='bbox 3348 3141 3402 3220; x_wconf 63' lang='lat' dir='ltr'><strong>in</strong></span> <span class='ocrx_word' id='word_1_481' title='bbox 3425 3156 3546 3220; x_wconf 70' lang='lat' dir='ltr'><strong>mss.</strong></span> <span class='ocrx_word' id='word_1_482' title='bbox 3579 3139 3837 3220; x_wconf 64' lang='lat' dir='ltr'><strong>deestvoa:</strong></span> <span class='ocrx_word' id='word_1_483' title='bbox 3858 3139 3992 3220; x_wconf 44' lang='lat' dir='ltr'><strong>,Itri-</strong></span> 
     </span>
    </p>
   </div>
   <div class='ocr_carea' id='block_1_60' title="bbox 734 3206 2382 3277">
    <p class='ocr_par' dir='ltr' id='par_1_60' title="bbox 734 3206 2382 3277">
     <span class='ocr_line' id='line_1_60' title="bbox 734 3206 2382 3277; baseline 0.002 -17"><span class='ocrx_word' id='word_1_484' title='bbox 734 3229 739 3234; x_wconf 50' lang='lat'>*</span> <span class='ocrx_word' id='word_1_485' title='bbox 819 3209 1197 3277; x_wconf 79' lang='lat' dir='ltr'><strong>bulationibus.</strong></span> <span class='ocrx_word' id='word_1_486' title='bbox 1272 3210 1290 3238; x_wconf 90' lang='grc'><strong>⁷</strong></span> <span class='ocrx_word' id='word_1_487' title='bbox 1341 3206 1460 3277; x_wconf 85' lang='lat' dir='ltr'><strong>Ven.</strong></span> <span class='ocrx_word' id='word_1_488' title='bbox 1486 3209 1568 3277; x_wconf 85' lang='lat' dir='ltr'><strong>_s_ic</strong></span> <span class='ocrx_word' id='word_1_489' title='bbox 1607 3209 1850 3262; x_wconf 77' lang='lat' dir='ltr'><strong>hab..nec</strong></span> <span class='ocrx_word' id='word_1_490' title='bbox 1880 3209 2098 3277; x_wconf 75' lang='lat' dir='ltr'><strong>vigorp.</strong></span> <span class='ocrx_word' id='word_1_491' title='bbox 2130 3220 2249 3262; x_wconf 71' lang='lat' dir='ltr'><strong>tum.</strong></span> <span class='ocrx_word' id='word_1_492' title='bbox 2278 3209 2382 3263; x_wconf 81' lang='lat' dir='ltr'><strong>Res</strong></span> 
     </span>
    </p>
   </div>
   <div class='ocr_carea' id='block_1_61' title="bbox 2011 3277 2419 3331">
    <p class='ocr_par' dir='ltr' id='par_1_61' title="bbox 2011 3277 2419 3331">
     <span class='ocr_line' id='line_1_61' title="bbox 2011 3277 2419 3331; baseline 0.002 -3"><span class='ocrx_word' id='word_1_493' title='bbox 2011 3277 2159 3331; x_wconf 78' lang='lat' dir='ltr'><strong>mini.</strong></span> <span class='ocrx_word' id='word_1_494' title='bbox 2237 3278 2274 3307; x_wconf 86' lang='grc'><strong>¹¹</strong></span> <span class='ocrx_word' id='word_1_495' title='bbox 2314 3278 2419 3330; x_wconf 86' lang='lat' dir='ltr'><strong>Ben</strong></span> 
     </span>
    </p>
   </div>
   <div class='ocr_carea' id='block_1_62' title="bbox 816 3273 1908 3343">
    <p class='ocr_par' dir='ltr' id='par_1_62' title="bbox 816 3273 1908 3343">
     <span class='ocr_line' id='line_1_62' title="bbox 816 3273 1908 3343; baseline 0.002 -15"><span class='ocrx_word' id='word_1_496' title='bbox 816 3276 838 3305; x_wconf 84' lang='lat'>&#39;</span> <span class='ocrx_word' id='word_1_497' title='bbox 872 3277 1061 3329; x_wconf 87' lang='lat' dir='ltr'><strong>Bened.</strong></span> <span class='ocrx_word' id='word_1_498' title='bbox 1089 3277 1335 3343; x_wconf 92' lang='lat' dir='ltr'><strong>primum.</strong></span> <span class='ocrx_word' id='word_1_499' title='bbox 1413 3276 1454 3306; x_wconf 80' lang='lat'><strong>&quot;</strong></span> <span class='ocrx_word' id='word_1_500' title='bbox 1486 3273 1610 3328; x_wconf 83' lang='lat' dir='ltr'><strong>Ven.</strong></span> <span class='ocrx_word' id='word_1_501' title='bbox 1639 3277 1782 3328; x_wconf 86' lang='lat' dir='ltr'><strong>addit</strong></span> <span class='ocrx_word' id='word_1_502' title='bbox 1811 3297 1824 3335; x_wconf 83' lang='lat'>;</span> <span class='ocrx_word' id='word_1_503' title='bbox 1855 3287 1908 3330; x_wconf 93' lang='lat' dir='ltr'><strong>et</strong></span> 
     </span>
    </p>
   </div>
   <div class='ocr_carea' id='block_1_63' title="bbox 2402 3207 3988 3330">
    <p class='ocr_par' dir='ltr' id='par_1_63' title="bbox 2402 3207 3988 3330">
     <span class='ocr_line' id='line_1_63' title="bbox 2402 3207 3988 3330; baseline -0.004 -68"><span class='ocrx_word' id='word_1_504' title='bbox 2402 3207 2557 3330; x_wconf 59' lang='lat' dir='ltr'><strong>betjus</strong></span> <span class='ocrx_word' id='word_1_505' title='bbox 2585 3224 2707 3262; x_wconf 70' lang='lat' dir='ltr'><strong>saec.</strong></span> <span class='ocrx_word' id='word_1_506' title='bbox 2739 3209 2855 3262; x_wconf 88' lang='lat' dir='ltr'><strong>cad.</strong></span> <span class='ocrx_word' id='word_1_507' title='bbox 2889 3216 2941 3262; x_wconf 86' lang='lat' dir='ltr'><strong>te</strong></span> <span class='ocrx_word' id='word_1_508' title='bbox 2968 3224 3072 3263; x_wconf 91' lang='lat' dir='ltr'><strong>non</strong></span> <span class='ocrx_word' id='word_1_509' title='bbox 3096 3209 3217 3262; x_wconf 91' lang='lat' dir='ltr'><strong>mol.</strong></span> <span class='ocrx_word' id='word_1_510' title='bbox 3273 3207 3312 3238; x_wconf 63' lang='lat'><strong>&quot;</strong></span> <span class='ocrx_word' id='word_1_511' title='bbox 3351 3207 3540 3261; x_wconf 83' lang='lat' dir='ltr'><strong>Bcned.</strong></span> <span class='ocrx_word' id='word_1_512' title='bbox 3572 3208 3855 3275; x_wconf 68' lang='lat' dir='ltr'><strong>paenitebit</strong></span> <span class='ocrx_word' id='word_1_513' title='bbox 3884 3207 3988 3260; x_wconf 87' lang='lat' dir='ltr'><strong>hic.</strong></span> 
     </span>
     <span class='ocr_line' id='line_1_64' title="bbox 2402 3277 3262 3330; baseline 0.002 -1"><span class='ocrx_word' id='word_1_514' title='bbox 2402 3295 2419 3329; x_wconf 58' lang='grc' dir='ltr'>ω</span> <span class='ocrx_word' id='word_1_515' title='bbox 2490 3316 2501 3328; x_wconf 98' lang='grc'><strong><em>.</em></strong></span> <span class='ocrx_word' id='word_1_516' title='bbox 2529 3277 2909 3330; x_wconf 82' lang='lat' dir='ltr'><strong>eleemosvnas.</strong></span> <span class='ocrx_word' id='word_1_517' title='bbox 3248 3315 3262 3322; x_wconf 82' lang='grc'><strong><em>-</em></strong></span> 
     </span>
    </p>
   </div>
   <div class='ocr_carea' id='block_1_64' title="bbox 2529 3277 2909 3348">
    <p class='ocr_par' dir='ltr' id='par_1_64' title="bbox 2529 3277 2909 3348">
     <span class='ocr_line' id='line_1_65' title="bbox 2529 3277 2909 3348; baseline 0.011 -17"><span class='ocrx_word' id='word_1_518' title='bbox 2529 3277 2909 3348; x_wconf 77' lang='lat' dir='ltr'><strong>eleemosynas.</strong></span> 
     </span>
    </p>
   </div>
   <div class='ocr_carea' id='block_1_65' title="bbox 892 3385 3989 3544">
    <p class='ocr_par' dir='ltr' id='par_1_65' title="bbox 892 3385 3989 3544">
     <span class='ocr_line' id='line_1_66' title="bbox 892 3385 3989 3544; baseline -0.001 -18"><span class='ocrx_word' id='word_1_519' title='bbox 892 3491 916 3525; x_wconf 71' lang='grc' dir='ltr'><strong><em>ο</em></strong></span> <span class='ocrx_word' id='word_1_520' title='bbox 961 3475 1264 3544; x_wconf 81' lang='lat' dir='ltr'><strong>Evitaviros</strong></span> <span class='ocrx_word' id='word_1_521' title='bbox 1309 3477 1566 3544; x_wconf 81' lang='lat' dir='ltr'><strong>superbos,</strong></span> <span class='ocrx_word' id='word_1_522' title='bbox 1617 3483 1716 3528; x_wconf 88' lang='lat' dir='ltr'><strong>etc.</strong></span> <span class='ocrx_word' id='word_1_523' title='bbox 1751 3473 1960 3544; x_wconf 83' lang='lat' dir='ltr'><strong>Quare?</strong></span> <span class='ocrx_word' id='word_1_524' title='bbox 1995 3385 2569 3544; x_wconf 45' lang='lat' dir='ltr'><strong>Quia.ait_Sa1§(()2Tifde</strong></span> <span class='ocrx_word' id='word_1_525' title='bbox 2605 3483 2899 3544; x_wconf 79' lang='lat' dir='ltr'><strong>sumerent.</strong></span> <span class='ocrx_word' id='word_1_526' title='bbox 2955 3474 3029 3544; x_wconf 89' lang='lat' dir='ltr'><strong>Ita</strong></span> <span class='ocrx_word' id='word_1_527' title='bbox 3075 3474 3216 3527; x_wconf 91' lang='lat' dir='ltr'><strong>enim</strong></span> <span class='ocrx_word' id='word_1_528' title='bbox 3269 3471 3342 3544; x_wconf 87' lang='lat' dir='ltr'><strong>De</strong></span> <span class='ocrx_word' id='word_1_529' title='bbox 3381 3473 3526 3544; x_wconf 79' lang='lat' dir='ltr'><strong>brev.</strong></span> <span class='ocrx_word' id='word_1_530' title='bbox 3567 3471 3688 3524; x_wconf 71' lang='lat' dir='ltr'><strong>vita:</strong></span> <span class='ocrx_word' id='word_1_531' title='bbox 3721 3485 3842 3538; x_wconf 84' lang='lat' dir='ltr'><strong>cap.</strong></span> <span class='ocrx_word' id='word_1_532' title='bbox 3889 3471 3989 3524; x_wconf 84' lang='lat' dir='ltr'><strong>l6:</strong></span> 
     </span>
    </p>
   </div>
   <div class='ocr_carea' id='block_1_66' title="bbox 816 3542 2350 3616">
    <p class='ocr_par' dir='ltr' id='par_1_66' title="bbox 816 3542 2350 3616">
     <span class='ocr_line' id='line_1_67' title="bbox 816 3542 2350 3616; baseline -0.003 -16"><span class='ocrx_word' id='word_1_533' title='bbox 816 3548 969 3616; x_wconf 88' lang='lat' dir='ltr'><strong>piens</strong></span> <span class='ocrx_word' id='word_1_534' title='bbox 998 3542 1158 3597; x_wconf 85' lang='lat' dir='ltr'><strong>Eccli.</strong></span> <span class='ocrx_word' id='word_1_535' title='bbox 1185 3559 1305 3616; x_wconf 74' lang='lat' dir='ltr'><strong>xm,</strong></span> <span class='ocrx_word' id='word_1_536' title='bbox 1334 3542 1378 3595; x_wconf 31' lang='lat' dir='ltr'><strong>l‘</strong></span> <span class='ocrx_word' id='word_1_537' title='bbox 1401 3559 1414 3595; x_wconf 90' lang='lat'><strong>:</strong></span> <span class='ocrx_word' id='word_1_538' title='bbox 1445 3543 1545 3616; x_wconf 81' lang='lat' dir='ltr'><strong>Qui</strong></span> <span class='ocrx_word' id='word_1_539' title='bbox 1571 3543 1786 3616; x_wconf 75' lang='lat' dir='ltr'><strong>tetigerit</strong></span> <span class='ocrx_word' id='word_1_540' title='bbox 1810 3544 1977 3616; x_wconf 67' lang='lat' dir='ltr'><strong>picem</strong></span> <span class='ocrx_word' id='word_1_541' title='bbox 2001 3542 2350 3616; x_wconf 80' lang='lat' dir='ltr'><strong>inquinabitur</strong></span> 
     </span>
    </p>
   </div>
   <div class='ocr_carea' id='block_1_67' title="bbox 820 3611 2350 3679">
    <p class='ocr_par' dir='ltr' id='par_1_67' title="bbox 820 3611 2350 3679">
     <span class='ocr_line' id='line_1_68' title="bbox 820 3611 2350 3679; baseline -0.005 -11"><span class='ocrx_word' id='word_1_542' title='bbox 820 3611 883 3668; x_wconf 64' lang='lat' dir='ltr'><strong>ab</strong></span> <span class='ocrx_word' id='word_1_543' title='bbox 911 3630 970 3666; x_wconf 86' lang='lat' dir='ltr'><strong>ea</strong></span> <span class='ocrx_word' id='word_1_544' title='bbox 995 3629 1012 3665; x_wconf 92' lang='lat'><strong><em>:</em></strong></span> <span class='ocrx_word' id='word_1_545' title='bbox 1045 3621 1091 3663; x_wconf 92' lang='lat' dir='ltr'><strong>et</strong></span> <span class='ocrx_word' id='word_1_546' title='bbox 1118 3612 1205 3679; x_wconf 84' lang='lat' dir='ltr'><strong>qui</strong></span> <span class='ocrx_word' id='word_1_547' title='bbox 1230 3611 1673 3663; x_wconf 82' lang='lat' dir='ltr'><strong>communicaverit</strong></span> <span class='ocrx_word' id='word_1_548' title='bbox 1696 3611 1907 3677; x_wconf 84' lang='lat' dir='ltr'><strong>superbo</strong></span> <span class='ocrx_word' id='word_1_549' title='bbox 1960 3611 2135 3662; x_wconf 78' lang='lat' dir='ltr'><strong>induet</strong></span> <span class='ocrx_word' id='word_1_550' title='bbox 2177 3625 2350 3677; x_wconf 85' lang='lat' dir='ltr'><strong>super-</strong></span> 
     </span>
    </p>
   </div>
   <div class='ocr_carea' id='block_1_68' title="bbox 821 3679 2343 3745">
    <p class='ocr_par' dir='ltr' id='par_1_68' title="bbox 821 3679 2343 3745">
     <span class='ocr_line' id='line_1_69' title="bbox 821 3679 2343 3745; baseline -0.003 -11"><span class='ocrx_word' id='word_1_551' title='bbox 821 3684 953 3734; x_wconf 88' lang='lat' dir='ltr'><strong>biam</strong></span> <span class='ocrx_word' id='word_1_552' title='bbox 977 3697 994 3744; x_wconf 90' lang='lat'><strong><em>;</em></strong></span> <span class='ocrx_word' id='word_1_553' title='bbox 1022 3687 1074 3731; x_wconf 91' lang='lat' dir='ltr'><strong>et</strong></span> <span class='ocrx_word' id='word_1_554' title='bbox 1097 3679 1364 3738; x_wconf 85' lang='lat' dir='ltr'><strong>invidiam,</strong></span> <span class='ocrx_word' id='word_1_555' title='bbox 1394 3687 1446 3731; x_wconf 90' lang='lat' dir='ltr'><strong>et</strong></span> <span class='ocrx_word' id='word_1_556' title='bbox 1468 3680 1844 3732; x_wconf 89' lang='lat' dir='ltr'><strong>detractionem</strong></span> <span class='ocrx_word' id='word_1_557' title='bbox 1867 3685 2161 3745; x_wconf 65' lang='lat' dir='ltr'><strong>caeteraque</strong></span> <span class='ocrx_word' id='word_1_558' title='bbox 2194 3679 2343 3739; x_wconf 87' lang='lat' dir='ltr'><strong>vitia,</strong></span> 
     </span>
    </p>
   </div>
   <div class='ocr_carea' id='block_1_69' title="bbox 821 3746 2352 3814">
    <p class='ocr_par' dir='ltr' id='par_1_69' title="bbox 821 3746 2352 3814">
     <span class='ocr_line' id='line_1_70' title="bbox 821 3746 2352 3814; baseline -0.003 -11"><span class='ocrx_word' id='word_1_559' title='bbox 821 3750 866 3803; x_wconf 90' lang='lat' dir='ltr'><strong>si</strong></span> <span class='ocrx_word' id='word_1_560' title='bbox 902 3749 1110 3808; x_wconf 83' lang='lat' dir='ltr'><strong>invidis,</strong></span> <span class='ocrx_word' id='word_1_561' title='bbox 1147 3747 1562 3807; x_wconf 87' lang='lat' dir='ltr'><strong>detractoribus,</strong></span> <span class='ocrx_word' id='word_1_562' title='bbox 1595 3756 1685 3798; x_wconf 92' lang='lat' dir='ltr'><strong>aut</strong></span> <span class='ocrx_word' id='word_1_563' title='bbox 1733 3746 1862 3814; x_wconf 17' lang='lat' dir='ltr'><strong>aliis,</strong></span> <span class='ocrx_word' id='word_1_564' title='bbox 1893 3760 2204 3814; x_wconf 91' lang='lat' dir='ltr'><strong>quocunque</strong></span> <span class='ocrx_word' id='word_1_565' title='bbox 2225 3746 2352 3799; x_wconf 89' lang='lat' dir='ltr'><strong>vitio</strong></span> 
     </span>
    </p>
   </div>
   <div class='ocr_carea' id='block_1_70' title="bbox 823 3813 2351 3876">
    <p class='ocr_par' dir='ltr' id='par_1_70' title="bbox 823 3813 2351 3876">
     <span class='ocr_line' id='line_1_71' title="bbox 823 3813 2351 3876; baseline -0.003 -5"><span class='ocrx_word' id='word_1_566' title='bbox 823 3816 1197 3871; x_wconf 88' lang='lat' dir='ltr'><strong>contaminatis</strong></span> <span class='ocrx_word' id='word_1_567' title='bbox 1209 3813 1692 3867; x_wconf 90' lang='lat' dir='ltr'><strong>communicaverit.</strong></span> <span class='ocrx_word' id='word_1_568' title='bbox 1721 3813 1867 3876; x_wconf 88' lang='lat' dir='ltr'><strong>Quod</strong></span> <span class='ocrx_word' id='word_1_569' title='bbox 1886 3814 1962 3865; x_wconf 87' lang='lat' dir='ltr'><strong>vel</strong></span> <span class='ocrx_word' id='word_1_570' title='bbox 1979 3814 2044 3867; x_wconf 84' lang='lat' dir='ltr'><strong>ab</strong></span> <span class='ocrx_word' id='word_1_571' title='bbox 2068 3813 2173 3866; x_wconf 84' lang='lat' dir='ltr'><strong>uno</strong></span> <span class='ocrx_word' id='word_1_572' title='bbox 2202 3815 2351 3867; x_wconf 82' lang='lat' dir='ltr'><strong>time-</strong></span> 
     </span>
    </p>
   </div>
   <div class='ocr_carea' id='block_1_71' title="bbox 748 3880 2348 3950">
    <p class='ocr_par' dir='ltr' id='par_1_71' title="bbox 748 3880 2348 3950">
     <span class='ocr_line' id='line_1_72' title="bbox 748 3880 2348 3950; baseline -0.004 -12"><span class='ocrx_word' id='word_1_573' title='bbox 748 3924 754 3930; x_wconf 82' lang='lat'><strong>.</strong></span> <span class='ocrx_word' id='word_1_574' title='bbox 820 3886 913 3938; x_wconf 88' lang='lat' dir='ltr'><strong>bat</strong></span> <span class='ocrx_word' id='word_1_575' title='bbox 941 3883 1208 3936; x_wconf 82' lang='lat' dir='ltr'><strong>Paulinus.</strong></span> <span class='ocrx_word' id='word_1_576' title='bbox 1261 3881 1368 3936; x_wconf 88' lang='lat' dir='ltr'><strong>Hoc</strong></span> <span class='ocrx_word' id='word_1_577' title='bbox 1412 3880 1611 3935; x_wconf 88' lang='lat' dir='ltr'><strong>Seneca</strong></span> <span class='ocrx_word' id='word_1_578' title='bbox 1639 3895 1846 3950; x_wconf 90' lang='lat' dir='ltr'><strong>quoque</strong></span> <span class='ocrx_word' id='word_1_579' title='bbox 1867 3881 2067 3934; x_wconf 89' lang='lat' dir='ltr'><strong>notavit</strong></span> <span class='ocrx_word' id='word_1_580' title='bbox 2092 3882 2248 3949; x_wconf 88' lang='lat' dir='ltr'><strong>epist.</strong></span> <span class='ocrx_word' id='word_1_581' title='bbox 2279 3882 2308 3932; x_wconf 86' lang='lat'><strong>7</strong></span> <span class='ocrx_word' id='word_1_582' title='bbox 2336 3899 2348 3933; x_wconf 91' lang='lat'>:</span> 
     </span>
    </p>
   </div>
   <div class='ocr_carea' id='block_1_72' title="bbox 737 3949 2355 4018">
    <p class='ocr_par' dir='ltr' id='par_1_72' title="bbox 737 3949 2355 4018">
     <span class='ocr_line' id='line_1_73' title="bbox 737 3949 2355 4018; baseline 0 -18"><span class='ocrx_word' id='word_1_583' title='bbox 737 3955 741 3959; x_wconf 84' lang='grc'><strong>’</strong></span> <span class='ocrx_word' id='word_1_584' title='bbox 829 3971 846 4000; x_wconf 74' lang='grc' dir='ltr'>ι</span> <span class='ocrx_word' id='word_1_585' title='bbox 896 3952 1066 4005; x_wconf 86' lang='lat' dir='ltr'><strong>Unum</strong></span> <span class='ocrx_word' id='word_1_586' title='bbox 1100 3950 1396 4018; x_wconf 84' lang='lat' dir='ltr'><strong>exemplum</strong></span> <span class='ocrx_word' id='word_1_587' title='bbox 1451 3949 1669 4003; x_wconf 67' lang='lat' dir='ltr'><strong>luxuriai</strong></span> <span class='ocrx_word' id='word_1_588' title='bbox 1703 3960 1792 4004; x_wconf 87' lang='lat' dir='ltr'><strong>aut</strong></span> <span class='ocrx_word' id='word_1_589' title='bbox 1849 3950 2083 4003; x_wconf 69' lang='lat' dir='ltr'><strong>avaritia:</strong></span> <span class='ocrx_word' id='word_1_590' title='bbox 2136 3949 2355 4002; x_wconf 90' lang='lat' dir='ltr'><strong>multum</strong></span> 
     </span>
    </p>
   </div>
   <div class='ocr_carea' id='block_1_73' title="bbox 826 4018 2357 4086">
    <p class='ocr_par' dir='ltr' id='par_1_73' title="bbox 826 4018 2357 4086">
     <span class='ocr_line' id='line_1_74' title="bbox 826 4018 2357 4086; baseline -0.003 -14"><span class='ocrx_word' id='word_1_591' title='bbox 826 4020 948 4072; x_wconf 88' lang='lat' dir='ltr'><strong>mali</strong></span> <span class='ocrx_word' id='word_1_592' title='bbox 979 4018 1119 4072; x_wconf 80' lang='lat' dir='ltr'><strong>fecit.</strong></span> <span class='ocrx_word' id='word_1_593' title='bbox 1172 4018 1452 4072; x_wconf 81' lang='lat' dir='ltr'><strong>Couvietor</strong></span> <span class='ocrx_word' id='word_1_594' title='bbox 1478 4018 1732 4072; x_wconf 89' lang='lat' dir='ltr'><strong>delicatus</strong></span> <span class='ocrx_word' id='word_1_595' title='bbox 1779 4018 2027 4086; x_wconf 87' lang='lat' dir='ltr'><strong>paulatim</strong></span> <span class='ocrx_word' id='word_1_596' title='bbox 2053 4025 2269 4086; x_wconf 76' lang='lat' dir='ltr'><strong>enervat</strong></span> <span class='ocrx_word' id='word_1_597' title='bbox 2304 4025 2357 4068; x_wconf 85' lang='lat' dir='ltr'><strong>et</strong></span> 
     </span>
    </p>
   </div>
   <div class='ocr_carea' id='block_1_74' title="bbox 824 4084 2356 4155">
    <p class='ocr_par' dir='ltr' id='par_1_74' title="bbox 824 4084 2356 4155">
     <span class='ocr_line' id='line_1_75' title="bbox 824 4084 2356 4155; baseline -0.003 -15"><span class='ocrx_word' id='word_1_598' title='bbox 824 4087 1058 4150; x_wconf 89' lang='lat' dir='ltr'><strong>emollit;</strong></span> <span class='ocrx_word' id='word_1_599' title='bbox 1088 4086 1291 4155; x_wconf 81' lang='lat' dir='ltr'><strong>vicinus</strong></span> <span class='ocrx_word' id='word_1_600' title='bbox 1317 4088 1461 4139; x_wconf 87' lang='lat' dir='ltr'><strong>dives</strong></span> <span class='ocrx_word' id='word_1_601' title='bbox 1489 4084 1824 4155; x_wconf 80' lang='lat' dir='ltr'><strong>cupiditatem</strong></span> <span class='ocrx_word' id='word_1_602' title='bbox 1849 4087 2060 4155; x_wconf 72' lang='lat' dir='ltr'><strong>irritat;</strong></span> <span class='ocrx_word' id='word_1_603' title='bbox 2098 4084 2356 4153; x_wconf 89' lang='lat' dir='ltr'><strong>malignus</strong></span> 
     </span>
    </p>
   </div>
   <div class='ocr_carea' id='block_1_75' title="bbox 827 4153 2357 4275">
    <p class='ocr_par' dir='ltr' id='par_1_75' title="bbox 827 4153 2357 4275">
     <span class='ocr_line' id='line_1_76' title="bbox 827 4153 2357 4275; baseline -0.003 -65"><span class='ocrx_word' id='word_1_604' title='bbox 827 4169 1029 4275; x_wconf 40' lang='grc' dir='ltr'><strong>αδμιρεδ..</strong></span> <span class='ocrx_word' id='word_1_605' title='bbox 1052 4153 1293 4222; x_wconf 89' lang='lat' dir='ltr'><strong>quamvis</strong></span> <span class='ocrx_word' id='word_1_606' title='bbox 1313 4154 1533 4207; x_wconf 88' lang='lat' dir='ltr'><strong>candido</strong></span> <span class='ocrx_word' id='word_1_607' title='bbox 1559 4153 1610 4207; x_wconf 70' lang='lat' dir='ltr'><strong>et</strong></span> <span class='ocrx_word' id='word_1_608' title='bbox 1622 4154 1866 4222; x_wconf 87' lang='lat' dir='ltr'><strong>simplici,</strong></span> <span class='ocrx_word' id='word_1_609' title='bbox 1897 4153 2188 4222; x_wconf 90' lang='lat' dir='ltr'><strong>rubiginem</strong></span> <span class='ocrx_word' id='word_1_610' title='bbox 2209 4168 2357 4206; x_wconf 90' lang='lat' dir='ltr'><strong>suam</strong></span> 
     </span>
     <span class='ocr_line' id='line_1_77' title="bbox 829 4231 1129 4275; baseline -0.003 0"><span class='ocrx_word' id='word_1_611' title='bbox 829 4239 858 4275; x_wconf 86' lang='lat' dir='ltr'><strong>a</strong></span> <span class='ocrx_word' id='word_1_612' title='bbox 904 4231 1074 4275; x_wconf 83' lang='lat' dir='ltr'><strong>rtcult.</strong></span> <span class='ocrx_word' id='word_1_613' title='bbox 1111 4241 1129 4274; x_wconf 76' lang='grc' dir='ltr'><strong><em>ι</em></strong></span> 
     </span>
    </p>
   </div>
   <div class='ocr_carea' id='block_1_76' title="bbox 829 4225 1129 4276">
    <p class='ocr_par' dir='ltr' id='par_1_76' title="bbox 829 4225 1129 4276">
     <span class='ocr_line' id='line_1_78' title="bbox 829 4225 1129 4276; baseline -0.007 -1"><span class='ocrx_word' id='word_1_614' title='bbox 829 4225 1074 4276; x_wconf 74' lang='lat' dir='ltr'><strong>all‘ricuit.</strong></span> <span class='ocrx_word' id='word_1_615' title='bbox 1111 4241 1129 4274; x_wconf 76' lang='grc' dir='ltr'><strong><em>ι</em></strong></span> 
     </span>
    </p>
   </div>
   <div class='ocr_carea' id='block_1_77' title="bbox 900 4287 2360 4359">
    <p class='ocr_par' dir='ltr' id='par_1_77' title="bbox 900 4287 2360 4359">
     <span class='ocr_line' id='line_1_79' title="bbox 900 4287 2360 4359; baseline -0.001 -17"><span class='ocrx_word' id='word_1_616' title='bbox 900 4291 928 4359; x_wconf 52' lang='lat' dir='ltr'><strong>lt</strong></span> <span class='ocrx_word' id='word_1_617' title='bbox 954 4290 1057 4343; x_wconf 85' lang='lat' dir='ltr'><strong>Per</strong></span> <span class='ocrx_word' id='word_1_618' title='bbox 1074 4306 1229 4359; x_wconf 78' lang='lat' dir='ltr'><strong>unam</strong></span> <span class='ocrx_word' id='word_1_619' title='bbox 1255 4305 1393 4359; x_wconf 69' lang='lat' dir='ltr'><strong>ovem</strong></span> <span class='ocrx_word' id='word_1_620' title='bbox 1414 4288 1696 4359; x_wconf 77' lang='lat' dir='ltr'><strong>morbidum</strong></span> <span class='ocrx_word' id='word_1_621' title='bbox 1709 4287 1955 4358; x_wconf 66' lang='lat' dir='ltr'><strong>polluitur</strong></span> <span class='ocrx_word' id='word_1_622' title='bbox 1971 4307 2110 4359; x_wconf 70' lang='lat' dir='ltr'><strong>grex.</strong></span> <span class='ocrx_word' id='word_1_623' title='bbox 2134 4288 2360 4344; x_wconf 75' lang='lat' dir='ltr'><strong>Iuvena-</strong></span> 
     </span>
    </p>
   </div>
   <div class='ocr_carea' id='block_1_78' title="bbox 828 4357 1530 4421">
    <p class='ocr_par' dir='ltr' id='par_1_78' title="bbox 828 4357 1530 4421">
     <span class='ocr_line' id='line_1_80' title="bbox 828 4357 1530 4421; baseline -0.001 -11"><span class='ocrx_word' id='word_1_624' title='bbox 828 4359 894 4412; x_wconf 87' lang='lat' dir='ltr'><strong>lis</strong></span> <span class='ocrx_word' id='word_1_625' title='bbox 918 4358 1008 4412; x_wconf 87' lang='lat' dir='ltr'><strong>lib.</strong></span> <span class='ocrx_word' id='word_1_626' title='bbox 1033 4373 1070 4421; x_wconf 84' lang='grc' dir='ltr'><strong>ι,</strong></span> <span class='ocrx_word' id='word_1_627' title='bbox 1098 4372 1149 4409; x_wconf 90' lang='lat' dir='ltr'><strong>v.</strong></span> <span class='ocrx_word' id='word_1_628' title='bbox 1175 4358 1300 4421; x_wconf 72' lang='lat' dir='ltr'><strong>2l9,</strong></span> <span class='ocrx_word' id='word_1_629' title='bbox 1322 4357 1432 4409; x_wconf 89' lang='lat' dir='ltr'><strong>Sat.</strong></span> <span class='ocrx_word' id='word_1_630' title='bbox 1459 4357 1530 4409; x_wconf 72' lang='lat'><strong>2:</strong></span> 
     </span>
    </p>
   </div>
   <div class='ocr_carea' id='block_1_79' title="bbox 1370 4445 2080 4508">
    <p class='ocr_par' dir='ltr' id='par_1_79' title="bbox 1370 4445 2080 4508">
     <span class='ocr_line' id='line_1_81' title="bbox 1370 4445 2080 4508; baseline 0 -14"><span class='ocrx_word' id='word_1_631' title='bbox 1370 4445 1514 4496; x_wconf 82' lang='lat' dir='ltr'><strong>Dedit</strong></span> <span class='ocrx_word' id='word_1_632' title='bbox 1535 4445 1652 4492; x_wconf 74' lang='lat' dir='ltr'><strong>hanc</strong></span> <span class='ocrx_word' id='word_1_633' title='bbox 1669 4449 1884 4496; x_wconf 80' lang='lat' dir='ltr'><strong>contsaio</strong></span> <span class='ocrx_word' id='word_1_634' title='bbox 1906 4447 2080 4508; x_wconf 81' lang='lat' dir='ltr'><strong>labem,</strong></span> 
     </span>
    </p>
   </div>
   <div class='ocr_carea' id='block_1_80' title="bbox 952 4504 2098 4568">
    <p class='ocr_par' dir='ltr' id='par_1_80' title="bbox 952 4504 2098 4568">
     <span class='ocr_line' id='line_1_82' title="bbox 952 4504 2098 4568; baseline 0.002 -13"><span class='ocrx_word' id='word_1_635' title='bbox 952 4505 1008 4568; x_wconf 63' lang='lat' dir='ltr'><strong>Et</strong></span> <span class='ocrx_word' id='word_1_636' title='bbox 1028 4506 1160 4556; x_wconf 81' lang='lat' dir='ltr'><strong>dabit</strong></span> <span class='ocrx_word' id='word_1_637' title='bbox 1181 4509 1228 4554; x_wconf 80' lang='lat' dir='ltr'><strong>in</strong></span> <span class='ocrx_word' id='word_1_638' title='bbox 1253 4504 1417 4568; x_wconf 81' lang='lat' dir='ltr'><strong>plores</strong></span> <span class='ocrx_word' id='word_1_639' title='bbox 1441 4518 1452 4552; x_wconf 94' lang='lat'>:</span> <span class='ocrx_word' id='word_1_640' title='bbox 1479 4509 1600 4553; x_wconf 81' lang='lat' dir='ltr'><strong>sicut</strong></span> <span class='ocrx_word' id='word_1_641' title='bbox 1622 4517 1741 4564; x_wconf 79' lang='lat' dir='ltr'><strong>gres</strong></span> <span class='ocrx_word' id='word_1_642' title='bbox 1765 4513 1890 4553; x_wconf 88' lang='lat' dir='ltr'><strong>totus</strong></span> <span class='ocrx_word' id='word_1_643' title='bbox 1908 4510 1952 4568; x_wconf 83' lang='lat' dir='ltr'><strong>in</strong></span> <span class='ocrx_word' id='word_1_644' title='bbox 1971 4504 2098 4568; x_wconf 69' lang='lat' dir='ltr'><strong>agris</strong></span> 
     </span>
    </p>
   </div>
   <div class='ocr_carea' id='block_1_81' title="bbox 952 4565 1960 4626">
    <p class='ocr_par' dir='ltr' id='par_1_81' title="bbox 952 4565 1960 4626">
     <span class='ocr_line' id='line_1_83' title="bbox 952 4565 1960 4626; baseline 0.002 -14"><span class='ocrx_word' id='word_1_645' title='bbox 952 4565 1102 4613; x_wconf 81' lang='lat' dir='ltr'><strong>Unius</strong></span> <span class='ocrx_word' id='word_1_646' title='bbox 1118 4567 1281 4614; x_wconf 81' lang='lat' dir='ltr'><strong>scabie</strong></span> <span class='ocrx_word' id='word_1_647' title='bbox 1303 4566 1448 4625; x_wconf 83' lang='lat' dir='ltr'><strong>cadit,</strong></span> <span class='ocrx_word' id='word_1_648' title='bbox 1475 4576 1524 4613; x_wconf 82' lang='lat' dir='ltr'><strong>et</strong></span> <span class='ocrx_word' id='word_1_649' title='bbox 1547 4567 1788 4626; x_wconf 82' lang='lat' dir='ltr'><strong>porrigine</strong></span> <span class='ocrx_word' id='word_1_650' title='bbox 1814 4567 1960 4625; x_wconf 85' lang='lat' dir='ltr'><strong>porci.</strong></span> 
     </span>
    </p>
   </div>
   <div class='ocr_carea' id='block_1_82' title="bbox 905 4663 2362 4733">
    <p class='ocr_par' dir='ltr' id='par_1_82' title="bbox 905 4663 2362 4733">
     <span class='ocr_line' id='line_1_84' title="bbox 905 4663 2362 4733; baseline 0.003 -17"><span class='ocrx_word' id='word_1_651' title='bbox 905 4676 926 4702; x_wconf 75' lang='grc' dir='ltr'><strong>ο</strong></span> <span class='ocrx_word' id='word_1_652' title='bbox 968 4663 1174 4718; x_wconf 74' lang='lat' dir='ltr'><strong>Modica</strong></span> <span class='ocrx_word' id='word_1_653' title='bbox 1211 4680 1330 4733; x_wconf 77' lang='lat' dir='ltr'><strong>pars</strong></span> <span class='ocrx_word' id='word_1_654' title='bbox 1368 4663 1500 4731; x_wconf 78' lang='lat' dir='ltr'><strong>fellis</strong></span> <span class='ocrx_word' id='word_1_655' title='bbox 1536 4680 1776 4733; x_wconf 78' lang='lat' dir='ltr'><strong>magnum</strong></span> <span class='ocrx_word' id='word_1_656' title='bbox 1824 4665 2084 4733; x_wconf 83' lang='lat' dir='ltr'><strong>dulcorem</strong></span> <span class='ocrx_word' id='word_1_657' title='bbox 2128 4669 2272 4720; x_wconf 75' lang='lat' dir='ltr'><strong>uertit</strong></span> <span class='ocrx_word' id='word_1_658' title='bbox 2308 4671 2362 4721; x_wconf 84' lang='lat' dir='ltr'><strong>in</strong></span> 
     </span>
    </p>
   </div>
   <div class='ocr_carea' id='block_1_83' title="bbox 833 4731 2361 4800">
    <p class='ocr_par' dir='ltr' id='par_1_83' title="bbox 833 4731 2361 4800">
     <span class='ocr_line' id='line_1_85' title="bbox 833 4731 2361 4800; baseline 0.003 -16"><span class='ocrx_word' id='word_1_659' title='bbox 833 4731 1248 4800; x_wconf 68' lang='lat' dir='ltr'><strong>amaritudinem.</strong></span> <span class='ocrx_word' id='word_1_660' title='bbox 1289 4732 1400 4786; x_wconf 81' lang='lat' dir='ltr'><strong>Non</strong></span> <span class='ocrx_word' id='word_1_661' title='bbox 1429 4731 1651 4800; x_wconf 78' lang='lat' dir='ltr'><strong>absimili</strong></span> <span class='ocrx_word' id='word_1_662' title='bbox 1685 4731 1923 4800; x_wconf 78' lang='lat' dir='ltr'><strong>exemplo</strong></span> <span class='ocrx_word' id='word_1_663' title='bbox 1951 4735 2118 4787; x_wconf 90' lang='lat' dir='ltr'><strong>utitur</strong></span> <span class='ocrx_word' id='word_1_664' title='bbox 2148 4743 2361 4788; x_wconf 89' lang='lat' dir='ltr'><strong>sanctus</strong></span> 
     </span>
    </p>
   </div>
   <div class='ocr_carea' id='block_1_84' title="bbox 833 4798 2361 4869">
    <p class='ocr_par' dir='ltr' id='par_1_84' title="bbox 833 4798 2361 4869">
     <span class='ocr_line' id='line_1_86' title="bbox 833 4798 2361 4869; baseline 0.001 -17"><span class='ocrx_word' id='word_1_665' title='bbox 833 4799 1116 4868; x_wconf 85' lang='lat' dir='ltr'><strong>Gregorius</strong></span> <span class='ocrx_word' id='word_1_666' title='bbox 1159 4799 1519 4854; x_wconf 75' lang='lat' dir='ltr'><strong>Nazianzenus</strong></span> <span class='ocrx_word' id='word_1_667' title='bbox 1561 4798 1717 4869; x_wconf 69' lang='lat' dir='ltr'><strong>Orat.</strong></span> <span class='ocrx_word' id='word_1_668' title='bbox 1743 4799 1803 4869; x_wconf 71' lang='lat' dir='ltr'><strong>2i</strong></span> <span class='ocrx_word' id='word_1_669' title='bbox 1838 4798 1855 4851; x_wconf 79' lang='grc' dir='ltr'>Ξ</span> <span class='ocrx_word' id='word_1_670' title='bbox 1891 4817 1908 4848; x_wconf 86' lang='grc'><strong>‹</strong></span> <span class='ocrx_word' id='word_1_671' title='bbox 1938 4800 2123 4862; x_wconf 87' lang='lat' dir='ltr'><strong>Citius,</strong></span> <span class='ocrx_word' id='word_1_672' title='bbox 2162 4801 2361 4869; x_wconf 87' lang='lat' dir='ltr'><strong>inquit,</strong></span> 
     </span>
    </p>
   </div>
   <div class='ocr_carea' id='block_1_85' title="bbox 836 4867 2359 4946">
    <p class='ocr_par' dir='ltr' id='par_1_85' title="bbox 836 4867 2359 4946">
     <span class='ocr_line' id='line_1_87' title="bbox 836 4867 2359 4946; baseline 0.003 -28"><span class='ocrx_word' id='word_1_673' title='bbox 836 4867 1082 4946; x_wconf 66' lang='lat' dir='ltr'><strong>exiguum</strong></span> <span class='ocrx_word' id='word_1_674' title='bbox 1095 4870 1278 4946; x_wconf 78' lang='lat' dir='ltr'><strong>vitium</strong></span> <span class='ocrx_word' id='word_1_675' title='bbox 1305 4869 1568 4921; x_wconf 88' lang='lat' dir='ltr'><strong>uberrime</strong></span> <span class='ocrx_word' id='word_1_676' title='bbox 1595 4867 2248 4946; x_wconf 74' lang='lat' dir='ltr'><strong>largissimequecuipiam</strong></span> <span class='ocrx_word' id='word_1_677' title='bbox 2263 4872 2359 4922; x_wconf 90' lang='lat' dir='ltr'><strong>im-</strong></span> 
     </span>
    </p>
   </div>
   <div class='ocr_carea' id='block_1_86' title="bbox 836 4934 2366 5004">
    <p class='ocr_par' dir='ltr' id='par_1_86' title="bbox 836 4934 2366 5004">
     <span class='ocr_line' id='line_1_88' title="bbox 836 4934 2366 5004; baseline 0.003 -18"><span class='ocrx_word' id='word_1_678' title='bbox 836 4936 1018 5000; x_wconf 87' lang='lat' dir='ltr'><strong>pertiri</strong></span> <span class='ocrx_word' id='word_1_679' title='bbox 1049 4937 1166 5001; x_wconf 89' lang='lat' dir='ltr'><strong>quis</strong></span> <span class='ocrx_word' id='word_1_680' title='bbox 1190 4943 1384 5004; x_wconf 87' lang='lat' dir='ltr'><strong>potest,</strong></span> <span class='ocrx_word' id='word_1_681' title='bbox 1418 4951 1573 5004; x_wconf 76' lang='lat' dir='ltr'><strong>quam</strong></span> <span class='ocrx_word' id='word_1_682' title='bbox 1606 4934 1686 4988; x_wconf 88' lang='lat' dir='ltr'><strong>vel</strong></span> <span class='ocrx_word' id='word_1_683' title='bbox 1726 4934 2116 5004; x_wconf 78' lang='lat' dir='ltr'><strong>copiosissimas</strong></span> <span class='ocrx_word' id='word_1_684' title='bbox 2147 4938 2366 4991; x_wconf 85' lang='lat' dir='ltr'><strong>virtutes</strong></span> 
     </span>
    </p>
   </div>
   <div class='ocr_carea' id='block_1_87' title="bbox 836 5002 2364 5072">
    <p class='ocr_par' dir='ltr' id='par_1_87' title="bbox 836 5002 2364 5072">
     <span class='ocr_line' id='line_1_89' title="bbox 836 5002 2364 5072; baseline 0.004 -20"><span class='ocrx_word' id='word_1_685' title='bbox 836 5015 994 5068; x_wconf 90' lang='lat' dir='ltr'><strong>parce</strong></span> <span class='ocrx_word' id='word_1_686' title='bbox 1027 5002 1430 5057; x_wconf 81' lang='lat' dir='ltr'><strong>communicare.</strong></span> <span class='ocrx_word' id='word_1_687' title='bbox 1471 5002 1618 5072; x_wconf 18' lang='lat' dir='ltr'><strong>Al‘lam</strong></span> <span class='ocrx_word' id='word_1_688' title='bbox 1642 5011 1719 5072; x_wconf 89' lang='lat' dir='ltr'><strong>_et</strong></span> <span class='ocrx_word' id='word_1_689' title='bbox 1764 5002 2008 5072; x_wconf 81' lang='lat' dir='ltr'><strong>exiguum</strong></span> <span class='ocrx_word' id='word_1_690' title='bbox 2042 5006 2364 5058; x_wconf 85' lang='lat' dir='ltr'><strong>absinthium</strong></span> 
     </span>
    </p>
   </div>
   <div class='ocr_carea' id='block_1_88' title="bbox 838 5069 2366 5138">
    <p class='ocr_par' dir='ltr' id='par_1_88' title="bbox 838 5069 2366 5138">
     <span class='ocr_line' id='line_1_90' title="bbox 838 5069 2366 5138; baseline 0.003 -19"><span class='ocrx_word' id='word_1_691' title='bbox 838 5083 1134 5122; x_wconf 86' lang='lat' dir='ltr'><strong>amarorem</strong></span> <span class='ocrx_word' id='word_1_692' title='bbox 1184 5070 1523 5124; x_wconf 80' lang='lat' dir='ltr'><strong>suum’melli</strong></span> <span class='ocrx_word' id='word_1_693' title='bbox 1581 5069 2366 5138; x_wconf 55' lang='lat' dir='ltr'><strong>celerrime&#39;impertieritzmel</strong></span> 
     </span>
    </p>
   </div>
   <div class='ocr_carea' id='block_1_89' title="bbox 839 5133 2368 5206">
    <p class='ocr_par' dir='ltr' id='par_1_89' title="bbox 839 5133 2368 5206">
     <span class='ocr_line' id='line_1_91' title="bbox 839 5133 2368 5206; baseline 0.005 -19"><span class='ocrx_word' id='word_1_694' title='bbox 839 5145 1020 5189; x_wconf 84' lang='lat' dir='ltr'><strong>contra</strong></span> <span class='ocrx_word' id='word_1_695' title='bbox 1050 5151 1116 5190; x_wconf 90' lang='lat' dir='ltr'><strong>ne</strong></span> <span class='ocrx_word' id='word_1_696' title='bbox 1143 5139 1298 5206; x_wconf 83' lang='lat' dir='ltr'><strong>duplo</strong></span> <span class='ocrx_word' id='word_1_697' title='bbox 1321 5138 1529 5206; x_wconf 87' lang='lat' dir='ltr'><strong>quidem</strong></span> <span class='ocrx_word' id='word_1_698' title='bbox 1557 5135 1727 5203; x_wconf 81' lang='lat' dir='ltr'><strong>majus</strong></span> <span class='ocrx_word' id='word_1_699' title='bbox 1750 5133 2072 5192; x_wconf 81' lang='lat' dir='ltr'><strong>dulcedinem</strong></span> <span class='ocrx_word' id='word_1_700' title='bbox 2099 5155 2248 5194; x_wconf 83' lang='lat' dir='ltr'><strong>suam</strong></span> <span class='ocrx_word' id='word_1_701' title='bbox 2275 5142 2368 5195; x_wconf 84' lang='lat' dir='ltr'><strong>ab-</strong></span> 
     </span>
    </p>
   </div>
   <div class='ocr_carea' id='block_1_90' title="bbox 839 5205 1402 5270">
    <p class='ocr_par' dir='ltr' id='par_1_90' title="bbox 839 5205 1402 5270">
     <span class='ocr_line' id='line_1_92' title="bbox 839 5205 1402 5270; baseline 0.004 -16"><span class='ocrx_word' id='word_1_702' title='bbox 839 5206 1050 5270; x_wconf 78' lang='lat' dir='ltr'><strong>synthio</strong></span> <span class='ocrx_word' id='word_1_703' title='bbox 1085 5205 1351 5258; x_wconf 73' lang='lat' dir='ltr'><strong>infuderit.</strong></span> <span class='ocrx_word' id='word_1_704' title='bbox 1384 5225 1402 5256; x_wconf 75' lang='grc' dir='ltr'>ι</span> 
     </span>
    </p>
   </div>
   <div class='ocr_carea' id='block_1_91' title="bbox 908 5270 2358 5392">
    <p class='ocr_par' dir='ltr' id='par_1_91' title="bbox 908 5270 2358 5392">
     <span class='ocr_line' id='line_1_93' title="bbox 908 5270 2358 5392; baseline 0.002 -67"><span class='ocrx_word' id='word_1_705' title='bbox 908 5271 938 5348; x_wconf 66' lang='grc' dir='ltr'><strong>(ξ</strong></span> <span class='ocrx_word' id='word_1_706' title='bbox 973 5270 1028 5325; x_wconf 85' lang='lat' dir='ltr'><strong>Si</strong></span> <span class='ocrx_word' id='word_1_707' title='bbox 1054 5274 1234 5326; x_wconf 75' lang='lat' dir='ltr'><strong>nobilis</strong></span> <span class='ocrx_word' id='word_1_708' title='bbox 1263 5283 1310 5326; x_wconf 87' lang='lat' dir='ltr'><strong>et</strong></span> <span class='ocrx_word' id='word_1_709' title='bbox 1337 5273 1507 5325; x_wconf 83' lang='lat' dir='ltr'><strong>dulcia</strong></span> <span class='ocrx_word' id='word_1_710' title='bbox 1533 5273 1677 5326; x_wconf 70' lang='lat' dir='ltr'><strong>verba</strong></span> <span class='ocrx_word' id='word_1_711' title='bbox 1698 5273 1989 5392; x_wconf 47' lang='grc' dir='ltr'><strong>ποίει-αι...</strong></span> <span class='ocrx_word' id='word_1_712' title='bbox 2015 5276 2174 5341; x_wconf 79' lang='lat' dir='ltr'><strong>magis</strong></span> <span class='ocrx_word' id='word_1_713' title='bbox 2197 5285 2358 5328; x_wconf 83' lang='lat' dir='ltr'><strong>nocet.</strong></span> 
     </span>
     <span class='ocr_line' id='line_1_94' title="bbox 908 5341 2358 5392; baseline 0.002 -3"><span class='ocrx_word' id='word_1_714' title='bbox 908 5341 1146 5392; x_wconf 86' lang='lat' dir='ltr'><strong>nusmodi</strong></span> <span class='ocrx_word' id='word_1_715' title='bbox 1171 5350 1291 5392; x_wconf 85' lang='lat' dir='ltr'><strong>sunt</strong></span> <span class='ocrx_word' id='word_1_716' title='bbox 1331 5342 1385 5392; x_wconf 90' lang='lat' dir='ltr'><strong>ii.</strong></span> <span class='ocrx_word' id='word_1_717' title='bbox 1413 5341 1473 5392; x_wconf 86' lang='lat' dir='ltr'><strong>de</strong></span> <span class='ocrx_word' id='word_1_718' title='bbox 1497 5341 1684 5392; x_wconf 89' lang='lat' dir='ltr'><strong>auibus</strong></span> <span class='ocrx_word' id='word_1_719' title='bbox 1711 5341 1789 5392; x_wconf 88' lang='lat' dir='ltr'><strong>aie</strong></span> <span class='ocrx_word' id='word_1_720' title='bbox 1829 5348 1880 5392; x_wconf 87' lang='lat' dir='ltr'><strong>at</strong></span> <span class='ocrx_word' id='word_1_721' title='bbox 1913 5349 2124 5392; x_wconf 86' lang='lat' dir='ltr'><strong>sanctus</strong></span> <span class='ocrx_word' id='word_1_722' title='bbox 2146 5341 2358 5392; x_wconf 83' lang='lat' dir='ltr'><strong>Cvnria-</strong></span> 
     </span>
    </p>
   </div>
   <div class='ocr_carea' id='block_1_92' title="bbox 809 5336 2364 5411">
    <p class='ocr_par' dir='ltr' id='par_1_92' title="bbox 809 5336 2364 5411">
     <span class='ocr_line' id='line_1_95' title="bbox 809 5336 2364 5411; baseline 0.003 -21"><span class='ocrx_word' id='word_1_723' title='bbox 809 5365 814 5369; x_wconf 92' lang='lat'><strong><em>-</em></strong></span> <span class='ocrx_word' id='word_1_724' title='bbox 839 5336 1146 5411; x_wconf 74' lang='lat' dir='ltr'><strong>llujusmodi</strong></span> <span class='ocrx_word' id='word_1_725' title='bbox 1171 5350 1291 5394; x_wconf 84' lang='lat' dir='ltr'><strong>sunt</strong></span> <span class='ocrx_word' id='word_1_726' title='bbox 1331 5342 1385 5402; x_wconf 92' lang='lat' dir='ltr'><strong>ii,</strong></span> <span class='ocrx_word' id='word_1_727' title='bbox 1413 5341 1473 5393; x_wconf 87' lang='lat' dir='ltr'><strong>de</strong></span> <span class='ocrx_word' id='word_1_728' title='bbox 1497 5341 1684 5411; x_wconf 24' lang='lat' dir='ltr'><strong>qui‘bus</strong></span> <span class='ocrx_word' id='word_1_729' title='bbox 1698 5336 1886 5411; x_wconf 77' lang='lat' dir='ltr'><strong>aiebat</strong></span> <span class='ocrx_word' id='word_1_730' title='bbox 1913 5336 2124 5394; x_wconf 79' lang='lat' dir='ltr'><strong>sanctus</strong></span> <span class='ocrx_word' id='word_1_731' title='bbox 2139 5341 2364 5411; x_wconf 70' lang='lat' dir='ltr'><strong>Cypria—</strong></span> 
     </span>
    </p>
   </div>
   <div class='ocr_carea' id='block_1_93' title="bbox 841 5407 2365 5476">
    <p class='ocr_par' dir='ltr' id='par_1_93' title="bbox 841 5407 2365 5476">
     <span class='ocr_line' id='line_1_96' title="bbox 841 5407 2365 5476; baseline 0.005 -18"><span class='ocrx_word' id='word_1_732' title='bbox 841 5422 940 5458; x_wconf 87' lang='lat' dir='ltr'><strong>nus</strong></span> <span class='ocrx_word' id='word_1_733' title='bbox 970 5407 1062 5476; x_wconf 74' lang='lat' dir='ltr'><strong>lib.</strong></span> <span class='ocrx_word' id='word_1_734' title='bbox 1093 5409 1165 5460; x_wconf 89' lang='lat' dir='ltr'><strong>De</strong></span> <span class='ocrx_word' id='word_1_735' title='bbox 1192 5419 1417 5476; x_wconf 85' lang='lat' dir='ltr'><strong>spectac.</strong></span> <span class='ocrx_word' id='word_1_736' title='bbox 1449 5423 1550 5460; x_wconf 92' lang='lat' dir='ltr'><strong>non</strong></span> <span class='ocrx_word' id='word_1_737' title='bbox 1581 5407 1727 5476; x_wconf 78' lang='lat' dir='ltr'><strong>longe</strong></span> <span class='ocrx_word' id='word_1_738' title='bbox 1749 5423 1777 5459; x_wconf 90' lang='lat' dir='ltr'><strong>a</strong></span> <span class='ocrx_word' id='word_1_739' title='bbox 1813 5410 1978 5476; x_wconf 87' lang='lat' dir='ltr'><strong>princ.</strong></span> <span class='ocrx_word' id='word_1_740' title='bbox 2023 5426 2034 5460; x_wconf 90' lang='lat'><strong>:</strong></span> <span class='ocrx_word' id='word_1_741' title='bbox 2081 5427 2098 5458; x_wconf 73' lang='grc' dir='ltr'>ι</span> <span class='ocrx_word' id='word_1_742' title='bbox 2139 5407 2250 5463; x_wconf 81' lang='lat' dir='ltr'><strong>Non</strong></span> <span class='ocrx_word' id='word_1_743' title='bbox 2276 5413 2365 5464; x_wconf 86' lang='lat' dir='ltr'><strong>de-</strong></span> 
     </span>
    </p>
   </div>
   <div class='ocr_carea' id='block_1_94' title="bbox 843 5445 2370 5546">
    <p class='ocr_par' dir='ltr' id='par_1_94' title="bbox 843 5445 2370 5546">
     <span class='ocr_line' id='line_1_97' title="bbox 843 5445 2370 5546; baseline 0.005 -22"><span class='ocrx_word' id='word_1_744' title='bbox 843 5482 965 5526; x_wconf 74' lang='lat' dir='ltr'><strong>sunt</strong></span> <span class='ocrx_word' id='word_1_745' title='bbox 1019 5445 1266 5546; x_wconf 58' lang='lat' dir='ltr'><strong>vitiorum</strong></span> <span class='ocrx_word' id='word_1_746' title='bbox 1321 5485 1618 5546; x_wconf 79' lang='lat' dir='ltr'><strong>assertores</strong></span> <span class='ocrx_word' id='word_1_747' title='bbox 1640 5445 1854 5546; x_wconf 46' lang='lat' dir='ltr'><strong>blandi&quot;,</strong></span> <span class='ocrx_word' id='word_1_748' title='bbox 1897 5445 1978 5530; x_wconf 46' lang='lat' dir='ltr'><strong>let.</strong></span> <span class='ocrx_word' id='word_1_749' title='bbox 2023 5445 2370 5546; x_wconf 40' lang='lat' dir='ltr'><strong>indulgemus</strong></span> 
     </span>
    </p>
   </div>
   <div class='ocr_carea' id='block_1_95' title="bbox 847 5542 2364 5611">
    <p class='ocr_par' dir='ltr' id='par_1_95' title="bbox 847 5542 2364 5611">
     <span class='ocr_line' id='line_1_98' title="bbox 847 5542 2364 5611; baseline 0.004 -19"><span class='ocrx_word' id='word_1_750' title='bbox 847 5542 1085 5611; x_wconf 84' lang='lat' dir='ltr'><strong>patroni,</strong></span> <span class='ocrx_word' id='word_1_751' title='bbox 1150 5545 1235 5610; x_wconf 91' lang='lat' dir='ltr'><strong>qui</strong></span> <span class='ocrx_word' id='word_1_752' title='bbox 1291 5551 1540 5610; x_wconf 63' lang='lat' dir='ltr'><strong>praestant</strong></span> <span class='ocrx_word' id='word_1_753' title='bbox 1572 5543 1712 5611; x_wconf 86' lang='lat' dir='ltr'><strong>vitiis</strong></span> <span class='ocrx_word' id='word_1_754' title='bbox 1749 5543 2132 5600; x_wconf 77' lang='lat' dir='ltr'><strong>auctoritatem.</strong></span> <span class='ocrx_word' id='word_1_755' title='bbox 2156 5542 2364 5611; x_wconf 55' lang='lat' dir='ltr'><strong>{Quod</strong></span> 
     </span>
    </p>
   </div>
   <div class='ocr_carea' id='block_1_96' title="bbox 847 5609 2367 5679">
    <p class='ocr_par' dir='ltr' id='par_1_96' title="bbox 847 5609 2367 5679">
     <span class='ocr_line' id='line_1_99' title="bbox 847 5609 2367 5679; baseline 0.005 -21"><span class='ocrx_word' id='word_1_756' title='bbox 847 5611 956 5679; x_wconf 58' lang='lat' dir='ltr'><strong>suis</strong></span> <span class='ocrx_word' id='word_1_757' title='bbox 989 5609 1190 5679; x_wconf 80' lang='lat' dir='ltr'><strong>civibus</strong></span> <span class='ocrx_word' id='word_1_758' title='bbox 1239 5609 1583 5678; x_wconf 79' lang='lat' dir='ltr'><strong>exprobrabat</strong></span> <span class='ocrx_word' id='word_1_759' title='bbox 1623 5609 1815 5661; x_wconf 70' lang='lat' dir='ltr'><strong>Seneca</strong></span> <span class='ocrx_word' id='word_1_760' title='bbox 1847 5650 1860 5669; x_wconf 94' lang='lat'><strong>,</strong></span> <span class='ocrx_word' id='word_1_761' title='bbox 1909 5614 1994 5679; x_wconf 84' lang='lat' dir='ltr'><strong>qui</strong></span> <span class='ocrx_word' id='word_1_762' title='bbox 2032 5609 2255 5666; x_wconf 80' lang='lat' dir='ltr'><strong>humana</strong></span> <span class='ocrx_word' id='word_1_763' title='bbox 2291 5613 2367 5666; x_wconf 86' lang='lat' dir='ltr'><strong>vi-</strong></span> 
     </span>
    </p>
   </div>
   <div class='ocr_carea' id='block_1_97' title="bbox 851 5677 2366 5749">
    <p class='ocr_par' dir='ltr' id='par_1_97' title="bbox 851 5677 2366 5749">
     <span class='ocr_line' id='line_1_100' title="bbox 851 5677 2366 5749; baseline 0.004 -22"><span class='ocrx_word' id='word_1_764' title='bbox 851 5677 921 5727; x_wconf 83' lang='lat' dir='ltr'><strong>tia</strong></span> <span class='ocrx_word' id='word_1_765' title='bbox 962 5677 1058 5730; x_wconf 87' lang='lat' dir='ltr'><strong>diis</strong></span> <span class='ocrx_word' id='word_1_766' title='bbox 1116 5680 1222 5730; x_wconf 86' lang='lat' dir='ltr'><strong>suis</strong></span> <span class='ocrx_word' id='word_1_767' title='bbox 1269 5677 1611 5749; x_wconf 72' lang='lat' dir='ltr'><strong>:illingcbunt,</strong></span> <span class='ocrx_word' id='word_1_768' title='bbox 1683 5686 1731 5728; x_wconf 88' lang='lat' dir='ltr'><strong>ut</strong></span> <span class='ocrx_word' id='word_1_769' title='bbox 1796 5677 2041 5743; x_wconf 66' lang='lat' dir='ltr'><strong>peccandi</strong></span> <span class='ocrx_word' id='word_1_770' title='bbox 2103 5681 2366 5734; x_wconf 71' lang='lat' dir='ltr'><strong>licentiam</strong></span> 
     </span>
    </p>
   </div>
   <div class='ocr_carea' id='block_1_98' title="bbox 2389 4786 2440 4843">
    <p class='ocr_par' dir='ltr' id='par_1_98' title="bbox 2389 4786 2440 4843">
     <span class='ocr_line' id='line_1_101' title="bbox 2389 4786 2440 4843; baseline 0 0"><span class='ocrx_word' id='word_1_771' title='bbox 2389 4786 2440 4843; x_wconf 88' lang='lat' dir='ltr'><strong>D</strong></span> 
     </span>
    </p>
   </div>
   <div class='ocr_carea' id='block_1_99' title="bbox 2456 3539 3997 3609">
    <p class='ocr_par' dir='ltr' id='par_1_99' title="bbox 2456 3539 3997 3609">
     <span class='ocr_line' id='line_1_102' title="bbox 2456 3539 3997 3609; baseline -0.001 -17"><span class='ocrx_word' id='word_1_772' title='bbox 2456 3561 2473 3592; x_wconf 71' lang='grc' dir='ltr'><strong><em>ι</em></strong></span> <span class='ocrx_word' id='word_1_773' title='bbox 2510 3543 2646 3609; x_wconf 86' lang='lat' dir='ltr'><strong>Quid</strong></span> <span class='ocrx_word' id='word_1_774' title='bbox 2664 3552 2743 3598; x_wconf 90' lang='lat' dir='ltr'><strong>est</strong></span> <span class='ocrx_word' id='word_1_775' title='bbox 2767 3543 2907 3596; x_wconf 88' lang='lat' dir='ltr'><strong>aliud</strong></span> <span class='ocrx_word' id='word_1_776' title='bbox 2938 3543 3061 3594; x_wconf 91' lang='lat' dir='ltr'><strong>vitia</strong></span> <span class='ocrx_word' id='word_1_777' title='bbox 3085 3550 3264 3596; x_wconf 88' lang='lat' dir='ltr'><strong>nostra</strong></span> <span class='ocrx_word' id='word_1_778' title='bbox 3296 3539 3593 3600; x_wconf 86' lang='lat' dir='ltr'><strong>incendere,</strong></span> <span class='ocrx_word' id='word_1_779' title='bbox 3627 3555 3786 3607; x_wconf 85' lang='lat' dir='ltr'><strong>quam</strong></span> <span class='ocrx_word' id='word_1_780' title='bbox 3818 3549 3997 3593; x_wconf 85' lang='lat' dir='ltr'><strong>aucto-</strong></span> 
     </span>
    </p>
   </div>
   <div class='ocr_carea' id='block_1_100' title="bbox 2451 3609 3997 3675">
    <p class='ocr_par' dir='ltr' id='par_1_100' title="bbox 2451 3609 3997 3675">
     <span class='ocr_line' id='line_1_103' title="bbox 2451 3609 3997 3675; baseline -0.003 -12"><span class='ocrx_word' id='word_1_781' title='bbox 2451 3627 2537 3664; x_wconf 88' lang='lat' dir='ltr'><strong>res</strong></span> <span class='ocrx_word' id='word_1_782' title='bbox 2565 3612 2668 3665; x_wconf 90' lang='lat' dir='ltr'><strong>illis</strong></span> <span class='ocrx_word' id='word_1_783' title='bbox 2693 3612 2976 3666; x_wconf 90' lang='lat' dir='ltr'><strong>inscribere</strong></span> <span class='ocrx_word' id='word_1_784' title='bbox 2997 3611 3143 3670; x_wconf 88' lang='lat' dir='ltr'><strong>deos,</strong></span> <span class='ocrx_word' id='word_1_785' title='bbox 3178 3618 3232 3662; x_wconf 92' lang='lat' dir='ltr'><strong>et</strong></span> <span class='ocrx_word' id='word_1_786' title='bbox 3257 3615 3381 3662; x_wconf 85' lang='lat' dir='ltr'><strong>dare</strong></span> <span class='ocrx_word' id='word_1_787' title='bbox 3414 3609 3616 3670; x_wconf 87' lang='lat' dir='ltr'><strong>morbo,</strong></span> <span class='ocrx_word' id='word_1_788' title='bbox 3647 3609 3893 3675; x_wconf 68' lang='lat' dir='ltr'><strong>exemplo</strong></span> <span class='ocrx_word' id='word_1_789' title='bbox 3923 3609 3997 3659; x_wconf 81' lang='lat' dir='ltr'><strong>di-</strong></span> 
     </span>
    </p>
   </div>
   <div class='ocr_carea' id='block_1_101' title="bbox 2451 3675 3997 3748">
    <p class='ocr_par' dir='ltr' id='par_1_101' title="bbox 2451 3675 3997 3748">
     <span class='ocr_line' id='line_1_104' title="bbox 2451 3675 3997 3748; baseline -0.001 -18"><span class='ocrx_word' id='word_1_790' title='bbox 2451 3681 2688 3748; x_wconf 87' lang='lat' dir='ltr'><strong>gnitatis,</strong></span> <span class='ocrx_word' id='word_1_791' title='bbox 2703 3675 3019 3748; x_wconf 76' lang='lat' dir='ltr'><strong>excusatam</strong></span> <span class='ocrx_word' id='word_1_792' title='bbox 3039 3677 3363 3748; x_wconf 55' lang='lat' dir='ltr'><strong>licentiam.)</strong></span> <span class='ocrx_word' id='word_1_793' title='bbox 3392 3675 3534 3728; x_wconf 88' lang='lat' dir='ltr'><strong>Talis</strong></span> <span class='ocrx_word' id='word_1_794' title='bbox 3556 3684 3638 3729; x_wconf 81' lang='lat' dir='ltr'><strong>est</strong></span> <span class='ocrx_word' id='word_1_795' title='bbox 3658 3675 3798 3748; x_wconf 86' lang='lat' dir='ltr'><strong>apud</strong></span> <span class='ocrx_word' id='word_1_796' title='bbox 3820 3675 3997 3729; x_wconf 85' lang='lat' dir='ltr'><strong>Pauli-</strong></span> 
     </span>
    </p>
   </div>
   <div class='ocr_carea' id='block_1_102' title="bbox 2451 3744 3994 3813">
    <p class='ocr_par' dir='ltr' id='par_1_102' title="bbox 2451 3744 3994 3813">
     <span class='ocr_line' id='line_1_105' title="bbox 2451 3744 3994 3813; baseline -0.001 -13"><span class='ocrx_word' id='word_1_797' title='bbox 2451 3744 2575 3800; x_wconf 76' lang='lat' dir='ltr'><strong>num</strong></span> <span class='ocrx_word' id='word_1_798' title='bbox 2605 3747 2785 3800; x_wconf 84' lang='lat' dir='ltr'><strong>nobilis</strong></span> <span class='ocrx_word' id='word_1_799' title='bbox 2831 3745 3003 3798; x_wconf 84' lang='lat' dir='ltr'><strong>dulcia</strong></span> <span class='ocrx_word' id='word_1_800' title='bbox 3034 3745 3181 3807; x_wconf 78' lang='lat' dir='ltr'><strong>verba</strong></span> <span class='ocrx_word' id='word_1_801' title='bbox 3223 3744 3484 3813; x_wconf 81' lang='lat' dir='ltr'><strong>proferens</strong></span> <span class='ocrx_word' id='word_1_802' title='bbox 3504 3784 3518 3807; x_wconf 95' lang='lat'><strong>,</strong></span> <span class='ocrx_word' id='word_1_803' title='bbox 3545 3744 3784 3812; x_wconf 88' lang='lat' dir='ltr'><strong>operibus</strong></span> <span class='ocrx_word' id='word_1_804' title='bbox 3822 3755 3994 3798; x_wconf 83' lang='lat' dir='ltr'><strong>tamen</strong></span> 
     </span>
    </p>
   </div>
   <div class='ocr_carea' id='block_1_103' title="bbox 2452 3815 3846 3883">
    <p class='ocr_par' dir='ltr' id='par_1_103' title="bbox 2452 3815 3846 3883">
     <span class='ocr_line' id='line_1_106' title="bbox 2452 3815 3846 3883; baseline 0 -17"><span class='ocrx_word' id='word_1_805' title='bbox 2452 3831 2607 3883; x_wconf 85' lang='lat' dir='ltr'><strong>agens</strong></span> <span class='ocrx_word' id='word_1_806' title='bbox 2637 3815 2928 3866; x_wconf 81' lang='lat' dir='ltr'><strong>contrariis.</strong></span> <span class='ocrx_word' id='word_1_807' title='bbox 2987 3881 2993 3883; x_wconf 79' lang='lat'><strong><em>_</em></strong></span> <span class='ocrx_word' id='word_1_808' title='bbox 3050 3880 3076 3883; x_wconf 26' lang='grc' dir='ltr'><strong><em>μ</em></strong></span> <span class='ocrx_word' id='word_1_809' title='bbox 3159 3880 3180 3883; x_wconf 19' lang='grc' dir='ltr'><strong>μ</strong></span> <span class='ocrx_word' id='word_1_810' title='bbox 3458 3880 3506 3883; x_wconf 87' lang='lat'><strong>__</strong></span> <span class='ocrx_word' id='word_1_811' title='bbox 3683 3879 3724 3883; x_wconf 98' lang='lat'>_</span> 
     </span>
    </p>
   </div>
   <div class='ocr_carea' id='block_1_104' title="bbox 2526 3874 4100 3950">
    <p class='ocr_par' dir='ltr' id='par_1_104' title="bbox 2526 3874 4100 3950">
     <span class='ocr_line' id='line_1_107' title="bbox 2526 3874 4100 3950; baseline -0.002 -15"><span class='ocrx_word' id='word_1_812' title='bbox 2526 3895 2548 3921; x_wconf 80' lang='grc' dir='ltr'><strong><em>ο</em></strong></span> <span class='ocrx_word' id='word_1_813' title='bbox 2590 3883 2946 3950; x_wconf 78' lang='lat' dir='ltr'><strong>Elemosynam</strong></span> <span class='ocrx_word' id='word_1_814' title='bbox 2962 3880 3121 3950; x_wconf 85' lang='lat' dir='ltr'><strong>dedit.</strong></span> <span class='ocrx_word' id='word_1_815' title='bbox 3150 3880 3352 3950; x_wconf 77' lang='lat' dir='ltr'><strong>Sensus</strong></span> <span class='ocrx_word' id='word_1_816' title='bbox 3371 3880 3667 3950; x_wconf 79' lang='lat' dir='ltr'><strong>ambiguus.</strong></span> <span class='ocrx_word' id='word_1_817' title='bbox 3683 3878 3996 3950; x_wconf 77' lang='lat' dir='ltr'><strong>Explicatur</strong></span> <span class='ocrx_word' id='word_1_818' title='bbox 4093 3874 4100 3881; x_wconf 70' lang='grc'><strong>”</strong></span> 
     </span>
    </p>
   </div>
   <div class='ocr_carea' id='block_1_105' title="bbox 2453 3946 3998 4016">
    <p class='ocr_par' dir='ltr' id='par_1_105' title="bbox 2453 3946 3998 4016">
     <span class='ocr_line' id='line_1_108' title="bbox 2453 3946 3998 4016; baseline -0.003 -14"><span class='ocrx_word' id='word_1_819' title='bbox 2453 3959 2630 4004; x_wconf 88' lang='lat' dir='ltr'><strong>tamen</strong></span> <span class='ocrx_word' id='word_1_820' title='bbox 2653 3965 2717 4002; x_wconf 81' lang='lat' dir='ltr'><strong>ex</strong></span> <span class='ocrx_word' id='word_1_821' title='bbox 2747 3946 3187 4016; x_wconf 76' lang='lat' dir='ltr'><strong>consequentibus</strong></span> <span class='ocrx_word' id='word_1_822' title='bbox 3210 3987 3225 4010; x_wconf 96' lang='lat'><strong>,</strong></span> <span class='ocrx_word' id='word_1_823' title='bbox 3271 3946 3547 4016; x_wconf 72' lang='lat' dir='ltr'><strong>videlicet,</strong></span> <span class='ocrx_word' id='word_1_824' title='bbox 3578 3958 3631 3998; x_wconf 81' lang='lat' dir='ltr'><strong>ut</strong></span> <span class='ocrx_word' id='word_1_825' title='bbox 3674 3962 3768 3999; x_wconf 78' lang='lat' dir='ltr'><strong>nos</strong></span> <span class='ocrx_word' id='word_1_826' title='bbox 3804 3947 3870 3998; x_wconf 92' lang='lat' dir='ltr'><strong>ab</strong></span> <span class='ocrx_word' id='word_1_827' title='bbox 3903 3946 3998 4016; x_wconf 76' lang='lat' dir='ltr'><strong>illo</strong></span> 
     </span>
    </p>
   </div>
   <div class='ocr_carea' id='block_1_106' title="bbox 2454 4013 3997 4084">
    <p class='ocr_par' dir='ltr' id='par_1_106' title="bbox 2454 4013 3997 4084">
     <span class='ocr_line' id='line_1_109' title="bbox 2454 4013 3997 4084; baseline -0.003 -13"><span class='ocrx_word' id='word_1_828' title='bbox 2454 4019 2854 4071; x_wconf 87' lang='lat' dir='ltr'><strong>misericordiam</strong></span> <span class='ocrx_word' id='word_1_829' title='bbox 2871 4013 3254 4084; x_wconf 77' lang='lat' dir='ltr'><strong>consequamur,</strong></span> <span class='ocrx_word' id='word_1_830' title='bbox 3278 4015 3414 4067; x_wconf 88' lang='lat' dir='ltr'><strong>dedit</strong></span> <span class='ocrx_word' id='word_1_831' title='bbox 3438 4013 3831 4084; x_wconf 81' lang='lat' dir='ltr'><strong>eleemosynam,</strong></span> <span class='ocrx_word' id='word_1_832' title='bbox 3856 4013 3997 4084; x_wconf 84' lang='lat' dir='ltr'><strong>idest</strong></span> 
     </span>
    </p>
   </div>
   <div class='ocr_carea' id='block_1_107' title="bbox 2447 4083 4000 4154">
    <p class='ocr_par' dir='ltr' id='par_1_107' title="bbox 2447 4083 4000 4154">
     <span class='ocr_line' id='line_1_110' title="bbox 2447 4083 4000 4154; baseline -0.003 -16"><span class='ocrx_word' id='word_1_833' title='bbox 2447 4087 2603 4154; x_wconf 88' lang='lat' dir='ltr'><strong>jussit</strong></span> <span class='ocrx_word' id='word_1_834' title='bbox 2627 4085 3014 4154; x_wconf 79' lang='lat' dir='ltr'><strong>eleemosynam,</strong></span> <span class='ocrx_word' id='word_1_835' title='bbox 3034 4083 3093 4154; x_wconf 73' lang='lat' dir='ltr'><strong>ut</strong></span> <span class='ocrx_word' id='word_1_836' title='bbox 3113 4101 3206 4146; x_wconf 85' lang='lat' dir='ltr'><strong>nos</strong></span> <span class='ocrx_word' id='word_1_837' title='bbox 3230 4083 3554 4154; x_wconf 59' lang='lat' dir='ltr'><strong>elemosynis</strong></span> <span class='ocrx_word' id='word_1_838' title='bbox 3578 4084 3765 4154; x_wconf 71' lang='lat' dir='ltr'><strong>nostris</strong></span> <span class='ocrx_word' id='word_1_839' title='bbox 3787 4083 4000 4151; x_wconf 84' lang='lat' dir='ltr'><strong>partiri-</strong></span> 
     </span>
    </p>
   </div>
   <div class='ocr_carea' id='block_1_108' title="bbox 2455 4149 4002 4222">
    <p class='ocr_par' dir='ltr' id='par_1_108' title="bbox 2455 4149 4002 4222">
     <span class='ocr_line' id='line_1_111' title="bbox 2455 4149 4002 4222; baseline -0.003 -15"><span class='ocrx_word' id='word_1_840' title='bbox 2455 4149 2540 4222; x_wconf 83' lang='lat' dir='ltr'><strong>pes</strong></span> <span class='ocrx_word' id='word_1_841' title='bbox 2564 4155 2702 4222; x_wconf 80' lang='lat' dir='ltr'><strong>regni</strong></span> <span class='ocrx_word' id='word_1_842' title='bbox 2725 4149 2966 4205; x_wconf 51' lang='lat' dir='ltr'><strong>cmlo&#39;rum</strong></span> <span class='ocrx_word' id='word_1_843' title='bbox 2993 4152 3242 4222; x_wconf 63' lang='lat' dir='ltr'><strong>eﬁiceret.’</strong></span> <span class='ocrx_word' id='word_1_844' title='bbox 3263 4149 3484 4222; x_wconf 79' lang='lat' dir='ltr'><strong>Perinde</strong></span> <span class='ocrx_word' id='word_1_845' title='bbox 3510 4167 3572 4222; x_wconf 77' lang='lat' dir='ltr'><strong>ac</strong></span> <span class='ocrx_word' id='word_1_846' title='bbox 3593 4151 3636 4206; x_wconf 87' lang='lat' dir='ltr'><strong>si</strong></span> <span class='ocrx_word' id='word_1_847' title='bbox 3665 4149 3872 4222; x_wconf 81' lang='lat' dir='ltr'><strong>diceret</strong></span> <span class='ocrx_word' id='word_1_848' title='bbox 3901 4168 3913 4202; x_wconf 89' lang='lat'>:</span> <span class='ocrx_word' id='word_1_849' title='bbox 3945 4157 4002 4222; x_wconf 82' lang='lat' dir='ltr'><strong>ut</strong></span> 
     </span>
    </p>
   </div>
   <div class='ocr_carea' id='block_1_109' title="bbox 2457 4217 4001 4288">
    <p class='ocr_par' dir='ltr' id='par_1_109' title="bbox 2457 4217 4001 4288">
     <span class='ocr_line' id='line_1_112' title="bbox 2457 4217 4001 4288; baseline -0.003 -13"><span class='ocrx_word' id='word_1_850' title='bbox 2457 4217 2552 4275; x_wconf 83' lang='lat' dir='ltr'><strong>nos</strong></span> <span class='ocrx_word' id='word_1_851' title='bbox 2578 4217 2998 4288; x_wconf 78' lang='lat' dir='ltr'><strong>promereremur</strong></span> <span class='ocrx_word' id='word_1_852' title='bbox 3018 4217 3222 4273; x_wconf 70' lang='lat' dir='ltr'><strong>actibus</strong></span> <span class='ocrx_word' id='word_1_853' title='bbox 3245 4220 3630 4288; x_wconf 54' lang='lat' dir='ltr'><strong>misericordia</strong></span> <span class='ocrx_word' id='word_1_854' title='bbox 3649 4232 3764 4285; x_wconf 67' lang='lat' dir='ltr'><strong>ejus</strong></span> <span class='ocrx_word' id='word_1_855' title='bbox 3786 4217 4001 4272; x_wconf 81' lang='lat' dir='ltr'><strong>miseri-</strong></span> 
     </span>
    </p>
   </div>
   <div class='ocr_carea' id='block_1_110' title="bbox 2457 4285 4003 4355">
    <p class='ocr_par' dir='ltr' id='par_1_110' title="bbox 2457 4285 4003 4355">
     <span class='ocr_line' id='line_1_113' title="bbox 2457 4285 4003 4355; baseline -0.004 -12"><span class='ocrx_word' id='word_1_856' title='bbox 2457 4285 2722 4350; x_wconf 58' lang='lat' dir='ltr'><strong>cord&#39;iatn,</strong></span> <span class='ocrx_word' id='word_1_857' title='bbox 2779 4289 2922 4342; x_wconf 88' lang='lat' dir='ltr'><strong>dedit</strong></span> <span class='ocrx_word' id='word_1_858' title='bbox 2966 4298 3284 4355; x_wconf 64' lang='lat' dir='ltr'><strong>praeceptum</strong></span> <span class='ocrx_word' id='word_1_859' title='bbox 3314 4285 3538 4355; x_wconf 78' lang='lat' dir='ltr'><strong>faciendi</strong></span> <span class='ocrx_word' id='word_1_860' title='bbox 3586 4286 4003 4355; x_wconf 81' lang='lat' dir='ltr'><strong>eleemosynam,</strong></span> 
     </span>
    </p>
   </div>
   <div class='ocr_carea' id='block_1_111' title="bbox 2460 4352 3993 4423">
    <p class='ocr_par' dir='ltr' id='par_1_111' title="bbox 2460 4352 3993 4423">
     <span class='ocr_line' id='line_1_114' title="bbox 2460 4352 3993 4423; baseline -0.003 -13"><span class='ocrx_word' id='word_1_861' title='bbox 2460 4357 2710 4418; x_wconf 80' lang='lat' dir='ltr'><strong>nou‘sibi,</strong></span> <span class='ocrx_word' id='word_1_862' title='bbox 2740 4356 2830 4423; x_wconf 89' lang='lat' dir='ltr'><strong>qui</strong></span> <span class='ocrx_word' id='word_1_863' title='bbox 2856 4352 3290 4423; x_wconf 46' lang='lat' dir='ltr'><strong>non—indigebat,</strong></span> <span class='ocrx_word' id='word_1_864' title='bbox 3319 4352 3411 4409; x_wconf 87' lang='lat' dir='ltr'><strong>sed</strong></span> <span class='ocrx_word' id='word_1_865' title='bbox 3439 4355 3592 4408; x_wconf 79' lang='lat' dir='ltr'><strong>nobis</strong></span> <span class='ocrx_word' id='word_1_866' title='bbox 3623 4368 3717 4408; x_wconf 87' lang='lat' dir='ltr'><strong>sua</strong></span> <span class='ocrx_word' id='word_1_867' title='bbox 3748 4352 3993 4423; x_wconf 47' lang='lat' dir='ltr'><strong>indigens</strong></span> 
     </span>
    </p>
   </div>
   <div class='ocr_carea' id='block_1_112' title="bbox 2461 4421 4004 4488">
    <p class='ocr_par' dir='ltr' id='par_1_112' title="bbox 2461 4421 4004 4488">
     <span class='ocr_line' id='line_1_115' title="bbox 2461 4421 4004 4488; baseline -0.001 -12"><span class='ocrx_word' id='word_1_868' title='bbox 2461 4426 2600 4480; x_wconf 85' lang='lat' dir='ltr'><strong>tibus</strong></span> <span class='ocrx_word' id='word_1_869' title='bbox 2639 4421 2998 4478; x_wconf 77' lang='lat' dir='ltr'><strong>misericordia</strong></span> <span class='ocrx_word' id='word_1_870' title='bbox 3027 4421 3334 4486; x_wconf 81' lang='lat' dir='ltr'><strong>consulens;</strong></span> <span class='ocrx_word' id='word_1_871' title='bbox 3373 4423 3415 4476; x_wconf 89' lang='lat' dir='ltr'><strong>si</strong></span> <span class='ocrx_word' id='word_1_872' title='bbox 3443 4429 3620 4488; x_wconf 90' lang='lat' dir='ltr'><strong>autem</strong></span> <span class='ocrx_word' id='word_1_873' title='bbox 3657 4421 3890 4475; x_wconf 84' lang='lat' dir='ltr'><strong>attendis</strong></span> <span class='ocrx_word' id='word_1_874' title='bbox 3938 4421 4004 4474; x_wconf 90' lang='lat' dir='ltr'><strong>ad</strong></span> 
     </span>
    </p>
   </div>
   <div class='ocr_carea' id='block_1_113' title="bbox 2460 4488 4002 4558">
    <p class='ocr_par' dir='ltr' id='par_1_113' title="bbox 2460 4488 4002 4558">
     <span class='ocr_line' id='line_1_116' title="bbox 2460 4488 4002 4558; baseline -0.003 -13"><span class='ocrx_word' id='word_1_875' title='bbox 2460 4494 2841 4555; x_wconf 85' lang='lat' dir='ltr'><strong>antecedentia,</strong></span> <span class='ocrx_word' id='word_1_876' title='bbox 2877 4506 3084 4558; x_wconf 85' lang='lat' dir='ltr'><strong>nempe,</strong></span> <span class='ocrx_word' id='word_1_877' title='bbox 3109 4492 3395 4544; x_wconf 80' lang='lat' dir='ltr'><strong>misericors</strong></span> <span class='ocrx_word' id='word_1_878' title='bbox 3417 4500 3488 4544; x_wconf 86' lang='lat' dir='ltr'><strong>est</strong></span> <span class='ocrx_word' id='word_1_879' title='bbox 3523 4489 3774 4558; x_wconf 74' lang='lat' dir='ltr'><strong>Dominus</strong></span> <span class='ocrx_word' id='word_1_880' title='bbox 3791 4528 3806 4552; x_wconf 95' lang='lat'><strong>,</strong></span> <span class='ocrx_word' id='word_1_881' title='bbox 3830 4499 3878 4542; x_wconf 90' lang='lat' dir='ltr'><strong>et</strong></span> <span class='ocrx_word' id='word_1_882' title='bbox 3900 4488 4002 4541; x_wconf 83' lang='lat' dir='ltr'><strong>mi-</strong></span> 
     </span>
    </p>
   </div>
   <div class='ocr_carea' id='block_1_114' title="bbox 2460 4557 4003 4626">
    <p class='ocr_par' dir='ltr' id='par_1_114' title="bbox 2460 4557 4003 4626">
     <span class='ocr_line' id='line_1_117' title="bbox 2460 4557 4003 4626; baseline -0.005 -13"><span class='ocrx_word' id='word_1_883' title='bbox 2460 4561 2790 4613; x_wconf 77' lang='lat' dir='ltr'><strong>sericordiam</strong></span> <span class='ocrx_word' id='word_1_884' title='bbox 2817 4557 3023 4626; x_wconf 68' lang='lat' dir='ltr'><strong>prestat</strong></span> <span class='ocrx_word' id='word_1_885' title='bbox 3044 4598 3059 4621; x_wconf 93' lang='lat'><strong>,</strong></span> <span class='ocrx_word' id='word_1_886' title='bbox 3095 4559 3232 4612; x_wconf 88' lang='lat' dir='ltr'><strong>idem</strong></span> <span class='ocrx_word' id='word_1_887' title='bbox 3256 4560 3464 4613; x_wconf 88' lang='lat' dir='ltr'><strong>videtur</strong></span> <span class='ocrx_word' id='word_1_888' title='bbox 3483 4572 3601 4612; x_wconf 83' lang='lat' dir='ltr'><strong>esse</strong></span> <span class='ocrx_word' id='word_1_889' title='bbox 3627 4557 4003 4626; x_wconf 72' lang='lat' dir='ltr'><strong>deeiuosynaus</strong></span> 
     </span>
    </p>
   </div>
   <div class='ocr_carea' id='block_1_115' title="bbox 2461 4623 4006 4694">
    <p class='ocr_par' dir='ltr' id='par_1_115' title="bbox 2461 4623 4006 4694">
     <span class='ocr_line' id='line_1_118' title="bbox 2461 4623 4006 4694; baseline -0.002 -14"><span class='ocrx_word' id='word_1_890' title='bbox 2461 4629 2600 4680; x_wconf 88' lang='lat' dir='ltr'><strong>dedit</strong></span> <span class='ocrx_word' id='word_1_891' title='bbox 2648 4643 2708 4678; x_wconf 88' lang='lat' dir='ltr'><strong>ac</strong></span> <span class='ocrx_word' id='word_1_892' title='bbox 2734 4623 3137 4680; x_wconf 79' lang='lat' dir='ltr'><strong>misericordiam</strong></span> <span class='ocrx_word' id='word_1_893' title='bbox 3167 4627 3402 4694; x_wconf 67' lang='lat' dir='ltr'><strong>praestitit</strong></span> <span class='ocrx_word' id='word_1_894' title='bbox 3432 4665 3451 4694; x_wconf 81' lang='lat'><strong>,</strong></span> <span class='ocrx_word' id='word_1_895' title='bbox 3495 4633 3704 4692; x_wconf 86' lang='lat' dir='ltr'><strong>sumpto</strong></span> <span class='ocrx_word' id='word_1_896' title='bbox 3743 4623 4006 4694; x_wconf 74' lang='lat' dir='ltr'><strong>vocabulo</strong></span> 
     </span>
    </p>
   </div>
   <div class='ocr_carea' id='block_1_116' title="bbox 2461 4691 4004 4775">
    <p class='ocr_par' dir='ltr' id='par_1_116' title="bbox 2461 4691 4004 4775">
     <span class='ocr_line' id='line_1_119' title="bbox 2461 4691 4004 4775; baseline -0.003 -26"><span class='ocrx_word' id='word_1_897' title='bbox 2461 4695 2666 4775; x_wconf 68' lang='lat' dir='ltr'><strong>Graeco,</strong></span> <span class='ocrx_word' id='word_1_898' title='bbox 2695 4708 2799 4760; x_wconf 93' lang='lat' dir='ltr'><strong>quo</strong></span> <span class='ocrx_word' id='word_1_899' title='bbox 2824 4708 2917 4772; x_wconf 82' lang='lat' dir='ltr'><strong>nos</strong></span> <span class='ocrx_word' id='word_1_900' title='bbox 2943 4694 3129 4760; x_wconf 88' lang='lat' dir='ltr'><strong>stipem</strong></span> <span class='ocrx_word' id='word_1_901' title='bbox 3159 4691 3398 4775; x_wconf 56' lang='lat' dir='ltr'><strong>pauperi»</strong></span> <span class='ocrx_word' id='word_1_902' title='bbox 3420 4691 3650 4775; x_wconf 67' lang='lat' dir='ltr'><strong>dandam</strong></span> <span class='ocrx_word' id='word_1_903' title='bbox 3682 4691 3797 4772; x_wconf 45' lang='lat' dir='ltr'><strong>_vel.</strong></span> <span class='ocrx_word' id='word_1_904' title='bbox 3824 4692 4004 4775; x_wconf 59' lang='lat' dir='ltr'><strong>datam</strong></span> 
     </span>
    </p>
   </div>
   <div class='ocr_carea' id='block_1_117' title="bbox 2465 4759 4002 4830">
    <p class='ocr_par' dir='ltr' id='par_1_117' title="bbox 2465 4759 4002 4830">
     <span class='ocr_line' id='line_1_120' title="bbox 2465 4759 4002 4830; baseline -0.004 -15"><span class='ocrx_word' id='word_1_905' title='bbox 2465 4759 2800 4830; x_wconf 79' lang='lat' dir='ltr'><strong>appellamus,</strong></span> <span class='ocrx_word' id='word_1_906' title='bbox 2816 4767 2910 4830; x_wconf 88' lang='lat' dir='ltr'><strong>pro</strong></span> <span class='ocrx_word' id='word_1_907' title='bbox 2930 4759 3025 4815; x_wconf 90' lang='lat' dir='ltr'><strong>suo</strong></span> <span class='ocrx_word' id='word_1_908' title='bbox 3048 4759 3391 4830; x_wconf 55' lang='lat' dir='ltr'><strong>agquivﬂente</strong></span> <span class='ocrx_word' id='word_1_909' title='bbox 3420 4761 3606 4814; x_wconf 84' lang='lat' dir='ltr'><strong>Latino</strong></span> <span class='ocrx_word' id='word_1_910' title='bbox 3624 4759 4002 4830; x_wconf 75' lang='lat' dir='ltr'><strong>misericordia.</strong></span> 
     </span>
    </p>
   </div>
   <div class='ocr_carea' id='block_1_118' title="bbox 2466 4827 4003 4898">
    <p class='ocr_par' dir='ltr' id='par_1_118' title="bbox 2466 4827 4003 4898">
     <span class='ocr_line' id='line_1_121' title="bbox 2466 4827 4003 4898; baseline -0.001 -17"><span class='ocrx_word' id='word_1_911' title='bbox 2466 4827 2579 4895; x_wconf 72' lang='lat' dir='ltr'><strong>Quo</strong></span> <span class='ocrx_word' id='word_1_912' title='bbox 2615 4827 2769 4883; x_wconf 81' lang='lat' dir='ltr'><strong>scnsu</strong></span> <span class='ocrx_word' id='word_1_913' title='bbox 2818 4827 2871 4881; x_wconf 82' lang='lat' dir='ltr'><strong>et</strong></span> <span class='ocrx_word' id='word_1_914' title='bbox 2923 4830 3019 4898; x_wconf 92' lang='lat' dir='ltr'><strong>ipsi</strong></span> <span class='ocrx_word' id='word_1_915' title='bbox 3066 4827 3235 4898; x_wconf 65' lang='lat' dir='ltr'><strong>Graeci</strong></span> <span class='ocrx_word' id='word_1_916' title='bbox 3262 4831 3584 4898; x_wconf 80' lang='lat' dir='ltr'><strong>quandoque</strong></span> <span class='ocrx_word' id='word_1_917' title='bbox 3610 4827 3841 4898; x_wconf 80' lang='lat' dir='ltr'><strong>verbum</strong></span> <span class='ocrx_word' id='word_1_918' title='bbox 3869 4827 4003 4888; x_wconf 84' lang='lat' dir='ltr'><strong>hoc,</strong></span> 
     </span>
    </p>
   </div>
   <div class='ocr_carea' id='block_1_119' title="bbox 2465 4894 4005 4965">
    <p class='ocr_par' dir='ltr' id='par_1_119' title="bbox 2465 4894 4005 4965">
     <span class='ocr_line' id='line_1_122' title="bbox 2465 4894 4005 4965; baseline -0.001 -17"><span class='ocrx_word' id='word_1_919' title='bbox 2465 4894 2821 4965; x_wconf 47' lang='lat' dir='ltr'><strong>eiecmosynay</strong></span> <span class='ocrx_word' id='word_1_920' title='bbox 2857 4894 3381 4965; x_wconf 63' lang='lat' dir='ltr'><strong>ad&#39;misericordiam</strong></span> <span class='ocrx_word' id='word_1_921' title='bbox 3432 4894 3752 4950; x_wconf 85' lang='lat' dir='ltr'><strong>innuendam</strong></span> <span class='ocrx_word' id='word_1_922' title='bbox 3778 4909 4005 4962; x_wconf 58' lang='lat' dir='ltr'><strong>usui-pa-</strong></span> 
     </span>
    </p>
   </div>
   <div class='ocr_carea' id='block_1_120' title="bbox 2467 4956 4001 5035">
    <p class='ocr_par' dir='ltr' id='par_1_120' title="bbox 2467 4956 4001 5035">
     <span class='ocr_line' id='line_1_123' title="bbox 2467 4956 4001 5035; baseline 0 0"><span class='ocrx_word' id='word_1_923' title='bbox 2467 4974 2609 5035; x_wconf 57' lang='lat' dir='ltr'><strong>runt.</strong></span> <span class='ocrx_word' id='word_1_924' title='bbox 2636 4956 2751 5032; x_wconf 68' lang='grc' dir='ltr'><strong>αὖω</strong></span> <span class='ocrx_word' id='word_1_925' title='bbox 2763 4956 3066 5035; x_wconf 56' lang='lat' dir='ltr'><strong>meminit!</strong></span> <span class='ocrx_word' id='word_1_926' title='bbox 3078 4956 3231 5035; x_wconf 63' lang='grc' dir='ltr'><strong>γύιεο</strong></span> <span class='ocrx_word' id='word_1_927' title='bbox 3249 4963 3318 5035; x_wconf 65' lang='lat' dir='ltr'><strong>as</strong></span> <span class='ocrx_word' id='word_1_928' title='bbox 3330 4986 3402 5035; x_wconf 67' lang='grc' dir='ltr'><strong>πει</strong></span> <span class='ocrx_word' id='word_1_929' title='bbox 3415 4980 3523 5035; x_wconf 65' lang='lat' dir='ltr'><strong>non</strong></span> <span class='ocrx_word' id='word_1_930' title='bbox 3539 4965 3844 5035; x_wconf 59' lang='grc' dir='ltr'><strong>ελεημοςτὺγη</strong></span> <span class='ocrx_word' id='word_1_931' title='bbox 3855 4956 4001 5035; x_wconf 67' lang='grc' dir='ltr'><strong><em>αἱφ-</em></strong></span> 
     </span>
    </p>
   </div>
   <div class='ocr_carea' id='block_1_121' title="bbox 2467 5029 4003 5154">
    <p class='ocr_par' dir='ltr' id='par_1_121' title="bbox 2467 5029 4003 5154">
     <span class='ocr_line' id='line_1_124' title="bbox 2467 5029 4003 5154; baseline -0.001 -69"><span class='ocrx_word' id='word_1_932' title='bbox 2467 5029 2694 5154; x_wconf 47' lang='lat' dir='ltr'><strong>Elimia-</strong></span> <span class='ocrx_word' id='word_1_933' title='bbox 2709 5029 2997 5152; x_wconf 47' lang='lat' dir='ltr'><strong>apitgiipsos</strong></span> <span class='ocrx_word' id='word_1_934' title='bbox 3011 5029 3220 5087; x_wconf 68' lang='lat' dir='ltr'><strong>dicitur.</strong></span> <span class='ocrx_word' id='word_1_935' title='bbox 3237 5034 3327 5087; x_wconf 86' lang='lat' dir='ltr'><strong>Sic</strong></span> <span class='ocrx_word' id='word_1_936' title='bbox 3339 5029 3694 5087; x_wconf 78' lang='lat' dir='ltr'><strong>Callimachus</strong></span> <span class='ocrx_word' id='word_1_937' title='bbox 3709 5031 3764 5084; x_wconf 81' lang='lat' dir='ltr'><strong>in</strong></span> <span class='ocrx_word' id='word_1_938' title='bbox 3779 5031 3929 5100; x_wconf 82' lang='lat' dir='ltr'><strong>hym.</strong></span> <span class='ocrx_word' id='word_1_939' title='bbox 3947 5029 4003 5083; x_wconf 82' lang='lat' dir='ltr'><strong>in</strong></span> 
     </span>
     <span class='ocr_line' id='line_1_125' title="bbox 2565 5115 2892 5154; baseline -0.003 -1"><span class='ocrx_word' id='word_1_940' title='bbox 2565 5116 2672 5154; x_wconf 92' lang='lat' dir='ltr'><strong>um.</strong></span> <span class='ocrx_word' id='word_1_941' title='bbox 2697 5115 2749 5154; x_wconf 90' lang='lat' dir='ltr'><strong>v.</strong></span> <span class='ocrx_word' id='word_1_942' title='bbox 2879 5139 2892 5152; x_wconf 94' lang='lat'><strong>.</strong></span> 
     </span>
    </p>
   </div>
   <div class='ocr_carea' id='block_1_122' title="bbox 2565 5115 2892 5164">
    <p class='ocr_par' dir='ltr' id='par_1_122' title="bbox 2565 5115 2892 5164">
     <span class='ocr_line' id='line_1_126' title="bbox 2565 5115 2892 5164; baseline -0.006 -11"><span class='ocrx_word' id='word_1_943' title='bbox 2565 5116 2672 5164; x_wconf 92' lang='lat' dir='ltr'><strong>um,</strong></span> <span class='ocrx_word' id='word_1_944' title='bbox 2697 5115 2749 5154; x_wconf 94' lang='lat' dir='ltr'><strong>v.</strong></span> <span class='ocrx_word' id='word_1_945' title='bbox 2775 5115 2892 5152; x_wconf 72' lang='grc' dir='ltr'><strong>ιθι.</strong></span> 
     </span>
    </p>
   </div>
   <div class='ocr_carea' id='block_1_123' title="bbox 2609 5183 3762 5256">
    <p class='ocr_par' dir='ltr' id='par_1_123' title="bbox 2609 5183 3762 5256">
     <span class='ocr_line' id='line_1_127' title="bbox 2609 5183 3762 5256; baseline 0.003 -18"><span class='ocrx_word' id='word_1_946' title='bbox 2609 5224 2670 5256; x_wconf 82' lang='lat'><strong>...</strong></span> <span class='ocrx_word' id='word_1_947' title='bbox 2697 5194 2764 5256; x_wconf 67' lang='grc' dir='ltr'><strong>μὴ</strong></span> <span class='ocrx_word' id='word_1_948' title='bbox 2792 5189 2903 5256; x_wconf 71' lang='grc' dir='ltr'><strong>σύγ’</strong></span> <span class='ocrx_word' id='word_1_949' title='bbox 2931 5190 3060 5255; x_wconf 72' lang='grc' dir='ltr'><strong>ἐμεῖο</strong></span> <span class='ocrx_word' id='word_1_950' title='bbox 3087 5189 3218 5254; x_wconf 72' lang='grc' dir='ltr'><strong>πάθῃ</strong></span> <span class='ocrx_word' id='word_1_951' title='bbox 3244 5188 3381 5240; x_wconf 61' lang='grc' dir='ltr'><strong>κακὸν</strong></span> <span class='ocrx_word' id='word_1_952' title='bbox 3401 5196 3563 5252; x_wconf 67' lang='lat' dir='ltr'><strong>lusu,</strong></span> <span class='ocrx_word' id='word_1_953' title='bbox 3590 5193 3678 5246; x_wconf 71' lang='lat' dir='ltr'><strong>vi:</strong></span> <span class='ocrx_word' id='word_1_954' title='bbox 3707 5183 3762 5241; x_wconf 65' lang='grc' dir='ltr'><em>δέ</em></span> 
     </span>
    </p>
   </div>
   <div class='ocr_carea' id='block_1_124' title="bbox 2606 5253 3101 5324">
    <p class='ocr_par' dir='ltr' id='par_1_124' title="bbox 2606 5253 3101 5324">
     <span class='ocr_line' id='line_1_128' title="bbox 2606 5253 3101 5324; baseline -0.008 -16"><span class='ocrx_word' id='word_1_955' title='bbox 2606 5253 2730 5310; x_wconf 61' lang='grc' dir='ltr'><strong>’ω’</strong></span> <span class='ocrx_word' id='word_1_956' title='bbox 2759 5253 3101 5324; x_wconf 43' lang='lat' dir='ltr'><strong>tantum“.</strong></span> 
     </span>
    </p>
   </div>
   <div class='ocr_carea' id='block_1_125' title="bbox 2466 5341 4002 5411">
    <p class='ocr_par' dir='ltr' id='par_1_125' title="bbox 2466 5341 4002 5411">
     <span class='ocr_line' id='line_1_129' title="bbox 2466 5341 4002 5411; baseline -0.001 -16"><span class='ocrx_word' id='word_1_957' title='bbox 2466 5342 2643 5399; x_wconf 79' lang='lat' dir='ltr'><strong>...Nec</strong></span> <span class='ocrx_word' id='word_1_958' title='bbox 2673 5344 2888 5411; x_wconf 82' lang='lat' dir='ltr'><strong>patiaris</strong></span> <span class='ocrx_word' id='word_1_959' title='bbox 2925 5341 3121 5411; x_wconf 72' lang='lat' dir='ltr'><strong>aduersi</strong></span> <span class='ocrx_word' id='word_1_960' title='bbox 3175 5342 3298 5411; x_wconf 83' lang='lat' dir='ltr'><strong>quid</strong></span> <span class='ocrx_word' id='word_1_961' title='bbox 3328 5346 3423 5398; x_wconf 82' lang='lat' dir='ltr'><strong>mei</strong></span> <span class='ocrx_word' id='word_1_962' title='bbox 3468 5359 3659 5407; x_wconf 77' lang='lat' dir='ltr'><strong>causa,</strong></span> <span class='ocrx_word' id='word_1_963' title='bbox 3701 5343 3875 5411; x_wconf 61' lang='lat' dir='ltr'><strong>istiuas</strong></span> <span class='ocrx_word' id='word_1_964' title='bbox 3911 5355 4002 5410; x_wconf 74' lang='lat' dir='ltr'><strong>pro</strong></span> 
     </span>
    </p>
   </div>
   <div class='ocr_carea' id='block_1_126' title="bbox 2464 5409 4001 5478">
    <p class='ocr_par' dir='ltr' id='par_1_126' title="bbox 2464 5409 4001 5478">
     <span class='ocr_line' id='line_1_130' title="bbox 2464 5409 4001 5478; baseline 0 -15"><span class='ocrx_word' id='word_1_965' title='bbox 2464 5409 2833 5463; x_wconf 66' lang='lat' dir='ltr'><strong>misericordia.</strong></span> <span class='ocrx_word' id='word_1_966' title='bbox 2863 5409 2953 5463; x_wconf 81' lang='lat' dir='ltr'><strong>Vel</strong></span> <span class='ocrx_word' id='word_1_967' title='bbox 2983 5409 3195 5477; x_wconf 78' lang='lat' dir='ltr'><strong>tandem</strong></span> <span class='ocrx_word' id='word_1_968' title='bbox 3211 5413 3265 5464; x_wconf 71' lang='grc' dir='ltr'><strong>τὸ</strong></span> <span class='ocrx_word' id='word_1_969' title='bbox 3284 5411 3648 5478; x_wconf 78' lang='lat' dir='ltr'><strong>eieemosynam</strong></span> <span class='ocrx_word' id='word_1_970' title='bbox 3676 5409 3816 5462; x_wconf 85' lang='lat' dir='ltr'><strong>dedit</strong></span> <span class='ocrx_word' id='word_1_971' title='bbox 3862 5409 4001 5463; x_wconf 74' lang='lat' dir='ltr'><strong>hunc</strong></span> 
     </span>
    </p>
   </div>
   <div class='ocr_carea' id='block_1_127' title="bbox 2464 5477 4000 5546">
    <p class='ocr_par' dir='ltr' id='par_1_127' title="bbox 2464 5477 4000 5546">
     <span class='ocr_line' id='line_1_131' title="bbox 2464 5477 4000 5546; baseline 0.001 -16"><span class='ocrx_word' id='word_1_972' title='bbox 2464 5493 2674 5532; x_wconf 87' lang='lat' dir='ltr'><strong>sensum</strong></span> <span class='ocrx_word' id='word_1_973' title='bbox 2701 5479 2896 5531; x_wconf 85' lang='lat' dir='ltr'><strong>habere</strong></span> <span class='ocrx_word' id='word_1_974' title='bbox 2935 5483 3126 5546; x_wconf 61' lang='lat' dir='ltr'><strong>potes.</strong></span> <span class='ocrx_word' id='word_1_975' title='bbox 3160 5492 3348 5546; x_wconf 87' lang='lat' dir='ltr'><strong>nempe</strong></span> <span class='ocrx_word' id='word_1_976' title='bbox 3368 5477 3511 5531; x_wconf 79' lang='lat' dir='ltr'><strong>dedit</strong></span> <span class='ocrx_word' id='word_1_977' title='bbox 3538 5478 3610 5540; x_wconf 91' lang='lat' dir='ltr'><strong>id,</strong></span> <span class='ocrx_word' id='word_1_978' title='bbox 3641 5493 3748 5546; x_wconf 89' lang='lat' dir='ltr'><strong>quo</strong></span> <span class='ocrx_word' id='word_1_979' title='bbox 3773 5478 4000 5531; x_wconf 85' lang='lat' dir='ltr'><strong>eleemo-</strong></span> 
     </span>
    </p>
   </div>
   <div class='ocr_carea' id='block_1_128' title="bbox 2466 5545 3998 5614">
    <p class='ocr_par' dir='ltr' id='par_1_128' title="bbox 2466 5545 3998 5614">
     <span class='ocr_line' id='line_1_132' title="bbox 2466 5545 3998 5614; baseline -0.001 -17"><span class='ocrx_word' id='word_1_980' title='bbox 2466 5561 2591 5613; x_wconf 85' lang='lat' dir='ltr'><strong>syna</strong></span> <span class='ocrx_word' id='word_1_981' title='bbox 2622 5554 2799 5612; x_wconf 83' lang='lat' dir='ltr'><strong>posset</strong></span> <span class='ocrx_word' id='word_1_982' title='bbox 2832 5546 2966 5608; x_wconf 82' lang='lat' dir='ltr'><strong>ﬂeri,</strong></span> <span class='ocrx_word' id='word_1_983' title='bbox 3014 5545 3214 5614; x_wconf 89' lang='lat' dir='ltr'><strong>scilicet</strong></span> <span class='ocrx_word' id='word_1_984' title='bbox 3238 5545 3538 5614; x_wconf 80' lang='lat' dir='ltr'><strong>pecuniam,</strong></span> <span class='ocrx_word' id='word_1_985' title='bbox 3561 5561 3772 5614; x_wconf 90' lang='lat' dir='ltr'><strong>panem,</strong></span> <span class='ocrx_word' id='word_1_986' title='bbox 3803 5551 3998 5614; x_wconf 82' lang='lat' dir='ltr'><strong>vestes,</strong></span> 
     </span>
    </p>
   </div>
   <div class='ocr_carea' id='block_1_129' title="bbox 2465 5611 4000 5691">
    <p class='ocr_par' dir='ltr' id='par_1_129' title="bbox 2465 5611 4000 5691">
     <span class='ocr_line' id='line_1_133' title="bbox 2465 5611 4000 5691; baseline -0.002 -26"><span class='ocrx_word' id='word_1_987' title='bbox 2465 5611 2517 5691; x_wconf 77' lang='lat' dir='ltr'><strong>et</strong></span> <span class='ocrx_word' id='word_1_988' title='bbox 2542 5611 2731 5691; x_wconf 73' lang='lat' dir='ltr'><strong>rectius</strong></span> <span class='ocrx_word' id='word_1_989' title='bbox 2777 5622 2902 5691; x_wconf 65' lang='lat' dir='ltr'><strong>tunc</strong></span> <span class='ocrx_word' id='word_1_990' title='bbox 2948 5613 3220 5691; x_wconf 79' lang='lat' dir='ltr'><strong>legendum</strong></span> <span class='ocrx_word' id='word_1_991' title='bbox 3241 5611 3387 5666; x_wconf 71' lang='lat' dir='ltr'><strong>esset</strong></span> <span class='ocrx_word' id='word_1_992' title='bbox 3426 5611 4000 5691; x_wconf 39' lang='grc' dir='ltr'><strong>ριεεπὶοεῃηασηυι-[ετ</strong></span> 
     </span>
    </p>
   </div>
   <div class='ocr_carea' id='block_1_130' title="bbox 2469 5678 3999 5750">
    <p class='ocr_par' dir='ltr' id='par_1_130' title="bbox 2469 5678 3999 5750">
     <span class='ocr_line' id='line_1_134' title="bbox 2469 5678 3999 5750; baseline -0.002 -16"><span class='ocrx_word' id='word_1_993' title='bbox 2469 5682 2610 5734; x_wconf 88' lang='lat' dir='ltr'><strong>ciunt</strong></span> <span class='ocrx_word' id='word_1_994' title='bbox 2633 5681 2820 5735; x_wconf 88' lang='lat' dir='ltr'><strong>Bcncd.</strong></span> <span class='ocrx_word' id='word_1_995' title='bbox 2844 5678 3045 5736; x_wconf 80' lang='lat' dir='ltr'><strong>Omnia</strong></span> <span class='ocrx_word' id='word_1_996' title='bbox 3079 5681 3216 5734; x_wconf 90' lang='lat' dir='ltr'><strong>enim</strong></span> <span class='ocrx_word' id='word_1_997' title='bbox 3268 5695 3382 5748; x_wconf 68' lang='lat' dir='ltr'><strong>qum</strong></span> <span class='ocrx_word' id='word_1_998' title='bbox 3410 5683 3592 5736; x_wconf 85' lang='lat' dir='ltr'><strong>damus</strong></span> <span class='ocrx_word' id='word_1_999' title='bbox 3615 5678 3856 5750; x_wconf 73' lang='lat' dir='ltr'><strong>pauperi,</strong></span> <span class='ocrx_word' id='word_1_1000' title='bbox 3900 5678 3999 5732; x_wconf 68' lang='lat' dir='ltr'><strong>’Dci</strong></span> 
     </span>
    </p>
   </div>
  </div>
