4174 6452
649 504 740 557 Et?”

652 634 834 673 surqu
862 620 876 650 ¹
896 631 957 671 se
981 615 1323 685 significabat,
1346 621 1400 666 et
1426 627 1546 665 cum
1568 610 1778 665 Christo
1800 609 1852 662 in
1875 614 2184 677 perpetuum
2212 607 2261 664 Α

654 710 829 762 vivere
851 715 904 760 et
925 720 1164 775 regnare,
1190 704 1277 757 ubi
1306 716 1403 755 nec
1431 716 1535 755 nox
1556 699 1659 753 ulla
1685 697 1923 765 inspirat,
1950 711 2046 749 nec
2071 695 2183 748 dies

655 795 1040 857 terminabitur,
1070 806 1167 846 nec
1202 791 1372 859 inopia
1407 788 1687 848 videbitur,
1734 799 1902 853 neque
1926 784 2185 851 cupiditas

655 884 943 952 apparebit,
972 882 1062 936 sed
1087 893 1315 948 perenne
1350 876 1592 946 gaudium
1619 882 1670 927 et
1699 874 2013 941 sempiterna
2053 872 2185 924 laeti-

659 971 749 1024 tia.
782 969 904 1023 Haec
929 977 1050 1022 sunt
1073 966 1329 1035 promissa
1354 962 1645 1029 iustorum,
1681 969 1734 1013 et
1775 962 1886 1014 hmo
1912 967 2033 1014 sunt
2064 973 2187 1025 pro-

658 1059 934 1111 missiones
954 1070 1155 1116 eorum,
1179 1061 1390 1122 propter
1414 1066 1529 1119 quae
1550 1052 1933 1107 laboraverunt,
1961 1054 2015 1100 et
2040 1046 2187 1100 festi-

659 1152 933 1206 naverunt,
971 1154 1023 1196 et
1048 1157 1150 1195 non
1173 1146 1508 1195 cessaverunt
1548 1150 1761 1191 currere
1787 1138 1840 1190 in
1866 1136 2016 1189 bonis
2058 1149 2184 1201 ope-

657 1234 803 1287 ribus
828 1233 1058 1300 quandiu
1092 1230 1301 1283 fuerunt
1326 1228 1379 1279 in
1423 1228 1521 1280 hoc
1557 1227 1766 1286 mundo,
1804 1226 1856 1277 in
1897 1223 2106 1291 jejuniis
2135 1232 2188 1277 et

656 1321 1023 1388 eleemosynis,
1053 1319 1104 1370 in
1132 1316 1391 1378 castitate,
1420 1316 1470 1367 in
1498 1314 1837 1375 continentia,
1868 1313 1919 1365 in
1949 1312 2186 1380 longani-

658 1412 860 1473 mitate,
890 1410 942 1463 in
967 1398 1238 1476 patientia,
1272 1400 1321 1459 in
1348 1408 1622 1517 suavitate,
1650 1406 1705 1457 in
1732 1406 2109 1467 benevolentia,
2135 1406 2188 1458 in

658 1498 834 1517 I-l_-_-
872 1498 1027 1517 ..Α,.ΙΑΔ
1094 1496 1142 1517 Ζ..
1185 1494 1500 1517 ---ΔίΑ--ἒι..-,.
1552 1494 1600 1517 2.-
1630 1492 2080 1517 -Α-ΑρμκιξΑι-ἷιιηη
2136 1492 2186 1517 :—

658 1498 838 1553 labore
872 1498 1055 1558 multo,
1094 1496 1145 1549 in
1179 1492 1523 1556 oratiouibus‘,
1552 1494 1602 1545 in
1630 1492 2103 1560 persecutionihus,
2136 1492 2189 1545 in

660 1584 797 1639 fame
815 1592 867 1636 et
887 1584 907 1613 ²
930 1583 1037 1646 siti,
1067 1581 1120 1636 in
1144 1581 1338 1649 frigore
1364 1588 1417 1633 et
1439 1581 1691 1639 nuditate,
1722 1581 1774 1632 in
1802 1579 1993 1647 vigiliis
2013 1579 2191 1634 multis

659 1688 753 1741 pro
777 1671 971 1726 Christi
1000 1683 1201 1733 amore,
1236 1678 1288 1723 et
1312 1684 1406 1736 per
1429 1669 1604 1723 omnia
1632 1668 1845 1722 inutiles
1870 1668 2074 1737 vigilias
2104 1669 2193 1722 de-

659 1761 975 1815 vitaverunt.
1024 1759 1226 1827 Vigilia:
1265 1767 1439 1811 autem
1474 1757 1684 1811 inutiles
1724 1767 1872 1820 sunt,
1918 1773 2035 1811 cum
2074 1760 2193 1826 quis

660 1847 956 1916 vigilaverit
984 1847 1122 1900 circa
1151 1847 1494 1914 cogitationes
1538 1846 1726 1899 multas
1769 1855 1820 1899 et
1861 1854 2071 1914 turpes,
2110 1847 2192 1899 vel

1585 496 1641 550 S.
1679 493 1946 550 PAULINI
1983 488 2436 546 PATRIARCHAE
2476 486 2944 556 AQUILEIENSIS
3721 484 3823 538 25$

2749 598 2853 668 ao
2882 596 3105 653 CAPUT
3142 596 3363 651 XLVIII.

2283 687 2499 756 Duplex,
2524 689 2711 740 animai
2728 685 2918 739 scilicet
2956 693 3002 738 et
3032 686 3277 753 corporis,
3297 684 3562 752 jejunium
3588 694 3633 735 et
3663 684 3822 737 cibus.

2349 773 2552 827 Pariter
2575 774 2715 827 enim
2742 772 2845 827 duo
2863 770 3062 838 jejunia
3080 770 3479 859 jej'unaverunt,
3510 769 3671 859 idest
3686 768 3825 837 jejuc

2280 865 2425 918 nium
2455 863 2691 930 corporis
2711 869 2763 914 et
2785 862 2993 923 animae,
3023 862 3123 915 hoc
3143 858 3225 933 est
3252 861 3317 915 ab
3342 861 3441 924 ira,
3472 868 3525 913 et
3553 858 3752 925 furore,
3773 865 3827 915 et

2282 954 2625 1013 detractione,
2653 938 2705 1004 et
2728 950 3053 1019 blasphemia
3074 989 3089 1013 ,
3125 946 3178 1005 et
3225 950 3340 1003 rixa
3369 949 3704 1029 abstinentes
3728 963 3822 1003 se:

2282 1043 2423 1109 quia~
2442 1043 2578 1096 sicut
2603 1041 2846 1109 superius
2873 1039 3251 1099 intimavimus,
3283 1039 3369 1093 isti
3409 1048 3533 1091 sunt
3565 1037 3827 1091 mortiferi

2283 1132 2387 1185 tibi
2417 1133 2623 1191 animm,
2649 1130 2737 1198 qui
2770 1137 2992 1197 pascunt
3017 1143 3133 1181 eam
3156 1128 3208 1180 in
3236 1128 3452 1191 malum,
3470 1136 3545 1181 ~et
3574 1127 3830 1181 occidunt

2285 1233 2403 1271 eam
2440 1227 2610 1271 morte
2643 1217 2979 1284 sempiterna.
3017 1216 3208 1269 lterum
3257 1216 3361 1269 cibi
3402 1216 3642 1284 corporis
3674 1216 3830 1269 simul

2283 1315 2338 1360 et
2364 1308 2571 1369 animze,
2605 1307 2688 1360 isti
2720 1314 2838 1360 sunt
2863 1306 3151 1371 voracitas,
3181 1306 3529 1359 somnolentia
3549 1346 3563 1365 ,
3604 1305 3832 1362 fornica-

2288 1394 2381 1455 tio,
2416 1394 2720 1458 vinolentia,
2762 1395 3037 1455 securitas,
3067 1395 3317 1456 suavitas,
3352 1395 3719 1448 homicidium.
3743 1393 3831 1450 Isti

2290 1488 2410 1534 sunt
2440 1482 2542 1534 cibi
2569 1481 2806 1548 corporis
2828 1481 2982 1533 simul
3011 1489 3063 1534 et
3089 1481 3296 1543 animm,
3326 1482 3414 1548 qui
3452 1491 3679 1550 pascunt
3720 1497 3836 1536 cor-

2286 1586 2406 1639 pus,
2436 1579 2489 1622 et
2518 1571 2764 1624 occidunt
2789 1578 2842 1622 et
2864 1571 2884 1600 '
2913 1579 3199 1637 aggravant
3223 1570 3470 1623 animam.
3498 1569 3709 1624 Cibaria
3736 1572 3833 1624 ista

2289 1661 2617 1714 devitemus:
2667 1673 2818 1711 escas
2845 1666 3018 1710 autem
3064 1657 3307 1710 cmlestes
3336 1666 3678 1724 appetamus,
3720 1674 3835 1727 qua:

2291 1748 2356 1801 ad
2379 1748 2569 1801 cmlum
2597 1761 2692 1799 nos
2713 1746 2923 1799 trahant
2940 1752 2995 1798 et
3023 1744 3315 1808 deducant,
3343 1746 3656 1813 sapientiam
3682 1747 3826 1801 scili-

2292 1842 2376 1888 cet
2404 1834 2655 1894 divinam,
2681 1833 2836 1886 tidem
2860 1833 3128 1885 robustam
3168 1832 3220 1884 in
3258 1832 3504 1897 Christo,
3540 1835 3837 1903 benignita-

662 1935 728 1988 ad
751 1934 1035 2001 gerendum
1062 1934 1381 1987 contrarium
1410 1934 1608 2001 aliquid
1626 1974 1640 1997 ,
1669 1934 1753 1986 vel
1779 1934 1981 1988 facinus
2006 1949 2191 2003 perpe-
2220 1919 2261 1976 Β

2228 1919 2266 1976 Β
2296 1930 2422 1985 tem,
2448 1921 2882 1982 benevolentiam,
2912 1920 3240 1989 patientiam,
3265 1922 3640 1989 humilitatem,
3670 1924 3835 1979 virtu-

662 2023 926 2075 trandum.
959 2021 1111 2076 Tales
1132 2022 1335 2090 vigilias
1354 2019 1483 2088 justi
1526 2020 1547 2051 ⁸
1586 2021 1965 2083 devitaverunt,
1996 2032 2047 2075 et
2077 2038 2196 2075 san+

664 2118 777 2163 etas
805 2121 829 2149 ι
858 2109 1064 2177 vigilias
1092 2099 1443 2176 arripuerunt.
1470 2108 1532 2160 Hi
1557 2108 1688 2162 tales
1710 2109 2045 2166 calcaverunt
2065 2126 2197 2178 prae-

660 2207 863 2251 sentem
909 2197 1176 2257 mundum,
1224 2209 1280 2250 ut
1319 2196 1554 2250 futurum
1585 2213 1802 2266 regnum
1845 2198 2195 2253 lucrarentur.

640 2278 779 2338 /Non
810 2294 1123 2353 acceperunt
1159 2287 1245 2341 hic
1271 2288 1647 2355 promissiones
1671 2288 1751 2341 vel
1793 2288 2001 2342 divitias
2045 2289 2199 2356 hujus

664 2378 842 2430 mundi
872 2379 1211 2440 miserabiles,
1240 2394 1363 2446 qua
1387 2380 1627 2433 homines
1665 2381 1800 2436 male
1839 2383 1917 2436 eis
1940 2382 1961 2414 ⁸
1990 2393 2199 2439 utentes

667 2465 733 2516 ad
767 2463 969 2518 inferna
1008 2467 1337 2532 perducunt:
1379 2474 1430 2521 et
1462 2468 1598 2521 hanc
1622 2479 1932 2536 praesentem
1974 2472 2197 2539 patriam

669 2554 1039 2620 relinquentes,
1061 2555 1125 2608 ad
1147 2556 1412 2610 civitatem
1438 2557 1726 2621 etelestem,
1762 2557 1911 2625 cujus
1936 2559 2124 2613 artifex
2148 2570 2205 2614 et

667 2641 908 2697 conditor
932 2650 1013 2696 est
1037 2643 1194 2707 Deus,
1227 2644 1475 2699 intuitum
1518 2646 1679 2698 animi
1711 2647 1791 2699 sui
1815 2647 2197 2713 praemiserunti

669 2729 975 2782 Vitaverunt
1010 2738 1284 2797 peccatum
1318 2731 1371 2783 in
1397 2731 1586 2793 verbo,
1630 2731 1683 2785 in
1714 2730 1883 2795 iacto,
1928 2734 1981 2786 in
2005 2735 2203 2802 cogita-

669 2817 831 2879 tione,
861 2818 912 2871 in
939 2818 1074 2881 visu,
1103 2818 1155 2871 in
1184 2817 1312 2883 risu,
1352 2819 1406 2872 in
1433 2828 1597 2881 motu,
1625 2820 1678 2874 in
1707 2823 1983 2878 annuendo
2013 2825 2198 2887 oculis,

669 2902 726 2958 in
748 2906 1007 2969 manibus,
1035 2908 1086 2960 iu
1107 2908 1348 2976 pedibus,
1374 2909 1425 2962 in
1456 2910 1552 2974 ira,
1582 2910 1635 2964 in
1659 2911 1794 2973 rixa,
1830 2913 1882 2965 in
1914 2910 2105 2975 furore,
2149 2915 2202 2967 in

673 2993 1015 3058 dissensione,
1045 2997 1097 3050 in
1122 3011 1254 3049 vana
1282 2997 1467 3065 gloria,
1497 2998 1549 3051 in
1578 3000 1838 3067 superbia,
1871 3000 1922 3053 in
1957 3000 2200 3064 elatione,

674 3082 727 3134 iu
759 3083 1070 3149 cupiditate,
1107 3084 1460 3138 custodientes
1502 3100 1693 3153 corpus
1731 3101 1883 3139 suum
1916 3095 1968 3141 ct
2003 3089 2205 3144 animas

674 3186 814 3225 SlliIS.

2294 2020 2417 2073 tem,
2453 2012 2679 2065 divinam
2705 2010 2957 2064 laetitiam.

2830 2100 3053 2156 CAPUT
3092 2100 3273 2155 XLIX.

2296 2190 2565 2258 Pmposito
2612 2190 3041 2261 benefacientibus
3086 2192 3318 2261 prmio,
3362 2200 3516 2245 terret
3545 2192 3838 2261 iniquorum

2790 2260 3031 2327 expositis
3057 2260 3341 2327 suppliciis.

2366 2346 2647 2427 Sermones
2674 2347 2794 2400 boni
2824 2347 2851 2385 δ
2877 2356 2930 2399 et
2968 2347 3150 2414 optimi
3192 2348 3483 2415 procedant
3525 2364 3589 2402 ex
3629 2363 3723 2401 ore
3750 2363 3840 2400 no-

2298 2444 2427 2498 stro,
2442 2436 2551 2490 sale
2567 2436 2741 2490 divino
2758 2436 2952 2489 conditi
2977 2438 3041 2488 ad
3065 2435 3466 2491 mdiﬂcationem
3490 2436 3838 2490 audientium.

2300 2526 2642 2579 Dilectionem
2671 2524 2760 2577 Dei
2791 2534 2839 2577 et
2882 2526 3127 2592 proximi,
3174 2526 3225 2578 in
3266 2541 3369 2593 quo
3397 2534 3507 2579 tota
3534 2526 3619 2580 lex
3653 2526 3842 2593 pendet

2302 2620 2354 2664 et
2378 2612 2647 2679 prophetae
2669 2610 2877 2680 (Matth.
2903 2627 3033 2674 un,
3061 2611 3171 2679 40),
3194 2625 3403 2679 semper
3423 2620 3601 2666 mente
3629 2613 3845 2665 medite-

2300 2713 2447 2757 mur,
2478 2706 2531 2751 et
2554 2713 2711 2765 opere
2735 2697 3087 2765 perficiamus.
3129 2697 3252 2751 llaec
3273 2707 3394 2751 sunt
3421 2698 3669 2751 mandata
3693 2696 3843 2751 Chri-

2300 2787 2385 2848 sti,
2414 2802 2528 2854 qua:
2557 2801 2652 2840 nos
2672 2784 2821 2852 jubet
2859 2785 3049 2839 facere.
3081 2785 3136 2840 Si
3181 2786 3461 2841 fecerimus
3503 2802 3598 2851 ea,
3644 2788 3842 2842 erimus

2299 2876 2583 2943 participes
2617 2875 2761 2942 regni
2791 2874 2922 2940 ejus,
2949 2884 2995 2927 et
3030 2876 3365 2944 regnabimus
3402 2891 3521 2929 cum
3545 2891 3648 2930 eo:
3680 2878 3724 2930 si
3752 2891 3846 2931 an-

2302 2972 2406 3015 tem
2439 2978 2540 3015 non
2577 2960 2878 3026 fecerimus,
2910 2972 2962 3016 et
2991 2964 3100 3030 ipse
3126 2979 3228 3017 non
3256 2963 3398 3018 dabit
3437 2965 3590 3019 nobis
3624 2980 3841 3035 regnum

2304 3066 2473 3103 suum.
2503 3051 2559 3103 Si
2585 3053 2919 3120 denegamus,
2959 3060 3011 3105 et
3039 3054 3149 3120 ipse
3177 3054 3454 3121 denegabit
3493 3069 3610 3107 nos.
3650 3054 3708 3108 Si
3739 3069 3842 3109 non

2304 3140 2584 3201 credimus,
2615 3140 2725 3206 ipse
2771 3139 2937 3193 lidelis
2971 3142 3342 3208 permanebit‘
3368 3158 3380 3193 :
3417 3142 3539 3210 quia
3564 3144 3741 3196 omnis
3768 3144 3844 3196 in-

2228 3243 2270 3301 C
2302 3230 2543 3283 credulus
2579 3226 2857 3281 infideliter
2881 3228 3021 3298 agit:
3053 3227 3175 3283 dum
3209 3236 3262 3281 et
3283 3229 3469 3282 vitium
3511 3230 3741 3284 hominis
3765 3238 3845 3284 est

2300 3319 2476 3371 omnia
2498 3319 2795 3381 credere,et
2819 3318 3004 3371 vitium
3030 3329 3111 3372 est
3137 3318 3265 3371 nihil
3284 3316 3500 3373 credere
3526 3329 3547 3356 ε
3566 3320 3610 3371 ⁷.
3627 3319 3842 3373 Summo

1859 3404 2240 3459 VARIANTES
2276 3404 2670 3460 LECTIONES.

751 3494 775 3562 _‘_
795 3491 902 3562 ΙιιιΔ
930 3491 1086 3562 Ven;
1116 3502 1169 3562 at
1204 3492 1388 3547 Bened.
1438 3509 1665 3562 «εςιεμηιεε,⁸
1693 3494 1924 3546 visurum
1954 3509 2009 3562 se
2034 3493 2290 3559 signiﬁcat
2340 3494 2536 3562 videre.
2559 3492 2770 3562 _1\:otant_
2796 3501 2965 3562 tamen
3011 3494 3063 3545 in
3092 3509 3283 3562 marg.,
3313 3494 3442 3562 forte
3484 3512 3552 3548 an
3586 3496 3840 3550 vivorum.

677 3561 698 3591 ¹
742 3558 858 3613 Ven.
893 3560 943 3613 in
974 3559 1130 3635 fame,
1161 3561 1211 3614 in
1250 3562 1355 3614 siti.

678 3635 920 3706 gravant.
965 3696 974 3705 _
1007 3628 1027 3658 °
1053 3628 1183 3706 ,γἐηἱ
1205 3638 1493 3706 permanet.

675 3697 761 3762 jus
786 3697 853 3748 ali

678 3765 866 3830 plorat.

1454 3561 1473 3593 ³
1500 3560 1586 3615 Sic
1629 3558 1931 3629 Yen.:apud
1957 3558 2149 3629 Bened.
2174 3562 2307 3613 deest
2333 3559 2480 3625 justi.
2555 3560 2791 3612 ιΒεηρξιί.
2838 3560 2891 3612 in
2914 3576 3077 3629 marg.
3120 3558 3241 3614 mss.
3272 3558 3381 3615 eas.
3459 3563 3480 3595 ⁸
3526 3563 3747 3627 Benod.,
3792 3572 3845 3617 et

1584 3631 1604 3660 "
1639 3628 1826 3681 Bened.
1857 3631 1911 3681 in
1935 3645 2094 3695 malg.
2128 3628 2226 3680 Hic
2249 3630 2442 3681 addunt
2471 3629 2616 3690 editi,
2659 3637 2714 3679 et
2745 3629 2967 3679 maxima
2996 3644 3203 3696 semper
3227 3631 3360 3682 mala
3392 3631 3457 3685 de
3487 3631 3723 3694 inimico,
3754 3647 3844 3684 cu-

929 3696 1014 3748 uin
1040 3698 1083 3749 si
1120 3698 1185 3749 ad
1208 3696 1321 3750 ‘nos
1347 3700 1473 3751 dura
1511 3705 1631 3750 sunt
1652 3698 1839 3755 verba;
1890 3705 2061 3748 tamen
2096 3697 2314 3750 forsitan
2346 3697 2699 3750 Christianum
2725 3711 2781 3748 se
2811 3696 3147 3757 recordatur;
3188 3708 3240 3750 et
3268 3711 3326 3750 se
3355 3714 3500 3752 reum
3526 3714 3707 3752 coram
3740 3700 3848 3753 Deo

937 3765 1135 3818 ussurri
1162 3773 1334 3819 autem
1359 3767 1513 3819 verba
1547 3778 1755 3832 semper
1794 3765 1928 3816 mala
1950 3764 2018 3816 de
2058 3765 2309 3826 inimico;
2349 3766 2439 3819 sed
2478 3766 2520 3817 si
2550 3772 2604 3816 tu
2644 3768 2778 3817 bona
2810 3764 3058 3831 loqueris,
3080 3766 3327 3818 continuo
3352 3766 3500 3819 illum
3529 3767 3843 3822 confundis:

2148 3850 2371 3904 NOTAE.

752 3951 777 3980 ι
808 3939 1023 4015 Sanctus
1049 3944 1241 4015 vigilias
1276 3938 1628 4015 arripuerunt.
1661 3940 1930 4015 FUISSC_ili
1971 3940 2204 4015 Ecclesia

572 4022 583 4031 λ
681 4022 834 4077 usum
863 4007 1172 4077 vigiliaru'm,
1201 4007 1395 4074 quibus
1422 4016 1573 4061 nocte
1597 4009 2049 4077 congregabantur
2076 4009 2204 4077 fide-7

685 4075 761 4129 les
800 4077 869 4128 ad
912 4074 1114 4128 divinas
1158 4074 1338 4129 laudes
1364 4074 1975 4136 cnnciunendasfnemo
2012 4083 2092 4128 est
2120 4075 2208 4141 qui

684 4144 906 4211 ignoret.
927 4142 1080 4196 Ritus
1099 4143 1326 4211 antiquae
1346 4158 1472 4196 sane
1492 4142 1711 4210 originis
1729 4145 1932 4197 videtur
1954 4144 2213 4196 indicatus

682 4228 747 4279 ex
778 4212 951 4264 verbis
986 4226 1165 4263 eorum
1200 4211 1644 4272 Christianorum,
1680 4212 1767 4279 qui
1798 4213 1861 4265 de
1906 4212 2154 4279 religione
2181 4226 2211 4264 a

686 4278 855 4348 Plinio
891 4279 1329 4348 postulabantur,
1359 4280 1422 4332 de
1466 4280 1657 4345 quibus
1693 4278 1793 4348 lib.
1815 4295 1867 4342 χ,
1910 4278 2060 4348 epist.
2093 4279 2206 4341 100,

689 4345 910 4411 Trajano
935 4346 1153 4399 scribit:
1193 4366 1209 4395 ι
1240 4346 1588 4400 Afﬁrmabant
1617 4348 1751 4399 hanc
1774 4345 2210 4400 fuisse—summam

688 4415 770 4465 vel
799 4414 961 4481 culpre
982 4428 1111 4475 sum,
1129 4414 1207 4465 vel
1227 4415 1439 4475 erroris,
1455 4415 1593 4481 quod
1608 4423 1782 4467 essent
1808 4415 1945 4468 soliti
1973 4423 2109 4467 stato
2132 4417 2213 4466 die

2309 3939 2528 4009 quilibet
2554 3941 2789 3993 seclusus
2812 3955 2841 3992 a
2864 3939 3370 4009 czetcris,gcuhiliquc
3400 3941 3615 4009 proprio
3635 3942 3849 3997 clausus

2309 4008 2530 4060 orationi
2570 4008 2880 4073 lectionique
2908 4007 3139 4075 vacando
3173 4007 3511 4061 instituisset.
3538 4008 3844 4075 Hujusmodi

2310 4076 2493 4142 vigiles
2522 4085 2690 4137 erant,
2720 4076 2784 4127 de
2812 4077 2998 4141 quibus
3030 4073 3259 4128 Joannes
3301 4075 3567 4129 Climacus
3610 4073 3664 4130 in
3696 4078 3844 4132 Scala

2310 4142 2544 4195 Paradisi
2574 4144 2715 4211 grad.
2751 4143 2818 4195 20
2844 4144 2919 4196 sic
2950 4144 3054 4195 ait:
3096 4160 3113 4191 ι
3169 4142 3303 4212 Sunt
3330 4144 3417 4209 qui
3447 4143 3500 4196 in
3532 4146 3847 4212 vespertinis

2311 4219 2363 4280 et
2398 4210 2666 4264 nocturnis
2692 4212 2926 4265 excubiis
2950 4214 3015 4263 ab
3043 4211 3287 4280 omnibus
3330 4226 3503 4280 rerum
3547 4210 3846 4280 asperitati—

2311 4278 2434 4350 lium
2462 4281 2603 4333 curis
2628 4280 2751 4331 nudi
2777 4286 2828 4331 et
2842 4279 3275 4350 Aexpeditiﬂpuras
3304 4279 3562 4350 ad‘Denm
3594 4278 3646 4334 in
3678 4286 3845 4350 preci-

2311 4347 2408 4398 bus
2442 4363 2626 4399 manus
2663 4348 2969 4400 extendunt.
3011 4346 3112 4398 Alii
3160 4361 3252 4412 per
3280 4346 3599 4413 psalmorum
3632 4346 3846 4403 cautum

2313 4413 2364 4464 in
2386 4414 2567 4466 iisdem
2591 4415 2830 4467 excubiis
2852 4429 2907 4467 se
2929 4414 3035 4466 Deo
3059 4422 3454 4480 repraesentant.
3468 4415 3567 4468 Alii
3593 4417 3644 4468 in
3671 4432 3847 4472 rerum

690 4490 809 4559 ante
835 4480 1002 4535 lucem
1029 4482 1324 4559 convenire,
1364 4497 1681 4559 carmenque
1701 4483 1908 4559 Christo
1932 4483 2080 4559 quasi
2104 4483 2211 4535 Deo
2241 4501 2290 4559 υ
2313 4495 2582 4559 sacrarum
2609 4482 2833 4559 lectione
2856 4482 3183 4559 pervigilant.
3213 4480 3313 4534 Alii
3342 4488 3517 4535 mente
3540 4483 3845 4559 debilior-es,

691 4552 863 4603 dicere
891 4565 1066 4602 secum
1092 4550 1332 4603 invicem.
1372 4569 1390 4600 ι
1420 4550 1517 4603 Hic
1549 4552 1681 4604 ritus
1706 4550 1758 4601 in
1781 4551 2039 4605 Ecclesias
2065 4550 2211 4603 lnve-

693 4628 810 4670 ctus
842 4616 1067 4669 fortasse
1110 4627 1189 4669 est
1218 4620 1281 4671 ad
1308 4617 1687 4672 correctionem
1726 4619 2017 4686 vigiliarum
2044 4618 2211 4686 genti-

693 4686 840 4746 lium,
867 4694 924 4737 ut
949 4686 1016 4736 sit
1051 4686 1237 4753 potius,
1264 4698 1376 4737 mos
1404 4687 1454 4738 in
1491 4686 1676 4745 melius
1712 4701 2024 4747 conversus,
2059 4701 2213 4753 quam

696 4754 903 4805 nov-iter
925 4753 1187 4805 inventus.
1215 4752 1361 4806 Patet
1385 4755 1524 4805 enim
1552 4769 1616 4807 ex
1642 4754 1807 4807 Plauti
1846 4754 2017 4808 Aulul.
2045 4752 2097 4805 v.
2124 4753 2212 4816 60,

697 4823 746 4873 in
783 4820 980 4889 prolog.
1008 4818 1207 4890 Cereris
1233 4821 1426 4887 rigilias
1460 4821 1765 4874 celebratas.
1800 4823 1888 4875 Ha:
1911 4822 2098 4890 vigili-.e
2123 4836 2217 4874 no-

696 4886 798 4940 cte'
819 4886 1141 4953 pnecedente
1184 4886 1371 4941 festum
1401 4890 1609 4955 aliquod
1650 4890 1879 4942 solemne
1908 4886 2214 4956 agebantur,

695 4971 812 5035 qua:
846 4970 1112 5035 processu‘
1144 4957 1408 5035 temporis.
1423 4958 1473 5035 in
1502 4956 1696 5035 jfjun-ia
1734 4957 2075 5035 prandentis
2113 4956 2216 5009 diei

696 5022 1032 5092 gansierunt.
1073 5022 1295 5077 Causam
1333 5024 1481 5078 aﬂert
1511 5025 1591 5078 Jo.
1634 5022 1863 5092 Baptista
1911 5024 2219 5077 Mantuanus

699 5088 844 5143 Fast.
878 5090 966 5143 lib.
991 5106 1047 5151 ll,
1071 5092 1135 5144 de
1159 5091 1442 5144 mutatione
1468 5092 1690 5160 vigiliar.
1710 5088 1773 5145 in
1795 5090 2011 5159 jejunia.

820 5193 871 5241 id
893 5207 1101 5255 quoque,
1130 5208 1232 5242 nam
1252 5198 1374 5257 scitu
1395 5196 1526 5244 locus
1546 5205 1621 5244 est
1636 5198 1951 5257 dignissimus,
1973 5196 2139 5243 addam

820 5257 952 5315 Quod
975 5260 1116 5301 nostri
1142 5256 1186 5301 in
1207 5255 1392 5314 templis
1411 5258 1532 5303 atavi
1559 5255 1756 5315 vigilare
1778 5255 2015 5315 solebant,

819 5311 1152 5373 Excubiasque
1177 5322 1286 5372 pati,
1307 5311 1537 5361 solemnia
1560 5311 1700 5361 mine
1721 5317 1943 5373 sequenti

821 5371 959 5419 Festa
986 5371 1242 5429 recepturi,
1266 5385 1442 5419 morem
1468 5385 1584 5421 nova
1610 5371 1803 5421 sustulit
1816 5385 1945 5419 mtas.

820 5429 934 5491 Nam
959 5434 1070 5491 quia
1096 5445 1183 5478 nox
1212 5430 1386 5481 sceleri
1410 5434 1529 5480 solet
1553 5446 1660 5479 esse
1676 5433 1879 5490 occasio,
1902 5440 1951 5479 et.
1973 5430 2085 5479 illud

820 5488 1081 5549 observant
1104 5506 1183 5549 qui
1210 5491 1326 5536 facta
1356 5494 1507 5537 \oluul
1526 5496 1827 5540 committere
1855 5488 2057 5549 tempus.

822 5548 1049 5615 ieiunare
1073 5548 1198 5615 diem
1221 5553 1371 5615 visum
1393 5561 1465 5615 est
1489 5552 1752 5615 sipie‘utius
1779 5552 1904 5615 illam

823 5611 939 5665 Quas
974 5611 1127 5670 praeit,
1150 5619 1200 5658 et
1218 5613 1375 5658 clauso
1393 5608 1581 5657 inertem
1602 5610 1808 5657 dormire
1827 5608 1983 5655 cub'li.

704 5696 944 5750 Attamen
971 5698 1237 5765 probabile
1264 5697 1339 5755 lit,
1368 5697 1640 5750 Paulinum
1678 5711 1779 5749 non
1803 5696 1870 5747 ad
1889 5696 1985 5765 has
2009 5696 2226 5763 pnecisc

709 5765 909 5832 vigilias
930 5763 1218 5833 respexisse
1240 5768 1337 5820 hoc
1364 5767 1411 5818 iII
1436 5765 1567 5832 loco,
1592 5768 1680 5818 sed
1705 5766 1882 5831 potius
1900 5763 1961 5816 ad
1987 5779 2076 5817 eas
2097 5778 2227 5830 quas

2312 4563 2468 4616 opere
2504 4558 2675 4604 tamen
2702 4548 2954 4611 faciendo,
3000 4548 3248 4616 generose
3292 4564 3409 4603 cum
3454 4564 3641 4604 somno
3683 4548 3845 4606 collué

2312 4626 2541 4670 ctantur.
2570 4619 2673 4671 Alii
2696 4617 2903 4670 assidua
2931 4618 3116 4669 mortis
3143 4617 3561 4671 consideratione
3583 4620 3682 4672 sibi
3704 4635 3845 4673 emn-

2312 4687 2644 4752 punctionem
2674 4685 2956 4738 conciliare
2997 4685 3226 4737 student.
3261 4704 3278 4734 ι
3310 4684 3386 4738 Ne
3424 4693 3598 4752 tamen
3636 4687 3702 4739 de
3732 4702 3843 4739 mo-

2312 4748 2497 4805 nachis
2520 4752 2875 4805 tantummodo
2895 4752 3005 4805 hmc
3026 4752 3161 4804 dicta
3185 4752 3366 4805 credas
3384 4767 3415 4804 a
3434 4748 3688 4816 Climaeo,
3703 4756 3845 4809 addit

2313 4821 2474 4872 enim:
2499 4819 2666 4873 solum
2692 4838 2708 4868 ι
2732 4817 2942 4873 secundi
2967 4820 3309 4872 monasticam
3324 4820 3570 4886 precandi
3589 4823 3844 4875 rationem

2315 4896 2618 4957 sequuntur.
2653 4907 2670 4939 ι
2705 4888 2778 4940 Ex
2805 4902 2909 4954 quo
2936 4888 3079 4941 vides
3101 4889 3267 4957 etiam
3289 4902 3390 4939 non
3419 4890 3694 4943 monachis
3716 4891 3846 4957 vigi-

2315 4954 2411 5007 lias
2459 4958 2794 5018 convenisse,
2827 4970 2959 5022 quas
2994 4954 3364 5007 commendans
3404 4965 3620 5010 sanctus
3661 4954 3845 5011 Petrus

2314 5022 2663 5090 Chrysologus
2689 5037 2804 5075 eam
2832 5023 3089 5091 rationem
3112 5022 3322 5075 adducit
3346 5037 3450 5091 ser.
3474 5023 3543 5076 24
3573 5042 3591 5073 ι
3619 5026 3743 5091 quia
3768 5041 3848 5079 re-

2316 5088 2438 5159 vera
2460 5088 2820 5159 plus—vigilare
2848 5089 2965 5159 plus
2986 5090 3163 5159 vivere
3189 5098 3289 5159 est.
3320 5107 3339 5138 ι
3372 5088 3563 5143 Verum
3586 5088 3662 5143 ait
3683 5091 3847 5147 Scho-

2316 5155 2493 5225 liast-55
2521 5155 2735 5210 Climaci
2758 5157 2792 5208 Ι.
2817 5173 2865 5210 c.
2888 5157 3052 5225 schol.
3079 5155 3142 5208 ιε
3177 5174 3196 5206 ι
3222 5155 3360 5225 Cave
3381 5171 3447 5210 ne
3470 5159 3679 5225 vigilias
3702 5162 3847 5216 vanis

2316 5224 2507 5278 fabulis
2550 5234 2638 5293 aut
2692 5224 2942 5293 improbis
2970 5223 3369 5293 cogitationibus
3396 5223 3685 5293 impendas.
3707 5227 3847 5282 Prae

2317 5300 2423 5345 stat
2456 5291 2605 5345 eniIn'
2625 5291 2853 5361 dormire
2879 5291 3215 5361 quam'vanis
3254 5291 3583 5361 sermonibus
3618 5304 3673 5348 et
3709 5297 3853 5361 cogi-

2318 5361 2602 5431 tationibus
2671 5356 3378 5431 invigilare._i_liujusmodi
3422 5369 3599 5419 autem
3639 5356 3850 5431 vigilias

2314 5428 2444 5493 justi
2473 5426 2833 5480 devitaverunt.
2864 5435 2923 5479 ut
2947 5427 3020 5478 ait
3043 5426 3307 5481 Paulinus.

2391 5495 2417 5532 δ
2454 5495 2719 5563 sermones
2743 5494 2858 5563 boni
2879 5504 2925 5546 et
2954 5494 3148 5563 optimi.
3178 5493 3265 5548 Sic
3301 5502 3355 5563 et
3377 5494 3540 5563 Tohia
3564 5498 3745 5563 vn,'7,
3773 5499 3850 5552 di-

2322 5562 2606 5632 citurBom'
2631 5572 2677 5632 et
2703 5562 2877 5632 optimi
2906 5560 2999 5613 viri
3020 5560 3163 5632 ﬁlius
3187 5571 3279 5614 est.
3309 5561 3401 5616 Sic
3423 5562 3579 5618 Lucae
3607 5560 3844 5632 vtu,'15:

2325 5626 2424 5690 Qui
2448 5630 2513 5680 τη
2531 5630 2682 5681 corde
2704 5626 2831 5679 bono
2857 5637 2904 5678 et
2927 5630 3133 5695 optimo.

2394 5705 2415 5730 ε
2446 5696 2510 5747 Et
2537 5696 2711 5747 vitium
2739 5705 2835 5769 est.
2879 5695 3077 5769 Seneca
3108 5696 3261 5763 epist.
3289 5696 3322 5748 5
3344 5709 3411 5769 τηε
3449 5696 3742 5769 Utrumque
3781 5703 3847 5752 vi.

2326 5762 2452 5814 tium
2494 5771 2572 5815 cst
2601 5772 2649 5815 et
2679 5762 2921 5816 omnibus
2947 5762 3177 5833 credere,
3209 5771 3263 5817 et
3287 5763 3435 5818 nulli.
3469 5785 3487 5816 ι
