4174 6430
328 503 435 561 εδδ

1108 504 1305 558 LIBER
1343 495 1891 557 EXIIORTATIONIS
1927 495 2018 550 AD
2056 495 2408 552 llENRlCU'M
2445 495 2771 579 FOROJUL.

3433 490 3534 544 2?,"

331 614 509 668 studio
532 627 844 680 summaque
872 611 1142 682 vigilantia
1173 613 1326 666 nobis
1346 619 1426 666 est
1459 609 1770 671 curandum,
1819 616 1878 660 ut
1907 612 1948 668 Α
1979 608 2111 674 facie
2136 608 2440 675 insipientiw
2468 622 2595 660 mea
2623 606 2788 674 (Psal.
2823 621 3024 667 xxxv",
3056 604 3129 673 6).
3160 604 3355 657 lterum
3389 603 3408 634 '
3431 605 3531 657 tria

330 716 437 755 non
470 702 485 731 ⁸
510 701 787 754 audiamus
817 715 845 752 a
870 699 1274 766 Christo-judice
1299 701 1533 754 omnium
1560 699 1612 752 in
1643 699 1726 751 die
1746 696 1887 764 judi-

332 790 400 843 eii
426 791 571 857 quod
601 789 816 842 audient
839 798 1183 857 peccatores:
1218 788 1298 841 Ite
1323 791 1377 842 in
1400 791 1567 857 ignem
1613 796 1884 848 wternum,

333 880 422 948 qui
461 886 786 948 purpuratus
825 889 897 931 est
941 877 1147 932 diabolo
1185 888 1232 931 et
1266 878 1462 946 angelis
1506 873 1616 945 ejus
1664 873 1883 945 (Matth.

336 981 463 1028 xxv,
495 964 607 1035 Μ).
638 965 772 1020 Vere
798 967 936 1019 enim
965 965 1173 1020 diabolo
1200 974 1279 1018 est
1298 973 1595 1034 praeparata
1625 963 1884 1030 gehenna,

336 1063 518 1108 etnon
547 1054 834 1106 ‘omnibus
872 1054 1193 1114 hominibus,
1226 1052 1268 1106 si
1317 1067 1419 1104 non
1467 1050 1685 1104 fecimus
1728 1064 1890 1115 opera

335 1142 553 1196 diaboii.
569 1141 661 1196 Va:
684 1142 766 1196 his
788 1142 978 1209 quibus
1000 1149 1325 1209 praeparatus
1347 1147 1428 1193 est
1447 1139 1594 1192 dolor
1607 1137 1886 1198 vermium,

335 1230 495 1282 ardor
521 1227 766 1291 ﬂammae,
790 1229 907 1281 sitis
935 1229 1050 1281 sine
1083 1239 1109 1266 ι
1139 1227 1402 1290 extinctu,
1445 1225 1597 1278 ﬂetus
1615 1232 1668 1277 et
1695 1223 1892 1277 stridor

337 1316 597 1376 dentium,
620 1314 892 1369 oculorum
919 1315 1185 1384 laerymm,
1211 1316 1444 1368 tenebrae
1465 1305 1755 1368 exteriores
1778 1311 1892 1363 sine

338 1404 474 1466 luce,
503 1417 664 1470 pana
687 1403 1200 1468 inexterminabilis;
1240 1403 1329 1456 ubi
1363 1418 1465 1456 non
1503 1411 1585 1456 est
1622 1402 1758 1455 ullus
1799 1403 1894 1454 bo—

339 1507 454 1553 nor,
481 1493 596 1546 sive
626 1493 824 1559 agnitio
849 1492 1099 1562 pro‘ximl,
1124 1494 1215 1546 sed
1245 1493 1528 1546 continuus
1551 1491 1700 1544 dolor
1726 1497 1778 1542 et
1805 1504 1895 1558 ge-

321 1579 536 1644 mitus;
570 1583 660 1636 ubi
686 1597 829 1637 mors
853 1592 1066 1651 optatur
1086 1590 1140 1636 et
1163 1598 1268 1636 non
1295 1567 1533 1645 dabitur;
1557 1581 1644 1634 ubi
1675 1595 1780 1633 non
1809 1586 1898 1646 est,

340 1671 512 1724 honor
534 1671 762 1725 senioris
797 1678 851 1724 et
894 1673 1055 1739 regis,
1102 1687 1199 1725 nec
1223 1671 1466 1727 dominus
1491 1678 1574 1723 est
1603 1685 1762 1737 super
1785 1683 1896 1723 ser-

338 1776 484 1825 vum,
519 1773 617 1814 nee
657 1768 829 1816 mater
870 1761 1042 1830 diligit
1074 1761 1240 1813 tilium
1269 1767 1360 1814 aut
1394 1759 1586 1820 filiam,
1618 1772 1720 1811 nec
1758 1756 1896 1809 ﬁlius

339 1851 568 1904 honorat
594 1857 836 1918 patrem;
876 1850 967 1903 tibi
992 1863 1150 1902 omne
1192 1849 1415 1913 malum,
1458 1856 1512 1903 et
1546 1848 1720 1902 omnis
1762 1845 1898 1898 indi-

342 1945 524 2012 gnatio
551 1952 604 1998 et
623 1943 760 1997 fetor
784 1951 836 1996 et
857 1942 1152 1996 amaritudo
1174 1942 1424 1995 abundat.
1455 1940 1580 1994 Haec
1605 1940 1895 1992 timuerunt
1927 1923 1968 1981 Β

334 2033 488 2100 justi,
522 2041 578 2087 et
605 2034 719 2086 haec
747 2031 1011 2100 fugerunt.
1043 2032 1209 2100 Rogo,
1250 2030 1488 2099 supplico
1507 2070 1520 2092 ,
1548 2031 1737 2082 iterum
1770 2027 1790 2057 ³
1814 2035 1893 2079 at-

342 2135 445 2192 que
481 2125 676 2175 iterum
703 2123 983 2189 deprecor,
1022 2118 1188 2173 frater
1226 2120 1568 2179 ebarissime,
1618 2126 1674 2170 ut
1699 2126 1753 2170 et
1797 2131 1892 2171 nos

344 2215 510 2268 Deum
537 2228 793 2274 amemus,
825 2221 878 2266 et
906 2212 1206 2273 timeamus,
1231 2219 1284 2262 et
1313 2211 1428 2263 bme
1453 2209 1736 2276 fugiamus,
1771 2208 1893 2275 quia

344 2317 492 2356 mors
512 2308 767 2371 perpetua
790 2307 872 2354 est
905 2300 1095 2353 animae
1123 2306 1338 2363 nostrae,
1375 2300 1419 2352 si
1459 2299 1513 2352 in
1540 2298 1623 2352 his
1647 2311 1894 2365 perseve-

293 2445 303 2456 ,
349 2393 666 2446 raverimus.

959 2475 1180 2531 CAPUT
1225 2476 1268 2530 L

635 2567 759 2621 Tria
782 2569 865 2622 hic
892 2569 1109 2637 pessima
1130 2584 1148 2621 :
1182 2567 1390 2621 totidem
1422 2567 1631 2630 optima.

427 2655 553 2710 Tria
575 2656 718 2710 enim
737 2664 859 2710 sunt
874 2656 926 2709 in
947 2656 1049 2710 hoc
1062 2656 1257 2710 mundo
1278 2655 1539 2710 deteriora
1561 2669 1705 2709 omni
1729 2654 1897 2708 malo:

357 2743 534 2796 anima
566 2745 860 2810 peccatoris
881 2759 1000 2798 cum
1030 2753 1246 2811 peccato
1272 2757 1648 2811 perseverans,
1680 2760 1795 2812 qua:
1824 2747 1904 2798 ni-

354 2833 501 2902 grior
527 2833 554 2871 δ
581 2848 740 2890 corvo
776 2842 892 2898 est;
925 2842 978 2888 et
1006 2834 1128 2887 mali
1169 2835 1363 2903 angeli,
1391 2837 1480 2903 qui
1507 2851 1622 2888 eam
1653 2838 1862 2904 rapiunt
1889 2855 1901 2901 ;

356 2931 410 2976 et
435 2921 697 2988 infernus,
724 2924 774 2977 in
797 2937 954 2992 quem
990 2923 1011 2952 ⁸
1038 2925 1268 2979 ducitur.
1315 2924 1427 2980 Non
1454 2934 1576 2979 sunt
1599 2926 1739 2980 enim
1766 2927 1908 2980 dete-

347 3016 499 3069 riora
529 3015 614 3068 his
639 3014 829 3068 tribus.
859 3014 1053 3077 Eadem
1081 3016 1222 3068 enim
1260 3014 1434 3067 anima
1465 3024 1608 3067 metu
1642 3015 1802 3068 futuri
1821 3015 1908 3082 ju-

359 3105 481 3158 dicii
507 3118 885 3171 expavescens,
913 3112 966 3157 et
987 3102 1318 3171 putredinem
1347 3106 1497 3156 suam
1522 3105 1805 3172 inspiciens
1831 3106 1908 3160 di-

1985 703 2109 750 sunt
2133 696 2324 765 quibus
2350 698 2401 750 in
2425 698 2526 750 hoc
2550 698 2744 750 mundo
2766 696 2870 748 non
2901 705 3024 748 sunt
3051 696 3268 748 meliora
3299 711 3311 747 τ
3354 696 3532 748 anima

1987 786 2154 838 sancti
2179 786 2233 838 in
2252 786 2405 839 bonis
2421 787 2667 854 operibus
2687 798 3050 852 perseverans,
3065 799 3183 851 quae
3205 785 3496 851 speciosior
3511 797 3531 823 ο

1987 880 2067 925 est
2105 872 2242 935 sole;
2281 880 2334 924 et
2367 874 2535 924 sancti
2562 871 2760 939 “angeli
2807 873 2893 938 qui
2943 886 3058 923 eam
3114 872 3402 938 suscipiunt
3433 889 3445 933 ;
3487 879 3542 926 et

1986 960 2286 1027 paradisus,
2315 959 2366 1010 in
2397 974 2554 1026 quem
2585 958 2604 987 ⁸
2635 959 2848 1010 ducitur
2868 999 2880 1021 ,
2924 959 3355 1025 exspectatioque
3394 959 3539 1026 regni

1989 1048 2238 1101 emis-stis.
2273 1043 2362 1100 His
2390 1047 2559 1098 tribus
2586 1061 2687 1099 non
2723 1053 2846 1098 sunt
2873 1044 3088 1096 meliora
3114 1045 3167 1096 in
3198 1047 3299 1097 hoc
3323 1046 3538 1098 mundo.

1988 1141 2171 1208 Angeli
2199 1135 2339 1194 enim
2365 1125 2541 1193 sancti
2571 1139 2832 1191 delectant
2880 1137 3109 1188 animam
3151 1136 3377 1203 spiritali
3419 1151 3544 1190 can-

1991 1231 2114 1290 tico,
2144 1230 2281 1282 sicut
2302 1228 2578 1280 Psalmista
2616 1229 2726 1279 ait:
2762 1226 2952 1278 Beatus
2976 1209 3123 1291 quem
3161 1224 3354 1291 eleg/isti
3386 1234 3430 1275 et
3463 1241 3546 1275 as-

1990 1318 2274 1386 sumpsisti,
2313 1316 2558 1377 Domine;
2615 1315 2864 1366 habitabit
2923 1315 2976 1365 in
3027 1311 3368 1364 tabernaculis
3421 1313 3543 1362 tuis.

1995 1405 2320 1473 Replebimur
2342 1405 2394 1455 in
2419 1402 2561 1455 bonis
2584 1402 2765 1453 domus
2788 1409 2889 1451 tua:
2910 1415 2927 1451 :
2949 1411 3185 1450 sanctum
3210 1406 3280 1450 est
3305 1397 3544 1466 templum

1993 1508 2157 1560 tuum,
2180 1495 2412 1553 mirabile
2433 1496 2485 1546 in
2507 1495 2744 1561 equitate
2774 1489 2944 1560 (Psal.
2973 1503 3117 1553 inv,
3149 1487 3181 1540 5
3209 1497 3257 1540 et
3288 1486 3364 1540 6i.
3399 1486 3542 1550 Haec,

1994 1587 2161 1641 frater
2189 1584 2520 1647 charissime,
2543 1582 2884 1635 meditemur.

2598 1691 2820 1747 CAPUT
2856 1690 2941 1744 LI.

1997 1794 2183 1847 Cavere
2211 1789 2272 1842 ab
2307 1789 2443 1842 omni
2471 1797 2676 1855 peccato
2693 1822 2714 1855 ,_v
2744 1785 2897 1855 ﬁnem
2937 1779 3292 1855 redemptionis
3328 1776 3544 1842 Christi,

2313 1865 2358 1908 et
2387 1850 2671 1923 tempestive
2696 1851 3036 1903 laborandum
3064 1850 3226 1900 docet.

2068 1950 2189 2013 llaec
2211 1950 2262 2002 in
2292 1948 2468 2000 animo
2497 1945 2719 1998 ﬁrmiter
2751 1951 3044 2000 teneamus.
3073 1947 3126 1992 et
3151 1953 3433 1992 caveamus
3455 1952 3552 1992 nos

1998 2041 2063 2092 ab
2084 2039 2226 2090 omni
2249 2043 2465 2103 peccato
2499 2041 2550 2086 et
2582 2031 2880 2097 iniquitate,
2916 2029 2965 2081 in
3001 2028 3183 2088 verbo,
3215 2027 3266 2079 in
3305 2025 3466 2087 facto,
3501 2027 3552 2078 in

1999 2127 2333 2196 cogitatione,
2361 2124 2415 2176 in
2441 2122 2700 2182 manibus,
2727 2120 2776 2171 in
2802 2118 3040 2188 pedibus,
3071 2117 3124 2169 in
3154 2115 3288 2176 risu,
3317 2115 3368 2167 in
3400 2114 3551 2167 audi-

1999 2226 2078 2282 tu,
2100 2215 2558 2279 custodiamusqne
2581 2224 2772 2276 corpus
2791 2216 3031 2260 nostrum
3054 2214 3105 2259 et
3125 2206 3376 2258 animam.
3404 2201 3555 2258 Chri-

2001 2317 2114 2362 stus
2139 2306 2278 2359 enim
2313 2302 2562 2356 Dominus
2590 2308 2790 2362 noster,
2818 2299 2907 2366 qui
2929 2305 3004 2350 est
3024 2298 3162 2350 Deus
3183 2304 3236 2348 et
3254 2294 3344 2349 Dei
3365 2295 3553 2360 Filius,

2006 2393 2276 2449 descendit
2298 2393 2361 2446 de
2381 2390 2515 2444 cmlo
2542 2390 2592 2442 in
2629 2397 2847 2442 terram.
2882 2395 2938 2438 ut
2962 2399 3057 2439 nos
3087 2385 3152 2438 de
3182 2393 3322 2436 terra
3352 2383 3417 2435 ad
3442 2397 3553 2436 em-

2003 2483 2112 2537 lum
2143 2496 2321 2536 secum
2350 2485 2620 2548 portaret:
2644 2490 2742 2543 pro
2769 2475 2919 2528 nobis
2945 2473 3313 2542 peccatoribus
3340 2485 3554 2526 crucem

2006 2571 2258 2632 ascendit,
2295 2577 2352 2622 ut
2384 2581 2480 2620 nos
2519 2581 2549 2618 a
2582 2562 2612 2603 ά
2658 2566 2893 2618 cruciatu
2942 2563 3132 2616 diaboli
3179 2562 3429 2615 liberaret
3453 2574 3466 2611 :
3490 2555 3558 2613 ab

2005 2661 2236 2716 inimicis
2259 2673 2467 2727 poenam
2492 2657 2513 2688 τ
2541 2655 2788 2721 suscepit,
2820 2663 2876 2706 ut
2904 2667 2999 2705 nos
3023 2652 3087 2705 de
3106 2666 3259 2719 paena
3282 2651 3560 2719 sempiter-

2008 2766 2075 2803 na
2107 2749 2390 2820 liberaret;
2423 2753 2644 2800 mortem
2675 2743 2920 2808 suscepit.
2955 2748 3135 2793 ut-nos
3162 2740 3225 2793 de
3253 2747 3419 2792 morte
3453 2737 3559 2790 eri-

2003 2847 2187 2907 peret;
2230 2853 2259 2890 a
2295 2844 2465 2889 morte
2501 2835 2812 2894 resurrexit,
2849 2843 2910 2883 ut
2948 2846 3043 2883 nos
3082 2845 3420 2897 resurgamus
3446 2830 3560 2881 ani-

2003 2945 2087 2981 ma
2117 2937 2168 2980 et
2193 2940 2414 2994 corpore
2440 2925 2489 2976 in
2511 2923 2595 2976 die
2619 2911 2808 2991 magno
2829 2920 3032 2989 judicii.
3061 2920 3184 2973 Ideo
3207 2920 3327 2972 dum
3352 2927 3558 2984 tempus

2002 3022 2285 3079 habemus,
2321 3017 2651 3076 laboremus,
2682 3025 2734 3067 et
2760 3017 2892 3067 bona
2918 3027 3076 3079 opera
3114 3009 3550 3077 Deoque'placita

2004 3121 2108 3159 una
2134 3120 2252 3159 cum
2282 3104 2372 3157 Dei
2400 3102 2660 3168 adjutorio
2687 3115 2897 3168 semper
2922 3100 3096 3154 facere
3122 3092 3449 3156 Studeamus,
3491 3109 3557 3148 ne

355 3191 467 3246 cit':
511 3192 832 3246 Putrueruut
867 3202 914 3246 et
961 3204 1211 3261 corrupta:
1252 3201 1369 3244 sunt
1402 3193 1662 3245 cicatrices
1707 3211 1832 3248 mea:
1873 3215 1905 3250 a
1933 3193 1979 3254 C
2009 3197 2182 3253 subito
2224 3207 2254 3249 0,
2284 3193 2637 3265 praeoccupati
2674 3193 2758 3245 die
2788 3193 2974 3245 mortis
3009 3204 3306 3259 quaaramus
3329 3188 3554 3255 spatium

1553 3328 1640 3381 VA
1650 3329 1938 3385 RIANTES
1974 3326 2369 3386 LECTIONES.

356 3435 628 3488 nunquam
647 3417 1151 3490 enimgconmrdiam
1175 3414 1392 3490 faciunt,
1429 3415 1518 3469 sed
1544 3415 1863 3490 discordiam
1896 3417 2092 3490 :“ligna'
2113 3420 2164 3472 in
2203 3419 2376 3490 ignem
2403 3417 2635 3490 mittunt.
2665 3410 2953 3490 _l‘Icrc’Ven.
2987 3413 3135 3490 habet
3158 3411 3557 3490 interogatus.

344 3491 372 3526 -'
415 3484 562 3542 Sicut
583 3497 630 3540 et
657 3487 766 3540 lucc
792 3487 1042 3557 (linguam
1072 3486 1434 3557 detrahentem
1457 3484 1772 3557 audiamus).

357 3558 598 3626 supplico
626 3552 922 3626 iterumque
951 3555 1129 3622 depre.
1206 3553 1225 3582 ⁸
1257 3552 1554 3626 Be‘ned.,_in
1582 3569 1705 3621 quo.

1849 3491 1868 3518 '
1912 3483 2058 3553 Veil,
2094 3497 2148 3541 et
2172 3483 2418 3541 omnibus
2452 3487 2538 3539 ho.
2579 3485 2846 3537 facientib.
2879 3496 3038 3550 opera
3060 3483 3218 3553 _diab.

1799 3556 1820 3586 '
1845 3551 2125 3611 Beued.in
2160 3571 2324 3624 marg.
2357 3571 2480 3624 mss.
2525 3564 2633 3606 tres
2673 3554 2724 3605 in
2769 3551 3238 3624 boc_m.undo_non
3277 3557 3403 3622 sunt
3449 3564 3559 3602 me-

358 3621 521 3680 lio-res
546 3639 704 3692 quam
747 3621 941 3686 anima,
971 3621 1145 3692 etc._et
1171 3637 1291 3692 mos:
1327 3621 1407 3672 his
1437 3622 1604 3675 tribus
1638 3638 1742 3692 non
1786 3633 1907 3677 sunt
1948 3625 2208 3678 meliores.
2243 3621 2507 3692 “'Beuedq
2557 3623 2606 3674 in
2659 3635 2781 3692 quo.

3295 3480 3314 3510 ι
3342 3479 3558 3546 Bened.,

2882 3621 2901 3649 ⁷
2957 3619 3076 3672 Ven.
3108 3620 3164 3670 in
3207 3610 3372 3686 marg.
3419 3627 3560 3670 notat

361 3689 586 3748 Iuoﬂclﬁ
622 3702 668 3746 ετ
706 3693 760 3746 in
797 3700 937 3744 τείεω
975 3690 1146 3743 ειαιὶῖη
1184 3689 1354 3752 hab“.
1394 3697 1450 3741 ιιι
1485 3705 1581 3767 nos
1633 3691 1698 3746 de
1732 3692 1904 3748 morte
1944 3694 2188 3762 eriperet,
2227 3691 2441 3757 omissis
2481 3705 2596 3760 qua
2639 3689 2885 3743 mediam.

1861 3832 2084 3890 ΝΟΤίΕ.

434 3962 458 3988 α
493 3947 617 4001 Sine
659 3945 912 4006 extinctu,
958 3955 1054 4010 pro
1082 3943 1419 3997 extinctione.
1459 3942 1657 3998 Plinius
1681 3945 1774 4000 lib.
1809 3960 1903 4010 vn,

361 4036 412 4072 e.
439 4019 468 4069 7
498 4032 512 4069 :
550 4014 693 4068 Odor
719 4031 751 4066 a
776 4013 1102 4065 lucernarum
1121 4013 1364 4064 extincta.

433 4087 462 4124 b
491 4083 707 4152 Nigrior
726 4088 873 4152 corvo
896 4091 988 4133 est.
1027 4079 1334 4152 Ambrosius
1362 4081 1432 4135 lib
1482 4081 1556 4134 De
1584 4080 1691 4152 Noe
1709 4090 1762 4136 et
1781 4098 1904 4137 arca

362 4170 481 4221 cap.
513 4149 614 4204 17:
657 4169 675 4200 ι
715 4149 878 4221 Culpa
913 4150 1315 4221 tenebrosaest,
1352 4158 1404 4203 et
1428 4150 1908 4221 mortuispascitur

365 4217 506 4275 sicut
528 4234 738 4272 corvus.
775 4237 792 4267 ι
820 4217 1146 4286 Augustinus
1176 4217 1264 4269 lib.
1292 4218 1538 4270 Annotat.
1567 4219 1616 4270 in
1642 4217 1759 4271 Job.
1787 4235 1902 4286 cap.
1954 4224 1956 4226 ⁷

365 4303 593 4349 xxxvni,
619 4301 670 4337 v.
704 4286 761 4339 Η
791 4299 805 4336 :
839 4303 855 4333 ι
895 4285 1265 4356 Signiﬁcantur
1282 4301 1410 4356 ergo
1432 4286 1563 4356 nigri
1596 4288 1784 4356 (corvi)
1808 4285 1928 4342 hec.

366 4367 448 4412 est
470 4364 777 4426 peccatores
795 4356 1036 4426 nondum
1067 4353 1291 4426 dealbati
1320 4353 1909 4426 remissione_peccato-

369 4422 506 4480 runi.
538 4443 556 4475 ι
583 4424 759 4476 Bruno
780 4422 1017 4475 Astensis
1044 4437 1202 4490 super
1225 4422 1527 4475 Pent-atcue.
1553 4425 1604 4476 in
1626 4422 1738 4478 Gen
1788 4439 1905 4490 cap.

369 4442 506 4480 rum.
538 4443 556 4475 ι
586 4439 759 4476 bruno
780 4439 1017 4475 aswnms
1044 4439 1202 4490 super
1227 4439 1527 4475 rentateuc.
1553 4439 1604 4476 in
1626 4439 1738 4478 uen

366 4508 460 4571 \jn}
485 4509 500 4545 ε
531 4511 562 4571 ,ι
593 4490 736 4571 Quid
765 4491 904 4542 enim
920 4505 1118 4571 corvus
1147 4491 1247 4571 nisi
1275 4500 1582 4571 peccatores
1599 4492 1861 4571 designat.
1885 4513 1902 4543 ι

367 4562 544 4629 Aliqui
591 4568 764 4629 tamen
809 4573 870 4610 ex
916 4557 1390 4629 GraecisPatribus
1426 4560 1595 4625 ipsum
1630 4557 1907 4629 _diabolum

366 4625 805 4698 per—nigredinem
830 4627 986 4698 corvi
1022 4625 1313 4698 design_ari_
1332 4635 1591 4698 asserunt.
1623 4626 1714 4681 Sic
1737 4628 1908 4698 Chry-

369 4687 636 4752 sostorniis
678 4710 784 4748 ser.
829 4695 880 4747 in
928 4687 1249 4749 Pentecfde
1283 4691 1730 4762 Spiritu‘sancto:
1773 4714 1790 4745 ι
1833 4687 1912 4749 Ex

369 4765 773 4846 argjeele‘size
800 4763 1203 4846 eliminatuses‘t
1229 4765 1482 4846 diabolus,
1510 4765 1741 4846 qui‘vere
1764 4767 1912 4846 niger

368 4845 423 4888 et
438 4835 537 4902 51
558 4833 866 4902 tenebrosus
890 4846 1080 4902 corvus
1100 4839 1211 4902 est,
1226 4831 1521 4902 _suﬂocatus
1530 4831 1582 4885 in
1610 4835 1758 4900 aquis
1786 4831 1911 4901 bap-

372 4898 619 4955 tismatis.
643 4919 663 4950 ι
681 4900 744 4951 Et
761 4899 1074 4968 Anastasius
1095 4898 1297 4968 Sinaita
1325 4900 1415 4951 lib.
1432 4917 1465 4958 ι,
1486 4898 1779 4968 Conteinpl.
1794 4898 1914 4953 ana-

370 4984 488 5038 gOg.
529 4971 580 5021 in
608 4968 910 5038 “examen:
924 4986 948 5038 ι
969 4967 1099 5038 Cum
1121 4967 1405 5038 suffocatus
1424 4976 1563 5038 esset
1584 4967 1839 5038 (intelligo
1859 4970 1914 5022 in

371 5036 524 5105 aquis
549 5036 967 5105 baptismatisgde
996 5037 1184 5102 quibus
1213 5037 1462 5105 loquitur)
1491 5044 1544 5088 et
1567 5036 1809 5104 periisset
1833 5047 1915 5091 te-

373 5103 634 5160 nébrosus
655 5119 846 5158 corvus
872 5103 1055 5166 Satan,
1099 5113 1202 5158 etc.
1234 5124 1251 5156 ι
1278 5103 1528 5158 Diabolus
1558 5117 1731 5157 autem
1760 5112 1916 5174 caput

371 5183 451 5226 est
476 5181 836 5240 peccatorum.

443 5239 489 5278 εί
508 5241 638 5305 Quae
675 5241 948 5308 speciosior
971 5239 1193 5308 estgsole.
1219 5239 1332 5292 Non
1359 5239 1660 5307 infrequens
1691 5242 1740 5292 in
1773 5239 1917 5294 Seri-

373 5311 543 5377 pturis
581 5307 925 5377 comparatio.
964 5307 1084 5361 Jud.
1122 5323 1185 5371 v,
1226 5309 1284 5377 51
1314 5323 1327 5359 :
1353 5309 1454 5370 Qui
1496 5317 1666 5377 autem
1698 5309 1916 5377 diligunt

373 5374 440 5441 te,
462 5381 597 5430 sicut
622 5374 776 5444 soliis
803 5387 918 5428 ortu
954 5393 1048 5430 suo
1076 5376 1322 5444 splendet,
1362 5377 1434 5428 ita
1472 5375 1698 5426 rutilent.
1756 5375 1914 5444 Eccli.

376 5460 539 5504 xxv".
576 5445 660 5497 12.
694 5441 860 5495 Homo
886 5441 1163 5510 sapiens'in
1187 5444 1436 5510 sapientia
1467 5452 1632 5493 manet
1661 5442 1914 5510 sicutsol.

377 5513 505 5592 Vide
532 5510 767 5592 apudP.‘
788 5509 1087 5592 Cornelium
1115 5509 1367 5592 a‘L_a_pid.e
1399 5518 1519 5592 octo
1551 5510 1688 5588 solis.
1706 5509 1918 5592 ethjusi

376 5578 646 5648 analogias
671 5580 723 5632 iu
754 5579 893 5634 hunc
921 5579 1116 5648 locum.
1141 5578 1286 5632 Adde
1305 5579 1429 5648 illud
1451 5578 1653 5648 Domini
1680 5579 1729 5629 in
1753 5578 1920 5648 Evan-

377 5649 514 5716 gelia
537 5645 734 5700 Matth.
775 5663 890 5711 sui,
913 5648 999 5709 45,
1017 5647 1081 5716 de
1099 5645 1274 5716 iustis,
1298 5647 1390 5716 qui
1411 5648 1472 5716 _iu
1499 5647 1649 5699 bouis
1674 5647 1922 5716 operibus

375 5714 880 5784 perseveraveruut,
918 5725 977 5770 ut
1016 5715 1103 5768 hic
1135 5714 1262 5784 dicit
1298 5714 1578 5784 Paulinus,
1619 5723 1674 5784 et
1693 5714 1920 5784 gloriam

377 5779 804 5854 consequentur:
835 5783 973 5837 Tunc
991 5784 1123 5851 justi
1149 5779 1406 5851 fulgebunt
1433 5783 1562 5835 sicut
1585 5781 1660 5835 sol
1686 5779 1740 5835 in
1769 5797 1920 5851 regno

1937 4517 1984 4575 υ
2014 4516 2280 4568 Dominica

2013 3945 2187 3999 Patris
2208 3962 2406 4000 eorum.
2622 3986 2628 3993 .

2079 4015 2105 4054 ά
2140 4014 2208 4067 Ut
2244 4031 2336 4068 nos
2362 4033 2392 4067 ιι
2419 4013 2672 4066 cruciatu.
2711 4010 2990 4065 Cruelatns
3015 4024 3044 4062 a
3068 4023 3224 4064 cnice
3251 4016 3354 4071 est,
3379 4014 3437 4061 ut
3465 4021 3558 4075 pa-

2011 4091 2088 4148 tet
2109 4099 2172 4136 ex
2199 4083 2288 4135 illo
2311 4083 2543 4136 Terentii
2579 4083 2629 4134 in
2656 4080 2892 4134 Eunueb.
2922 4094 2974 4132 v.
3006 4078 3126 4142 582,
3155 4087 3260 4132 act.
3286 4093 3346 4142 ιι,
3370 4091 3446 4131 se.
3481 4077 3515 4134 δ
3539 4092 3554 4128 :

2255 4171 2316 4218 Et
2341 4171 2434 4220 illis
2454 4173 2674 4219 cruribus

2309 4231 2370 4279 Et
2392 4245 2498 4292 quae
2517 4237 2600 4277 nos
2618 4242 2810 4289 semper
2828 4229 3044 4290 omnibus
3059 4230 3268 4276 cruciant
3292 4227 3465 4274 modis.

2013 4311 2147 4363 llinc
2173 4310 2368 4377 optime
2389 4317 2493 4361 stat
2517 4307 2717 4361 Paulini
2745 4307 3059 4377 antitheton.

2087 4391 2110 4416 θ
2151 4371 2232 4430 Ne
2259 4378 2424 4429 subito
2452 4376 2824 4444 prreoceupati,
2865 4384 2967 4427 etc.
3015 4375 3105 4427 Est
3137 4387 3258 4440 pars
3300 4371 3440 4444 illius
3473 4386 3557 4424 re—

2014 4447 2295 4514 sponsorii,
2318 4442 2457 4512 quod
2478 4453 2596 4514 post
2615 4451 2855 4510 quartam
2879 4444 3152 4514 lectionem
3177 4457 3316 4514 nunc
3336 4442 3559 4514 dicimus

2364 4514 2492 4564 rima
2541 4512 2785 4578 Quadrag
2821 4513 2989 4578 sinite,
3030 4522 3085 4578 et
3127 4511 3275 4562 feriis
3308 4511 3460 4578 tertia
3505 4515 3560 4560 et

2011 4592 2158 4637 sexta
2202 4577 2433 4650 ejusdem
2479 4577 2816 4650 hebdomadas
2846 4597 2857 4629 :
2889 4577 3228 4650 Emendemi's
3269 4579 3322 4629 in
3354 4577 3556 4650 melius,

2009 4661 2110 4705 etc.
2141 4646 2496 4704 An'Paulinus
2519 4647 2833 4700 mutuaverit
2865 4648 3019 4699 verba
3049 4663 3078 4701 a
3109 4646 3460 4713 responsOrio,
3491 4658 3559 4696 an

2011 4730 2196 4772 auctor
2239 4717 2555 4783 responsorii
2605 4731 2633 4767 a
2677 4714 2927 4776 Paulino,
2969 4713 3224 4768 incertum
3268 4714 3559 4781 siquidem,

2012 4786 2263 4856 quidquid
2294 4787 2432 4856 dicat
2473 4783 2781 4856 Agobardus
2803 4784 2912 4856 _lib_.
2955 4784 3026 4836 De
3059 4783 3390 4856 correctione
3419 4783 3558 4856 anti-

2010 4849 2247 4924 phonarii
2273 4863 2326 4906 et
2349 4855 2435 4924 lib.
2460 4849 2646 4924 contra
2668 4852 3016 4924 Amalarium,
3041 4853 3201 4904 etiam
3225 4866 3288 4901 ex
3317 4849 3561 4924 Patribus

2011 4916 2348 4992 probatisque
2374 4922 2502 4992 viris
2533 4919 2864 4992 laudabiliter
2892 4933 3146 4992 usurpare
3186 4918 3487 4992 sententias
3507 4916 3559 4992 i_n

2012 4983 2280 5056 precibus'
2307 4990 2417 5042 suis
2471 4987 2740 5056 consuevit
2795 4983 3065 5050 Ecclesia,
3112 4983 3562 5056 teste_V\-lafrido

2015 5054 2294 5112 Strabone.
2336 5058 2407 5110 De
2433 5059 2543 5110 reb.
2576 5055 2867 5108 eeclesiast.
2896 5070 3012 5123 cap.
3037 5056 3125 5107 25.
3171 5055 3245 5107 De
3267 5054 3366 5106 hoc
3385 5062 3560 5123 autem

2014 5127 2349 5194 responsurin
2366 5126 2554 5194 scribit
2573 5123 2870 5176 Amalarius
2899 5121 2999 5194 lib.
3025 5124 3095 5194 De
3117 5124 3302 5194 ordine
3322 5121 3563 5194 antipho-

2015 5188 2148 5248 uarii
2172 5210 2288 5260 cap.
2312 5193 2377 5246 55
2404 5210 2414 5244 :
2445 5211 2462 5241 ι
2485 5192 2865 5258 Responsorios
2894 5193 2956 5242 de
2981 5190 3181 5256 jejunio
3214 5191 3291 5244 sic
3310 5189 3445 5260 inihi
3485 5188 3563 5260 vi-

2015 5279 2130 5315 sum
2162 5257 2258 5315 fuit
2279 5257 2605 5321 scribendos,
2635 5269 2690 5312 ut
2718 5260 2918 5328 primus
2939 5268 3283 5320 statueretur,
3307 5257 3563 5309 Emende-

2018 5347 2133 5383 mus
2177 5331 2231 5408 in
2274 5328 2462 5408 melius
2496 5329 2959 5407 quaajguoranter
2984 5328 3367 5408 peccavimus,‘
3391 5332 3559 5387 etc.;s

2017 5399 2260 5464 congruit
2311 5399 2452 5449 enim
2498 5393 2733 5464 apprime
2777 5393 3002 5464 tempori
3050 5393 3473 5464 Quadragesimae
3510 5402 3563 5443 et

2015 5462 2356 5532 paenitentiae.
2381 5462 2814 5532 Quandoquidem
2840 5479 2956 5532 _mos
2983 5462 3080 5514 fuit
3105 5463 3352 5532 [Ecclesiae
3376 5473 3564 5527 preces

2018 5529 2139 5586 suas
2159 5533 2424 5602 mysteriis
2447 5529 2796 5584 conformare.
2823 5530 3075 5583 Alcuinus
3105 5529 3282 5583 Poem.
3312 5546 3369 5582 ιιι
3396 5547 3407 5580 :

2141 5639 2351 5700 Hymnos
2373 5650 2427 5687 ac
2452 5637 2678 5697 psalmos,
2701 5645 2749 5685 et
2773 5649 3074 5694 responsuris
3100 5639 3234 5685 festis

2139 5699 2354 5758 Cringrua
2377 5711 2648 5758 prolocutus
2667 5702 2834 5744 subter
2855 5700 3098 5744 testudine
3124 5706 3333 5756 tempus.

2021 5780 2150 5835 Cum
2190 5781 2301 5834 haec
2336 5781 2587 5834 scriberet
2618 5776 2944 5840 Amalarius,
2990 5777 3098 5844 jam
3144 5794 3235 5831 sua
3281 5777 3564 5845 scripserat
3600 5799 3628 5846 χ
