4174 6442
303 487 398 542 261

1046 487 1242 540 LIBER
1282 486 1834 568 EXHORTAIIONIS
1871 489 1961 542 AD
2000 489 2346 544 HENRICUM
2385 488 2707 545 FOROJUL.

3403 491 3502 542 362

308 599 553 654 recedat:
576 610 682 654 nec
709 603 951 650 naturam
980 597 1031 649 in
1066 598 1081 626 ⁸
1118 598 1270 650 nobis
1294 638 1309 661 ,
1347 599 1438 651 sed
1487 599 1668 652 vitium
1717 600 1858 668 quod
1884 605 1931 659 Α
1960 601 1977 629 ⁷
2011 600 2274 652 mundana
2310 616 2447 664 esse,
2479 616 2595 668 qua:
2624 602 2676 654 in
2721 601 3124 656 amaritudinem
3167 603 3409 665 vertitur,
3449 614 3501 656 ct

309 686 701 748 COiitraiimus,
727 684 856 737 odit.
909 683 976 741 Et
1029 699 1134 737 non
1185 686 1402 752 prodest
1459 698 1483 725 ει
1531 687 1725 750 nobis,
1757 689 1862 741 imo

309 775 468 830 ctiam
497 777 652 829 obest
674 771 874 826 Christi
902 775 1158 840 sanguine
1179 787 1296 824 esse
1334 773 1654 841 redemptos,
1679 785 1730 828 et
1767 790 1863 837 vo-

310 864 541 917 luntarie
561 862 771 916 diabolo
790 875 907 914 esse
927 860 1211 927 subjectos.
1238 860 1359 913 Ideo
1380 863 1672 929 cogitemus
1692 871 1744 915 et
1781 878 1862 915 re-

311 952 622 1021 cogitemus,
657 949 796 1017 quod
845 963 947 1000 non
990 956 1206 1014 propter
1258 947 1557 1001 felicitatem
1600 957 1860 1004 terrenam

307 1041 599 1095 Christiani
623 1039 794 1093 effecti
825 1053 1028 1101 sumus,
1057 1040 1075 1068 '
1096 1054 1194 1090 nec
1218 1048 1432 1106 propter
1474 1041 1684 1094 divitias
1710 1040 1862 1107 hujus

309 1129 615 1193 saeculi,vel
644 1137 858 1198 propter
884 1128 1038 1180 istam
1092 1127 1256 1179 vitam
1303 1127 1573 1183 Christum
1619 1129 1858 1192 colimus,

308 1220 449 1272 sicut
487 1217 775 1286 Apostolus
808 1217 920 1273 ait»:
956 1214 1014 1268 Si
1051 1217 1102 1267 in
1126 1217 1220 1267 hac
1247 1216 1347 1268 vita
1368 1227 1568 1269 tantum
1597 1235 1860 1286 speramus

307 1311 360 1360 in
381 1308 610 1360 Domino
639 1308 683 1370 ³,
707 1305 1102 1358 miserabiliores
1125 1322 1301 1358 sumus
1320 1309 1551 1359 omnibus
1571 1309 1861 1360 hominibus

307 1395 358 1464 (l
381 1395 506 1450 Cor.
526 1396 737 1466 v.19).
761 1396 1004 1449 Christus
1027 1397 1188 1458 enim,
1209 1409 1272 1448 ne
1295 1412 1481 1449 aurum
1501 1399 1859 1466 diligeremus,

305 1488 486 1542 oblata
513 1503 731 1541 munera
765 1496 1103 1542 contemnere
1131 1489 1343 1550 docuit;
1385 1505 1448 1541 ne
1472 1489 1663 1543 famem
1705 1493 1858 1545 time-

307 1591 510 1638 remus,
533 1576 884 1643 quadraginta
918 1577 1103 1628 diebus
1130 1575 1413 1642 jejnnavit;
1467 1593 1530 1630 ne
1573 1581 1860 1634 nuditatem

304 1664 1036 1733 pertimesceremus,pra:tvr
1064 1679 1219 1715 unam
1251 1664 1501 1725 tunicam,
1523 1665 1678 1718 aliam
1705 1668 1862 1720 disci-

304 1753 446 1822 pulis
473 1754 584 1806 suis
611 1753 805 1805 habere
824 1754 989 1804 vetuit
1013 1769 1026 1814 ;
1069 1768 1134 1805 ne
1157 1753 1525 1808 tribulationes
1547 1769 1862 1822 expavesce-

304 1857 509 1905 remus,
536 1839 712 1895 omnia
757 1843 869 1910 ipse
905 1843 1185 1904 sustinuit;
1235 1857 1299 1896 ne
1334 1855 1556 1897 mortem
1602 1844 1856 1905 formida-

302 1946 509 1992 rcmns,
535 1938 586 1984 et
615 1933 750 1984 hanc
777 1932 886 1998 ipse
912 1933 1160 1999 suscepit.
1187 1933 1251 1984 Et
1276 1949 1393 1985 cum
1430 1935 1527 1986 ista
1558 1937 1733 1987 omnia
1763 1951 1859 1990 nos
1893 1941 1932 1996 Β

303 2017 568 2080 docuerit,
606 2033 709 2070 non
755 2026 955 2070 tantum
1005 2019 1188 2080 verbo,
1212 2034 1397 2071 verum
1426 2022 1585 2072 etiam
1616 2017 1857 2089 exemplo

301 2105 418 2172 ipse
445 2106 740 2172 praecessit.
767 2106 873 2158 Hoc
894 2105 1035 2158 enim
1059 2104 1242 2175 ﬂagret
1267 2106 1318 2159 in
1349 2109 1597 2161 cordibus
1626 2109 1852 2173 nostris;

301 2196 406 2249 hoc
438 2196 576 2262 ignis
605 2193 837 2262 Spiritus
865 2195 1035 2248 sancti
1061 2195 1112 2247 in
1157 2196 1310 2248 nobis
1349 2196 1550 2250 fervere
1587 2198 1775 2260 faciat,
1802 2206 1859 2251 nt

300 2296 594 2349 sequamur
621 2282 842 2349 vestigia
865 2279 996 2346 ejus,
1025 2297 1089 2333 ne
1115 2281 1474 2335 desideremus
1500 2291 1773 2337 remanere
1805 2286 1856 2337 in

301 2370 402 2421 hoc
426 2370 644 2430 mundo,
670 2377 724 2421 et
756 2383 1035 2436 pereamus
1057 2383 1175 2421 cum
1198 2369 1297 2421 hoc
1319 2372 1530 2423 mundo.
1560 2371 1670 2423 Heu
1698 2387 1858 2438 quoiam

299 2458 484 2510 miseri
523 2473 726 2520 sumus,
754 2459 797 2510 si
832 2459 935 2511 hoc
959 2459 1175 2511 credere
1206 2459 1471 2523 nolumus,
1498 2469 1551 2512 et
1588 2462 1652 2514 ab
1677 2477 1857 2515 amore

300 2544 459 2612 hujus
493 2546 672 2598 saeculi
718 2555 946 2599 mentem
979 2556 1212 2600 nostram
1243 2563 1345 2601 non
1374 2564 1702 2615 revocemus,
1734 2552 1855 2604 dum

298 2633 682 2700 perpetualiter
707 2634 805 2686 ista
835 2644 1013 2688 tenere
1037 2649 1137 2687 non
1158 2649 1458 2702 possumus,
1481 2645 1533 2689 et
1554 2637 1637 2689 illa
1661 2655 1752 2706 per
1777 2653 1859 2691 sc-

297 2723 583 2776 curitatem
611 2724 932 2776 amittimus!
965 2723 1100 2788 Quid
1129 2724 1412 2779 faciemus?
1445 2727 1572 2794 quid
1611 2729 1858 2795 agemus?

298 2809 584 2878 lugendum
607 2811 760 2864 nobis
779 2819 860 2865 est
881 2812 926 2864 si
946 2826 1163 2878 regnum
1191 2814 1210 2841 δ
1223 2814 1537 2882 promissum
1555 2815 1854 2882 perdamus,

299 2909 352 2952 et
376 2901 558 2954 subito
581 2902 788 2955 dicatur
813 2903 985 2966 nobis,
1008 2917 1040 2955 o
1078 2896 1465 2957 vos'amatores
1492 2905 1691 2967 mundi,
1716 2906 1856 2958 exite

298 2990 510 3043 obviam
541 3005 758 3058 sponso,
786 2999 839 3045 et
865 2992 931 3045 ad
966 2991 1111 3045 illum
1141 2992 1331 3056 venite,
1360 3006 1515 3060 quem
1550 2993 1728 3046 videre
1750 3009 1856 3048 non

300 3078 479 3143 vultis,
510 3080 634 3148 quia
683 3089 946 3150 praecepta
996 3080 1110 3148 ejus
1155 3082 1543 3149 postposuistis.
1599 3081 1856 3136 Videbitis

298 3166 436 3220 enim
463 3164 651 3234 plagas
688 3167 850 3236 ipsas,
877 3184 1009 3236 quas
1035 3169 1088 3221 in
1132 3184 1353 3236 corpore
1409 3185 1504 3223 suo
1557 3185 1653 3239 pro
1708 3170 1854 3224 vobis

302 3253 323 3283 ⁸
346 3252 583 3322 pertulit.
611 3253 750 3318 Quid
783 3262 907 3308 tunc
931 3255 1167 3308 dolentes
1199 3263 1252 3309 et
1277 3267 1547 3324 gementes
1586 3257 1857 3312 dicemus?
1880 3260 1930 3324 ο

302 3343 364 3397 Et
385 3344 516 3412 quid
543 3345 750 3398 meritis
787 3346 984 3399 nostris
1010 3346 1062 3397 in
1091 3359 1210 3398 eum
1260 3347 1592 3415 exigentibus
1632 3360 1856 3415 respon-

301 3435 407 3486 suri
431 3435 639 3488 erimus
667 3434 711 3499 ⁸,
744 3435 868 3488 dum
901 3434 1206 3504 frequenter
1245 3437 1558 3501 audivimus,
1590 3445 1642 3490 et
1682 3438 1860 3507 negle-

302 3524 473 3577 ximus
529 3526 556 3563 δ
610 3527 752 3594 quod
797 3527 1077 3581 Psalmista
1120 3529 1353 3582 cecinit:
1385 3527 1520 3593 Quid
1579 3529 1856 3583 retribuam

299 3612 522 3668 Domino
548 3633 644 3686 pro
666 3617 899 3672 omnibus
925 3634 1040 3686 qum
1068 3619 1300 3672 retribuit
1321 3617 1483 3670 mihi?
1520 3619 1743 3672 Calicem
1771 3637 1856 3672 sa-

300 3703 482 3758 lutaris
518 3705 806 3771 accipiam,
828 3715 876 3758 et
907 3721 1089 3758 nomen
1116 3706 1324 3758 Domini
1372 3707 1614 3759 invocabo
1663 3707 1850 3777 (Psal.

301 3808 416 3857 cxv,
443 3784 839 3864 12).'Firmiter
861 3804 1156 3860 teneamus,
1180 3798 1300 3864 quia
1328 3812 1448 3865 spes
1499 3799 1754 3850 bonorum
1799 3797 1852 3850 in
1892 3834 1898 3839 ο

303 3881 401 3936 isto
429 3883 630 3939 mundo
662 3900 767 3938 non
811 3893 893 3939 est
942 3886 1137 3952 posita,
1168 3886 1408 3953 quamvis
1449 3885 1689 3938 videatur
1733 3901 1852 3953 spes

1964 703 2196 740 amaram
2221 690 2485 756 potionem
2513 689 2637 765 ipse.
2652 689 2877 744 mundus
2902 692 3227 744 amatoribus
3253 692 3360 746 suis
3385 708 3508 761 pro-

1961 778 2124 845 pinat.
2155 778 2220 830 Et
2243 779 2354 845 ipsa
2381 779 2590 832 Veritas
2619 793 2709 833 eos
2737 779 3018 847 alloquitur
3051 780 3235 834 dicens
3261 795 3275 832 :
3304 780 3403 836 Ubi
3425 790 3506 835 est

1962 867 2102 934 quod
2128 869 2387 921 amabatis
2410 868 2464 919 ⁸⁸3
2511 868 2610 922 Ubi
2633 877 2712 922 est
2734 872 2874 937 quod
2896 885 2990 938 pro
3011 885 3198 940 magno
3216 871 3510 924 tenebatis?

2553 999 2774 1054 CAPUT
2813 1001 2915 1053 LV.

2217 1087 2405 1152 Quam
2436 1087 2653 1156 lugenda
2681 1089 2971 1141 animarum
2993 1091 3228 1158 perditio.

2028 1174 2072 1228 Ο
2092 1177 2162 1228 mi
2192 1174 2372 1238 frater,
2400 1176 2633 1244 nunquid
2665 1175 2849 1230 ferrea:
2876 1188 2995 1230 sunt
3015 1194 3201 1232 carnes
3222 1188 3432 1242 nostrae,
3452 1189 3510 1234 ut

1962 1279 2062 1316 non
2090 1265 2523 1327 contremiscam,
2547 1266 2627 1318 vel
2653 1267 2812 1320 etiam
2843 1282 3027 1328 sensus
3055 1280 3231 1322 noster
3252 1271 3507 1323 adaman-

1961 1357 2121 1419 tinus,
2157 1365 2215 1408 ut
2262 1371 2367 1410 non
2405 1357 2695 1421 mollescat,
2726 1366 2815 1410 aut
2833 1359 2990 1411 etiam
3031 1374 3131 1412 non
3155 1359 3175 1390 ’
3204 1359 3412 1428 cvigilet
3441 1359 3508 1413 ad

1963 1444 2084 1496 talia
2112 1445 2201 1496 Dei
2228 1445 2422 1498 verba?
2450 1444 2623 1510 Quare
2652 1461 2754 1498 non
2800 1447 3022 1500 dicimus
3051 1463 3169 1500 cum
3199 1447 3460 1515 Propheta
3491 1466 3505 1504 τ

1964 1530 2092 1595 Quis
2111 1532 2254 1584 dabit
2281 1534 2434 1600 capiti
2476 1542 2647 1586 nostra
2675 1549 2880 1601 aquam,
2921 1544 2966 1586 et
2993 1534 3154 1586 oculis
3185 1538 3369 1588 nostris
3396 1537 3506 1604 fon-

1960 1628 2057 1670 tem
2083 1619 2448 1696 lacrgmarum,
2476 1630 2522 1673 et
2555 1621 2595 1651 ¹⁰
2622 1621 2874 1689 ploremus
2899 1622 2980 1674 die
3003 1639 3063 1673 ac
3092 1631 3234 1674 nocte
3273 1622 3510 1676 vulnera-

1961 1717 2037 1760 tos
2059 1707 2195 1774 ﬁlios
2221 1708 2378 1776 plebis
2401 1719 2588 1762 nostra:
2614 1709 2824 1778 (larem.
2850 1727 2922 1770 ix.
2950 1710 3034 1781 i)?
3057 1711 3311 1763 Deficiunt
3337 1710 3508 1765 flendo

1960 1798 2094 1852 oculi
2121 1814 2302 1852 eorum
2327 1801 2415 1866 qui
2441 1801 2776 1854 considerant
2821 1817 2925 1854 non
2960 1801 3127 1854 solum
3167 1810 3366 1856 mortes
3392 1819 3508 1856 cor-

1959 1901 2170 1954 porum,
2217 1886 2297 1940 vel
2349 1887 2509 1940 etiam
2555 1887 2851 1940 animarum
2887 1888 3328 1944 Christianorum.
3380 1890 3509 1956 Quis
3592 1936 3598 1948 .

1960 1974 2133 2028 luctus
2156 1976 2409 2040 idoneior,
2439 1977 2557 2044 quis
2575 1976 2814 2045 planctus
2836 1977 3034 2032 'certior
3064 1979 3283 2032 inveniri
3310 1990 3503 2048 potest.

1961 2063 2227 2130 “quando
2253 2065 2612 2131 unusquisque
2635 2073 2870 2117 nostrum
2904 2065 2965 2118 de
2996 2065 3170 2118 anima
3195 2068 3395 2134 perdita
3424 2068 3505 2120 lu-

1958 2160 2043 2220 get
2069 2163 2122 2205 et
2149 2151 2290 2204 dolet
2318 2166 2436 2204 cum
2461 2152 2732 2221 Apostolo,
2756 2153 2845 2221 qui
2870 2154 3018 2217 dixit,
3047 2153 3171 2217 Quis
3193 2155 3504 2222 inﬁrmatur.

1957 2250 2002 2292 et
2033 2257 2122 2309 ego
2151 2258 2248 2293 non
2297 2241 2571 2308 inﬁrmor?
2611 2241 2736 2305 Quis
2776 2243 3177 2306 scandalizatur,
3205 2253 3252 2296 et
3290 2261 3380 2313 ego
3407 2261 3506 2296 non

1958 2344 2082 2379 uror
2110 2327 2192 2398 (Il
2223 2327 2342 2381 Cor.
2370 2345 2443 2392 xl,
2470 2328 2594 2398 29)?
2625 2330 2796 2398 Atque
2840 2331 3033 2383 iterum
3062 2331 3114 2382 in
3143 2331 3244 2384 alio
3285 2332 3400 2386 loco
3429 2332 3506 2386 di—

1956 2415 2233 2469 lectionem
2280 2419 2637 2484 proximorum
2693 2419 3018 2488 conipassus,
3062 2419 3224 2473 dicit:
3255 2418 3505 2489 Optabam

1956 2523 2062 2559 esse
2103 2508 2375 2558 anathema
2419 2524 2510 2575 pro
2545 2508 2792 2575 fratribus
2812 2511 2936 2562 meis
2963 2528 2992 2562 a
3024 2512 3063 2540 ¹¹
3094 2509 3294 2564 Christo
3329 2509 3502 2579 (Rom.

1956 2611 2030 2656 ιχ,
2059 2595 2132 2664 5).
2162 2596 2433 2650 Discamus
2476 2597 2527 2650 in
2579 2605 2724 2651 tanto
2763 2597 2956 2652 Christi
3007 2599 3257 2667 Apostolo
3305 2608 3504 2653 tantam

1957 2683 2182 2753 ﬂagrare
2211 2683 2406 2738 Christi
2445 2685 2780 2750 charitatem,
2820 2685 2921 2754 55
2953 2687 3073 2738 dum
3120 2686 3320 2740 sciebat
3366 2687 3504 2754 quod

1955 2777 2112 2829 unico
2147 2775 2254 2828 filio
2282 2791 2375 2830 suo
2405 2791 2508 2830 non
2535 2777 2877 2845 pepercisset,
2913 2777 3003 2830 sed
3030 2791 3126 2844 pro
3152 2777 3301 2829 nobis
3336 2776 3507 2830 omni-

1954 2863 2052 2916 bus
2076 2864 2379 2916 tradidisset
2403 2878 2521 2916 eum
2548 2863 2722 2933 (Rom.
2748 2880 2863 2926 vm,
2886 2863 2994 2932 32).
3024 2865 3124 2917 Pro
3145 2864 3391 2917 omnibus
3413 2879 3506 2915 no-

1953 2951 2036 3005 bis
2066 2952 2192 3005 dicit
2223 2966 2236 3003 :
2269 2952 2384 3006 ideo
2415 2952 2542 3005 nulli
2569 2952 2710 3016 laici,
2733 2953 2859 3006 nulli
2889 2952 3086 3015 clerici,
3113 2952 3265 3005 null-.e
3285 2961 3505 3005 sacrata!

1954 3042 2188 3112 virgines
2216 3044 2405 3097 debent
2423 3044 2683 3112 negligere
2708 3044 2928 3098 salutem
2950 3045 3242 3097 animarum
3266 3059 3504 3108 suarum,

1954 3131 2078 3184 dum
2111 3134 2241 3186 tanti
2290 3135 2561 3202 sanguinis
2605 3136 2831 3202 pretium
2865 3149 2961 3201 pro
2990 3135 3143 3188 nobis
3190 3133 3364 3187 fusum
3389 3147 3504 3188 esse

1958 3220 2297 3274 manifestum
2327 3230 2426 3275 est.
2926 3213 2932 3218 ’

2534 3330 2755 3385 CAPUT
2794 3331 2923 3384 LVI.

1959 3439 2280 3509 Captandum
2327 3451 2522 3510 tempus
2559 3442 2923 3521 misericordia:
2957 3441 3245 3516 tempestiva
3292 3456 3503 3494 conver-

2649 3527 2810 3562 810118.

2026 3617 2145 3672 Ideo
2173 3633 2358 3672 omnes
2385 3635 2481 3674 nos
2514 3621 2603 3688 qui
2643 3620 2831 3688 reliqui
2871 3635 3052 3674 sumus
3079 3617 3239 3688 Super
3268 3628 3462 3674 terram
3484 3659 3500 3682 ,

1957 3719 2171 3774 peccata
2196 3717 2374 3762 nostra
2400 3707 2761 3784 agnoscamus,
2781 3725 2848 3763 ne
2867 3727 2984 3764 cum
3012 3711 3185 3777 impiis
3204 3725 3497 3777 pereamus,

1957 3797 2079 3848 dum
2102 3799 2205 3849 cito
2225 3798 2377 3866 digna
2405 3797 2761 3869 satisfactione
2780 3797 3018 3852 Judiccm
3036 3800 3076 3830 ¹³
3099 3815 3199 3851 ηοη
3215 3799 3497 3866 placemus.

1956 3885 2122 3952 Quam
2164 3888 2416 3941 velociter
2456 3890 2682 3956 placavit
2730 3890 2862 3942 iram
2907 3888 3020 3956 ejus
3065 3888 3149 3941 ille
3192 3889 3279 3955 qui
3328 3888 3496 3939 dixit:

1498 3991 1882 4046 VARIANTES
1918 3994 2309 4049 LECTIONES.

369 4081 386 4113 ¹
432 4079 584 4144 Ven.,
630 4094 730 4135 nec
782 4076 1040 4134 nat.‘non
1091 4081 1243 4135 nobis
1279 4080 1359 4134 vel
1414 4080 1618 4132 vitium.

1719 4082 1738 4108 '
1783 4079 1926 4134 Editi
1994 4083 2076 4134 hic
2121 4081 2317 4137 'addunt
2365 4101 2484 4138 cum
2533 4083 2656 4138 Ven.
2713 4084 2826 4138 Non
2870 4085 3011 4138 enim
3052 4099 3235 4138 omnes
3299 4086 3387 4151 qui
3443 4085 3498 4138 in

301 4149 398 4205 hoc
436 4150 636 4205 seculo
687 4149 867 4203 felices
925 4157 1068 4212 sunt,
1116 4149 1296 4203 felices
1335 4157 1490 4201 erunt
1517 4149 1651 4216 etin
1698 4147 1897 4213 futuro,
1947 4167 2045 4205 nec
2078 4165 2260 4206 omnes
2289 4151 2524 4206 infelices
2556 4153 2608 4206 in
2643 4154 2740 4207 hoc
2787 4154 3008 4216 smculo,
3057 4153 3292 4208 infelices
3318 4147 3497 4207 'erunt

302 4218 352 4272 in
401 4218 652 4285 futuro.)
761 4217 780 4248 ³
843 4216 962 4272 Ven.
1126 4217 1357 4272 Christo.

302 4302 432 4350 inus,
456 4295 512 4342 et
545 4285 880 4355 negligimus.

301 4355 438 4421 gilat.
554 4356 598 4385 ⁸⁸³
623 4352 770 4408 Ὗὲη.
819 4364 871 4408 et
895 4369 998 4408 non
1023 4352 1308 4422 ploremus.

306 4420 342 4453 i'
369 4424 560 4478 Bened.
589 4440 691 4477 non
715 4424 898 4476 habent
920 4420 1175 4490 judicem.
1220 4420 1339 4477 Ven.
1367 4425 1657 4492 placamus.

1459 4216 1480 4247 ‘
1541 4215 1665 4281 Ven.
1722 4232 1944 4286 regnum
1998 4220 2109 4274 Dei.

975 4287 994 4316 "
1038 4283 1161 4339 Ven.
1205 4302 1326 4355 spes
1351 4288 1578 4340 humana
1627 4287 1706 4340 vel
1737 4283 2020 4341 mundana.
2116 4289 2138 4320 ⁸
2183 4287 2305 4342 Ven.
2348 4307 2398 4342 m

975 4355 1308 4428 aptorem‘us.
1406 4356 1447 4428 ξι
1477 4355 1668 4407 Bened.
1709 4355 1764 4407 in
1803 4371 1966 4426 marg.
2008 4357 2200 4428 supple,
2225 4374 2402 4427 quam.

2116 4289 2138 4320 ⁸
2183 4222 2241 4321 νδ
2301 4219 2744 4321 νεη.¹αάά,ἱιξεςξε
2845 4219 3046 4321 "Vsa.
3094 4237 3294 4302 sumus,
3349 4223 3498 4302 audi-

2183 4287 2305 4342 Ven.
2348 4290 2500 4352 male,
2533 4287 2797 4347 amabitis.
2893 4291 2912 4321 ’
2967 4290 3085 4344 Ven.
3118 4291 3332 4344 minime
3379 4292 3494 4344 evi-

2187 4374 2402 4427 ,tham.
2503 4361 2542 4408 ι’
2597 4359 2719 4413 Ven.
2758 4362 2829 4413 in.
2881 4359 2968 4412 sed
3004 4360 3196 4430 reponit
3224 4360 3278 4412 in
3329 4376 3494 4429 marg.

1804 4511 2007 4568 NOTAE
2018 4552 2031 4564 .

366 4604 525 4672 {Non
549 4602 1078 4672 prodest,imogobest,
1101 4609 1202 4656 etc.
1227 4599 1451 4672 Consule
1470 4601 1584 4655 loca
1608 4601 1844 4672 Scriptu-
1873 4604 1921 4661 Ι)
1945 4602 2043 4656 sibi
2072 4602 2286 4672 volunt?
2313 4601 2439 4672 Quae
2460 4603 2718 4655 connexio
2741 4618 2860 4672 cum
2887 4603 3334 4670 prmocdentibus?
3362 4606 3500 4662 Puto

305 4687 369 4726 ne
385 4670 650 4736 Joan.'xv,
682 4671 750 4725 22
779 4680 834 4725 et
860 4671 946 4724 24.
977 4671 1107 4724 iieb.
1139 4685 1212 4732 vt,
1243 4670 1275 4722 4
1303 4681 1354 4724 et
1393 4686 1504 4738 seq.
1531 4680 1583 4722 et
1624 4686 1678 4732 x,
1707 4671 1774 4723 26
1794 4681 1847 4725 et

304 4756 405 4810 seq.
435 4741 718 4796 Salvianus
746 4740 820 4794 De
847 4743 1029 4810 guber.
1063 4739 1276 4810 Deilib.
1308 4755 1370 4810 ivi
1394 4739 1728 4810 christianos,
1758 4743 1847 4806 qui

305 4806 712 4879 redemptionem
739 4825 804 4879 ex
829 4806 1085 4876 sanguine
1106 4806 1337 4879 Christi
1362 4809 1422 4879 in
1443 4809 1702 4876 baptismo
1723 4824 1847 4876 per-

305 4875 564 4946 ceperunt,
597 4880 677 4932 sic
703 4875 986 4945 alloquitur
1011 4894 1022 4928 :
1057 4893 1075 4925 ι
1105 4875 1231 4946 Nos,
1254 4878 1342 4946 qui
1370 4875 1658 4946 ChriStiani
1683 4875 1734 4930 et
1759 4893 1848 4930 ca-

307 4944 470 5000 thblici
521 4962 643 5002 esse
685 4944 932 5009 dicimur,
979 4945 1022 4999 si
1069 4944 1237 4998 simile
1277 4945 1474 5011 aliquid
1501 4947 1844 4999 barbarorum

307 5014 692 5083 impuritatibus
746 5014 987 5077 facimus,
1031 5012 1547 5083 graviusgcrramus.
1601 5011 1847 5068 Atrocius

307 5080 432 5134 cnim
461 5086 557 5137 sub
585 5084 760 5137 sancti
802 5083 1026 5136 nominis
1041 5080 1378 5149 professione
1417 5097 1710 5150 peccamus.
1748 5083 1846 5136 Ubi

308 5151 1042 5231 sublimiorestpmrogativa,
1075 5149 1242 5216 major
1268 5160 1348 5231 est
1365 5151 1544 5220 culpa;
1576 5153 1684 5219 ipsa
1705 5152 1844 5205 enim

307 5231 500 5299 errores
531 5219 746 5299 nostros
774 5219 976 5299 religio,
1008 5234 1164 5299 quam
1195 5219 1787 5299 profitentium-accusat.
1819 5240 1840 5272 ›

309 5286 365 5358 Et
387 5299 570 5343 caetera
603 5290 768 5343 multa
814 5286 1112 5358 huiusmodi
1144 5289 1301 5343 habet
1326 5289 1508 5342 eodem
1537 5288 1670 5343 libro
1699 5308 1710 5342 :
1741 5305 1844 5342 non

311 5357 378 5409 sic
396 5367 563 5412 tamen
589 5359 657 5413 ad
684 5373 793 5412 rem
816 5357 1072 5421 nostram,
1092 5358 1531 5426 quemadmodum
1552 5358 1664 5426 tunc
1685 5359 1842 5411 verba

309 5427 462 5495 sancti
498 5428 716 5483 Caesarii
764 5426 1093 5480 Arelatensis
1110 5425 1348 5495 episcopi
1379 5427 1520 5480 hom.
1547 5425 1611 5478 4:
1645 5444 1662 5475 ι
1685 5426 1844 5480 Gravi

309 5491 631 5565 damnatione
657 5498 919 5550 iterantur
937 5491 1180 5565 crimina,
1203 5491 1697 5565 postquamChristi
1720 5510 1844 5549 san-

310 5561 450 5628 guine
490 5574 614 5620 sunt
655 5568 944 5635 redempta.
996 5561 1586 5635 [nexcus'abiiegmalum
1620 5573 1702 5616 est
1729 5573 1848 5632 post

312 5641 515 5750 mortem
565 5633 939 5716 Redemptoris
983 5633 1150 5687 nostri
1180 5633 1403 5696 Domini,
1432 5647 1638 5686 servum
1668 5648 1844 5686 macu-

359 5716 394 5750 1⁵1
423 5715 674 5750 πραθείη-

359 5706 394 5751 ri
423 5706 674 5758 peccatis.

377 5718 394 5751 1
659 5743 674 5757 ο

377 5773 396 5808 ⁸⁵
423 5717 755 5842 ﬁgitfigit“
800 5773 936 5844 quod
988 5771 1258 5825 Psalmista
1313 5771 1508 5824 cecinit.
1563 5769 1695 5835 Quid
1735 5770 1842 5823 her

1948 4678 2176 4742 mentem
2203 4670 2405 4724 Paulini
2440 4673 2574 4724 hanc
2593 4686 2728 4742 esse.
2753 4671 2968 4742 Dixerat
2995 4689 3006 4722 :
3032 4672 3288 4742 videbitis
3315 4675 3495 4742 plagas

1947 4755 2079 4806 quas
2119 4739 2362 4810 Christus
2404 4754 2500 4806 pro
2546 4740 2694 4810 vobis
2740 4739 2969 4810 pertulit,
3007 4739 3154 4807 cujus
3178 4739 3342 4795 amori
3373 4739 3497 4810 quia

1946 4825 2050 4862 non
2085 4809 2467 4876 respondimus,
2496 4809 2569 4860 uti
2598 4806 2892 4862 faciendum
2920 4806 3184 4870 erat,’nec
3210 4806 3495 4866 Psalmisue

1948 4878 2360 4931 auscultavimus
2380 4876 2619 4948 jubenti,
2636 4887 2693 4929 ut
2719 4878 3132 4948 retribueremus
3162 4879 3379 4948 Domino
3398 4895 3495 4948 pro

1947 4947 2209 5007 omnibus,
2242 4961 2358 5013 quae
2406 4947 2648 4998 retribuit
2687 4948 2859 5008 nobis,
2902 4946 3117 5000 calicem
3148 4947 3346 5000 scilicet
3374 4946 3494 5015 pas-

1947 5015 2112 5068 sionis
2138 5015 2358 5082 alicujus
2386 5031 2482 5082 pro
2521 5030 2585 5068 eo
2613 5015 2938 5083 accipiendo,
2969 5015 3086 5068 ideo
3111 5016 3203 5083 ait,
3227 5016 3364 5083 quod
3393 5033 3485 5070 au-

1950 5085 2195 5148 divimus,
2245 5056 2588 5151 neglegimus.
2636 5056 3049 5151 Salvianus’lih.
3095 5099 3147 5135 tv
3189 5056 3263 5136 b2
3293 5083 3489 5140 Cuber.

1951 5153 2042 5205 Dei
2071 5154 2197 5219 quid
2225 5150 2395 5205 simile
2424 5153 2721 5220 suppeditat
2746 5170 2757 5204 :
2790 5150 2952 5216 cQuid
2979 5167 3103 5218 ergo
3136 5167 3231 5219 pro
3271 5153 3354 5206 his
3379 5169 3493 5208 om-

1950 5223 2106 5275 nibus
2125 5237 2220 5276 nos
2246 5223 2583 5275 retribuimus
2604 5220 2687 5273 vel
2703 5223 2876 5289 potius
2896 5221 3185 5273 retribuere
3208 5221 3492 5276 debemus?

1950 5289 2182 5358 Primum
2213 5292 2411 5343 scilicet
2438 5289 2562 5343 illud
2610 5292 2749 5358 quod
2791 5291 3124 5343 beatissimus
3151 5291 3405 5356 propheta
3433 5299 3491 5345 et

1949 5357 2140 5413 debere
2165 5374 2222 5412 se
2249 5368 2301 5412 et
2330 5357 2654 5412 redditurum
2680 5374 2796 5412 esse
2832 5367 3077 5421 testatur,
3104 5359 3318 5411 dicens:
3351 5358 3489 5422 Quid

1949 5430 2225 5497 retribuam
2265 5427 2484 5481 Domino
2512 5445 2603 5496 pro
2644 5428 2876 5480 omnibus
2902 5443 3017 5497 quin
3059 5427 3290 5497 retribuit
3325 5427 3493 5482 mihi!

1947 5496 2169 5551 Calicem
2207 5497 2452 5550 salutaris
2480 5493 2747 5564 accipiam,
2783 5506 2829 5550 et
2877 5493 3058 5549 nomen
3102 5493 3310 5548 Domini
3348 5497 3494 5549 inro-

1946 5568 2087 5619 cabo.
2131 5565 2308 5619 Prima
2351 5579 2477 5631 ergo
2519 5565 2799 5618 retributio
2844 5567 2925 5620 εει
2963 5573 3021 5616 ut
3058 5571 3279 5618 mortem
3319 5572 3490 5618 morte

1947 5635 2312 5688 reddamus...
2345 5633 2583 5686 Secunda
2619 5640 2676 5684 ut
2699 5635 2743 5686 si
2777 5633 3010 5686 debitum
3051 5641 3221 5687 morte
3247 5647 3347 5686 non
3379 5631 3489 5686 sol-

1948 5706 2130 5768 vimus,
2159 5704 2239 5757 vel
2265 5707 2451 5756 amore'
2471 5702 2754 5756 solvamus.
2783 5720 2800 5752 ι
