4174 6430
203 506 315 562 265

206 801 352 850 sent.
376 801 691 864 perpetuam
713 793 1015 849 felicitatem
1043 813 1147 851 non
1168 798 1442 853 haberent.
1474 800 1530 853 Si
1553 799 1775 855 felicitas

207 881 374 951 hujus
410 883 594 938 mundi
627 884 933 938 transitoria
962 885 1215 955 diligitur,
1253 888 1341 942 hic
1376 897 1627 958 perpetua
1668 906 1771 943 non

210 972 507 1028 invenitur.
549 973 607 1029 Si
637 989 764 1030 vero
790 985 1042 1044 perpetua
1077 976 1304 1033 felicitas
1336 980 1609 1048 quaeritur,
1639 996 1771 1049 quo-
1819 1050 1823 1055 ε

210 1061 358 1115 niam
405 1062 495 1117 hic
538 1077 643 1117 non
689 1060 972 1129 invenitur,
1020 1066 1086 1121 ad
1128 1077 1436 1136 perpetuam
1467 1068 1773 1125 felicitatem

210 1152 519 1217 tendamus,
541 1153 629 1207 ubi
654 1154 882 1223 patriam
903 1164 957 1209 et
977 1165 1225 1225 parentes
1248 1165 1456 1213 nostros
1480 1160 1768 1216 habemus:

208 1247 602 1316 patientissime
621 1248 801 1303 omnia
825 1227 989 1316 hujus
1010 1251 1189 1306 mundi
1221 1267 1317 1321 pro
1339 1250 1537 1308 Christi
1563 1254 1776 1308 nomine

214 1336 525 1393 toleremus.
566 1337 722 1405 Quid,
749 1342 769 1371 ⁵
795 1355 942 1411 rogo,
982 1350 1064 1396 est
1099 1342 1242 1410 quod
1275 1342 1550 1408 toleretur,
1588 1351 1774 1399 contra

214 1425 363 1491 illud,
389 1429 532 1497 quod
557 1430 709 1484 nobis
730 1431 1093 1498 promittitur?
1120 1432 1404 1500 Apostolus
1427 1434 1626 1502 inquit:
1654 1434 1775 1488 Non

212 1525 331 1568 sunt
367 1516 637 1586 condigne
672 1520 935 1587 passiones
968 1520 1124 1589 hujus
1160 1522 1401 1588 temporis
1437 1522 1505 1574 ad
1544 1522 1774 1590 futuram

212 1600 431 1670 gloriam
457 1620 575 1674 qua:
602 1606 911 1661 revelabitur
936 1607 990 1661 in
1016 1608 1161 1663 nobis
1187 1608 1363 1679 (Rom.
1389 1626 1504 1675 vm,
1535 1610 1642 1680 l8).

790 1736 1015 1792 CAPUT
1050 1737 1203 1793 LVII.

316 1864 385 1918 In
415 1867 672 1935 pressaris
701 1866 770 1920 ad
794 1868 1058 1923 Christum
1084 1882 1341 1941 pastorem
1373 1876 1666 1945 confugere.

284 1993 437 2051 Nulla
466 2013 593 2068 ergo
626 2014 726 2055 nos
754 2016 1001 2071 pressura
1038 2012 1268 2070 terreat,
1314 2006 1456 2061 nulla
1498 2008 1774 2063 calamitas

215 2084 443 2157 frangat.
486 2089 753 2167 Dominus
796 2091 848 2146 in
898 2093 1143 2163 proximo
1190 2104 1272 2150 est
1311 2096 1333 2128 ⁸
1365 2104 1547 2167 pastor
1594 2105 1777 2153 noster

216 2176 356 2231 circa
385 2164 498 2231 nos'
510 2188 611 2244 est,
643 2180 770 2249 quid
796 2182 1135 2244 metuemus?
1165 2183 1234 2238 Et
1261 2184 1307 2239 si
1329 2164 1635 2250 metuimus,
1666 2186 1774 2240 cla-

215 2285 420 2326 memus
447 2273 514 2327 ad
540 2274 807 2342 pastorem
835 2284 1094 2341 nostrum,
1125 2286 1185 2331 ut
1208 2293 1308 2334 nos
1334 2278 1534 2333 audiat.
1572 2278 1777 2334 Clame-

216 2374 330 2413 mus
367 2360 422 2414 in
455 2364 864 2430 conpunctione
892 2366 1088 2431 cordis,
1121 2364 1398 2421 dicentes:
1432 2365 1617 2423 Erravi
1643 2370 1776 2421 sicut

214 2452 315 2505 ovis
341 2468 461 2521 qui:
494 2454 643 2521 periit
664 2470 679 2515 ;
703 2455 901 2522 require
927 2472 1130 2510 servum
1158 2465 1325 2524 tuum,
1354 2457 1573 2512 Domine
1603 2458 1772 2529 (Psal.

212 2556 398 2605 cxmi,
428 2542 571 2613 1'76).
602 2542 904 2600 Clamemus
930 2555 985 2601 et
1012 2546 1270 2613 dicamus,
1301 2548 1488 2603 Libera
1515 2567 1547 2603 a
1573 2550 1776 2619 framea

216 2629 350 2685 Deus
381 2630 403 2661 ‘
432 2634 662 2687 animam
706 2650 873 2688 meam
897 2676 911 2701 ,
962 2646 1011 2691 et
1058 2638 1123 2691 de
1167 2655 1328 2692 manu
1376 2640 1520 2694 canis
1570 2642 1777 2695 unicam

210 2735 421 2773 meam:
455 2724 601 2776 salva
636 2739 717 2777 me
751 2740 815 2778 ea:
854 2742 942 2780 ore
976 2724 1139 2781 leonis
1166 2727 1337 2799 (Psal.
1366 2745 1477 2795 xxx,
1505 2730 1615 2802 21).
1652 2730 1774 2785 Cla-

213 2824 420 2865 memus
446 2819 502 2866 et
530 2812 798 2878 dicamus,
830 2813 994 2869 Periit
1023 2816 1149 2886 fuga
1179 2835 1211 2872 a
1242 2836 1342 2885 me,
1375 2827 1422 2873 et
1455 2838 1555 2873 non
1581 2829 1655 2875 est
1687 2822 1777 2891 qui

211 2901 439 2970 requirat
467 2902 694 2955 animam
729 2920 896 2957 meam
924 2904 1095 2977 (Psal.
1123 2921 1260 2970 (ιλιι,
1294 2907 1368 2979 5).
1416 2907 1777 2965 Considerabo

212 2990 281 3044 ad
305 2990 627 3045 sinistram?
677 2991 815 3047 Ecce
853 2993 1097 3051 diabolus
1120 2997 1139 3027 ⁷
1167 3004 1226 3050 ut
1263 2997 1418 3067 lupus
1452 2999 1612 3069 rugit,
1641 3000 1779 3055 sicut

208 3074 293 3131 leo
336 3077 567 3133 frendet.
620 3078 757 3136 Ecce
797 3082 952 3152 lupus
997 3086 1122 3139 est?
1170 3098 1354 3143 contra
1400 3089 1560 3147 latrat
1604 3093 1776 3151 canis.

212 3164 445 3253 Clematii
477 3167 545 3221 ad
575 3177 643 3233 te,
677 3168 926 3235 Domine;
965 3172 1115 3228 dixi:
1147 3184 1201 3229 tu
1226 3193 1279 3231 es
1305 3194 1416 3246 spes
1443 3196 1578 3247 mea,
1607 3182 1777 3253 portio

210 3271 325 3309 mea
354 3249 413 3309 in
436 3265 575 3311 terra
602 3258 872 3313 viventium
899 3260 1083 3332 (Ibid.,
1113 3264 1187 3335 6).
1208 3266 1397 3322 Libera
1415 3285 1499 3325 me
1523 3270 1544 3303 ⁸
1566 3249 1630 3325 de
1656 3286 1773 3326 ma-

208 3344 371 3400 nibus
400 3346 739 3402 inimicorum
775 3365 1034 3416 meorum,
1064 3361 1118 3407 et
1144 3368 1328 3410 eorum
1357 3358 1447 3427 qui
1477 3374 1563 3415 me
1589 3375 1773 3429 perse-

209 3445 468 3505 quuntur.
507 3436 755 3508 Nunquid
782 3449 963 3509 pastor
988 3451 1169 3500 noster
1196 3447 1386 3513 bonus,
1418 3451 1507 3519 qui
1543 3452 1775 3507 animam

210 3542 368 3581 suam
406 3528 585 3596 posuit
611 3545 709 3599 pro
732 3532 920 3586 ovibus
947 3534 1079 3600 suis,
1106 3534 1173 3589 ad
1201 3553 1358 3605 quem
1387 3540 1431 3594 si
1461 3541 1770 3606 Clamemus,

210 3615 443 3669 dimittet
474 3632 572 3672 nos
595 3618 793 3693 diutius
820 3635 1023 3686 errare,
1065 3634 1155 3679 aut
1184 3641 1213 3679 a
1244 3627 1371 3683 feris
1399 3630 1480 3684 vel
1521 3645 1552 3684 a
1590 3631 1777 3687 bestiis

209 3704 457 3760 dilaniari
482 3714 643 3777 atque
665 3709 947 3791 consumi?
976 3711 1112 3778 Quin
1136 3714 1241 3770 imo
1264 3716 1465 3773 relictis
1488 3721 1775 3791 nonaginta

210 3806 400 3848 novem
447 3792 501 3849 in
547 3786 757 3852 deserto
779 3797 821 3862 ’,
866 3802 1102 3869 perrexit
1145 3819 1305 3859 unam
1340 3821 1492 3861 ovem
1539 3786 1777 3878 quaerere

207 3886 493 3954 perditam.
524 3884 633 3942 Nec
649 3888 773 3957 quia
802 3890 1120 3947 clamantem
1146 3894 1347 3948 audivit
1372 3894 1490 3952 ideo
1510 3898 1771 3966 perrexit,

209 3977 297 4031 sed
328 3982 616 4045 antequam
644 3978 929 4044 clamaret;
974 3982 1049 4035 ait
1074 3983 1216 4036 enim
1244 3984 1579 4055 Evangelista
1608 4004 1621 4039 :
1673 3987 1773 4041 Re-

210 4065 344 4119 lictis
390 4067 675 4136 nonaginta
735 4085 909 4123 novem
960 4070 1014 4123 in
1074 4071 1303 4139 deserto,
1366 4074 1491 4127 abiit
1549 4086 1776 4145 qua-rere

212 4168 367 4206 unum
406 4168 550 4208 ovem
585 4170 701 4224 qua
735 4157 957 4225 perierat
989 4156 1141 4227 (Luc.
1178 4174 1268 4223 xv,
1298 4160 1331 4213 4
1359 4161 1520 4232 seqq.)
1556 4180 1580 4233 ε,
1613 4178 1775 4233 quam

211 4241 481 4297 inventam
524 4251 578 4299 et
621 4244 868 4301 lassatam
909 4256 1070 4319 atque
1108 4248 1382 4322 fatigatam
1410 4293 1425 4318 ,
1472 4255 1773 4323 impositam

213 4333 450 4389 humeris
478 4336 600 4392 suis
634 4341 927 4406 reportavit
954 4340 1020 4395 ad
1059 4356 1294 4412 gregem.
1343 4342 1533 4399 Pastor
1558 4360 1675 4400 eam
1706 4347 1774 4401 ad

210 4439 423 4495 gregem
460 4427 572 4481 suis
600 4427 841 4486 humeris
870 4431 1117 4503 dignatus
1146 4444 1229 4489 est
1256 4445 1560 4505 reportare,
1592 4448 1647 4493 et
1677 4438 1775 4493 mi-

212 4514 500 4575 sericordia
538 4530 632 4571 sua
666 4518 734 4571 ab
757 4534 942 4575 errore
972 4536 1242 4577 revocare.
1289 4521 1441 4591 Quod
1469 4540 1594 4583 vero
1618 4540 1773 4581 ovem

213 4605 364 4660 istam
395 4606 655 4663 Dominus
684 4608 919 4665 humeris
942 4613 1174 4682 propriis
1198 4614 1239 4645 ⁸⁸
1262 4612 1565 4683 impositam
1594 4630 1776 4685 repor-
1804 4626 1852 4685 υ

215 4696 336 4749 tavit
381 4695 452 4749 ad
496 4710 712 4767 gregem
758 4709 975 4768 quantae
1017 4702 1397 4758 misericordiae
1436 4703 1551 4772 ejus
1592 4706 1775 4774 gratiae

216 4786 426 4853 agenda
454 4796 614 4851 sunt,
655 4788 748 4856 qui
786 4798 991 4845 tantum
1036 4806 1093 4847 se
1138 4793 1206 4848 ad
1252 4809 1348 4849 nos
1380 4795 1679 4851 bumiliavit
1720 4805 1774 4851 et
1830 4860 1840 4869 .

218 4875 485 4936 inclinavit
507 4880 547 4912 ¹¹
570 4880 597 4936 ?
626 4880 814 4938 Portet
836 4893 892 4939 et
917 4884 1109 4953 reficit,
1136 4885 1273 4956 regit
1295 4895 1349 4943 et
1374 4887 1625 4943 custodit.

960 510 1158 566 LIBER
1195 468 1869 571 EXHORTA'I'lONIS‘AD
1908 517 2258 573 HENRICUM
2294 517 2617 575 FOROJUL.

202 617 262 684 Β,
294 615 375 688 6),
414 618 551 678 nihil
576 632 673 673 nos
702 620 715 650 ¹
740 626 934 674 terreat
958 622 1143 676 mundi
1179 622 1537 680 infelicitas“:
1580 627 1701 696 quia
1727 628 1770 681 si
1800 631 1847 687 Α

206 704 372 760 istan)
396 704 761 768 infelicitatem
783 709 1105 763 mundanam
1129 712 1298 765 sancti
1323 712 1343 743 ⁸
1364 728 1549 768 omnes
1570 714 1773 768 timuis—
1872 714 1875 717 ’

3326 504 3425 561 Elii

2420 625 2643 682 CAPUT
2694 623 2848 679 LVIII
2859 663 2875 680 .

1981 715 2214 769 Pastoris
2244 717 2495 769 auxilium
2520 726 2697 770 contra
2720 714 2979 769 diabolum
3008 712 3313 784 exposcitur.

1945 803 2300 874 Deprecamur
2326 813 2377 859 te
2402 806 2463 869 ",
2488 806 2709 859 Domine
2730 806 2885 870 bone,
2913 819 3120 859 summe
3151 812 3205 857 et
3229 802 3429 872 optime

1874 899 2071 959 pastor,
2100 906 2165 945 ne
2192 901 2374 961 pereat
2401 894 2515 947 ovis
2539 908 2552 946 :
2586 894 2747 963 imple
2772 894 3001 948 cilicium
3030 892 3221 947 summi
3248 898 3427 961 pasto-

1874 978 1978 1041 ris;
2014 992 2331 1047 Persequere
2359 980 2565 1035 leonem
2589 992 2636 1045 α,
2673 981 2763 1051 qui
2793 982 2969 1050 rapuit
2995 995 3146 1034 ovem
3174 981 3239 1034 de
3267 993 3427 1049 grege

1874 1072 1994 1130 tuo;
2016 1065 2098 1120 leo
2120 1067 2489 1133 interficiatur,
2506 1076 2559 1123 et
2572 1069 2687 1123 ovis
2707 1071 2773 1123 de
2792 1068 3036 1124 faucibus
3050 1069 3161 1123 suis
3177 1078 3424 1131 ematur;

1873 1167 1930 1213 tu
1951 1146 2093 1215 enim
2118 1176 2175 1215 es
2198 1168 2379 1230 pastor
2399 1160 2597 1212 ovium.
2632 1159 2744 1213 Rex
2772 1167 2955 1213 uoster
2977 1167 3185 1226 potens,
3210 1166 3431 1212 contere

1875 1246 2125 1303 Satanam
2155 1250 2251 1304 sub
2278 1248 2500 1318 pedibus
2527 1248 2746 1301 nostris.
2789 1247 2856 1301 Et
2881 1262 3039 1312 nunc,
3066 1246 3307 1302 Domine.
3335 1261 3429 1315 pa-

1873 1344 1984 1391 stor
2011 1346 2191 1393 noster
2216 1338 2277 1404 ⁸³,
2313 1353 2404 1392 rex
2436 1346 2636 1402 noster,
2677 1344 2757 1392 tot
2785 1338 2852 1392 de
2889 1353 3043 1407 grege
3072 1346 3163 1392 tuo
3193 1337 3429 1406 quotidie

1874 1427 2155 1495 rapiuntur
2173 1440 2319 1491 oves,
2346 1434 2400 1481 et
2426 1441 2591 1496 quare
2616 1427 2655 1457 “
2676 1435 2881 1481 tantum
2910 1426 3087 1481 taces?
3108 1425 3385 1493 Responde
3411 1443 3423 1477 :

1873 1528 2039 1582 quare
2066 1514 2254 1569 taces?
2284 1514 2423 1569 Ecce
2454 1529 2549 1583 per
2575 1514 2786 1569 diversa
2818 1515 3111 1584 praecipitia
3149 1517 3430 1584 rapiuntur

1874 1618 2000 1658 oves
2023 1612 2146 1669 tuae,
2170 1612 2223 1659 et
2248 1604 2449 1659 inimici
2482 1604 2691 1673 tui,.qui
2720 1611 2770 1659 te
2793 1605 3034 1670 oderunt,
3066 1604 3241 1658 levant
3270 1611 3431 1675 caput

1875 1701 2059 1747 contra
2085 1701 2154 1756 te,
2184 1700 2239 1747 et
2268 1701 2323 1746 tu
2349 1692 2529 1747 taces?
2548 1693 2592 1748 Ο
2618 1694 2839 1747 Domine
2867 1694 3026 1759 Deus,
3053 1708 3219 1762 quare
3246 1693 3430 1747 tandiu

1877 1781 2186 1836 taces?:Ad
2226 1782 2341 1837 haec
2378 1781 2636 1836 Dominus
2676 1797 2773 1852 per
2798 1783 3111 1852 prophetam
3138 1782 3332 1837 clamat
3375 1790 3429 1836 et

1876 1874 2005 1928 dicit
2031 1887 2045 1925 :
2083 1872 2266 1937 Tacui,
2300 1872 2442 1926 tacui
2489 1872 2620 1943 (Isa.
2650 1888 2780 1937 xui,
2809 1872 2919 1943 li),
2959 1874 3051 1927 sed
3081 1878 3187 1928 non
3217 1888 3429 1941 semper

1802 1960 1847 2019 B
1879 1962 2099 2016 tacebo:
2144 1969 2263 2031 aget
2290 1960 2549 2027 judicium
2588 1975 2777 2015 manus
2823 1974 2959 2015 mea.
3012 1960 3172 2031 Ergo,
3205 1962 3429 2015 Domine

1874 2046 2018 2114 Jesu,
2047 2058 2229 2117 pastor
2255 2058 2454 2114 noster,
2498 2063 2585 2103 rex
2616 2059 2819 2112 noster,
2849 2052 3030 2119 accipe
3057 2065 3207 2104 arma
3233 2059 3342 2115 tua,
3375 2060 3429 2105 et

1874 2140 2194 2209 progredere
2216 2178 2231 2203 ,
2278 2146 2337 2192 ut
2378 2153 2579 2209 pugnes
2607 2146 2793 2193 contra
2830 2138 3036 2193 leonem
3067 2140 3431 2194 adversarium

1875 2236 2115 2281 nostrum
2137 2267 2151 2291 ,
2198 2227 2289 2297 qui
2326 2226 2519 2281 circuit
2546 2242 2792 2295 quierens
2820 2227 3075 2283 devorare
3102 2244 3201 2295 nos
3228 2228 3280 2299 (I
3311 2229 3425 2283 Pet.

1873 2330 1922 2380 ν,
1948 2314 2023 2386 8).
2042 2315 2169 2371 Esto
2191 2316 2364 2381 nobis,
2390 2316 2611 2371 Domine
2629 2318 2692 2381 ",
2716 2318 2875 2372 turris
2902 2318 3222 2387 fortitudinis
3239 2337 3270 2372 ιι
3295 2319 3431 2387 facie

1871 2402 2069 2457 inimici
2098 2403 2267 2473 (Psal.
2296 2422 2383 2469 1.x,
2415 2403 2491 2471 4).
2536 2404 2774 2461 Petimus
2799 2416 2855 2461 et
2882 2408 3266 2462 instantissime
3297 2410 3431 2478 peti-

1874 2505 2011 2555 mus,
2034 2500 2094 2544 ut
2120 2491 2315 2546 liberes
2340 2507 2455 2548 nos.
2494 2492 2722 2547 Mundus
2742 2492 2879 2548 enim
2901 2496 2955 2548 in
2982 2496 3210 2567 maligno
3234 2500 3430 2567 positus

1872 2592 1945 2635 est
1975 2580 2027 2652 (Ι
2051 2581 2209 2635 Jo'an.
2238 2596 2289 2647 ν,
2320 2580 2429 2651 l9).
2477 2582 2614 2637 Ecce
2654 2584 2879 2638 smviunt
2913 2584 3083 2649 mala,
3121 2592 3176 2639 et
3202 2595 3429 2655 pereunt

1874 2669 2056 2724 mundi
2083 2670 2397 2746 dilectores;
2435 2671 2823 2743 blasphemant,
2856 2671 3145 2739 insaniunt,
3168 2683 3222 2727 et
3242 2674 3431 2729 adver-

1874 2777 1964 2817 sus
2001 2770 2053 2818 te
2086 2772 2454 2829 murmurant;
2496 2780 2601 2818 non
2632 2765 2801 2819 solum
2833 2773 2977 2820 tuam
3004 2766 3425 2823 misericordiam

1874 2866 1979 2906 non
2015 2860 2319 2921 precantur,
2363 2867 2544 2906 verum
2580 2853 2742 2906 etiam
2773 2862 2918 2907 tuum
2944 2853 3205 2922 judicium
3244 2869 3428 2924 repre-

1874 2938 2131 2994 hendunt.
2168 2938 2298 3006 Quis
2324 2941 2375 2994 in
2402 2940 2479 2994 eis
2504 2940 2627 2994 talia
2650 2949 2917 3009 operatur,
2946 2942 3050 2996 nisi
3075 2954 3261 2999 auctor
3283 2945 3425 3007 mali,

1874 3033 2093 3101 angelus
2132 3034 2410 3102 superbus,
2453 3034 2713 3103 perditus,
2758 3041 2813 3088 et
2850 3049 3035 3089 omnes
3071 3036 3293 3103 perdere
3333 3052 3428 3091 cn-

1873 3122 2055 3193 piens?
2073 3123 2261 3179 Libera
2291 3140 2407 3190 nos,
2436 3125 2654 3180 Domine
2681 3124 2820 3179 Deus
2844 3125 2904 3189 ",
2934 3126 2999 3179 ab
3024 3125 3168 3180 omni
3193 3116 3355 3191 malo,
3378 3135 3434 3181 et

1872 3226 1998 3279 pars
2025 3222 2204 3267 nostra
2227 3213 2297 3266 sit
2321 3203 2442 3267 eum
2466 3213 2795 3269 omnitbono.
2827 3213 2908 3269 Ab
2931 3215 3078 3269 omni
3104 3214 3241 3269 malo
3266 3215 3433 3271 lmera

1799 3288 1845 3352 C
1876 3316 1991 3366 nos,
2023 3303 2150 3372 quia
2184 3312 2312 3357 tunc
2336 3305 2403 3357 ab
2427 3303 2572 3357 omni
2614 3303 2754 3358 malo
2794 3304 3102 3369 liberamur,
3146 3307 3358 3376 quando
3400 3322 3433 3360 a

1874 3389 2085 3446 diabolo
2112 3398 2166 3445 et
2192 3384 2393 3461 angelis
2420 3389 2534 3458 ejus
2562 3405 2894 3461 separamur.
2926 3391 3110 3463 Angeli
3139 3392 3254 3461 ejus
3286 3403 3431 3458 sunt,

1875 3484 1965 3553 qui
1995 3482 2196 3539 faciunt
2218 3482 2543 3537 voluntatem
2573 3481 2705 3550 ejus.
2742 3482 2858 3537 Non
2887 3483 2958 3537 sit
2980 3485 3133 3539 nobis
3160 3500 3283 3553 pars
3310 3501 3433 3540 cum

1876 3574 2069 3629 talibus
2094 3574 2185 3643 qui
2210 3572 2412 3626 faciunt
2434 3571 2758 3627 voluntatem
2785 3571 3011 3637 diaboli,
3056 3574 3150 3628 sed
3184 3589 3304 3628 cum
3344 3576 3433 3631 illo

1875 3665 1966 3733 qui
1996 3664 2165 3719 dixit:
2199 3662 2258 3719 Si
2288 3664 2401 3733 quis
2428 3663 2603 3731 fecerit
2632 3662 2940 3717 voluntatem
2972 3662 3146 3718 Patris
3178 3665 3299 3729 mei,
3327 3666 3434 3734 ipse

1874 3770 2017 3807 meus
2046 3763 2212 3823 pater,
2242 3768 2389 3806 soror
2440 3761 2489 3806 et
2514 3761 2680 3805 mater
2705 3761 2780 3805 est
2807 3751 3022 3821 (Matth.
3052 3769 3148 3818 xu,
3176 3753 3287 3824 50).
3326 3755 3434 3810 Nos

1832 3896 1836 3900 .
1874 3843 2015 3897 enim
2044 3842 2186 3896 illius
2210 3842 2381 3911 pretio
2406 3842 2665 3910 redempti
2688 3856 2889 3896 sumus.
2922 3840 3241 3901 Societatem
3267 3844 3435 3897 malo.

1877 3947 1993 3986 rum
2019 3929 2298 4002 fugientes,
2338 3933 2474 3986 bona
2501 3946 2819 4000 quaeramus,
2860 3944 3067 3988 summo
3095 3932 3236 3987 bono
3263 3932 3432 3987 iuba:-

1875 4038 2118 4088 rcamus,
2158 4023 2233 4079 illi
2273 4024 2600 4088 serviamus,
2639 4022 2754 4091 ejus
2783 4022 3107 4078 voluntatem
3136 4022 3432 4080 faciamus:

1873 4123 1933 4167 ut
1958 4113 2125 4167 simus
2145 4123 2199 4167 et
2223 4112 2517 4182 noNngeli
2544 4110 2655 4175 Dei,
2678 4112 2745 4167 de
2767 4113 2959 4182 quibus
2983 4112 3112 4168 dicit
3131 4112 3431 4182 Propheta:

1874 4203 2167 4257 Benedicite
2194 4202 2437 4266 Domino,
2469 4219 2641 4267 omnes
2677 4201 2847 4271 angeli
2877 4202 3013 4272 ejus,
3040 4203 3266 4256 ministri
3295 4203 3431 4272 ejus,

1874 4293 2118 4363 facientes
2168 4290 2478 4347 voluntatem
2527 4294 2639 4361 ejus
2685 4291 2854 4363 (Psal.
2883 4308 2974 4357 cu,
3012 4290 3259 4362 20,21):
3308 4293 3433 4361 quia

1873 4385 2117 4439 voluntas
2144 4383 2319 4438 Patris
2348 4383 2515 4438 nostri
2542 4391 2650 4447 est,
2691 4383 2829 4438 sicut
2857 4382 3197 4453 Evangelium
3226 4383 3332 4447 ait,
3374 4394 3437 4437 ut

1875 4488 1978 4527 non
2003 4479 2187 4541 pereat
2212 4487 2349 4527 unus
2374 4485 2441 4525 ex
2464 4470 2670 4543 pusillis
2696 4471 2807 4526 suis
2826 4470 3041 4544 (Matth.
3066 4486 3220 4528 ινιιι.
3245 4471 3354 4541 li),
3381 4482 3437 4525 et

1876 4579 1943 4619 ne
1964 4576 2242 4634 pereamus
2264 4571 2318 4618 et
2341 4562 2629 4619 evellamus
2653 4562 2717 4618 de
2741 4563 2826 4618 via
2844 4562 3010 4631 justa.

2384 4672 2489 4743 57
2512 4670 2735 4729 CAPUT
2769 4672 2904 4727 Lix.

2172 4760 2342 4832 Opera
2368 4762 2714 4827 tenebrarum,
2730 4758 2786 4814 et
2814 4776 2963 4815 arma
2988 4760 3139 4814 lucis.

1942 4874 2269 4945 Deponamns
2291 4890 2446 4945 opera
2467 4872 2789 4927 tenebrarum
2817 4912 2831 4936 ,
2876 4880 2923 4925 et
2965 4871 3247 4925 induamur
3284 4888 3434 4926 arma

1865 4967 2001 5022 lucis
2027 4965 2201 5038 (Rom.
2230 4980 2350 5031 nn,
2382 4964 2492 5037 12),
2514 4972 2567 5020 et
2589 4963 2807 5035 expulsa
2828 4963 3003 5020 noctis
3028 4964 3274 5036 caligine,
3300 4963 3431 5017 ρπυ.

1408 5082 1794 5143 VARIANTES
1830 5077 2225 5138 LECTIONES.

278 5196 293 5226 ⁸
322 5194 479 5261 Ven.,
506 5210 627 5251 vos.

753 5192 879 5267 Yen.
928 5198 1013 5252 hic
1057 5200 1243 5255 addit:
1277 5200 1408 5255 nihil
1464 5200 1797 5255 dominorum
1850 5198 2179 5267 injustommi
2221 5194 2487 5267 impietas.

2583 5190 2603 5223 ⁸
2636 5188 2786 5254 Ven.,
2818 5192 2989 5246 sancti
3038 5190 3152 5245 Dei.
3228 5190 3250 5221 ⁸
3283 5188 3433 5257 Ven.,

518 5280 671 5342 meo.
746 5264 768 5298 s
796 5264 942 5332 γεηη
968 5277 1022 5322 ει
1042 5278 1264 5342 ρ-τιειοιρ,Δ
1299 5271 1338 5342 _|
1362 5270 1514 5342 Αρᾳά
1539 5269 1734 5342 Benest
1762 5260 2088 5342 deest'Deus.
2162 5266 2181 5297 τ
2213 5260 2407 5317 Bened.
2436 5263 2496 5342 in
2516 5278 2682 5342 marg.
2703 5277 2884 5341 :n_us.,
2907 5260 3061 5342 lupus
3085 5269 3145 5314 ut
3168 5260 3431 5342 diabolus.

220 5280 336 5327 υωα
518 5281 581 5320 ro
617 5280 671 5320 0.
746 5280 768 5298 '
798 5280 942 5332 ηιμ,
968 5280 1022 5322 et
1042 5280 1243 5339 pastor.
1317 5280 1338 5301 '
1362 5280 1514 5339 Apud
1541 5280 1734 5323 Heneti.
1762 5280 1901 5322 deest
1931 5280 2088 5347 Deus.
2165 5280 2177 5297 '
2213 5280 2407 5317 aenea.
2436 5280 2491 5315 tu
2516 5280 2682 5330 marg.
2703 5280 2884 5341 επιει,
2908 5280 3061 5328 lupus
3085 5280 3145 5314 ut
3168 5280 3431 5342 planctus.

220 5331 237 5361 ⁸
255 5280 625 5409 illumne}.
650 5352 759 5389 non
782 5345 993 5409 estAnge.
1068 5338 1088 5409 Ρ
1116 5339 1265 5409 Apud
1291 5338 1484 5393 Bened.
1513 5340 1652 5393 deest
1681 5339 1736 5409 in_
1760 5340 2146 5409 deserto,_steut
2164 5342 2212 5387 et
2237 5348 2404 5409 mam-
2456 5332 2498 5363 “
2529 5329 2833 5409 versunum.
2912 5330 2951 5361 “
2986 5328 3108 5409 Ven.
3136 5346 3251 5409 ssc_:
3267 5329 3433 5409 inch-

222 5406 367 5470 navit,
396 5412 607 5476 portat,
636 5414 735 5459 etc.
804 5405 874 5476 A”
899 5405 1093 5461 Bened.
1122 5405 1226 5461 non
1249 5409 1437 5463 habent
1466 5417 1536 5463 te.

1639 5409 1682 5439 "
1710 5407 1776 5462 In
1816 5405 1941 5461 Ven.
1968 5406 2107 5459 deest
2134 5412 2317 5458 noster
2353 5402 2457 5456 hic.

221 5485 365 5540 quare
385 5473 606 5531 tantum
636 5474 820 5530 taces?
891 5476 936 5507 "
960 5476 1167 5531 Benedt
1183 5494 1285 5532 non
1308 5478 1493 5533 habent
1521 5477 1761 5533 Domine.
1840 5476 1883 5507 ¹⁶
1908 5473 2055 5539 Ven.,
2085 5474 2225 5528 Deus
2257 5480 2455 5528 noster.

2566 5400 2610 5431 “
2655 5398 2806 5466 ναι,
2845 5413 3012 5469 quare
3042 5400 3233 5459 taces?
3267 5399 3429 5470 Resp.

1717 5588 1946 5667 Ivem.

276 5688 302 5719 ι
332 5678 894 5750 leonemquirapuit
928 5695 1068 5735 ovem
1118 5680 1183 5733 de
1220 5696 1367 5750 grege
1410 5689 1517 5734 tuo.
1564 5680 1770 5734 Iudicat

220 5743 443 5807 heresim
471 5743 810 5805 Felicianam
831 5749 985 5804 hiset
1008 5743 1351 5818 sequentibus
1384 5751 1581 5818 verbis,
1609 5760 1663 5803 et
1690 5764 1773 5804 ca-

559 5857 838 5917 ΡΑτιιοι..
890 5857 1111 5920 XCIX.

1872 5678 1982 5748 pite
2014 5676 2174 5731 etiam
2205 5676 2489 5748 sequenti,
2523 5675 3038 5748 δίουζίλοειειιᾶίωιιι
3079 5676 3135 5748 in
3185 5675 3436 5733 disserta-

1880 5744 2023 5804 tione
2048 5748 2239 5817 prima,
2262 5744 2378 5815 qua
2414 5747 2551 5803 ’χει-ε
2580 5744 2875 5815 subjicitur,
2900 5748 3041 5802 circa
3070 5745 3247 5801 linem.

3044 5861 3083 5920 9
