4174 6474
794 471 901 525 ’271

1726 463 1782 517 8.
1824 460 2093 519 PAULINI
2128 459 2589 516 PATRIARCHJE
2629 457 3105 526 AQUILEIENSIS

3926 3 4174 149 -Ι

3908 453 4018 509 2⁸3

804 596 929 635 care
953 578 1076 634 ﬁliis
1092 558 1382 633 hominum.
1405 575 1564 630 Eleva
1582 574 1856 630 brachium
1878 582 2045 638 tuum,
2060 582 2113 628 et
2135 582 2349 627 contere
2373 578 2423 639 Α
2450 569 2730 633 fuerimus,
2745 568 3029 623 exsultabit
3045 566 3131 621 ille
3146 565 3482 622 adversarius
3496 563 3550 619 in
3567 569 3859 633 conspectu
3876 561 4013 631 piis-

802 669 1078 725 brachium
1119 665 1413 736 peccatoris
1440 672 1494 717 et
1539 661 1773 733 maligni.
1794 661 2170 732 Optimenosti
2198 660 2355 729 huius

804 757 1051 827 pauperis
1060 765 1114 810 et
1123 755 1322 825 pupilli,
1338 753 1545 824 generis
1554 750 1978 807 scilicethumani
1992 764 2226 814 causam,
2239 764 2356 817 quae

804 863 873 903 ex
900 855 1119 917 paterno
1145 858 1171 887 ι
1207 842 1557 914 chirographo
1586 841 1825 896 debetur.
1840 840 2089 893 Inventus
2108 839 2192 893 est
2209 851 2353 902 reus,

806 947 859 994 et
885 939 1173 995 obstrictus
1194 938 1261 992 ab
1284 934 1587 991 adversario
1612 933 1909 987 detinetur:
1937 947 2043 986 non
2087 939 2172 985 est
2213 929 2354 984 aliud

803 1027 1249 1097 quemadmbdum
1277 1025 1429 1079 nobis
1457 1022 1818 1085 subveniatur,
1839 1020 1941 1075 nisi
1983 1034 2049 1074 ex
2070 1026 2161 1074 tuo
2183 1018 2356 1073 consi-

802 1116 879 1171 iio
902 1125 955 1172 et
982 1114 1380 1185 pernecessario
1411 1113 1427 1143 ¹
1458 1109 1739 1179 adiutorio.
1793 1108 1976 1165 iudica
2005 1123 2220 1163 ausam
2258 1121 2353 1161 no-

800 1214 1007 1260 stram:
1040 1203 1261 1260 defende
1279 1202 1403 1272 quia
1430 1209 1618 1273 potens
1642 1214 1721 1255 es.

1372 1334 1595 1392 CAPUT
1625 1333 1783 1391 LXII.

1160 1426 1376 1480 Dmoa
1406 1434 1678 1479 accusator
1707 1425 1763 1478 in
1788 1423 2013 1492 judicio.

875 1540 921 1596 0
945 1540 1015 1595 mi
1039 1538 1204 1593 frater
1222 1536 1554 1602 charissime,
1572 1549 1733 1606 quam
1761 1533 1885 1589 felix
1914 1532 2090 1587 anima
2110 1547 2227 1601 quae
2246 1540 2356 1585 tam

802 1642 1071 1704 potentem
1102 1632 1263 1686 habet
1285 1629 1645 1686 defensorem!
1675 1628 1799 1683 ideo
1817 1642 1958 1682 nunc
1974 1642 2156 1696 quaso
2176 1628 2359 1697 vigilet

803 1724 1164 1793 unusquisque
1204 1727 1464 1783 nostrum,
1500 1734 1568 1774 ne
1598 1718 1735 1788 apud
1762 1732 1883 1773 eum
1910 1716 2150 1772 diabolus
2175 1718 2230 1771 in
2271 1716 2357 1771 die

795 1815 979 1884 iudicii
997 1829 1122 1869 suos
1140 1827 1345 1883 pannos
1364 1818 1635 1881 agnoscat,
1654 1816 1709 1863 et
1730 1808 1944 1878 incipiat
1966 1822 2088 1863 reus
2109 1804 2358 1871 detineri,

2451 653 2578 709 simi
2612 653 2827 721 iudicis,
2866 654 3195 723 superiorem
3231 667 3290 708 se
3325 667 3444 708 esse
3466 651 3637 708 .nobis
3678 650 4015 707 declamans.

2452 758 2617 815 agens
2646 745 2806 799 talem
2826 757 3042 797 causam
3060 742 3198 811 apud
3221 740 3381 796 talem
3392 740 3647 809 iudicem.
3678 738 3853 793 Habet
3871 736 4020 791 etiim

2454 836 2634 891 dicere
2665 842 2794 887 tunc
2816 832 2929 902 ipse
2962 832 3202 887 diabolus
3230 850 3244 885 :
3274 830 3603 901 Equissime
3624 829 3810 898 iudex,
3834 826 4022 896 iudica

2451 923 2616 978 istam
2637 936 2815 975 meum
2835 934 2953 975 esse
2977 921 3046 975 ob
3072 922 3300 989 culpam,
3320 920 3411 990 qui
3442 929 3563 974 tuus
3586 931 3704 973 esse
3726 916 3895 972 noluit
3923 929 4024 986 per

2450 1011 2697 1080 gratiam.
2724 1010 2870 1065 Tuus
2897 1017 2979 1065 est
3008 1024 3106 1079 per
3124 1014 3371 1064 naturam
3405 1026 3418 1062 :
3453 1024 3604 1064 meus
3624 1018 3709 1063 est
3733 1022 3830 1079 per
3853 1008 4025 1062 mise-

2452 1101 2611 1154 riam.
2628 1100 2871 1155 Tuusest
2889 1100 2957 1154 ob
2978 1100 3281 1167 passionem
3300 1116 3316 1152 :
3334 1112 3486 1153 mens
3506 1105 3589 1153 est
3605 1099 3673 1152 ob
3691 1098 4023 1152 suasionem.

2451 1186 2571 1241 Tibi
2598 1187 2907 1242 inobediens
2934 1202 2946 1238 :
2978 1186 3107 1239 mihi
3133 1185 3405 1240 obediens.
3429 1184 3474 1238 Α
3492 1193 3547 1239 te
3565 1183 3771 1253 accepit
3795 1183 4025 1236 immor-

2454 1272 2678 1329 talitatis
2703 1274 2897 1328 stolam
2929 1287 2944 1325 :
2981 1286 3012 1325 a
3046 1284 3133 1325 me
3157 1271 3296 1326 hanc
3316 1284 3630 1341 pannosam,
3660 1285 3767 1340 qua
3801 1269 4031 1324 indutus

2454 1374 2573 1434 est,
2602 1366 2839 1421 tunicam
2885 1365 2925 1419 '.
2979 1365 3147 1419 Tuam
3201 1374 3403 1420 vestem
3457 1363 3685 1418 amisit:
3723 1376 3847 1416 cum
3903 1375 4031 1414 mea

2456 1456 2602 1511 veste
2628 1457 2733 1511 huc
2761 1454 3000 1509 advenit.
3025 1453 3162 1519 Quid
3185 1454 3324 1522 apud
3349 1468 3471 1509 eum
3497 1449 3829 1519 impudicitia
3860 1447 4032 1503 facie-

2454 1544 2570 1611 bat,
2600 1545 2730 1614 quid
2771 1544 3179 1613 intemperantia
3204 1582 3219 1609 ,
3275 1542 3401 1613 quid
3448 1541 3696 1607 avaritia,
3740 1539 3869 1610 quid
3924 1540 4030 1604 ira,

2456 1636 2583 1704 quid
2610 1635 2879 1704 superbia,
2911 1633 3036 1703 quid
3069 1641 3267 1687 caetera
3317 1624 3435 1687 mea
3481 1631 3758 1686 membra?
3810 1630 4035 1683 Dimisit

2457 1734 2511 1779 te
2537 1742 2549 1776 :
2582 1724 2888 1793 confugium
2916 1720 3042 1777 fecit
3078 1723 3144 1777 ad
3172 1735 3258 1776 me
3285 1739 3297 1775 :
3327 1736 3474 1776 meas
3501 1734 3716 1775 sorores
3741 1719 3901 1774 video
3939 1734 4036 1773 co-

2457 1814 2637 1868 mitari
2671 1827 2791 1866 cum
2821 1812 2931 1866 illo.
2966 1811 3103 1878 Quid
3129 1812 3270 1865 enim
3298 1812 3499 1866 idcirco
3525 1812 3545 1841 τ
3576 1809 3843 1865 faciebat?
3887 1807 4035 1874 Quid

801 1918 959 1975 quem
993 1902 1236 1957 Christus
1260 1915 1353 1957 sna
1376 1899 1549 1969 gratia
1592 1897 1758 1951 voluit
1798 1896 2013 1952 liberari
2040 1896 2082 1947 ’-
2114 1894 2221 1949 Nec
2254 1895 2356 1949 Sibi
2389 1901 2433 1959 Β
2459 1916 2579 1955 cum
2624 1900 2869 1968 superbia
2913 1898 3255 1968 disputabat?
3306 1896 3445 1964 Quid
3481 1912 3603 1952 cum
3636 1897 3718 1950 ira
3751 1894 4034 1950 furiebat?

803 1992 938 2046 male
964 1990 1321 2053 blandiantur,
1346 1988 1437 2057 qui
1460 1993 1580 2055 post
1606 1993 1874 2054 acceptam
1903 1984 2129 2055 gratiam
2156 1984 2354 2055 corrigi

798 2080 1005 2144 nolunt,
1033 2087 1191 2147 atque
1219 2091 1407 2130 rursus
1438 2075 1504 2129 ad
1533 2089 1656 2129 suas
1676 2074 1930 2145 pristinas
1951 2072 2175 2127 redeunt
2200 2072 2354 2127 volu-

798 2179 975 2240 ptates
1004 2171 1046 2222 ⁸.
1076 2170 1427 2237 Exspectatur
1463 2167 1605 2221 enim
1639 2166 1755 2221 dies
1780 2163 1968 2233 iudicii
1999 2179 2013 2218 :
2044 2166 2216 2219 aderit
2266 2165 2355 2220 ille

799 2257 1134 2327 equissimus
1177 2254 1373 2324 iudex,
1409 2253 1500 2323 qui
1553 2252 1749 2307 nullius
1791 2252 2023 2321 potentis
2070 2266 2353 2320 personam

800 2346 1044 2417 accipiet,
1062 2345 1214 2415 cujus
1243 2344 1497 2413 palatium
1522 2356 1653 2396 auro
1681 2346 2004 2411 argentoque
2029 2340 2208 2395 nullus
2240 2339 2353 2408 epi-

803 2452 1014 2507 scopus,
1046 2450 1146 2490 nec
1173 2436 1353 2498 abbas,
1381 2446 1479 2487 nec
1508 2445 1688 2487 comes
1716 2430 1743 2469 δ
1770 2444 2113 2498 corrumpere
2136 2429 2353 2497 poterit.

801 2527 1067 2581 Astahunt
1090 2538 1276 2579 omnes
1302 2522 1510 2584 animae,
1553 2520 1633 2573 ut‘
1657 2516 1852 2573 referat
1890 2532 2221 2588 unaququ
2269 2534 2357 2575 se-

801 2616 1035 2671 cundum
1065 2613 1192 2667 illud
1220 2612 1240 2643 ⁸
1268 2612 1408 2681 quod
1437 2611 1491 2664 in
1533 2622 1755 2678 corpore
1803 2608 1985 2679 gessit,
2010 2608 2123 2663 sive
2155 2610 2358 2663 bonum

802 2703 918 2759 sive
949 2701 1165 2755 malum.
1196 2699 1401 2753 Praesto
1424 2698 1567 2752 enim
1595 2697 1699 2751 erit
1730 2696 2066 2775 adversarius
2094 2695 2357 2763 diabolus,

804 2803 860 2849 et
885 2793 1254 2847 recitaliuntur
1290 2799 1312 2827 ε
1341 2788 1501 2841 verba
1536 2785 1884 2857 professionis
1908 2792 2109 2839 nostra:
2135 2793 2190 2839 et
2222 2784 2361 2854 obii-

802 2884 909 2939 ciet
934 2882 961 2922 «ι
989 2881 1142 2937 nobis
1170 2880 1224 2934 in
1252 2877 1442 2933 faciem
1468 2876 1724 2946 quidquid
1762 2874 2007 2941 fecimus,
2047 2883 2102 2930 et
2156 2875 2210 2929 in
2257 2890 2363 2946 qua

801 2970 889 3027 die
916 2970 1275 3042 peccavimus,
1303 2975 1359 3024 et
1389 2967 1443 3020 in
1474 2981 1579 3035 quo
1613 2966 1748 3029 loco,
1777 2972 1832 3019 et
1868 2966 1996 3035 quid
2034 2966 2161 3021 boni
2186 2967 2365 3034 operis

2461 1989 2867 2047 Thesaurizavit
2889 1988 2987 2043 sibi
3009 1988 3141 2041 iram
3166 1989 3220 2041 in
3239 1988 3326 2041 die
3341 1988 3454 2042 irre.
3478 1986 3809 2055 Equissime
3838 1987 4032 2055 iudex,

2449 2078 2653 2147 iudica,
2678 2078 2896 2147 inquam
2922 2078 2965 2142 ⁸,
2992 2078 3113 2146 quia
3130 2078 3339 2146 justitia
3362 2086 3410 2130 et
3424 2076 3687 2145 judicium
3710 2076 4034 2145 purpur-ario

2457 2168 2593 2222 sedis
2610 2176 2713 2221 tua
2731 2166 2900 2236 (Ρωι.
2918 2182 3175 2228 Lxxxvin,
3194 2165 3303 2235 M).
3321 2163 3507 2219 Judica
3525 2164 3675 2218 illum
3690 2180 3869 2219 meum
3885 2179 4032 2229 esse,

2460 2265 2517 2312 et
2540 2268 2752 2309 mecum
2780 2254 3139 2309 damnandum
3168 2266 3305 2308 esse.
3356 2252 3481 2308 Haec
3523 2253 3700 2307 omnia
3748 2268 3871 2322 qua:
3925 2254 4035 2308 huc

2461 2345 2661 2410 attulit,
2684 2359 2803 2400 mea
2829 2358 2947 2399 esse
2981 2359 3263 2413 cognosco.
3292 2342 3439 2399 Meus
3464 2357 3582 2397 esse
3607 2343 3796 2407 voluit,
3827 2350 3884 2398 et
3915 2357 4034 2396 mea

2458 2434 2765 2509 concupivit
2791 2444 2805 2485 :
2832 2447 3039 2487 mecum
3068 2432 3244 2499 puniri
3270 2431 3453 2495 debet;
3489 2431 3741 2499 quoniam
3780 2446 3947 2499 quem
3976 2440 4036 2485 tu

2464 2523 2714 2592 dignatus
2739 2536 2798 2577 es
2826 2528 2973 2575 tanto
2995 2520 3165 2591 pretio
3189 2520 3444 2583 liberare,
3473 2520 3586 2588 ipse
3613 2533 3671 2573 se
3708 2520 3843 2573 mihi
3867 2518 4038 2574 voluit

2461 2610 2802 2681 postmodum
2820 2608 3046 2663 libenter
3077 2607 3333 2677 obligare.
3381 2607 3516 2671 Heu,
3540 2608 3673 2662 heu!
3707 2606 3881 2663 frater
3902 2607 4035 2663 cha—

2462 2701 2694 2765 rissime,
2726 2700 2995 2769 poteritne
3021 2698 3143 2752 talis
3173 2698 3383 2766 aperire
3403 2712 3483 2763 os,
3512 2697 3603 2766 qui
3634 2696 3757 2752 talis
3785 2699 3863 2752 ibi
3888 2698 4045 2753 iuve-

2466 2790 2664 2855 uietur,
2689 2796 2750 2845 ut
2767 2786 2911 2857 iuste
2933 2788 3010 2842 ire
3035 2802 3157 2841 cum
3183 2786 3393 2841 diabolo
3419 2787 3737 2856 deputetur?

2956 2880 3066 2949 eo
3098 2877 3324 2934 CAPUT
3351 2877 3531 2931 Lxut.

2848 2970 3030 3025 Relabi
3080 2985 3235 3040 quam
3282 2969 3643 3040 periculosum.

800 3070 932 3115 tunc
954 3057 1212 3128 temporis
1238 3055 1414 3111 facere
1442 3055 1720 3110 debuimus
1750 3054 1790 3109 '.
1831 3054 1897 3108 Et
1930 3055 1974 3108 si
2006 3053 2138 3109 tales
2166 3054 2366 3109 inventi
2395 3048 2438 3111 C
2540 3059 2827 3115 Videamus
2843 3061 2968 3129 quid
2983 3075 3235 3131 agamus;
3267 3058 3449 3115 abillo
3470 3060 3745 3115 videamus
3761 3060 4039 3130 quomodo

2007 3163 2386 3225 VARIANTES
2421 3167 2816 3225 LECTIONES.

873 3265 893 3297 ¹
920 3262 1065 3326 ναι,
1092 3261 1166 3315 sic
1184 3242 1334 3312 liabet
1357 3274 1374 3313 :
1399 3255 1656 3327 consilio:
1685 3264 1740 3309 et
1762 3257 2240 3327 pernecessarium
2276 3252 2597 3327 adiutorium
2618 3257 2734 3326 iud.
2752 3272 2870 3312 can.
2898 3274 2954 3311 n.
2980 3256 3358 3327 defende,qui_a
3378 3271 3434 3327 p.
3448 3255 3765 3327 esDomine.
3823 3258 3846 3327 ξ
3878 3256 4036 3327 [ειη

802 3322 1060 3389 liberare.
1096 3329 1212 3409 -‘AA'
1233 3327 1447 3409 B'ened?
1470 3322 1841 3409 voluntates."
1864 3324 1886 3355 δ
1922 3322 2070 3409 Velim,
2094 3322 2385 3409 μεῳάρῄ
2409 3328 2549 3409 quod
2573 3322 2787 3409 incorp...
2803 3328 3043 3409 gesserit.
3106 3327 3145 3409 f
3167 3322 3758 3409 ῌεὴεάηξςεδθξείηυε..
3818 3325 3851 3407 ⁸.
3879 3322 4036 3409 νειμ

802 3411 1023 3457 vestem.
1096 3399 1115 3430 τ
1145 3396 1235 3452 Sic
1259 3395 1475 3459 Based"-
1498 3403 1548 3447 at
1573 3394 1697 3448 editi
1725 3402 1774 3448 et
1804 3390 1949 3459 ναι..
1972 3393 2110 3460 Quid
2139 3396 2314 3450 enim?
2336 3390 2534 3454 idcirco
2551 3390 3002 3463 ouilia—faciebat,
3030 3397 3152 3466 quia
3179 3395 3293 3449 loco
3310 3395 3458 3464 quid.
3530 3394 3555 3425 ⁸
3583 3393 3806 3459 Bened.,
3837 3394 4035 3465 inquit.

2295 3501 2524 3559 NOTAE.

879 3592 906 3619 ι
944 3575 1187 3641 Causam,
1220 3587 1336 3641 qui:
1385 3587 1448 3625 ea:
1478 3578 1698 3641 paterno
1740 3569 2078 3641 chirographo
2129 3571 2361 3641 debetur.

879 3592 906 3619 ι
944 3586 1187 3636 Causam,
1220 3587 1336 3641 qui:
1385 3587 1448 3625 ea:
1476 3586 1698 3692 paterno
1740 3586 2078 3639 cmrograpno
2129 3586 2361 3626 necetur.

803 3640 1449 3727 natuiﬁmfaﬁulau
1499 3638 2177 3727 ,ξαιίξιειεξεξξειραίίεψεν
2203 3640 2365 3727 Pan":

806 3707 1074 3773 scribente
1098 3712 1165 3766 ad
1196 3709 1370 3764 Colos.
1404 3708 1581 3779 in“,
1625 3707 1697 3779 de,
1733 3707 1947 3762 Christo
1977 3726 1989 3760 :
2022 3708 2195 3763 delens
2226 3709 2365 3779 quod

805 3787 1049 3841 adversus
1098 3796 1190 3833 nos
1248 3788 1359 3832 erat
1405 3777 1833 3846 chirographum,
1874 3790 2031 3845 quem
2064 3779 2140 3846 in
2191 3777 2365 3832 locum

804 3857 1214 3923 Chrysostomus
1240 3847 1381 3923 hom.
1402 3845 1443 3923 _6
1470 3844 1683 3923 inquit:
1708 3864 1725 3895 ‹
1760 3844 2030 3923 Nusquam
2058 3844 2267 3903 locutus
2285 3856 2369 3923 est

804 3915 1241 3989 tam'magniﬁce.
1270 3936 1296 3989 i_
1319 3915 1743 3989 chirographum
1773 3921 1854 3967 est
1879 3916 2065 3989 cautio
2088 3931 2245 3989 manu
2268 3917 2369 3971 an-

806 3992 957 4067 cuius
985 3983 1300 4067 sc'ripta'vel
1328 3983 1657 4067 subscripta;
1694 3992 1751 4063 et
1774 3983 1988 4067 proprie
2009 3983 2239 4067 iibellus,
2263 4001 2370 4055 quo

837 4052 926 4129 uis
964 4052 1245 4130 pecuniam
1284 4070 1343 4109 se
1375 4052 1566 4107 debere
1604 4052 1835 4122 scripsit.
1878 4052 1957 4107 lta
2009 4052 2360 4120 Hotomanus,

837 4144 957 4204 oan.
981 4124 1151 4190 Calv.,
1173 4124 1457 4204 ceterique
1470 4120 1867 4204 iurisconsulti.
1883 4121 2205 4204 Quibuscum
2233 4123 2363 4204 facit

803 4200 1225 4268 Chrysostomus
1238 4193 1329 4246 lib.
1379 4207 1452 4255 c.,
1499 4206 1618 4244 cum
1642 4192 1759 4268 ait_:
1792 4197 1916 4268 es_t_t
1948 4191 2360 4268 chirographum

804 4259 1016 4337 quando
1047 4264 1451 4337 _quispiam__est
1498 4260 1948 4337 reusmdebendi.»
1998 4259 2148 4326 Quod
2188 4259 2362 4315 innuit

805 4328 1015 4407 cinoque
1040 4328 1311 4386 iuvenalis
1329 4330 1422 4383 lib.
1444 4343 1499 4394 ν,
1521 4343 1572 4380 v.
1594 4328 1714 4393 795,
1744 4339 1843 4383 sat.
1865 4330 1966 4383 ult.
1996 4346 2009 4382 :

926 4447 1128 4504 Debitor
1150 4448 1232 4493 aut
1254 4448 1467 4504 sumptor
1488 4441 1767 4504 pergit‘ncn
1788 4440 2003 4504 reddere
2024 4454 2252 4493 nummos
2282 4478 2299 4504 ,

920 4501 1057 4557 Vana
1085 4518 1230 4565 super
1256 4505 1387 4551 vacui
1410 4502 1577 4559 dicens
1598 4501 1915 4562 chirographa
1942 4501 2080 4563 ligni.

804 4594 1292 4662 lxetinguebantur
1311 4590 1683 4662 chirographa,
1707 4591 1918 4662 quando
1940 4591 2133 4648 solutio
2157 4606 2187 4645 a
2214 4592 2360 4647 dehi-

806 4674 920 4718 tore
964 4658 1214 4716 creditori
1255 4661 1391 4731 facta
1441 4658 1680 4731 fuisset;
1718 4658 1972 4731 iulatione
2020 4661 2360 4731 chirographo

806 4677 920 4718 tore
964 4677 1214 4716 creditori
1255 4677 1391 4714 11011
1441 4677 1661 4723 "lim;
1718 4677 1972 4713 ιοικηοπο
2020 4677 2134 4714 CII"
2202 4677 2360 4731 rapito

803 4734 949 4785 inani
976 4731 1233 4799 faao,'ait
1260 4729 1514 4798 Ulpianus
1540 4728 1869 4799 insolutione
1898 4728 1953 4799 if.
1992 4730 2056 4783 ad
2099 4677 2361 4785 exohiben-

808 4802 953 4854 dum.
976 4794 1115 4864 'Quia
1138 4813 1267 4853 vero
1291 4794 1467 4852 debita
1489 4798 1555 4851 ad
1576 4794 1715 4851 ﬁlios
1735 4798 2037 4852 haredesve
2059 4806 2359 4865 transeunt,

805 4870 932 4923 hinc
978 4884 1099 4923 cum
1155 4868 1505 4922 redderentur
1552 4866 1902 4935 chirographa
1949 4868 2359 4934 defunctorum,

806 4938 930 4993 ﬁliis
948 4938 1310 5005 hmredibusve
1325 4936 1586 5005 reddenda
1612 4944 1782 5005 erant,
1794 4944 1857 5005 iit
1875 4944 2023 5005 patet
2042 4951 2104 4989 ex
2127 4936 2359 5002 Juliano,

807 5007 864 5061 tl‘.
896 5009 961 5061 de
999 5007 1158 5074 legat.
1200 5006 1252 5069 i,
1281 5004 1316 5057 l.
1362 5002 1735 5075 huiusmodig
1781 5002 1842 5058 Si
1875 5002 1979 5058 ita.
2026 5005 2133 5060 Sed
2166 5007 2232 5060 de
2280 5008 2363 5061 his

807 5077 968 5131 rebus
992 5072 1110 5128 vide
1133 5076 1181 5144 si
1208 5074 1351 5144 lubet
1374 5072 1813 5144 iurisconsultos,
1855 5081 1920 5144 et
1954 5075 2252 5144 praesertim
2297 5077 2358 5130 Β.

806 5146 1135 5216 Brissonium
1158 5142 1430 5216 formular.
1449 5142 1539 5197 lib.
1556 5159 1629 5197 vi.
1646 5142 1877 5216 Noverat
1897 5142 2150 5216 Paulinus
2161 5146 2362 5216 optime

808 5215 914 5267 vim
939 5213 1093 5280 huius
1112 5213 1283 5283 verbi,
1300 5212 1532 5283 ideoque
1558 5212 1709 5281 quasi
1730 5226 1794 5264 ex
1810 5210 1932 5283 iure
1950 5210 2221 5282 explicans
2244 5231 2362 5283 qua:

809 5284 1035 5346 dixerat,
1059 5282 1203 5335 addit
1240 5297 1254 5333 :
1290 5280 1537 5335 Inventus
1560 5280 1633 5334 est
1657 5296 1793 5345 rests,
1815 5291 1862 5334 et
1884 5280 2155 5337 obstrictus
2175 5284 2239 5337 ab
2261 5280 2361 5337 ad-

808 5353 1032 5423 senario
1058 5350 1327 5403 detinetur.
1356 5348 1563 5423 Optime
1590 5357 1767 5423 autem
1801 5350 1935 5404 dixit
1968 5351 2239 5423 Paulinus,
2267 5369 2362 5423 ge-

809 5435 911 5491 nus
934 5420 1222 5491 humanum
1243 5419 1410 5491 teneri
1438 5428 1661 5491 paterno
1682 5419 2055 5491 chirographo,
2081 5423 2132 5475 id
2154 5431 2237 5491 est
2256 5419 2362 5491 quo

808 5490 975 5543 Adam
1009 5490 1303 5558 tenebatur,
1326 5488 1390 5541 de
1417 5504 1523 5558 quo
1542 5488 1999 5558 Chrysostomusl.
2025 5506 2072 5544 c.
2100 5508 2111 5543 :
2148 5510 2165 5541 α
2188 5488 2359 5545 Tenc-

808 5558 903 5612 hat
924 5558 1163 5610 diabolus
1192 5556 1600 5625 chirographum
1629 5556 1769 5625 quod
1804 5557 1943 5613 Deus
1987 5558 2113 5613 fecit
2160 5560 2362 5614 Adamo

809 5626 990 5699 dicens
1018 5643 1029 5676 :
1073 5625 1187 5699 Quo
1210 5626 1292 5677 die
1311 5642 1339 5679 e
1358 5627 1496 5699 ligno
1515 5626 1814 5699 comederis,
1828 5628 2080 5699 morieris.
2106 5628 2218 5699 Hoc
2235 5645 2365 5699 ergo

809 5696 1224 5764 chirographum
1255 5696 1466 5749 tenebat
1498 5694 1753 5764 diabolus,
1785 5709 1882 5748 nec
1926 5696 1980 5749 id
2015 5698 2167 5751 nobis
2219 5694 2365 5752 dedit

806 5761 1076 5826 Christus.
1096 5763 1187 5820 sed
1214 5763 1325 5832 ipse
1362 5764 1534 5823 scidit.
1563 5761 1712 5832 Quod
1739 5764 1951 5834 quidem
1976 5773 2057 5822 est
2088 5766 2233 5835 eius,
2274 5768 2365 5837 qui

2468 3571 2625 3625 laetus
2649 3570 2891 3625 remittit.
2927 3588 2947 3622 ι

2540 3640 2566 3678 δ
2608 3639 2717 3709 Nec
2743 3656 2929 3693 comes.
2961 3636 3137 3703 Quare
3162 3639 3409 3709 comitem
3434 3638 3574 3692 inter
3616 3637 3906 3709 saculares
3950 3642 4038 3695 di-

2468 3709 2698 3777 gnitates
2716 3709 3007 3778 recensuit,
3026 3709 3233 3763 caeteris
3257 3708 3471 3778 silentio
3497 3709 3818 3778 praeteritis?
3864 3708 4040 3765 Nimi-

2471 3776 2588 3831 rum
2601 3778 2724 3845 quia
2740 3776 2932 3829 Enrico
2952 3778 3126 3830 comiti
3148 3778 3434 3832 scribebat.
3448 3776 3667 3832 comitis
3684 3779 3831 3845 enim
3855 3778 4041 3834 ducis-

2469 3861 2573 3915 que
2599 3844 2811 3900 nomina
2840 3845 2939 3899 etsi
2977 3846 3155 3909 varia,
3180 3860 3319 3914 saepe
3356 3854 3533 3900 tamen
3568 3844 4041 3915 confundebantur

2470 3924 2529 3969 ut
2564 3916 2804 3969 dicemus
2839 3915 2893 3986 i_n
2930 3915 3303 3986 dissertatione
3343 3914 3605 3986 prima,§
3644 3914 3701 3986 6.
3727 3915 3844 3986 Hoc
3890 3917 4037 3972 idem

2471 3986 2815 4038 adverterunt
2838 3982 3025 4038 Patres
3053 3982 3376 4038 Benedictini
3404 3984 3456 4037 in
3496 3982 3860 4038 admonitione
3908 3986 4041 4041 huic

2470 4052 2930 4132 libroprmposita.
2973 4051 3187 4106 Poterat
3210 4052 3426 4132 quidem
3454 4060 3673 4107 ceteras
3699 4052 3919 4132 laicales
3954 4054 4041 4132 (ii-

2472 4122 2698 4191 gnitates
2722 4122 2997 4191 nominare
3035 4138 3047 4173 :
3088 4122 3298 4175 comitis
3338 4135 3466 4191 vero
3496 4138 3601 4176 non
3628 4130 3839 4190 poterat
3867 4125 4037 4178 omit-

2472 4188 2603 4253 tere,
2624 4205 2744 4243 cum
2766 4190 2835 4243 ad
2856 4190 3104 4244 comitem
3133 4192 3409 4244 scriberet.
3438 4188 3570 4243 Cum
3599 4188 3801 4255 autem,
3821 4194 4039 4247 caeteris

2471 4259 2705 4322 omissis,
2732 4259 2869 4311 hanc
2909 4259 3152 4321 retineat,
3183 4258 3460 4313 indubiam
3482 4269 3594 4325 est,
3625 4261 3880 4316 comitem
3906 4276 4038 4317 eum

2473 4327 2657 4388 fuisse,
2686 4328 2769 4381 cui
2793 4327 3078 4381 scribebat.

2435 4399 2443 4405 ’
2504 4408 2564 4466 Ac
2610 4395 3157 4466 Recitabunturgverha
3180 4395 3515 4466 professionis
3554 4406 3764 4450 nostra.
3814 4396 4037 4457 Profes-

2472 4464 2675 4536 sionem
2702 4462 3005 4536 huiusmodi
3032 4462 3235 4536 indicat
3250 4462 3576 4536 Augustinus
3591 4466 3657 4519 de
3682 4466 3939 4536 Symboio
3963 4467 4035 4523 ad

2394 4514 2446 4575 D
2472 4514 4035 4615 :cap:ij'ipso‘ivéi‘e‘IﬁoquEéE-(ijuig

2466 4602 2716 4672 (diabolo
2749 4600 3206 4672 scilicetjniinico
3225 4600 3261 4672 γ
3298 4617 3393 4658 vos
3436 4600 3743 4658 renuntiare
3793 4604 4031 4672 professi

2462 4739 2666 4807 angelis
2686 4736 2800 4807 eius
2840 4736 3301 4794 conscribentibus
3341 4739 3579 4802 dixistis,
3608 4741 3898 4797 Renuntio.
3945 4742 4031 4800 Ex

2462 4806 2910 4877 hacgangeiorum
2960 4808 3223 4877 scriptura
3275 4810 3641 4863 recitabantur
3693 4811 3811 4865 haec
3858 4812 4031 4867 verba

2458 4875 2807 4948 professionis
2824 4884 3039 4948 nostrai.
3061 4896 3089 4948 ί
3110 4875 3255 4948 Unde
3276 4877 3508 4947 Cyrillus
3522 4878 3901 4948 Hierosolym.,
3918 4880 4029 4941 Ca-

2462 4946 2603 5016 tech.
2649 4952 2873 5016 mystag.
2919 4945 3032 4999 ide
3060 4945 3333 5014 Baptismo
3355 4961 3370 4999 :
3412 4964 3430 4997 σ
3478 4948 3629 5012 Illud,
3675 4945 3868 5016 inquit,
3915 4965 4031 5005 non

2463 5015 2695 5095 ignores,
2728 5014 2869 5136 Ἧιοά
2906 5028 3236 5152 ίῗυωεᾳηίιμθ
3259 5015 3413 5096 dicis,
3443 5016 3531 5070 illa
3565 5014 3862 5098 praiseftim
3902 5017 4025 5071 for-

2460 5083 2707 5153 midabili
2742 5152 2749 5153 ί
2784 5098 2876 5137 ora
2935 5084 3204 5153 baptismi)
3245 5092 3442 5153 scripta
3477 5094 3600 5139 sunt
3629 5103 3683 5140 in
3730 5086 3886 5141 libris
3926 5087 4028 5141 Dei

2462 5152 2803 5214 absconditis,
2826 5160 2885 5222 ut
2907 5151 2952 5206 si
2978 5151 3105 5219 quid
3131 5151 3379 5222 deinceps
3401 5155 3656 5209 adversus
3668 5155 3757 5208 illa
3780 5171 4027 5221 pronun-

2462 5222 2591 5275 tiata
2612 5220 2936 5290 patraveris,
2963 5230 3215 5290 tauquam
3256 5220 3635 5290 praevaricator
3670 5220 3949 5290 iudiceris.
3998 5245 4020 5278 ι

2530 5290 2557 5328 ἀ
2591 5289 2813 5369 ρὸῇίοὶει
2843 5289 2987 5369 nobis
3011 5289 3407 5369 infacieEt_,ete.
3444 5289 3755 5369 Huiusmodi
3791 5292 4027 5369 ﬁgurata

2462 5358 2729 5430 lpcutione
2760 5374 2889 5430 usus
2913 5366 2996 5430 est
3020 5358 3180 5430 etiam
3218 5358 3631 5430 Chrysostotnus
3662 5364 3804 5416 hom.
3836 5358 3918 5416 '20
3963 5364 4024 5417 in

2463 5427 2657 5481 Cenes.
2689 5444 2703 5479 :
2734 5444 2753 5476 ι
2788 5426 2845 5480 Si
2892 5428 3252 5481 adversarium
3291 5426 4021 5495 nostrumpraiverterimus,

2462 5495 2732 5549 diabolum
2783 5495 2929 5558 dico,
2964 5495 3055 5564 qui
3103 5495 3157 5549 in
3194 5498 3283 5551 die
3318 5498 3410 5553 illo
3438 5500 3507 5553 ob
3552 5495 3738 5554 faciem
3775 5508 4023 5554 nostram

2464 5566 2713 5618 stahit....
2733 5564 2904 5619 nostri
2933 5563 3164 5633 ipsorum
3197 5563 3323 5621 facti
3346 5575 3700 5630 accusatores,
3726 5568 3781 5621 in
3815 5576 4023 5623 tantam

2464 5634 2901 5703 misericordiam
2922 5634 3341 5703 ,provocahimus
3400 5636 3702 5701 Dominum,
3729 5644 3818 5698 ut,
3851 5648 3960 5693 etc.
3995 5656 4017 5692 ι

2465 5704 2599 5823 Elige
2617 5703 2752 5823 iigniti
2789 5700 2962 5759 simili:
3007 5702 3060 5756 in
3104 5700 3263 5759 Petro
3302 5703 3530 5767 Cellensi
3563 5705 3658 5760 lib.
3688 5700 3765 5761 De
3791 5708 4031 5776 panibus

2467 5786 2581 5841 cap.
2617 5786 2697 5825 ta.

2463 4668 2611 4731 estis,
2644 4670 2700 4724 in
2719 4683 2832 4739 qua
2857 4668 3204 4739 professione,
3225 4668 3336 4725 non
3363 4672 3686 4736 hominibus,
