4174 6504
801 447 904 500 275
1710 452 1764 504 S.
1805 453 2072 507 PAELIN]
2111 449 2568 506 PATRIARCILE
2608 451 3076 518 AQUILEIENSIS
3884 452 3991 505 276

803 552 922 590 item
949 577 963 602 ,
1010 538 1481 605 concupiscentiam
1501 579 1514 602 ,
1563 539 1830 593 libidinem
1849 582 1862 604 ,
1913 543 2044 595 iram
2064 583 2078 607 ,
2130 542 2298 595 rixam
2317 582 2331 606 ,
2361 545 2408 602 Α
2436 539 2677 603 Domino,
2704 539 2773 592 Et
2797 541 2919 593 data
2939 551 3011 594 est
3030 543 3076 594 ei
3097 547 3317 608 potestas
3340 555 3371 590 a
3391 537 3627 599 .Domino
3657 539 3711 591 in
3739 538 3992 606 facultate

802 625 1129 689 ebrietatem,
1157 626 1469 694 superbiam,
1498 625 1713 690 furtum,
1740 636 1793 681 et
1815 643 2022 682 omnem
2044 631 2353 698 suggestio--
2382 628 2386 632 ’
2429 636 2477 679 et
2512 627 2566 680 in
2589 642 2742 680 carne
2770 626 2791 656 ‘
2813 627 2925 696 ejus
2964 627 3102 698 (Job.
3146 643 3194 690 ι,
3227 625 3332 694 12).
3365 625 3430 679 Et
3458 625 3681 692 iterum,
3723 624 3872 678 Dabo
3895 626 3992 678 tibi

804 731 923 768 nem
962 714 1173 780 malam,
1202 715 1408 770 dicente
1435 715 1680 783 Apostolo
1705 755 1720 781 ,
1758 715 1880 769 Nan
1913 725 1984 769 est
2002 717 2142 770 nobis
2171 717 2336 771 collu-
2429 712 2575 766 illum
2595 715 2647 766 in
2673 723 2986 783 potestatem,
3012 722 3195 783 praeter
3213 713 3438 770 animam
3457 711 3599 765 illius
3632 711 3774 781 (Job.
3804 728 3864 776 ιι,
3889 711 3977 782 6);

804 805 957 856 ctatio
1001 803 1238 857 adversus
1273 819 1477 856 carnem
1517 812 1563 855 et
1605 804 1934 872 sanguinem,
1967 805 2056 858 sed
2097 805 2337 859 adversus
2445 815 2565 853 caro
2591 802 2724 854 enim
2748 801 3055 870 concupiscit
3078 801 3317 853 adversus
3351 799 3586 868 spiritum
3606 816 3626 853 :
3650 798 3868 869 spiritus
3889 817 3994 853 au-

803 889 1009 957 spiritus
1034 889 1367 958 aeris'hujus
1384 902 1430 954 α,
1454 890 1693 943 adversus
1712 890 1965 958 spiritalia
1982 893 2035 944 in
2056 890 2336 946 caelestibus
2435 898 2532 941 tem
2566 882 2804 942 adversus
2826 905 3048 942 carnem.
3081 887 3206 942 Herc
3231 897 3400 942 autem
3427 887 3523 939 sibi
3557 887 3775 941 invicem
3809 890 3995 943 adver—

807 975 1016 1047 (Ephes.
1043 991 1118 1043 Vt,
1151 976 1256 1048 12).
1286 974 1359 1030 De
1379 977 1584 1031 diabolo
1608 977 1860 1045 dicit,qui
1882 978 2098 1046 spiritus
2125 980 2338 1034 malusb
2434 986 2615 1029 cantur
2639 986 2694 1029 ut
2722 993 2824 1030 non
2847 993 3157 1047 qucecunque
3181 975 3332 1030 vultis
3360 974 3454 1028 illa
3475 974 3498 1006 ⁸
3517 975 3728 1044 faciatis
3756 975 3906 1047 (Gal.
3937 994 3991 1041 v,

806 1073 906 1129 est,
951 1074 1006 1121 et
1044 1081 1149 1122 non
1189 1065 1413 1134 videtur.
1452 1065 1519 1120 Et
1570 1061 1938 1134 ipse'spiritus
1982 1067 2342 1134 nequissimus
2439 1066 2545 1136 17).
2577 1065 2714 1121 Caro
2739 1074 2820 1121 est
2852 1067 3046 1120 misera
3083 1067 3253 1121 bestia
3285 1075 3307 1104 ο
3339 1080 3458 1133 qua:
3487 1073 3674 1134 gravat
3727 1067 3990 1128 animam,

805 1153 1072 1221 projectus
1107 1163 1189 1211 est
1214 1155 1278 1210 de
1308 1154 1443 1210 caelo
1485 1169 1604 1208 cum
1646 1153 1844 1223 angelis
1886 1155 1994 1208 suis
2017 1194 2032 1220 ,
2062 1155 2126 1209 de
2152 1157 2349 1224 quibus

809 1243 1002 1297 dicitur
1034 1244 1088 1297 in
1110 1243 1424 1313 Apocalypsi
1461 1258 1476 1296 :
1511 1242 1644 1296 Ecce
1679 1243 1933 1313 projectus
1957 1255 2030 1297 est
2073 1255 2342 1298 accusator

807 1331 1027 1399 fratrum
1054 1341 1341 1386 nostrorum
1359 1373 1373 1398 ,
1409 1333 1497 1402 qui
1531 1333 1802 1405 accusabat
1839 1331 1955 1385 illos
1975 1332 2059 1386 die
2089 1349 2149 1386 ac
2176 1344 2339 1397 nocte,

807 1429 854 1473 et
874 1421 972 1490 ipsi
1012 1421 1234 1474 vicerunt
1263 1437 1379 1474 eum
1413 1429 1618 1490 propter
1642 1421 1941 1488 sanguinem
1966 1422 2086 1488 agni
2108 1420 2339 1490 (Apocal.

811 1525 904 1571 xu,
937 1506 1042 1578 10).
1070 1508 1144 1562 De
1173 1524 1276 1575 quo
1305 1506 1586 1577 Apostolus
1606 1509 1734 1562 dicit
1767 1525 1780 1561 :
1818 1507 1978 1562 Datus
2007 1517 2081 1562 est
2107 1510 2233 1561 mihi
2255 1508 2346 1562 sti-

810 1597 977 1651 mulus
1002 1598 1171 1651 carnis
1190 1613 1331 1661 mese,
1361 1597 1571 1665 angelus
1595 1595 1805 1651 Satana:
1817 1597 1903 1664 qui
1929 1612 2008 1649 me
2029 1596 2308 1666 colaphizet
2326 1615 2343 1650 :

2438 1155 2645 1211 dicente
2670 1156 2920 1224 Apostolo
2937 1196 2951 1220 ,
2982 1155 3084 1220 Qui
3110 1157 3163 1209 in
3190 1171 3344 1209 carne
3375 1165 3491 1208 sunt
3529 1154 3732 1224 placere
3753 1154 3866 1208 Deo
3893 1171 3998 1208 non

2439 1255 2646 1314 possunt
2664 1243 2836 1314 (Rom.
2862 1261 2979 1307 vui,
3003 1245 3057 1314 9)
3093 1262 3105 1297 :
3133 1244 3328 1298 lterum
3356 1245 3470 1313 ipsa
3497 1243 3710 1303 Veritas
3736 1244 4001 1298 Dominus

2442 1341 2622 1387 noster
2649 1331 2801 1387 Jesus
2826 1331 3067 1387 Christus
3095 1333 3161 1387 de
3187 1347 3244 1387 se
3282 1331 3396 1402 ipso
3421 1332 3548 1387 dicit
3576 1345 3591 1384 :
3632 1331 3863 1400 Spiritus
3884 1333 4002 1400 qui-

2443 1422 2554 1474 dem
2587 1429 2847 1491 promptus
2890 1430 3002 1486 est,
3032 1437 3153 1474 caro
3177 1433 3346 1474 autem
3362 1420 3573 1488 infirma
3607 1418 3821 1488 (Matth.
3847 1435 3997 1483 xxvr,

2443 1508 2553 1578 11).
2578 1508 2715 1562 Caro
2735 1508 3079 1562 enim‘nostra
3099 1507 3152 1560 in
3171 1505 3372 1559 malitia
3393 1519 3601 1574 semper
3626 1506 3738 1559 vult
3757 1515 3952 1575 potens
3970 1507 3998 1545 εὶ

2445 1611 2592 1673 esse;
2621 1595 2672 1648 in
2700 1596 3016 1650 abstinentia
3048 1601 3244 1656 autem,
3277 1593 3330 1647 id
3350 1601 3432 1648 est
3459 1593 3512 1646 in
3530 1592 3734 1660 jejunio
3765 1603 3819 1648 et
3839 1595 3896 1648 in
3922 1595 4002 1648 vi-

817 1684 1029 1754 Propter
1067 1685 1203 1754 quod
1244 1696 1322 1738 ter
1370 1684 1643 1737 Dominum
1684 1685 1874 1753 rogavi,
1921 1692 1976 1736 ut
2003 1684 2280 1738 discederet
2316 1701 2347 1738 a
2447 1685 2585 1755 giliis
2623 1693 2677 1739 et
2703 1683 3032 1738 orationibus
3063 1696 3127 1736 ac
3162 1681 3315 1737 bonis
3353 1681 3601 1749 operibus
3631 1682 3902 1736 inﬁrmam
3943 1699 4002 1737 se

812 1787 890 1825 me
911 1788 930 1836 ;
956 1780 1003 1825 et
1024 1773 1152 1824 dixit
1179 1772 1322 1837 mihi,
1350 1771 1544 1842 sufﬁcit
1562 1772 1655 1823 tibi
1677 1771 1844 1839 gratia
1865 1787 1977 1824 mea
1999 1787 2020 1826 :
2043 1787 2161 1824 nam
2188 1773 2348 1824 virtus
2448 1787 2564 1827 esse
2589 1771 2756 1840 lingit.
2799 1771 2937 1826 Caro
2969 1779 3152 1824 nostra
3174 1777 3256 1825 est
3284 1784 3402 1838 qua:
3429 1783 3527 1822 nos
3556 1769 3819 1840 demergit
3845 1771 3903 1825 in
3925 1770 4006 1825 ΐο-

813 1864 866 1914 in
905 1861 1203 1930 inﬁmitate
1243 1860 1506 1930 perficitur
1524 1859 1618 1929 (Il
1647 1857 1767 1913 Cor.
1796 1875 1902 1923 xu,
1935 1859 1965 1910 7
1991 1859 2140 1932 seq.).
2167 1860 2296 1914 Item
2329 1862 2348 1890 '
2379 1863 2426 1924 Β
2452 1879 2600 1918 veam
2622 1903 2637 1928 ,
2680 1864 2886 1917 dicente
2916 1861 3190 1931 Apostolo,
3229 1859 3542 1928 Mortificate
3568 1861 3798 1914 membra
3835 1873 4006 1916 vestra

815 1954 925 2020 ipse
954 1959 1196 2020 repetens
1237 1951 1363 2006 dicit
1389 1967 1401 2002 :
1444 1947 1601 2015 Video
1633 1948 1790 2002 aliam
1826 1948 1981 2018 legem
2021 1951 2077 2002 in
2112 1950 2351 2002 membris
2446 1970 2560 2023 quia
2586 1961 2704 2006 sunt
2731 1968 2881 2021 super
2903 1960 3114 2015 terram,
3141 1951 3196 2002 id
3221 1958 3316 2014 est,
3339 1949 3751 2017 fornicationem,
3781 1952 4008 2007 immun-

816 2043 970 2104 meis,
999 2050 1359 2110 repugnantem
1394 2040 1491 2111 legi
1514 2041 1693 2093 mentis
1725 2056 1877 2104 mete,
1927 2050 1974 2093 et
2016 2042 2351 2110 captivantem
2447 2044 2651 2107 ditiam,
2695 2043 2850 2106 iram,
2877 2042 3072 2103 rixam,
3099 2047 3153 2094 et
3181 2049 3370 2094 caetera
3395 2052 3513 2106 quae
3534 2048 3832 2108 sequuntur
3863 2040 4004 2110 (Col.

817 2147 894 2184 rue
913 2131 966 2182 in
985 2129 1089 2199 lege
1108 2131 1322 2199 peccati,
1347 2146 1460 2199 qua:
1482 2139 1554 2183 est
1572 2130 1625 2182 in
1644 2129 1880 2182 membris
1901 2117 2025 2182 meis
2054 2125 2228 2200 (Rom.
2253 2145 2347 2195 vu,
2448 2146 2531 2194 ιιι,
2554 2129 2628 2200 6).
2659 2130 2724 2183 Et
2767 2130 2959 2183 iterum
2991 2143 3006 2180 :
3035 2127 3224 2181 Curam
3257 2129 3431 2181 carnis
3455 2144 3516 2181 ne
3541 2128 3765 2195 feceritis
3803 2129 3858 2180 in
3886 2145 4012 2181 con-

816 2219 926 2287 9.5).
958 2219 1152 2273 lterum
1177 2219 1318 2287 ipse,
1363 2218 1472 2288 Ego
1514 2219 1649 2271 enim
1687 2227 1852 2270 mente
1903 2219 2062 2271 servio
2091 2217 2189 2288 legi
2231 2218 2347 2284 Dei,
2447 2218 2772 2288 cupiscentiis
2807 2217 2982 2271 uestris
3021 2215 3206 2289 (Rom.
3244 2231 3338 2268 xm
3361 2255 3376 2278 ,
3407 2215 3514 2284 14).
3553 2215 3736 2283 itaque
3776 2215 4011 2268 mortiﬁ-

817 2323 968 2360 carne
995 2316 1165 2360 autem
1189 2306 1286 2375 legi
1319 2307 1510 2376 peccati
1537 2304 1695 2374 (Ibid.
1719 2305 1830 2376 25).
1852 2306 1918 2358 Εῑ
1939 2307 2130 2361 iterum
2159 2325 2171 2359 :
2205 2306 2353 2361 Nihil
2453 2319 2635 2358 cemus
2667 2318 2879 2358 carnem
2916 2311 3151 2356 nostram
3185 2317 3281 2370 per
3310 2302 3716 2367 abstinentiam,
3748 2311 3804 2356 et
3825 2303 3845 2332 ⁸
3870 2301 4013 2370 jeju-

817 2413 951 2450 nunc
982 2395 1326 2449 damnationis
1353 2405 1426 2448 est
1453 2395 1534 2448 his
1567 2395 1653 2463 qui
1693 2405 1810 2447 sunt
1850 2396 1903 2447 in
1941 2393 2144 2448 Christo
2177 2393 2352 2465 (Rom.
2456 2394 2624 2458 nium,
2645 2401 2698 2447 et
2723 2393 2945 2462 vigilias,
2981 2400 3035 2446 et
3065 2392 3362 2456 orationes,
3387 2406 3455 2446 ne
3478 2392 3625 2446 vobis
3645 2391 3876 2446 adducat
3898 2393 4012 2446 dia-

820 2498 936 2547 nu,
965 2482 1037 2552 l).
1067 2481 1203 2537 Caro
1241 2489 1324 2545 est
1358 2496 1474 2550 quae
1500 2481 1684 2548 recipit
1711 2479 1974 2534 diabolum
1995 2521 2009 2544 ,
2052 2488 2104 2534 et
2145 2495 2358 2536 carnem
2459 2484 2639 2538 bolum
2675 2482 3269 2549 cum’concupiscentiis
3304 2481 3478 2535 malis.
3515 2480 3652 2535 Caro
3681 2490 3862 2534 autem
3887 2481 4014 2534 data

823 2571 978 2624 habet
1001 2569 1240 2626 diabolus
1261 2570 1314 2623 in
1346 2576 1608 2637 potestate
1625 2607 1639 2630 ,
1667 2584 1773 2622 non
1799 2569 2027 2622 animam
2047 2608 2062 2633 ,
2092 2568 2210 2623 ideo
2237 2570 2365 2622 dicit
2462 2579 2544 2627 est
2569 2572 2721 2625 nobis
2747 2571 2898 2639 quasi
2920 2571 3109 2624 anima:
3127 2570 3318 2624 bellum
3343 2585 3356 2622 :
3385 2578 3503 2637 quae
3523 2609 3538 2632 ,
3561 2570 3604 2623 si
3634 2568 4016 2630 mortiﬁcetur,

819 2659 1118 2728 Apostolus,
1141 2657 1308 2710 Datus
1322 2666 1392 2710 est
1405 2657 1528 2710 mihi
1553 2655 1788 2708 stimulus
1803 2657 1974 2710 carnis
1993 2673 2149 2721 mea;
2165 2671 2268 2711 nou
2291 2656 2367 2710 di-
2472 2661 2684 2715 adducit
2707 2661 2897 2725 vitam;
2924 2659 2969 2713 si
2995 2660 3260 2712 nutriatur
3278 2697 3292 2724 ,
3319 2664 3583 2726 praeparat
3603 2672 3660 2711 se
3683 2665 3872 2711 contra
3903 2657 4018 2710 ani-

823 2750 917 2813 cit,
945 2749 1128 2802 anima:
1151 2763 1276 2802 meo:
1311 2746 1359 2811 ⁸,
1382 2745 1473 2800 sed
1506 2747 1676 2799 carnis
1716 2762 1842 2800 mea
1868 2746 2079 2816 angelus
2125 2747 2359 2804 Satanae.
2473 2765 2614 2804 mam
2637 2750 2705 2804 ad
2736 2747 2950 2804 bellum.
2981 2748 3160 2804 Laudo
3192 2755 3368 2803 autem
3399 2747 3543 2801 illum
3571 2749 3661 2816 qui
3695 2748 3878 2802 carnis
3906 2764 4020 2802 sua:

827 2838 1059 2906 Denique
1084 2835 1182 2893 Job
1203 2837 1257 2891 in
1278 2851 1436 2892 carne
1462 2844 1696 2890 tentatus
1715 2845 1797 2890 est
1826 2851 1857 2890 a
1889 2837 2099 2894 diabolo
2116 2879 2130 2902 ,
2159 2839 2366 2895 dicente
2467 2835 2642 2908 potest
2665 2838 2864 2893 habere
2889 2848 2912 2876 ε
2931 2843 3266 2906 potestatem.
3291 2834 3424 2891 Dum
3451 2835 3816 2890 inﬁrmitatem
3841 2836 4021 2893 carnis

2003 2946 2381 3004 VARIANTES
2416 2948 2810 3005 LECTIONES.

897 3041 912 3070 ³
939 3039 1155 3101 Bened.,
1178 3035 1371 3106 carnis.
1398 3034 1546 3097 Ven.,
1572 3035 1728 3106 aeris.
1748 3033 1897 3106 Hanc
1923 3035 2182 3106 seligimug
2199 3039 2320 3106 quia
2341 3039 2509 3092 minus
2528 3038 2684 3106 distat
2705 3037 2767 3091 ab
2793 3035 3022 3106 Apostoli
3040 3043 3206 3106 textu.
3277 3035 3299 3066 ⁸
3325 3032 3472 3106 νειμ,
3496 3034 3653 3088 idem.
3729 3031 3992 3106 flayem

825 3112 960 3164 deest
996 3121 1147 3162 meae.
1217 3104 1239 3134 δ
1278 3101 1404 3158 Ven.
1439 3118 1541 3156 non
1575 3103 1722 3156 habet
1750 3104 1802 3156 in
1830 3101 2035 3158 carnei
2085 3105 2106 3136 '
2141 3101 2368 3172 Bened.,
2406 3121 2490 3162 ea.
2564 3107 2583 3138 ‘
2612 3105 2736 3160 Ven.
2767 3121 2785 3160 :
2811 3101 2864 3159 in
2886 3102 3122 3173 jejuniis,
3149 3111 3202 3157 et
3227 3103 3573 3166 orationibus,
3603 3111 3656 3156 et
3701 3101 3920 3171 vigiliis.

2300 3195 2528 3251 NOTE.

831 3292 968 3342 inter
999 3285 1196 3347 tldeles,
1219 3283 1369 3355 inter
1393 3288 1606 3355 sanctos
1621 3289 1915 3355 peccatum,
1951 3281 2089 3337 inter
2115 3283 2366 3355 paciﬁcos
2387 3286 2435 3348 ο
2463 3286 2726 3355 piens....-.
2745 3285 2848 3355 sed
2875 3286 3045 3340 bonus
3081 3293 3290 3339 creatus
3309 3283 3523 3352 propria
3546 3282 3824 3339 voluntate
3846 3283 4026 3340 lactus

832 3360 968 3418 lites,
1012 3356 1152 3408 inter
1188 3349 1454 3418 simplices
1481 3349 1658 3421 dolos,
1684 3349 1821 3404 inter
1849 3349 2158 3406 innocentes
2181 3352 2368 3421 nequi-
2464 3349 2548 3408 est
2583 3353 2846 3408 diabolus.
2895 3373 2912 3405 ι

833 3417 960 3479 tiam
985 3421 1148 3493 gratis
1171 3417 1656 3493 serercconsuevit:
1690 3435 1708 3469 ι

901 3504 929 3534 ι
955 3484 1206 3558 Adversus
1230 3488 1438 3558 spiritus
1466 3487 1600 3558 aeris
1636 3484 1812 3558 hujus.
1843 3485 1957 3540 Non
1986 3486 2191 3558 integra
2207 3489 2370 3558 verba

833 3577 898 3614 ex
915 3557 1164 3628 Apostoio
1185 3553 1412 3628 profert,
1435 3554 1527 3608 sed
1551 3555 1727 3628 potius
1739 3568 1982 3628 sensum,
2009 3553 2167 3624 qua'm
2188 3557 2370 3628 verba.

837 3621 1078 3684 Non-me
1114 3621 1242 3677 latet
1264 3624 1530 3691 dtemones
1556 3621 1636 3675 ex
1659 3621 1912 3691 vitiisiad
1943 3621 2060 3691 qua:
2102 3638 2201 3678 nos
2243 3625 2375 3679 inci-

840 3705 970 3768 tant,
1002 3708 1195 3768 nomen
1218 3690 1414 3768 sortiri,
1440 3698 1494 3743 et
1527 3690 1728 3768 peccati
1756 3689 1897 3768 illius
1926 3689 2371 3768 spiritusvocari,

839 3765 902 3818 ad
925 3763 1074 3833 quod
1092 3766 1379 3833 provocant
1401 3759 1814 3833 hominergputa
1843 3759 2104 3833 avaritim,
2141 3761 2370 3833 invidias,

839 3823 964 3894 etcf,
989 3823 1108 3899 ω’
1123 3837 1175 3882 et
1192 3827 1421 3899 quidem
1453 3839 1482 3878 a
1509 3823 1591 3899 J_o.
1618 3823 1849 3899 Climaco
1877 3829 1929 3880 in
1955 3823 2106 3881 Scala
2137 3827 2373 3883 Paradisi

843 3893 1094 3963 vocatur:
1123 3897 1332 3967 spiritus
1369 3893 1590 3967 tuguria;
1616 3894 1836 3967 daemon
1856 3909 2372 3967 promovensuopera

842 3968 1038 4031 carnis,
1054 3961 1209 4033 quem
1234 3971 1418 4033 auctor
1433 3961 1618 4031 Operis
1642 3961 1955 4033 imperfecti,
1979 3965 2121 4017 hom.
2143 3964 2225 4028 15,
2242 3961 2377 4018 dixit

847 4029 1086 4111 θινὶ-νὶωνιί
1103 4033 1293 4111 carnis.
1320 4031 1430 4111 Hie
1451 4029 1624 4111 tamen
1648 4029 1826 4111 locum
1854 4032 2047 4086 habere
2058 4048 2177 4111 _non
2202 4041 2375 4111 potest

845 4097 1167 4170 huiusmodi
1184 4097 1585 4170 interpretatio,_
1606 4106 1674 4170 ut
1684 4099 1889 4170 dicatur
1925 4100 2102 4154 carnis
2139 4097 2375 4168 spiritus,

847 4167 927 4225 uti
942 4171 1121 4240 legunt
1141 4167 1242 4240 PP_.
1255 4167 1609 4240 ‘Benedictiui.
1635 4167 1844 4240 Etenim
1868 4167 2216 4237 praeterquam
2229 4170 2380 4240 quod

847 4235 1055 4293 videtur
1119 4235 1398 4290 antithesis
1449 4249 1506 4288 se
1558 4236 1724 4303 ipsam
1768 4235 2044 4303 destructis
2076 4235 2144 4290 et
2190 4235 2379 4290 vitiosa

847 4305 1155 4376 compositio
1170 4305 1338 4376 carnis
1363 4301 1760 4376 spiritus,_locu_s
1783 4301 2018 4376 Apostoli
2035 4317 2140 4357 non
2158 4305 2381 4376 obscure

847 4370 1044 4430 iudicat
1072 4371 1346 4442 legendum
1373 4370 1489 4425 esse
1514 4372 1568 4442 iu
1581 4370 1809 4442 Paulino
1846 4372 2004 4442 aeris,
2024 4387 2127 4426 non
2157 4373 2325 4425 carnis
2353 4387 2379 4442 _.f

849 4445 975 4498 dicit
1001 4439 1145 4497 enim
1165 4440 1317 4495 nobis
1343 4453 1460 4493 esse
1492 4439 1898 4492 colluctationem
1939 4439 2176 4492 adversus
2202 4439 2380 4493 mundi

2538 3433 2560 3460 ο
2593 3421 2727 3475 Caro
2748 3431 2820 3475 est
2841 3421 3027 3490 misera
3054 3420 3234 3474 bestia.
3259 3417 3464 3490 Ederos
3487 3419 3665 3490 carnis
3689 3433 3881 3490 sensus
3901 3435 4026 3490 grae

2467 3491 2621 3614 Ehice
2653 3491 2893 3610 depingit
2934 3488 3206 3557 Philippus
3261 3488 3529 3568 solitarius
3585 3489 3639 3542 in
3689 3487 3924 3567 Dioptra'
3942 3489 4025 3542 rei

2514 3561 2785 3613 hristianse
2839 3560 2910 3611 ib.
2938 3573 3009 3614 ιι.
3040 3572 3157 3614 can.
3183 3558 3232 3609 1.
3259 3556 3452 3614 Αοοιιιθ
3471 3572 3640 3614 pauca
3664 3571 3731 3610 ex
3757 3571 3935 3609 anima
3968 3566 4025 3610 et

2514 3556 2785 3613 hristianse
2819 3556 2910 3611 lib.
2938 3573 3011 3626 ιι,
3040 3556 3157 3624 cap.
3183 3558 3232 3626 1.
3259 3556 3452 3624 Accipe
3471 3572 3640 3626 pauca
3664 3571 3742 3626 ex_
3750 3557 3935 3626 anima
3968 3566 4029 3610 et

2477 3642 2638 3681 carne
2686 3627 2880 3681 ibidem
2917 3623 3354 3693 colloquentibns.
3388 3623 3414 3676 ἶ
3472 3623 3678 3678 Anima.
3719 3623 3918 3693 Ut_sus
3966 3639 4029 3679 se

2477 3697 2530 3749 in
2558 3695 2726 3748 lutu’m
2757 3693 2936 3761 abjicit
2961 3703 3016 3747 et
3053 3691 3409 3754 contaminat,
3447 3701 3500 3746 et
3528 3695 3580 3746 in
3605 3707 3670 3747 eo
3697 3706 3755 3745 se
3790 3691 4032 3761 jucunde

2476 3764 2714 3817 volutat:
2745 3760 2990 3818 similiter
3014 3768 3070 3815 tu
3099 3761 3290 3815 stolida
3339 3761 3573 3829 mihique
3601 3761 3828 3814 exitiosa
3869 3760 4024 3829 facis.

2478 3832 2548 3902 _Ut
2574 3847 2764 3902 porcus
2790 3830 2984 3902 quippe
3007 3829 3380 3902 spurcissimus
3399 3828 3777 3902 cupiditatibus
3798 3828 4028 3902 carnali-

2477 3895 2591 3968 husf
2621 3895 2936 3968 inquinaris;
2960 3905 3014 3968 et
3034 3895 3141 3952 'me
3165 3895 3354 3968 polluis
3393 3895 3695 3968 penitus...
3733 3895 3891 3949 Caro.
3921 3896 4035 3968 Cur

2478 3969 2550 4021 ita
2579 3966 2830 4035 loqueris,
2853 3966 3084 4029 domina,
3101 3981 3218 4020 cum
3241 3973 3297 4018 tu
3319 3966 3595 4035 imperium
3619 3966 3672 4035 in
3690 3977 3776 4017 me
3798 3973 3986 4035 teneas
4006 3967 4031 4014 γ

2481 4036 2560 4088 Tu
2588 4032 2685 4089 ceu
2727 4050 2887 4103 eques
2911 4048 3106 4101 equum
3132 4048 3312 4087 versas
3349 4032 3434 4087 me
3471 4032 3789 4103 quolubet...
3818 4032 4032 4103 Anima.

2483 4103 2633 4157 Haud
2660 4100 2792 4157 vera
2812 4100 2977 4165 dicis,
3016 4117 3116 4156 nec
3150 4103 3290 4170 quod
3333 4116 3421 4155 res
3452 4100 3535 4156 est
3568 4119 3581 4153 :
3623 4100 3870 4154 similiter
3891 4101 4036 4152 enim

2483 4170 2615 4224 facis
2638 4180 2696 4225 ut
2721 4183 2888 4239 equus
2909 4170 3074 4232 ferox,
3107 4171 3472 4239 intractabilis,
3499 4171 3732 4239 habenas
3750 4183 4038 4236 respuens,

2486 4240 2726 4302 calcitro,
2753 4237 2807 4292 et
2846 4253 3144 4307 percussor,
3168 4237 3558 4307 cumilupatumi
3578 4237 3835 4307 mordens
3856 4244 3906 4288 et
3938 4250 4040 4307 per

2486 4308 2595 4360 loca
2627 4304 2913 4375 praecipitia
2942 4319 3159 4375 currens
3189 4305 3417 4373 equitem
3463 4305 3643 4367 trahit,
3688 4304 3895 4375 hinnit,
3940 4304 4042 4356 hu-

2485 4372 2642 4428 mutn'
2665 4372 2859 4443 ungula
2895 4374 3108 4443 pulsat,
3145 4372 3508 4443 sesSommque
3535 4372 3778 4443 quamvis
3818 4372 4038 4443 ﬁrmum

2485 4452 2538 4495 et
2565 4443 2710 4497 frena
2742 4439 3037 4508 tenentem,
3081 4443 3127 4496 si
3148 4441 3322 4494 furere
3358 4439 3577 4509 deperit
3645 4439 3770 4509 sella
3809 4439 4039 4500 excutit,

851 4521 1069 4584 rectores
1094 4508 1433 4584 tenebrarum,
1461 4516 1637 4558 contra
1652 4505 1912 4584 spiritalia
1941 4508 2248 4584 nequitiiejn
2281 4523 2380 4584 εῳ-
2416 4501 2462 4560 1)
2487 4511 2624 4579 quod
2644 4512 2931 4584 pessimum
2953 4501 3054 4575 est,
3077 4519 3131 4564 et
3145 4501 3467 4584 praecipitem
3496 4511 3624 4584 θείς.
3654 4507 3858 4584 Eodem
3881 4508 4042 4560 modo

852 4579 1077 4641 testibus,
1110 4577 1334 4631 innuens
1358 4575 1620 4628 daemones
1651 4572 1879 4626 incolere
1904 4572 2080 4628 aerem
2104 4575 2258 4629 nobis
2284 4577 2387 4628 cir-

855 4645 1182 4708 cumfusum;
1228 4641 1367 4711 quod
1411 4643 1631 4711 scripsit
1660 4643 1798 4694 inter
1844 4651 2064 4711 caeteros
2090 4683 2104 4706 ,
2153 4644 2243 4711 qui
2290 4643 2390 4698 hoc

855 4715 1118 4776 dixerunt,
1139 4709 1296 4766 etiam
1321 4709 1584 4765 Honorius
1608 4709 2116 4778 Augustodunensis,
2137 4709 2225 4778 qui
2255 4711 2346 4765 lib.
2371 4727 2387 4764 ι

858 4785 928 4836 De
955 4782 1180 4857 imagine
1214 4778 1415 4857 mundi,
1440 4791 1555 4844 cap.
1583 4778 1670 4840 55,
1702 4778 1782 4857 sic
1806 4778 1880 4831 ait
1907 4791 1922 4830 :
1955 4797 1990 4857 «Α
2014 4778 2390 4857 ιιιμοοχειςιτε)

857 4844 1246 4902 commoiantur
1283 4848 1575 4908 daemones,
1621 4861 1739 4901 cum
1769 4853 2030 4899 tormento
2051 4847 2185 4899 diem
2204 4844 2391 4912 judicii
2455 4886 2468 4891 -

856 4916 1238 4986 praestolantes.
1264 4914 1349 4969 Ex
1378 4929 1481 4980 quo
1505 4915 1605 4986 sibi
1639 4929 1859 4986 corpora
1885 4922 2120 4986 sumunt,
2146 4914 2268 4986 dum
2293 4916 2392 4969 bo-

858 4982 1088 5037 iuinibus
1125 4990 1396 5051 apparent.
1447 5001 1464 5031 ι
1507 4982 1628 5035 Haec
1671 4983 1804 5051 ratio
1847 4983 2030 5045 suasit,
2075 4991 2134 5034 ut
2164 4983 2395 5035 retinen-

838 5055 978 5105 dam
1006 5067 1113 5120 pra:
1148 5049 1265 5106 aliis
1291 5049 1548 5120 Venetam
1571 5050 1847 5120 iectionem
1872 5061 2131 5120 putarem,
2159 5065 2275 5117 quae
2301 5051 2397 5102 ha.

862 5122 949 5172 bet
980 5117 1114 5172 aeris
1136 5134 1239 5172 non
1261 5119 1449 5187 carnis.
1492 5117 1621 5172 Vide
1641 5117 1881 5170 sanctum
1909 5118 2264 5187 Augustinum
2286 5132 2393 5172 ser.

861 5188 984 5252 9.22,
1009 5188 1136 5242 edit.
1161 5185 1356 5240 noviss.
1582 5251 1603 5252 ί
1897 5204 1900 5206 ν

933 5257 961 5295 ι’
991 5255 1211 5324 Spiritus
1239 5252 1406 5306 malus
1446 5263 1539 5324 est.
1580 5251 1783 5324 Pluries
1810 5253 1910 5308 hoc
1944 5257 2155 5311 nomine
2189 5259 2240 5311 in
2271 5257 2399 5312 scri-

864 5321 1647 5396 ptura'dzemonAcompeilatur.
1681 5321 1798 5396 Nos
1808 5338 2017 5396 quoque
2043 5337 2203 5396 supra
2226 5328 2278 5379 in
2305 5341 2398 5378 no-

868 5387 936 5446 iis
963 5393 1028 5446 ad
1062 5404 1185 5460 cap.
1221 5389 1287 5442 60
1325 5387 1448 5452 libri
1475 5387 1629 5460 hujus
1672 5387 1949 5460 attulimus
1989 5387 2147 5446 verba
2175 5395 2402 5460 Chryso-

867 5460 1054 5525 stomi,
1086 5459 1273 5526 quibus
1311 5472 1430 5530 cum
1465 5458 1655 5509 malum
1686 5459 1966 5530 profectum
1989 5462 2252 5530 appellat.
2286 5458 2402 5515 Nec

870 5539 1044 5582 tamen
1081 5525 1232 5594 putes
1271 5525 1427 5577 velim
1469 5540 1500 5578 a
1545 5525 1732 5594 natura
1777 5527 1932 5579 talem
1981 5525 2161 5581 fuisse.
2203 5531 2402 5582 Bonum

870 5598 1008 5668 enim
1032 5593 1167 5668 Deus
1188 5593 1436 5668 creavit;
1471 5593 1661 5668 malum
1689 5594 1915 5668 seiecit.‘
1932 5595 2158 5651 Sanctus
2179 5598 2404 5668 Cyrillus

871 5662 1371 5731 llierosolymitanus
1392 5662 1666 5716 Catechesi
1691 5679 1728 5715 ιι
1753 5663 2168 5720 Ιιιιιιιιίνιιιιιοινιιιιι
2195 5662 2271 5720 sic
2295 5668 2365 5718 ait
2390 5685 2400 5716 :

793 5775 798 5780 .
883 5753 899 5784 ι
943 5731 1185 5788 Peccavit
1225 5746 1328 5788 non
1351 5746 1415 5787 ex
1443 5732 1756 5788 necessitate
1794 5742 1993 5789 naturae
2022 5735 2204 5790 vitium
2241 5737 2405 5790 susci-

2487 4574 2625 4654 iiun_c
2646 4574 2873 4646 quidem
2892 4574 3163 4654 internos
3183 4592 3240 4630 se
3261 4574 3346 4654 res
3381 4574 3556 4631 habet:
3803 4576 4040 4654 ligneum

2488 4656 2541 4701 et
2577 4643 2845 4702 frenorum
2891 4647 3168 4713 impatiens
3187 4683 3208 4708 ,.
3229 4651 3286 4698 ut
3309 4659 3477 4712 equus
3495 4652 3693 4713 contra
3716 4643 3920 4713 hinnis,
3941 4656 4043 4696 nec

2489 4715 2608 4770 duci
2634 4714 2936 4794 facilen-nec
2960 4711 3192 4794 converti
3219 4711 3388 4780 potes,
3413 4712 3504 4766 sed
3527 4726 3610 4792 me
3628 4711 3806 4780 potius
3823 4711 4042 4774 ducere,

2489 4797 2705 4850 rapere,
2735 4792 2788 4835 et
2812 4791 3081 4850 tyrannica
3107 4791 3337 4835 tractare
3363 4791 3590 4833 conaris.
3631 4799 3649 4830 ι

2559 4850 2585 4888 ά
2620 4849 2754 4903 Caro
2788 4851 2840 4902 in
2869 4850 3068 4902 malitia
3108 4859 3373 4917 potens....
3395 4849 3447 4917 in
3468 4846 3772 4900 abstinentia
3793 4844 4043 4917 infirma.

2494 4917 2635 4984 Scite
2664 4920 2875 4985 quidam
2903 4919 3038 4986 apud
3067 4912 3367 4972 Cornelium
3393 4916 3453 4986 in
3473 4929 3740 4986 cap._x_xv,
3764 4912 3836 4986 Α,
3875 4913 4044 4986 Eccli.

2493 4980 2586 5054 per
2614 4980 2817 5040 diuitem
2856 4980 3150 5054 mendacem
3193 4999 3404 5038 carnem
3437 4980 3708 5054 intelligit.
3760 4980 3853 5035 Sic
3901 4981 4046 5054 enim

2495 5049 2610 5106 ait:
2652 5072 2669 5102 ι
2715 5054 2872 5106 Dives
2914 5051 3135 5105 mendax
3167 5063 3247 5106 est
3279 5067 3438 5114 caro,
3483 5051 3604 5118 quia
3622 5049 3744 5104 hac
3784 5049 4049 5118 mentiiur

2497 5137 2553 5175 se
2576 5137 2677 5174 non
2696 5135 2850 5188 posse
2868 5120 3047 5173 subire
3066 5121 3273 5174 labores
3291 5116 3518 5188 virtutis,
3542 5132 3662 5172 cum
3681 5131 3792 5180 eos,
3821 5117 3868 5170 si
3895 5116 4048 5188 velit,

2499 5187 2773 5257 capessere
2797 5189 2990 5255 possit;
3035 5203 3086 5257 vi.
3118 5205 3168 5256 g.
3193 5203 3312 5241 cum
3341 5187 3468 5257 dicit
3494 5200 3550 5240 se
3581 5200 3686 5239 non

2498 5254 2624 5312 nare
2647 5260 2714 5311 ob
2743 5254 3006 5310 delectum
3029 5254 3219 5308 virium
3259 5254 3539 5318 mentitur;
3571 5267 3692 5306 nam

2500 5328 2564 5379 ad
2601 5325 2964 5379 fornicandum
2993 5339 3006 5376 :
3036 5326 3132 5376 cur
3159 5337 3284 5390 ergo
3306 5337 3408 5376 non
3433 5324 3626 5375 haheat
3645 5321 3787 5390 vires
3815 5320 3880 5390 ad
3905 5319 4050 5385 jeju-

2500 5395 2764 5448 nanduni?
2801 5394 2970 5447 Habet
3003 5392 3141 5446 vires
3182 5388 3240 5443 ut
3283 5391 3478 5445 serviat
3523 5388 3746 5450 mundo,
3775 5389 3973 5440 multos
3995 5398 4051 5440 et

2502 5477 2716 5528 magnos
2746 5476 2841 5528 pro
2861 5477 2924 5514 eo
2954 5461 3160 5516 labores
3180 5460 3365 5514 toleret
3391 5476 3404 5511 :
3431 5473 3527 5512 cur
3549 5473 3654 5512 non
3685 5457 3884 5510 habeat
3907 5456 4054 5509 vires

2503 5538 2560 5582 ut
2588 5532 2782 5584 serviat
2810 5530 2955 5583 Deo?
2998 5549 3015 5581 ι
3114 5566 3124 5577 .

2578 5611 2598 5636 ο
2625 5598 2724 5668 Qui
2749 5599 3044 5668 carnisisuce
3069 5606 3226 5668 potest
3250 5595 3432 5668 habere
3451 5603 3766 5668 potestatem.
3783 5591 4048 5668 Paulusﬂ'.

2506 5668 2566 5719 de
2595 5667 2738 5719 verb.
2768 5666 2966 5735 signiﬁ,
2999 5667 3035 5718 l.
3069 5662 3354 5735 potestatis,
3387 5662 3458 5717 ait
3483 5679 3496 5716 :
3526 5662 3860 5735 ¢_Potestatis
3886 5664 4052 5735 verbo

2505 5735 2653 5803 plura
2680 5731 3152 5804 signiﬁcanturﬂln
3180 5749 3399 5804 persona
3430 5732 3857 5800 magistratuum,
3886 5731 4050 5802 iulg-e-

3791 5198 3878 5237 sse
3911 5182 4048 5249 jeju-

3761 5253 3885 5305 abet
3905 5253 4050 5306 vires
