4174 6434
260 499 325 552 77
1024 492 1223 547 LlBER
1259 480 1810 544 EXHOllTATlONIS
1847 481 1937 534 AD
1977 477 2326 533 HENRICUM
2365 474 2691 531 FOROJUL.
3357 466 3459 519 278

227 597 423 643 nostra:
453 586 735 650 timemus,
772 583 994 638 salutem
1020 584 1209 637 animae
1230 589 1426 634 nostra:
1461 575 1796 646 negligimus.
1831 583 1871 637 Α
1901 586 2021 640 qua:
2051 569 2270 623 molesta
2298 583 2402 621 non
2425 573 2509 621 est
2542 564 2679 619 tibi?
2710 561 2817 617 Nec
2855 569 2911 614 tu
2949 558 3168 650 ell'ugles
3209 571 3462 650 puniant,

227 677 268 734 Ο
293 677 475 731 anima
508 677 526 706 ⁸
563 676 783 739 misera,
809 672 936 742 quid
965 673 1117 736 dicis,
1144 685 1302 740 quam
1325 683 1450 722 caro
1476 667 1553 721 sic
1589 663 1798 717 fortiter

229 763 450 835 gravat?
484 763 704 817 dicente
742 760 1062 827 Salomone,
1102 758 1238 812 Coro
1268 773 1384 827 qua:
1421 754 1798 821 corrumpitur,

229 863 474 924 aggravet
511 855 748 907 animum
787 851 941 924 (Sap.
987 867 1065 916 ix,
1105 849 1214 920 15).
1247 849 1312 902 Ει
1347 848 1543 901 iterum
1585 844 1800 913 repetit,

233 941 301 996 0s
337 943 480 1013 quod
514 944 790 1008 mentitur,
813 941 999 995 occidit
1025 940 1254 994 animam
1281 936 1433 1008 (Sap.
1478 951 1517 997 ι,
1556 933 1664 1002 ll).
1695 931 1799 996 Vat,

230 1047 304 1087 va!
330 1032 532 1086 anima:
558 1031 793 1095 miserae,
816 1044 976 1098 quam
1001 1043 1127 1083 caro
1150 1024 1513 1096 persequitur!
1544 1021 1680 1076 Caro
1705 1035 1804 1073 no-

235 1105 341 1174 stra
381 1121 632 1189 quotidie
659 1128 846 1174 contra
881 1119 1112 1172 animam
1135 1121 1337 1186 pugnat
1365 1132 1376 1167 :
1406 1121 1459 1166 et
1499 1127 1597 1166 nos
1621 1118 1806 1166 contra

237 1224 451 1264 carnem
497 1224 746 1279 pugnare
774 1208 1011 1278 quotidie
1048 1207 1323 1270 debemus,
1367 1205 1505 1259 sicut
1527 1201 1811 1272 Apostolus

238 1298 477 1369 pmcipit
505 1313 522 1352 :
555 1297 620 1354 Si
643 1298 927 1352 secundum
954 1312 1161 1352 carnem
1196 1295 1449 1358 vixeritis,
1477 1291 1767 1346 moriemini
1791 1307 1809 1343 :

239 1389 281 1440 si
311 1399 485 1442 autem
521 1388 714 1457 spiritu
753 1386 894 1455 facta
934 1386 1106 1439 carnis
1141 1383 1602 1452 mortiﬁcaveritis,
1640 1380 1813 1435 vivetis

244 1478 416 1546 (Rom.
459 1493 597 1542 vni,
642 1477 752 1547 i3).
788 1476 1012 1532 Omnem
1046 1475 1441 1547 suggestionem
1470 1473 1663 1528 malam
1687 1487 1813 1528 caro

245 1570 580 1638 concupiscit
616 1576 670 1623 et
705 1567 1074 1632 demonstrat;
1126 1582 1254 1622 caro
1296 1565 1625 1635 concupiscit
1658 1578 1816 1618 omne

249 1659 476 1722 malum;
503 1673 640 1713 caro
665 1658 911 1711 hortatur
931 1655 1210 1721 maleﬁcia,
1235 1669 1362 1710 caro
1384 1661 1638 1723 provocat
1658 1654 1816 1720 iram,

1906 663 2030 716 dum
2054 661 2166 728 ipsa
2189 658 2386 728 patitur
2412 657 2739 727 gehennam;
2769 667 2868 706 nec
2891 652 3032 706 enim
3057 649 3170 703 sine
3190 655 3248 701 te
3271 645 3468 716 poterit

1898 749 2126 818 iudicari
2157 751 2213 804 in
2250 749 2336 804 die
2356 747 2563 818 iudicii.
2596 744 2773 812 Quare
2817 758 2923 797 non
2954 740 3224 796 censentis
3254 737 3466 807 spiritui

1908 853 1961 898 et
1985 845 2174 898 anima:
2197 851 2415 908 nostrte,
2445 843 2582 897 sicut
2607 838 2953 910 Evangelium
2985 844 3038 890 te
3065 837 3312 889 hortatur
3333 873 3347 897 ,
3386 832 3467 887 di-

1909 947 2038 987 cens
2074 950 2086 985 :
2126 932 2251 986 Esto
2281 931 2602 986 consentiens
2644 927 2942 982 adversario
2978 935 3067 979 tuo
3102 924 3227 978 dum
3270 939 3323 976 es
3351 936 3468 975 cum

1911 1021 2022 1090 ipso
2047 1021 2101 1074 in
2132 1021 2237 1086 via,
2278 1021 2380 1075 hoc
2417 1021 2576 1074 estin
2601 1019 2706 1073 hoc
2729 1016 2945 1080 saeculo,
2983 1031 3046 1068 ne
3068 1013 3202 1083 forte
3230 1010 3401 1065 tradat
3423 1017 3454 1061 tv

1903 1110 2097 1180 judici,
2125 1111 2227 1165 hoc
2251 1120 2333 1165 est
2352 1110 2587 1176 Christo,
2620 1118 2666 1164 et
2699 1110 2720 1140 '
2735 1108 2903 1178 judea:
2927 1105 3102 1160 tradat
3126 1112 3174 1158 te
3200 1102 3464 1167 ministris,

1915 1193 2016 1254 hoc
2046 1210 2130 1254 est
2157 1199 2358 1270 angelis
2382 1200 2557 1264 malis,
2595 1207 2642 1253 et
2672 1197 2898 1252 ministri
2916 1195 3122 1248 mittant
3160 1202 3209 1246 te
3233 1193 3285 1245 in
3310 1206 3478 1244 carce-

1915 1304 2058 1352 rem,
2092 1290 2196 1344 hoc
2232 1297 2314 1344 est
2355 1289 2410 1342 in
2439 1289 2734 1359 gehennam
2770 1304 2783 1340 :
2823 1302 2926 1339 non
2962 1285 3099 1338 cxies
3128 1281 3276 1345 inde,
3315 1279 3479 1352 donec

1918 1378 2104 1432 reddas
2122 1380 2450 1432 novissimum
2469 1378 2810 1448 quadrantem
2848 1375 3060 1448 (Matth.
3087 1388 3139 1439 ν,
3167 1372 3253 1436 25,
3279 1370 3388 1442 26),
3424 1370 3478 1424 id

1919 1478 2000 1525 est
2015 1469 2289 1524 minimum
2312 1478 2608 1538 peccatum.

2492 1558 2714 1615 CAPUT
2746 1559 2902 1614 LXV.

2237 1648 2354 1702 Alia
2383 1647 2640 1702 malarum
2674 1649 2845 1702 carnis
2885 1648 3160 1716 congestio.

251 1761 369 1800 caro
397 1752 661 1814 provocat
688 1744 1054 1808 homicidium,
1083 1758 1210 1798 caro
1227 1751 1482 1812 provocat
1504 1741 1820 1796 adulterium
1853 1743 1898 1802 Β
1997 1737 2135 1803 Quid
2161 1751 2220 1791 es
2250 1746 2307 1792 tu
2335 1737 2355 1769 ‘
2389 1747 2443 1793 et
2470 1739 2598 1806 quid
2626 1739 2778 1793 nobis
2802 1747 3048 1807 prmstas,
3071 1737 3173 1791 nisi
3200 1737 3486 1790 detrimen-

251 1840 301 1886 rl
327 1833 518 1896 rixam,
544 1831 878 1886 caroinserit
897 1831 1235 1894 ebrietatem,
1262 1846 1388 1885 caro
1412 1839 1589 1899 portat
1609 1844 1822 1885 omnem

253 1921 743 1990 concupiscentiam
768 1920 960 1975 malam
986 1919 1142 1987 hujus
1167 1919 1344 1974 saeculi
1365 1959 1379 1984 ,
1411 1928 1465 1973 et
1484 1920 1662 1972 omnia
1685 1919 1824 1972 mala

255 2027 377 2067 caro
405 2011 707 2065 desiderat.
739 2008 783 2065 Ο
814 2025 978 2075 οπο,
1006 2009 1175 2064 bestia
1205 2009 1459 2072 crudelis,
1487 2009 1614 2078 quid
1638 2009 1825 2074 habes,

257 2101 378 2170 quid
401 2116 604 2171 gravas
633 2101 890 2167 animam,
915 2115 1034 2170 quas
1063 2101 1194 2154 nihil
1217 2099 1573 2156 desiderasset
1595 2101 1697 2154 nisi
1720 2100 1828 2153 Deo

260 2191 477 2255 servire,
512 2191 561 2245 si
599 2191 696 2245 tibi
723 2191 954 2245 inimica:
980 2205 1086 2244 non
1114 2205 1171 2245 se
1192 2189 1494 2258 iunxisset?
1524 2191 1602 2244 Tu
1626 2198 1826 2254 autem,

262 2295 382 2335 caro
410 2281 636 2342 misera,
671 2293 778 2332 non
804 2279 977 2333 solum
999 2287 1052 2333 te
1070 2279 1239 2348 ipsam
1263 2280 1462 2334 occidis
1481 2320 1495 2344 ,
1525 2279 1618 2334 sed
1641 2286 1694 2332 et
1711 2280 1830 2332 ani-

267 2385 405 2425 mam
445 2369 657 2423 occidis
691 2369 735 2421 ’.
771 2367 888 2424 Non
921 2365 1119 2423 sufﬁcit
1161 2368 1256 2422 tibi
1294 2367 1521 2438 perditio
1568 2375 1690 2431 tua,
1739 2367 1833 2420 sed

268 2458 436 2512 adhuc
463 2457 705 2510 animam
731 2456 812 2510 vis
835 2456 888 2510 in
914 2455 1180 2510 infernum
1204 2455 1512 2526 demergere
1545 2456 1586 2508 ³.
1620 2455 1713 2511 Va:
1737 2455 1834 2509 tibi

268 2547 435 2600 anima
455 2587 470 2612 ,
503 2562 627 2616 quae
668 2560 884 2601 carnem
910 2545 1164 2615 accepisti
1205 2545 1563 2608 contrariam,
1590 2559 1709 2612 qua;
1737 2559 1838 2599 nec

272 2637 378 2704 ipsa
409 2637 598 2700 intrat,
653 2647 679 2674 ο
707 2648 806 2689 nec
834 2643 886 2690 te
922 2634 1181 2703 permittit
1225 2633 1450 2688 introire
1485 2632 1505 2664 ⁸
1535 2634 1587 2687 in
1614 2649 1836 2704 regnum

272 2725 522 2786 cmlorum
545 2725 558 2777 l
591 2723 636 2779 Ο
660 2739 788 2778 caro
812 2723 970 2787 mala,
994 2723 1121 2790 quid
1145 2724 1364 2792 quaeris,
1389 2723 1515 2792 quid
1536 2724 1838 2778 desideras?

277 2813 384 2869 Non
412 2815 494 2868 vis
539 2814 782 2872 laborem
828 2812 1133 2867 sustinere?
1167 2828 1272 2866 non
1306 2813 1386 2867 vis
1435 2813 1670 2880 inquieta
1708 2828 1839 2867 con-

279 2904 584 2974 quiescere?
613 2902 847 2959 sull‘ocas
877 2904 1128 2967 animam,
1155 2911 1215 2958 ut
1241 2919 1397 2959 versa
1418 2904 1532 2958 vice
1563 2912 1618 2957 tu
1647 2904 1721 2956 sis
1753 2902 1843 2957 do-

281 2993 436 3060 mina,
467 3003 522 3050 et
567 2994 658 3047 illa
690 2995 899 3050 ancilla.
949 2997 1117 3065 Rogo,
1146 3011 1312 3065 quare
1353 3010 1547 3065 gravas
1585 2996 1839 3059 animam,

1924 1837 2036 1883 tum
2077 1828 2270 1882 animae
2306 1828 2536 1882 nostrae?
2557 1827 2657 1893 Qui
2700 1835 2753 1882 te
2778 1828 2806 1867 δ
2833 1828 3026 1891 nutrit,
3059 1828 3126 1881 ad
3171 1827 3368 1880 malum
3408 1826 3487 1880 fa-

1924 1919 2170 1973 ciendum
2197 1927 2248 1971 te
2271 1919 2471 1982 nutrit,
2498 1918 2623 1986 quia
2652 1933 2760 1972 non
2788 1927 2809 1956 °
2838 1925 3025 1986 peccat
3063 1920 3239 1972 anima
3269 1921 3371 1972 nisi
3394 1934 3489 1986 per

1925 2023 2140 2063 carnem
2161 2049 2174 2071 ,
2213 2009 2352 2063 sicut
2377 2008 2631 2077 scriptum
2659 2015 2741 2063 est
2784 2023 2798 2061 :
2839 2009 3026 2062 Anima
3062 2025 3176 2078 qua:
3210 2011 3489 2078 peccaverit

1925 2100 2038 2168 ipsa
2059 2100 2310 2153 morietur
2336 2098 2547 2164 (Ezech.
2583 2116 2737 2164 xvut,
2759 2099 2835 2171 4).
2866 2099 3024 2154 Verbi
3043 2100 3212 2167 gratia
3234 2099 3362 2154 dicit
3389 2097 3489 2151 ali-

1928 2190 2048 2259 quis
2068 2190 2110 2241 ".
2139 2189 2330 2242 Anima
2355 2183 2629 2257 quomodo
2651 2199 2825 2258 potest
2853 2204 3096 2258 peccare,
3129 2203 3249 2243 cum
3276 2204 3381 2242 non
3411 2188 3490 2240 vi-

1931 2277 2302 2345 deatur?Quid
2323 2287 2498 2347 potest
2524 2279 2730 2343 timere,
2755 2278 2776 2308 ⁸
2803 2293 2922 2332 cum
2951 2279 3064 2346 ipsa
3088 2292 3191 2331 non
3217 2277 3496 2330 teneatur?

1931 2367 2048 2437 Ipsa
2077 2382 2204 2421 caro
2242 2376 2450 2436 peccat,
2490 2382 2610 2435 qua:
2637 2367 2868 2422 animam
2897 2375 3081 2435 gravat
3111 2384 3123 2418 :
3157 2374 3210 2418 et
3240 2366 3416 2418 anima
3463 2381 3492 2417 a

1932 2469 2096 2508 carne
2147 2463 2396 2524 superata
2446 2456 2714 2510 consentit
2758 2457 2905 2509 carni
2957 2456 3011 2508 in
3053 2455 3306 2524 peccatis.
3357 2453 3495 2508 Caro

1933 2543 2077 2596 enim
2107 2558 2346 2612 przcceps
2371 2552 2455 2598 est
2481 2542 2546 2596 ad
2573 2542 2862 2606 libidinem,
2895 2543 3136 2611 improba
3165 2543 3232 2596 ad
3257 2541 3499 2610 petulan-

1935 2633 2082 2696 tiam,
2106 2634 2358 2703 frequens
2387 2635 2454 2689 ad
2479 2634 2765 2700 luxuriam,
2793 2634 3148 2688 inverecunda
3174 2632 3239 2684 ad
3266 2632 3500 2686 fornica-

1937 2725 2156 2788 tionem,
2195 2724 2398 2778 crimen
2423 2725 2658 2794 quotidie
2682 2724 2895 2779 crimiui
2919 2736 3282 2792 superponens
3304 2721 3348 2784 °,
3372 2736 3499 2788 pec-

1939 2819 2115 2865 catum
2147 2813 2410 2880 peccatis;
2459 2798 2563 2866 non
2599 2821 2774 2867 cessat
2794 2812 3040 2882 pessimis
3069 2812 3331 2866 deteriora
3372 2825 3502 2864 con-

1932 2901 2188 2974 iungere;
2225 2903 2497 2958 voluntate
2526 2903 2756 2958 crudelis
2775 2944 2788 2968 ,
2821 2918 2957 2956 vana
2986 2910 3040 2957 et
3064 2902 3342 2969 insipiens,
3367 2915 3507 2956 sem—

1943 3005 2039 3062 per
2063 2993 2130 3047 ad
2156 2991 2355 3046 malum
2378 3006 2566 3060 prona,
2619 2992 2686 3046 ad
2713 2993 2911 3046 bonum
2936 2990 2961 3030 ά
2997 2989 3318 3045 excusabilis
3345 2997 3397 3042 et
3426 2992 3506 3057 pi-

1503 3081 1800 3137 VARIANT
1806 3079 1889 3135 ES
1920 3078 2311 3136 LECTIONES.

350 3170 361 3200 '
392 3169 541 3234 νειμ,
574 3171 755 3224 anima
781 3179 963 3226 nostra
998 3172 1213 3225 misera.

1290 3173 1309 3202 ⁹
1348 3170 1495 3240 νέης..
1526 3185 1706 3240 necas.
1750 3169 1795 3240 ξ
1823 3168 2040 3240 Bened.,
2064 3171 2335 3240 Ademergi.

284 3247 373 3309 et,
419 3240 439 3270 ⁸
469 3239 666 3292 Bened.
697 3240 938 3309 in_marg.
967 3256 985 3293 :
1007 3255 1157 3304 mss.,
1185 3240 1324 3308 quis.
1386 3239 1510 3309 Yen.
1536 3241 1632 3303 sic,
1663 3237 1798 3304 Quid
1825 3253 1884 3291 es
1919 3239 2016 3291 tu?
2040 3237 2188 3309 Quid
2217 3237 2393 3296 nobis.
2463 3241 2482 3271 "
2515 3241 2652 3309 apud
2681 3241 2874 3294 Bened.
2915 3237 3051 3293 decit
3086 3241 3296 3308 aliquis.

287 3307 394 3360 aed.
416 3309 470 3361 in
503 3324 680 3377 marg.
706 3306 829 3362 :Ita
856 3303 980 3362 nias.
1007 3303 1262 3377 potiores;
1285 3319 1338 3362 at
1359 3303 1550 3362 ducum
1575 3303 1723 3373 edit,
1761 3315 1962 3360 tenere.
2035 3306 2057 3337 ⁹
2103 3306 2249 3374 Ven.,
2298 3303 2622 3380 supponeus.

2412 3170 2433 3202 δ
2466 3169 2614 3235 Ven.,
2646 3172 2864 3225 intrare.
2935 3170 2955 3201 ⁵
2980 3171 3120 3239 apud
3151 3169 3344 3223 Bened.
3369 3170 3507 3222 deest

2463 3241 2482 3271 "
2515 3241 2652 3292 anud
2681 3241 2874 3292 Bened.
2915 3239 3051 3292 deest
3086 3241 3296 3292 alinuis.
3370 3241 3389 3270 ⁸
3419 3240 3507 3292 b'c-

3467 3257 3513 3292 ε-

1782 3392 2010 3448 NOTAE.

293 3489 452 3554 rium,
511 3489 564 3542 in
623 3501 852 3557 persona
898 3487 1211 3551 liberorum,
1257 3488 1431 3557 patria
1484 3493 1764 3557 potestas;
1798 3485 1849 3538 in
1877 3483 1924 3546 C
1953 3499 2072 3552 quae
2100 3485 2177 3540 sic
2205 3486 2394 3557 obruit
2429 3495 2628 3542 terram
2666 3487 2845 3542 carnis
2883 3503 3012 3552 suae,
3049 3494 3108 3540 ut
3137 3486 3185 3540 ei
3213 3486 3380 3555 possit
3405 3488 3513 3556 spi-

293 3555 696 3628 personagservi,
727 3557 1056 3628 dominium.
1080 3576 1098 3609 ›
1129 3555 1283 3628 (ξτιιιόΔ
1302 3557 1443 3628 servi
1465 3556 1726 3628 rationem
1754 3555 1852 3628 ha-

295 3623 391 3691 bet,
435 3627 615 3679 anima
643 3626 866 3679 domini.
914 3625 1236 3680 Laudandus
1271 3625 1432 3695 igitur
1468 3625 1591 3689 ille,
1620 3624 1710 3691 qui
1754 3623 1857 3676 scit

295 3708 534 3749 exercere
581 3701 904 3763 potestatem
935 3703 988 3748 et
1032 3695 1314 3763 imperium
1355 3695 1406 3748 in
1439 3707 1656 3747 carnem
1679 3707 1852 3756 suam,

298 3778 464 3834 neque
474 3763 628 3834 illam
660 3763 860 3834 patitur
881 3763 1070 3834 iugum
1096 3763 1370 3834 servitutis
1398 3769 1677 3834 excutere.

361 3843 383 3871 ι
436 3831 547 3884 Nec
575 3831 709 3901 ipsa
751 3833 930 3895 intrat,
953 3831 1069 3884 'nec
1095 3841 1142 3884 te
1182 3832 1429 3900 permittit
1467 3832 1700 3901 introire,
1748 3837 1852 3901 etc.

299 3898 532 3970 Ipsinon
570 3898 768 3970 intrat,
804 3915 914 3970 non
952 3902 1077 3969 quia
1103 3898 1209 3970 non
1246 3908 1520 3970 resurget,
1551 3900 1644 3952 sed
1681 3899 1806 3970 quia
1837 3937 1852 3960 ,

302 3967 352 4021 ut
378 3969 449 4022 ait
477 3969 769 4041 iipostolus
797 3969 814 4021 1
842 3967 984 4022 ουτ(
1006 3985 1091 4032 xv,
1120 3969 1189 4022 50
1235 3987 1247 4022 :
1289 3967 1424 4041 Caro
1456 3978 1503 4022 et
1537 3969 1748 4041 sanguis
1785 3983 1859 4020 re-

302 4053 444 4103 gnum
468 4036 561 4090 Dei
584 4038 848 4107 possidere
879 4053 980 4090 non
1001 4047 1246 4106 possunt,
1278 4036 1438 4106 neque
1463 4037 1721 4107 corruptio
1744 4052 1858 4107 cor-

307 4105 591 4176 raptionem'
617 4106 917 4176 possidebit.
947 4105 1086 4172 Qiiid
1110 4115 1287 4161 autem
1308 4105 1528 4176 nomine
1555 4105 1734 4176 carnis
1777 4105 1859 4158 in-

307 4123 576 4224 rurpttonem
617 4123 917 4176 possiaevu.
947 4123 1086 4172 υυιιι
1110 4123 1287 4161 autem
1315 4123 1528 4160 nomine
1555 4123 1734 4159 carnis
1777 4123 1855 4158 m-

307 4175 498 4252 tilligat
529 4175 617 4228 hic
656 4175 965 4252 Apostolus,
1010 4177 1192 4252 accipe
1219 4175 1672 4252 aHChrysostom-o
1711 4175 1855 4252 boni.

306 4240 387 4303 i2,
411 4240 459 4294 in
488 4243 520 4294 I.
553 4257 630 4306 c.,
661 4240 721 4295 et
749 4245 869 4296 hinc
894 4240 1349 4299 mentem’Paulini
1375 4240 1695 4310 assequeris.
1714 4243 1860 4296 'Dicit

308 4312 438 4380 enim
464 4311 581 4374 hoc,
616 4329 635 4360 ‹
669 4311 741 4366 Ut
766 4311 939 4366 discas
960 4313 1098 4380 quod
1123 4312 1273 4380 malae
1295 4313 1531 4367 actiones
1557 4312 1612 4364 in
1639 4325 1860 4380 regnum

311 4393 401 4450 non
427 4379 803 4445 introducunt;
827 4390 880 4434 et
907 4379 1026 4450 ideo
1051 4379 1324 4449 subiunxit
1349 4399 1362 4434 :
1391 4395 1562 4450 neque
1590 4379 1861 4448 corruptio

313 4447 710 4518 incorruptelant
741 4448 1052 4515 possidebit.
1082 4447 1194 4505 lloc
1221 4458 1308 4504 est
1330 4447 1517 4504 vitium
1556 4464 1662 4504 non
1689 4447 1862 4518 possi-

312 4514 390 4568 det
428 4514 670 4583 gloi'iam.
712 4514 963 4588 r_D_icerc
997 4518 1180 4588 igitur,
1225 4519 1362 4572 Caro
1386 4535 1486 4572 non
1514 4521 1671 4588 intrat
1691 4514 1757 4571 ἐι
1779 4520 1864 4571 in-

314 4597 437 4656 trare
463 4602 558 4638 non
598 4586 856 4656 permittit
875 4587 928 4639 in
955 4586 1198 4656 regnum,
1234 4588 1367 4640 nihil
1393 4586 1536 4641 aliud
1564 4595 1664 4647 est,
1703 4601 1863 4655 quam

316 4650 477 4728 dicere
509 4650 690 4728 Opera
713 4655 922 4728 carnis1
942 4655 992 4728 id
1012 4650 1123 4728 est_
1135 4665 1352 4728 peccata
1374 4671 1482 4728 non
1519 4650 1739 4718 intrant,
1765 4671 1865 4728 nec

318 4721 499 4774 intrare
524 4721 857 4793 permittunt.
886 4721 1018 4788 Quis
1038 4721 1182 4793 enim
1213 4725 1346 4780 adeo
1375 4725 1660 4793 desiperet,
1695 4734 1754 4778 ut
1777 4724 1862 4778 di-

1954 3568 2052 3607 nas
2075 3563 2130 3626 et
2150 3554 2375 3610 tribulos
2394 3558 2732 3626 germinare?

2026 3632 2048 3661 ε
2074 3622 2196 3676 Non
2215 3622 2587 3692 peccat'anima
2605 3626 2703 3679 nisi
2725 3642 2817 3694 per
2830 3641 3055 3679 carnem.
3077 3623 3335 3694 Equidem
3359 3627 3518 3678 actio-

1954 3705 2070 3755 nes,
2109 3705 2231 3764 qua;
2255 3693 2611 3764 exterioribus
2638 3693 2889 3764 potentiis
2924 3701 3084 3764 egent
3133 3703 3191 3747 ut
3224 3693 3387 3764 ﬁant,
3428 3710 3519 3762 per

1954 3775 2171 3814 carnem
2203 3760 2319 3815 ﬁeri
2349 3777 2566 3817 necesse
2601 3760 2703 3817 est.
2753 3764 2850 3818 llic
2879 3760 3192 3817 autemnon
3222 3762 3360 3815 inest
3387 3760 3519 3816 ditli-

1957 3825 2254 3910 cultas}?
2275 3831 2688 3910 action_ibus,_et
2713 3848 2812 3910 per
2831 3847 3164 3910 consequens
3193 3831 3257 3885 de
3277 3834 3521 3910 peccatis

1957 3912 2104 3970 mere
2136 3899 2242 3969 63
2273 3900 2498 3970 internis
2528 3902 2664 3956 ratio
2706 3899 2883 3970 potior
2908 3910 2991 3954 est
3031 3899 3343 3970 dubitandi.
3383 3900 3519 3953 Num

1958 3968 2344 4040 scilicctpossit
2363 3970 2539 4023 anima
2561 3968 2783 4038 peccare
2801 3972 2962 4040 (idem
2984 3971 3146 4024 dicito
3163 3969 3518 4040 benefacere,

1957 4040 2144 4107 eadem
2165 4039 2313 4107 enim
2339 4047 2423 4092 est
2465 4041 2622 4104 ratio,
2663 4050 2790 4107 puta
2810 4038 2877 4093 de
2913 4040 3052 4092 bona
3093 4039 3174 4091 vel
3212 4038 3348 4090 mala
3376 4039 3522 4106 cogi-

1959 4106 2181 4176 tatione)
2211 4121 2318 4160 non
2358 4109 2548 4162 mediis
2589 4106 2851 4162 sensibus.
2899 4107 3097 4160 Verum
3142 4108 3366 4160 docente
3399 4107 3523 4160 divo

1961 4173 2169 4256 Thema
2187 4176 2220 4256 1Δ
2242 4191 2318 4255 p.,
2345 4177 2512 4256 (1:83,
2538 4193 2588 4230 a.
2618 4178 2647 4229 7
2673 4187 2727 4231 et
2751 4177 2878 4256 alibi
2904 4192 3060 4246 smpe,
3099 4193 3118 4226 ι
3155 4176 3523 4256 ψιοόμὶιηροδ-

1960 4244 2114 4298 sibile
2144 4253 2228 4298 est
2243 4244 2579 4300 intellectum
2619 4247 2908 4314 secundum
2937 4244 3217 4314 praesentis
3260 4245 3379 4298 vitae
3412 4255 3522 4298 sta-

1960 4321 2094 4384 tum,
2116 4328 2221 4384 quo
2257 4314 2497 4381 passibili
2519 4316 2730 4383 corpori
2755 4313 3111 4384 coniungitur,
3147 4313 3346 4380 aliquid
3373 4314 3526 4367 intel-

1961 4381 2127 4450 ligere
2157 4383 2211 4436 in
2232 4392 2373 4449 actu,
2401 4384 2503 4438 nisi
2533 4381 2889 4440 convertendo
2905 4381 2973 4437 se'
2989 4383 3053 4436 ad
3072 4384 3444 4451 phantasmata
3467 4400 3518 4445 i;

1960 4452 2335 4532 phantasmata
2380 4463 2557 4532 autem
2608 4469 2728 4507 cum
2790 4467 2822 4505 a
2865 4452 3234 4532 corporalibus
3282 4453 3527 4506 sensibus

1962 4528 2017 4573 et
2040 4521 2253 4590 organis
2299 4521 2653 4590 dependeant,
2699 4530 2759 4575 ut
2797 4521 3137 4576 manifestum
3165 4530 3264 4582 est,
3308 4534 3526 4578 necesse

1963 4596 2074 4660 est,
2126 4597 2184 4643 ut
2219 4591 2454 4660 cognitio
2505 4592 2862 4650 intellectusa
2909 4593 3157 4646 sensibus
3205 4592 3521 4659 dependeat.

1967 4658 2224 4729 Voluntas
2259 4658 2463 4729 autem,
2517 4676 2620 4729 qua
2655 4669 2972 4729 peccatum,
3019 4661 3127 4729 imo
3172 4658 3526 4729 quedeunquc

1966 4727 2162 4782 bonum
2187 4728 2271 4781 vel
2299 4729 2492 4782 malum
2523 4727 2612 4793 lit,
2644 4727 2765 4782 eum
2794 4737 3048 4797 sequatur
3076 4727 3290 4797 ductum
3322 4727 3526 4780 intelle-

318 4797 393 4870 t‘a‘tl
415 4804 625 4870 carnem
650 4792 790 4846 hanc
808 4791 1157 4870 materialeni,
1182 4809 1378 4870 corpus
1399 4791 1602 4870 scilicet
1620 4804 1860 4870 nostrum
1895 4810 1944 4870 ι)
1967 4806 2102 4859 ctus,
2137 4798 2261 4870 quia
2301 4812 2442 4852 cmca
2485 4791 2948 4870 est,'conseque'ns
2992 4805 3097 4862 est,
3133 4806 3201 4870 gut
3229 4796 3528 4870 illuminato

320 4869 411 4907 non
451 4857 772 4931 intraturum
804 4876 1021 4930 regnum
1054 4862 1178 4926 Dei,
1223 4857 1311 4931 qui
1341 4862 1658 4931 conﬁtemur
1687 4863 1864 4917 carnis

321 4929 786 5003 resurrectionem,
817 4929 1059 5003 et’vitam
1084 4929 1535 4986 :cter:iam?Sicut
1558 4933 1700 4986 enim
1725 4933 1864 5003 intra

322 4990 434 5044 dicit
488 5010 704 5050 camem
761 5012 865 5051 non
920 4999 1022 5050 ctl‘u
1063 5015 1154 5054 ere
1200 5014 1444 5070 pinnam,
1504 5015 1626 5054 cum
1687 5001 1864 5055 anima

325 5060 594 5119 gehennam
659 5066 890 5119 Datitur.
947 5015 1150 5119 sciFicet
1200 5079 1416 5119 promer
1467 5083 1629 5119 onera
1689 5071 1864 5119 carnis

325 5060 594 5140 gehennam
625 5066 890 5140 _pa_ti_tnr,
947 5060 1150 5125 scilicet
1200 5060 1636 5140 propter'gopera
1689 5071 1866 5124 carnis

327 5127 533 5207 admissa
571 5148 588 5207 _:
623 5127 700 5187 it'a
729 5136 814 5190 hic
850 5127 953 5190 non
979 5144 1062 5190 est
1093 5151 1123 5191 e
1153 5127 1316 5207 regno
1345 5127 1671 5193 excludenda
1697 5140 1867 5193 beati-

328 5192 463 5251 ﬂcata
500 5202 697 5255 anima.

371 5264 412 5341 ,δ
458 5266 556 5332 Qui
583 5280 630 5323 te
675 5273 868 5344 nutrit,
918 5272 1221 5344 adimalumi
1259 5274 1556 5344 faciendum
1605 5283 1653 5328 te
1683 5276 1864 5329 nutrit.

331 5327 449 5413 Hinc
465 5327 698 5413 sanctus
719 5327 980 5413 Leander
996 5343 1048 5397 in
1080 5327 1271 5413 regula.
1287 5358 1403 5411 cap.
1438 5327 1870 5413 iisiisororiiit‘lo;

335 5404 530 5457 mulina:
563 5409 870 5467 scribebat;
903 5427 922 5459 ‹
959 5411 1099 5464 Dura
1127 5401 1216 5466 δεῖ
1243 5401 1476 5466 οοιιῖιιιὶο
1513 5412 1720 5468 nutrire
1742 5429 1868 5468 con-

334 5473 400 5518 tra
420 5485 566 5550 quem
597 5477 820 5532 dimices
837 5519 851 5542 ,
878 5490 931 5534 et
961 5495 1177 5550 carnem
1206 5482 1474 5550 propriam
1505 5482 1583 5535 sic
1607 5481 1784 5545 alere,
1810 5491 1872 5538 ut

335 5543 509 5617 sentias
536 5553 972 5617 contumacem...
995 5549 1132 5614 Quid
1156 5543 1354 5617 poterit
1378 5565 1502 5605 caro
1521 5553 1721 5605 nutrita
1746 5543 1868 5607 car-

337 5605 491 5688 !‘ii’usi
519 5613 622 5688 nisi
650 5628 929 5688 erumpere
957 5605 1041 5688 aii
1049 5605 1345 5688 libidinem,
1375 5620 1732 5688 miseramque
1754 5605 1870 5675 ξω-

339 5685 458 5756 ψῃ)
500 5681 1084 5756 crudelitatellu'xurim
1139 5681 1468 5742 debacchare
1491 5689 1578 5741 ἲ...
1620 5681 1772 5756 Quod
1822 5691 1864 5746 si

341 5741 629 5829 abstinentia
655 5753 950 5829 marcidum
983 5771 1176 5826 corpus
1197 5757 1336 5829 vina
1366 5758 1477 5828 lege
1504 5741 1727 5826 peccati,
1745 5741 1867 5829 quae

344 5806 517 5869 habitat
541 5819 591 5874 in
629 5822 884 5877 membris
905 5806 1129 5892 nostris,
1153 5806 1531 5895 iii'ol—iilieuiiis'i
1543 5806 1861 5897 Edidi-Atia

1965 4880 2060 4934 per
2099 4868 2471 4934 phantasmata
2514 4865 2814 4932 intellectu;
2852 4868 2920 4921 ab
2960 4866 3176 4936 organis
3201 4876 3254 4919 et
3281 4865 3526 4936 sensibus

1965 4936 2205 5006 corporis
2234 4945 2287 4990 et
2334 4937 2446 5006 ipsa
2492 4938 2808 5006 dependeat.
2853 4937 2933 4990 Ex
2982 4934 3085 4990 hac
3135 4934 3375 5006 doctrina
3413 4935 3526 5006 duo

1967 5003 2234 5059 axiomata
2259 5003 2497 5060 conlecta
2526 5003 2647 5060 sunt
2668 5005 2968 5059 scholarum
2990 5005 3328 5059 sermonibus
3355 5004 3483 5057 trita
3510 5021 3522 5055 :

1979 5071 2227 5144 Voluntas
2265 5075 2575 5144 nonfertur
2601 5075 2655 5128 in
2681 5075 3017 5144 incognitum.
3065 5075 3131 5127 Et
3168 5072 3422 5144 yihilest
3472 5074 3527 5126 in

1968 5141 2228 5195 intellectu
2255 5141 2392 5211 quod
2412 5141 2687 5212 priusnon
2713 5141 2867 5212 fuerit
2889 5145 2944 5196 in
2967 5159 3138 5196 sensu.
3169 5143 3308 5210 Ergo
3330 5143 3530 5212 bonum

1975 5218 2069 5280 aut
2110 5209 2329 5274 malum,
2363 5209 2503 5280 quod
2549 5215 2606 5265 tit
2629 5215 2696 5267 ab
2714 5209 2901 5266 anima
2927 5250 2940 5276 ,
2981 5227 3012 5266 a
3053 5226 3214 5266 carne
3240 5209 3524 5280 dependet.

1970 5278 2082 5352 [loc
2128 5279 2268 5352 idem
2296 5278 2406 5352 sed
2436 5281 2661 5349 planiori
2687 5281 2938 5352 doctrina
2984 5281 3214 5352 explicat
3254 5278 3530 5352 Philippus

1974 5347 2256 5473 Solitariuis
2291 5351 2344 5404 in
2382 5347 2598 5422 Di0ptra
2637 5351 2716 5404 rei
2744 5347 3067 5406 Cbristianai
3086 5349 3177 5402 lib.
3208 5365 3277 5415 tt,
3306 5347 3489 5420 cap?!
3511 5388 3528 5415 ,

1974 5430 2127 5473 auem
2149 5434 2200 5472 vi
2241 5435 2290 5473 e.

1968 5430 2127 5485 quem
2149 5430 2290 5473 νιαο.

2037 5485 2064 5525 ά
2091 5487 2171 5540 Ad
2194 5488 2380 5542 bonum
2406 5488 2734 5553 excusabilis,
2774 5489 2826 5544 id
2867 5497 2947 5544 est
2969 5487 3364 5543 excusationem
3394 5501 3533 5556 pra:—

1970 5557 2213 5612 tendens.
2262 5557 2361 5627 ilic
2408 5558 2550 5627 enim
2597 5560 2769 5627 active
2809 5557 3104 5627 significat,
3145 5558 3531 5627 nonpassive,

1973 5626 2418 5696 quemadmodum
2447 5626 2706 5696 eiusmodi
2747 5625 2979 5682 verbalia
3008 5628 3121 5682 inec
3147 5625 3285 5696 apud
3311 5625 3532 5682 Latinos

1976 5695 2276 5764 signiﬁcare
2315 5699 2505 5750 solent.
2536 5695 2684 5761 Quod
2720 5708 2801 5751 est
2825 5697 3003 5753 διαρρυιὶ
3044 5697 3173 5750 vitio
3218 5696 3530 5752 vertendum

1974 5767 2168 5833 potius,
2199 5782 2356 5835 quam
2385 5765 2622 5821 Paulino.
