4174 6504
784 425 886 478 2⁸9

1682 427 1738 481 S.
1777 425 2042 482 PAULINI
2079 424 2536 480 ιιΑτΒιΑκωιΑξ
2574 424 3050 492 AQUILFJENSIS

3865 429 3972 486 380

782 543 1031 612 geri-ima,
1075 539 1227 595 velox
1268 541 1335 594 ad
1383 546 1623 604 mortem,
1652 541 1716 595 ad
1741 543 1904 595 vitam
1933 539 2190 607 diﬂicilis;
2234 539 2320 594 cui
2353 544 2395 600 A
2421 546 2654 592 suratam
2692 540 3087 606 abstinentiam,
3132 555 3236 610 qua
3275 540 3537 612 superﬂua
3572 543 3769 597 ventris
3806 542 3974 598 I'el're-

781 645 942 686 exosa
968 636 1092 684 sunt
1103 643 1261 698 opera
1283 629 1434 693 lucis,
1450 639 1502 684 et
1521 632 1856 685 tenebrarum
1877 643 1903 672 ι
1927 631 2319 695 amantissima;

782 722 906 790 quia
935 699 1124 774 cadere
1161 718 1352 788 diligit,
1381 732 1596 788 surgere
1629 720 1881 788 negligit;
1915 724 2096 772 amara
2135 728 2218 775 est
2249 719 2322 773 illi

784 812 955 876 salus,
984 819 1037 866 et
1071 810 1240 866 dulcis
1264 810 1516 878 perditio;
1557 810 1622 864 de
1663 811 1802 863 malo
1827 824 2034 878 semper
2067 825 2323 864 corruens

781 902 837 958 in
865 894 1114 962 deterius,
1135 907 1192 953 et
1218 899 1283 952 de
1310 897 1474 965 pejori
1495 898 1546 950 in
1568 896 1879 966 pessimiora
1901 897 1928 936 ιι
1953 895 2212 960 deﬂuens;
2243 896 2322 949 in-

783 995 963 1064 quieta
987 998 1041 1045 et
1067 990 1364 1058 impatiens,
1409 987 1632 1043 ﬂammis
1659 991 1912 1066 gehennae
1951 988 2180 1042 animam
2219 989 2322 1043 cir-

785 1082 1067 1145 cumdans;
1100 1078 1340 1147 injiciens
1378 1080 1391 1109 ¹
1425 1093 1484 1132 se
1513 1079 1650 1131 inter
1675 1078 1907 1148 germina
1941 1077 2245 1145 cupiditatis
2269 1085 2323 1130 et

783 1170 1041 1235 avaritias,
1068 1169 1314 1222 vanitatis
1333 1175 1387 1220 et
1414 1167 1744 1236 arrogantia},
1773 1166 1864 1220 irae
1884 1172 1937 1219 et
1959 1164 2320 1234 impatientia,

787 1267 1202 1325 ceterarumque
1238 1257 1611 1324 nequitiarum,
1651 1256 1670 1284 '
1703 1255 1768 1308 ad
1795 1252 2054 1322 superﬂua
2091 1261 2143 1307 et
2167 1254 2320 1308 inho-

785 1355 935 1402 nesta
957 1361 1014 1401 se
1034 1344 1294 1414 deprimit,
1330 1344 1640 1399 abstrahens
1666 1357 1723 1396 se
1749 1357 1780 1396 a
1805 1342 2130 1406 cmlestibus,
2157 1349 2209 1396 et
2232 1342 2322 1396 de-

786 1437 986 1492 lectans
1013 1437 1066 1490 in
1087 1436 1341 1498 terrenis;
1373 1434 1619 1501 relinquit
1639 1435 1936 1496 veritatem,
1967 1431 2179 1486 festinat
2197 1433 2324 1486 hau-

784 1527 895 1582 rire
936 1526 1223 1580 vanitatem
1243 1563 1256 1588 ,
1300 1531 1352 1578 et
1383 1523 1542 1578 verba
1582 1522 1860 1575 mendacii.
1891 1521 1957 1574 Et
1986 1520 2111 1589 quid
2136 1519 2324 1589 plura?

786 1613 935 1667 Sicut
965 1611 1106 1666 tinea
1128 1622 1149 1649 ο
1183 1611 1355 1663 lanam
1395 1611 1629 1670 devorat,
1659 1616 1714 1661 et
1740 1608 1876 1661 sicut
1903 1606 2038 1677 ignis
2063 1606 2222 1676 ligna,
2250 1605 2325 1660 fe-

786 1715 933 1765 num,
973 1707 1028 1754 et
1049 1682 1297 1767 stipulam
1321 1697 1582 1751 consumit
1605 1711 1618 1748 :
1645 1697 1719 1749 ita
1744 1711 1868 1752 caro
1889 1695 2099 1749 rebellis
2119 1703 2175 1748 et
2195 1694 2323 1748 deli-

785 1798 904 1846 cata
938 1791 1170 1843 animam
1213 1787 1472 1841 consumit
1523 1795 1576 1840 et
1619 1795 1940 1841 concremat.
1983 1786 2118 1852 Quid
2159 1793 2216 1840 tu
2256 1785 2322 1838 ad

2422 635 2576 681 netur
2601 627 2855 693 edacitas,
2889 644 3006 698 qua:
3033 629 3118 684 me
3155 632 3384 700 perimit.
3414 632 3490 685 Da
3517 632 3823 687 castitatem
3845 647 3972 687 cor-

2422 715 2524 780 dis,
2545 732 2663 785 quae
2688 733 2774 771 me
2797 718 3120 787 impollutam
3147 720 3349 773 reddat.
3377 719 3454 772 Da
3473 720 3786 783 munditiam
3813 720 3975 789 spiri-

2423 812 2528 867 tus,
2563 806 2684 872 quia
2730 805 2999 859 immunda
3032 805 3212 860 carnis
3236 805 3445 862 luxuria
3473 821 3559 862 me
3583 808 3863 877 demergit.
3891 808 3974 864 Da

2421 909 2607 949 manus
2628 894 2650 926 ⁸
2685 892 2951 962 largiﬂuas
2971 893 3039 948 ad
3081 896 3400 964 erogandum
3437 896 3823 966 eleemosynas,
3864 912 3975 966 quo

2421 990 2578 1036 tenax
2600 982 2820 1036 avaritia
2843 989 3140 1051 respuatur.
3169 983 3245 1037 Da
3266 984 3561 1040 dilectionis
3585 999 3844 1047 amorem,
3865 1000 3976 1054 quo

2423 1069 2567 1124 zelus
2612 1077 2982 1139 exsunguatur
3015 1071 3244 1126 invidiae.
3277 1071 3517 1127 Concede
3559 1072 3853 1128 tolerantia:
3879 1089 3996 1144 pas

2405 1159 2680 1222 rtientiam,
2713 1173 2808 1227 per
2838 1174 2996 1227 quam
3025 1160 3106 1214 ira
3140 1161 3370 1216 crudelis
3401 1163 3570 1217 bestia
3597 1171 3846 1231 superata
3881 1163 3979 1219 de-

2423 1248 2582 1302 ﬁciat.
2613 1246 2808 1300 Tribue
2834 1248 3018 1301 mterni
3041 1247 3217 1317 gaudii
3244 1263 3414 1318 spem,
3439 1264 3544 1318 qua
3572 1249 3802 1304 tristitia:
3826 1265 3981 1305 ama-

2424 1335 2597 1392 ritudo
2643 1333 3018 1389 demulceatur.
3081 1334 3188 1390 Fac
3246 1336 3564 1391 intrinsecus
3615 1344 3847 1391 mentem
3908 1337 3979 1391 de

2421 1427 2560 1480 bono
2599 1437 2757 1492 opere
2782 1423 3007 1492 gloriari‘
3034 1424 3086 1478 in
3129 1433 3203 1490 te,
3232 1432 3292 1478 ut
3330 1440 3478 1480 vanze
3506 1425 3687 1496 gloriae
3714 1425 3861 1481 foras
3906 1440 3978 1482 ex

2424 1531 2508 1570 me
2533 1531 2636 1570 non
2666 1516 2914 1584 procedat
2933 1515 3212 1584 iactantia.
3253 1516 3400 1570 Dona
3431 1516 3592 1572 etiam
3618 1502 3750 1571 mihi
3775 1518 3833 1572 in
3858 1532 3979 1572 om-

2423 1603 2579 1658 nibus
2600 1612 2779 1658 tenere
2799 1602 3082 1670 justitiam,
3123 1605 3980 1674 magnanimitatem,\temperan—

2427 1694 2581 1757 tiam;
2609 1701 2660 1746 et
2699 1692 2783 1747 fac
2815 1708 2902 1760 me
2927 1693 2948 1724 '
2970 1708 3088 1748 cum
3116 1695 3451 1763 simplicitate
3489 1709 3606 1750 esse
3635 1696 3976 1764 pandentem,

2425 1790 2484 1836 ut
2510 1789 2563 1837 et
2589 1784 2797 1837 beatam
2841 1784 3002 1837 vitam
3045 1783 3320 1838 sinceriter
3347 1799 3520 1854 agam,
3546 1792 3600 1839 et
3627 1785 3825 1838 malum
3847 1798 3981 1852 prn-

787 1880 902 1933 haec
930 1877 1126 1941 anima,
1152 1875 1278 1945 quid
1313 1883 1368 1929 tu
1409 1873 1474 1929 ad
1497 1875 1609 1928 haec
1634 1875 1952 1944 respondes?
1992 1874 2197 1938 Dicam,
2244 1874 2321 1928 in-
2353 1867 2397 1925 Β
2422 1873 2607 1928 denter
2625 1871 2821 1942 fugiam
2849 1874 2916 1937 ‘°;
2942 1882 3100 1942 atque
3124 1871 3511 1928 fraudulentam
3538 1881 3592 1927 et
3616 1874 3980 1942 deceptoriam

787 1968 937 2036 quit,
995 1965 1336 2034 Redemptori
1379 1977 1530 2029 meo,
1579 1973 1859 2034 antequam
1919 1979 2079 2018 carne
2122 1979 2325 2029 exuar,

788 2055 914 2122 quid
937 2054 1002 2108 ad
1019 2055 1140 2108 haec
1161 2053 1530 2122 respondeam,
1554 2060 1608 2106 et
1644 2053 1708 2105 ad
1729 2051 1866 2121 quod
1887 2053 2089 2119 bonum
2113 2040 2326 2121 corpus,

790 2143 929 2209 quod
960 2141 1197 2197 inhabito
1222 2141 1444 2195 incitare
1473 2140 1774 2196 voluissem.

1338 2226 1559 2282 CAPUT
1596 2227 1774 2282 LXVI.

891 2316 1073 2372 Oratio
1092 2317 1292 2392 ‘auimte
1319 2316 1386 2368 ad
1415 2315 1579 2368 Deum
1602 2317 1842 2369 adversus
1877 2315 2015 2369 mala
2043 2317 2232 2370 carnis.

859 2405 974 2460 Non
1000 2406 1070 2459 sit
1090 2405 1144 2458 in
1165 2420 1266 2469 me,
1289 2405 1530 2470 obsecro,
1557 2405 1793 2472 Domine,
1816 2407 2241 2475 concupiscentia
2262 2407 2326 2461 li-

792 2493 1010 2558 bidinis,
1047 2493 1138 2548 sed
1184 2507 1334 2547 amor
1374 2492 1740 2563 pulcherrima:
1785 2495 2064 2549 castitatis.
2115 2495 2227 2550 Sim
2263 2495 2330 2549 ad

793 2581 989 2635 malum
1030 2580 1345 2635 audiendum
1383 2582 1552 2647 tarda,
1579 2582 1644 2636 ad
1675 2585 1892 2637 verbum
1931 2593 2078 2636 tuum
2117 2583 2328 2650 festina,

793 2671 859 2726 ad
883 2669 1260 2740 perﬁciendum
1282 2669 1303 2701 ³
1326 2671 1648 2725 accelerans.
1685 2670 1795 2724 Sim
1819 2671 1872 2724 in
1895 2678 1985 2725 tuo
2013 2673 2203 2726 timore
2229 2672 2332 2726 sol-

794 2759 961 2824 licita,
1003 2760 1056 2812 in
1102 2773 1284 2812 amore
1323 2757 1572 2828 perfecta,
1606 2760 1660 2813 in
1699 2759 1800 2814 {ide
1835 2769 2102 2824 constans,
2146 2760 2202 2814 in
2241 2774 2334 2831 spe

794 2846 1094 2901 nullatenus
1143 2846 1405 2900 dubitans.
1475 2847 1760 2902 Dilectione
1803 2848 2028 2916 proximi
2079 2837 2327 2910 ferveant,

792 2939 898 2992 odii
923 2937 1114 2990 ardore
1156 2951 1260 2990 non
1293 2951 1438 3001 urar,
1469 2951 1568 2990 nec
1606 2936 1813 2991 invidia:
1839 2937 2004 2990 livore
2042 2938 2329 2992 tabescam.

799 3025 1053 3078 Sanctum
1079 3036 1286 3094 semper
1306 3037 1437 3092 cpus
1461 3024 1513 3077 in
1550 3038 1633 3078 me
1657 3025 1798 3094 Spira
1824 3031 1882 3078 ut
1911 3024 2155 3094 c0gitem,
2189 3035 2359 3078 com-'

2423 1960 2672 2014 astutiam
2705 1959 2897 2014 diaboli
2937 1959 3229 2026 intelligere
3254 1959 3477 2022 valeam,
3511 1975 3578 2014 ne
3604 1974 3688 2013 me
3715 1975 3813 2028 per
3852 1975 3977 2030 spe-

2424 2049 2559 2102 ciem
2595 2049 2720 2104 boni
2757 2048 2995 2113 fallat“;
3027 2057 3079 2103 et
3117 2050 3416 2104 discernere
3458 2050 3849 2105 rationabiliter
3889 2065 3980 2104 va-

2425 2137 2582 2199 leam,
2630 2143 2684 2190 et
2715 2137 3004 2206 praevidere
3032 2138 3161 2206 quid
3201 2139 3323 2194 boni
3365 2153 3536 2208 agam,
3562 2140 3646 2193 vel
3679 2141 3808 2209 quid
3849 2140 3978 2194 mali

2427 2224 2699 2292 refugiam.
2731 2225 2838 2280 Fac
2857 2240 2942 2281 me
2968 2235 3088 2295 post
3112 2227 3225 2282 haec
3251 2229 3454 2291 mitem,
3475 2228 3805 2294 benevolam,
3833 2230 3980 2297 paci-

2425 2314 2600 2380 licam,
2639 2323 2988 2380 mansuetam,
3031 2317 3144 2370 sine
3185 2316 3522 2370 simulatione
3548 2331 3687 2382 esse,
3729 2319 3982 2373 omnibus

2424 2405 2578 2459 bonis
2601 2404 2936 2468 concordem,
2961 2405 3014 2457 in
3038 2405 3250 2474 vigiliis,
3293 2405 3346 2458 in
3380 2404 3615 2474 jejuniis,
3646 2407 3698 2461 in
3725 2408 3981 2464 orationi-

2425 2492 2523 2547 bus
2561 2501 2866 2546 constanter
2909 2502 3199 2548 strenuam.
3248 2494 3322 2547 Da
3369 2495 3533 2548 etiam
3572 2497 3625 2548 in
3668 2507 3982 2552 mansuetu-

2427 2582 2550 2636 dine
2575 2583 2902 2636 moderatum
2933 2596 3230 2637 sermonem
3256 2583 3320 2648 η,
3353 2584 3570 2654 adipisci
3597 2585 3892 2651 silentium,
3921 2596 3982 2640 ut

2429 2671 2614 2739 loquar
2640 2671 2777 2739 quod
2805 2671 3077 2737 condecet,
3110 2681 3310 2727 taceam
3351 2674 3490 2741 quod
3515 2673 3661 2742 loqui
3688 2689 3795 2728 non
3823 2689 3982 2742 opor-

2429 2769 2525 2826 tet,
2554 2761 2636 2815 vel
2664 2762 2918 2830 quidquid
2940 2777 3006 2815 ex
3031 2762 3286 2815 virtutum
3328 2761 3500 2816 fructu
3525 2760 3766 2818 conferre
3794 2761 3982 2832 digna-

2429 2851 2590 2904 beris.
2616 2849 2693 2904 Da
2727 2846 2839 2904 sine
2868 2848 3044 2918 aliquo
3088 2863 3270 2904 errore
3311 2850 3704 2904 immaculatam
3745 2851 3842 2904 tibi
3870 2865 3984 2906 ser—

2430 2953 2556 2992 vare
2577 2937 2754 3004 ﬁdem,
2775 2947 2829 2992 et
2844 2937 2994 3006 juxta
3022 2939 3176 2994 tidem
3202 2955 3356 3008 mgna
3375 2939 3546 2993 “esse
3569 2953 3730 3009 Opera
3760 2952 3902 3002 mea,
3926 2943 3983 2992 ut

2434 3025 2588 3080 ﬂdem
2611 3036 2810 3080 rectam
2837 3042 2994 3095 opere
3031 3042 3192 3097 pravo
3225 3043 3329 3081 non
3356 3028 3618 3097 polluam;
3665 3037 3719 3083 et
3746 3037 3800 3083 te
3823 3045 3982 3098 quem

793 3111 929 3181 pelle
960 3118 1019 3164 ut
1040 3096 1250 3166 faciam.
1282 3109 1454 3166 Suade
1481 3127 1564 3166 me
1590 3112 1612 3143 ⁸
1639 3122 1700 3167 ιιι
1733 3113 1947 3181 diligam
1979 3121 2050 3176 te,
2081 3111 2334 3167 conﬁrma
2434 3113 2694 3168 credendo
2737 3112 3010 3178 conﬁteor,
3039 3096 3187 3168 male
3213 3096 3434 3169 vivendo
3463 3129 3568 3169 non
3613 3096 3870 3185 denegem
3868 3135 3897 3184 _;
3930 3125 3984 3171 et

794 3213 881 3255 me
900 3207 958 3253 ut
986 3207 1191 3254 teneam
1218 3208 1289 3262 te,
1327 3200 1531 3254 custodi
1559 3215 1642 3254 me
1667 3215 1732 3254 ne
1754 3202 1969 3269 perdam
1997 3209 2068 3255 te.
2108 3200 2223 3256 Non
2251 3203 2330 3255 in-
2359 3186 2404 3248 C
2435 3208 2484 3254 te
2501 3215 2658 3270 quem
2681 3209 2893 3255 strenua
2927 3200 3028 3256 (ide
3048 3215 3243 3271 sequor
3268 3210 3409 3267 actu,
3433 3203 3763 3274 negligentiae
3793 3205 3838 3236 “
3859 3219 3985 3275 ope-

797 3287 1066 3355 grediatur
1104 3300 1204 3341 nec
1240 3286 1535 3355 requiescat
1580 3288 1633 3342 in
1673 3287 1938 3342 domicilio
1957 3303 2096 3354 meo,
2125 3288 2215 3343 ubi
2245 3297 2333 3343 tua

796 3378 950 3430 debet
971 3389 1090 3432 esse
1113 3377 1334 3440 mansio,
1371 3391 1467 3446 pes
1503 3378 1778 3447 superbiae,
1817 3392 1916 3432 nec
1946 3377 2079 3447 gulae
2099 3377 2120 3409 '
2141 3392 2335 3432 concu-

796 3465 1074 3534 piscentia,
1123 3463 1400 3520 fornicatio
1442 3480 1540 3520 nec
1577 3466 1819 3531 avaritia,
1855 3466 2054 3520 invidia
2098 3481 2196 3520 nec
2237 3467 2334 3532 ira,

800 3552 1014 3605 tristitia
1040 3565 1138 3606 nec
1164 3567 1296 3606 vana
1318 3552 1502 3621 gloria.
1527 3551 1632 3606 Sed
1651 3551 1962 3622 profundam
1989 3554 2334 3608 humilitatem

800 3655 962 3708 posco
985 3655 1016 3693 a
1045 3647 1119 3703 te,
1147 3641 1234 3708 qui
1256 3640 1436 3700 dixisti
1465 3657 1478 3693 :
1513 3639 1680 3709 Super
1706 3653 1852 3709 quem
1891 3641 2201 3711 requiescam
2235 3642 2337 3696 nisi

800 3743 954 3795 super
975 3725 1218 3778 humilem
1235 3735 1282 3779 et
1302 3726 1545 3795 quietum,
1567 3734 1621 3781 et
1646 3735 1835 3781 caetera
1866 3727 1886 3756 '
1916 3728 2048 3798 (Isa.
2075 3744 2217 3794 LXVI,
2246 3729 2340 3800 2)?

802 3812 881 3869 Da'
912 3815 1040 3869 mihi
1071 3814 1381 3884 profundam
1423 3815 1791 3882 humilitatem,
1832 3831 1936 3885 qua
1971 3825 2222 3873 curvetur
2264 3819 2340 3872 al-

805 3906 974 3960 titudo
995 3905 1192 3968 carnis,
1219 3905 1239 3937 τ
1271 3905 1514 3975 superbia
1555 3919 1672 3975 quae
1711 3920 1796 3960 me
1823 3905 2063 3960 suﬂ‘ocat.
2094 3907 2170 3960 Da
2193 3921 2340 3962 men-

2434 3290 2581 3344 rihus
2602 3305 2707 3344 non
2727 3288 3007 3344 oﬂendam.
3030 3291 3137 3344 Fac
3162 3306 3247 3345 me
3283 3292 3338 3345 in
3361 3301 3546 3348 sancto
3579 3300 3982 3348 conversantem

2437 3378 2481 3408 “
2504 3377 2793 3447 proposito,
2819 3377 2965 3446 sequi
2988 3375 3264 3444 iustitiam,
3283 3379 3504 3448 diligere
3540 3380 3982 3444 misericordiam,

2436 3484 2615 3524 amare
2641 3469 2938 3533 veritatem,
2966 3466 3200 3531 refutare
3229 3469 3585 3534 mendacium,
3621 3468 3815 3524 falsum
3853 3469 3982 3524 nihil

2437 3555 2682 3610 meditari
2722 3555 2804 3609 vel
2853 3553 2995 3623 loqui
3045 3555 3117 3620 ";
3168 3563 3220 3610 te
3270 3555 3648 3624 indesinenter,
3673 3557 3892 3622 timere,
3934 3563 3986 3610 te

2441 3657 2636 3706 amare,
2668 3649 2718 3698 te
2741 3643 2980 3712 diligere,
3003 3652 3090 3697 tua
3117 3654 3374 3714 praecepta
3396 3660 3625 3709 servare,
3648 3660 3836 3714 pacem
3866 3660 3985 3700 cum

2440 3730 2685 3786 omnibus
2703 3730 2817 3785 sine
2845 3729 2964 3785 dolo
2992 3729 3242 3797 retinere,
3265 3733 3304 3764 ⁸⁷
3336 3731 3603 3787 discordes
3631 3734 3745 3788 sine
3770 3734 3988 3788 simula-

2442 3818 2584 3872 tione
2615 3818 2682 3872 ad
2725 3819 3061 3873 concordiam
3099 3831 3406 3888 provocare,
3432 3821 3751 3875 charitatem
3781 3822 3987 3876 cunctis

2444 3905 2796 3960 insimulatam
2842 3906 3050 3974 oﬂ'erre,
3093 3907 3294 3962 nullum
3331 3907 3710 3974 scandalizare,
3738 3909 3867 3964 nulli
3903 3923 3990 3963 me

2005 4011 2385 4075 VARIANTES
2420 4013 2808 4072 LECTlONES.

878 4108 895 4136 ¹
921 4106 1115 4160 Bened.
1139 4103 1397 4173 iumarg.,
1428 4103 1568 4158 inter
1593 4119 1669 4173 se.

807 4244 1158 4311 nequitiamm
1194 4239 1493 4311 superﬂua:
1520 4239 1809 4297 inhonestis
1837 4258 1894 4297 se
1937 4245 2054 4311 dep.

1794 4108 1984 4160 Bened.
2008 4115 2062 4189 tu
2081 4124 2244 4178 marg.
2265 4124 2282 4161 :
2303 4107 2376 4161 ita
2397 4107 2670 4190 masqfort.
2692 4107 2875 4228 lelqen"
2899 4105 3196 4190 superﬂuxa
3218 4117 3273 4162 et
3296 4108 3592 4189 inhonesta,
3613 4107 3690 4162 vel
3708 4118 3765 4162 ut
3783 4110 3840 4162 iu
3862 4125 3986 4190 mea.

1794 4173 1922 4228 rﬂua
1943 4184 1996 4228 et
2017 4178 2150 4228 mh.:
2187 4193 2277 4228 nos
2297 4177 2429 4228 hanc
2447 4178 2705 4228 selimmus
2743 4183 2839 4228 εει.
2861 4193 2982 4228 auia
3007 4192 3178 4228 minus
3217 4176 3452 4228 abstrusa
3485 4193 3591 4228 ma
3611 4184 3705 4228 est.
3745 4175 3872 4228 Ven.
3893 4193 3986 4228 sic.

769 4194 772 4199 ν
810 4175 1001 4228 Theod.
1031 4191 1062 4227 α
1085 4173 1307 4227 secunda
1329 4172 1522 4244 manu,
1562 4172 1628 4244 ad
1663 4173 1922 4244 superﬂua
1943 4184 1996 4229 et
2017 4177 2150 4242 inh.;
2187 4172 2277 4230 nos
2297 4177 2429 4228 hanc
2447 4172 2705 4244 seliéﬂmus
2724 4172 2770 4229 fe

2146 4243 2385 4298 'Bened.
2429 4245 2483 4298 in
2524 4242 2839 4311 mergam.
2873 4242 3061 4308 ’Colb.,
3109 4245 3304 4298 alacra.
3376 4243 3488 4298 ⁸1η
3533 4242 3656 4311 Veri.
3698 4246 3839 4311 deest
3882 4242 3984 4300 me.

2772 4183 2839 4228 ct.
2861 4175 2986 4245 quia,
2999 4178 3178 4245 minus
3217 4176 3452 4245 abstrusq
3485 4179 3591 4245 riga
3611 4184 3705 4230 est.
3745 4175 3872 4230 Ven.
3893 4179 3987 4244 sic,

810 4313 830 4342 '
865 4307 987 4364 Ven.
1014 4310 1088 4362 sic
1111 4307 1406 4377 :nec_gula,
1432 4324 1530 4363 nec
1553 4312 1973 4377 concupiscentia
1991 4307 2120 4374 {nec
2141 4312 2264 4372 for..
2291 4326 2391 4365 nec
2409 4327 2515 4376 av.,
2546 4307 2801 4374 nec'inv.,
2825 4326 2922 4365 nec
2943 4313 3041 4375 ira,
3063 4327 3162 4377 nec
3183 4312 3345 4374 trist.,
3363 4327 3484 4366 nec.
3556 4310 3577 4342 ⁸
3605 4309 3686 4377 1η
3705 4307 3832 4365 Ven.
3853 4312 3989 4367 deest

810 4388 864 4433 et
885 4386 1097 4433 caetera.
1168 4378 1187 4409 '
1221 4374 1372 4440 νῶι,
1419 4377 1593 4430 carnis
1615 4374 1891 4446 superbia).
1963 4381 1985 4412 ⁸
2007 4379 2220 4440 Bened.,
2249 4380 2314 4432 da
2353 4374 2570 4446 velle’la

2577 4378 2806 4447 rgiﬂuas.
2855 4379 2900 4447 γ’
2932 4377 3017 4432 Ita
3053 4376 3174 4431 Ven.
3196 4397 3215 4443 ;
3237 4390 3289 4433 at
3310 4379 3502 4432 Bened.
3525 4380 3598 4432 sic
3628 4395 3640 4431 :
3667 4376 3754 4434 fac
3781 4393 3988 4435 mecum

809 4446 1195 4516 simplicitatem
1223 4445 1693 4516 esseprudentem.
1767 4447 1808 4477 ιο
1836 4447 2049 4516 Βοῃειζη
2092 4447 2365 4516 refugiam.
2442 4448 2482 4478 ιι
2508 4445 2755 4516 ΑΗὶοάάά.
2799 4446 2962 4516 editi:
2991 4455 3047 4500 et
3074 4462 3140 4500 ne
3181 4448 3246 4516 ab
3274 4447 3450 4516 aliquo
3475 4447 3730 4516 decipiar,
3760 4462 3862 4501 nec
3897 4449 3991 4502 ali-

812 4509 968 4582 quem
997 4513 1272 4582 decipiam.
1312 4509 1436 4582 Ven.
1461 4513 1568 4564 hazc
1603 4514 1734 4582 inter
1758 4530 1877 4582 unc.

1903 4513 1923 4594 [
2101 4515 2152 4594 ξ’
2188 4513 2308 4569 Ven.
2324 4515 2468 4594 quas
2499 4514 2614 4594 lect.
2645 4516 2726 4567 hic
2745 4514 2892 4594 habet
2915 4516 3147 4594 iu__corp._
3168 4515 3244 4567 sic
3269 4529 3288 4568 :
3317 4513 3390 4568 Da
3411 4513 3804 4594 etia’mImihiin
3843 4530 3991 4594 man:

811 4578 1086 4651 suetudine
1112 4578 1381 4635 moderati
1422 4580 1687 4651 sermonis
1703 4578 1923 4651 adipisci
1961 4578 2249 4637 silentium.
2303 4583 2487 4651 Altera
2520 4583 2577 4636 in
2607 4599 2773 4651 marg.
2800 4599 2818 4634 :
2841 4578 3102 4651 Da_et_i_ani
3134 4583 3186 4635 in
3221 4597 3390 4637 mans.
3417 4591 3521 4638 non
3545 4583 3873 4646 simulatum,
3900 4581 3990 4636 sed

816 4650 1143 4724 moderatum
1163 4661 1486 4724 sermonem,
1514 4657 1600 4724 _ut.
1626 4648 1941 4724 __‘f_Be‘ned._
1961 4653 2212 4724 in_marg.
2229 4667 2250 4704 :
2271 4666 2367 4724 ius.
2397 4649 2564 4724 φοίβη
2593 4648 2842 4724 dignam;
2860 4648 2953 4724 __.‘_‘.
2980 4648 3103 4724 Yon.
3123 4651 3461 4724 sic:sequor,
3480 4660 3622 4724 actu,
3644 4659 3698 4724 et
3723 4652 3992 4724 negﬁgen-

813 4719 922 4770 tire.
998 4717 1042 4748 ’⁵
1065 4714 1209 4777 γαπ..
1229 4716 1567 4796 εοπιγθτεπίτ.
1625 4715 1667 4746 ⁸⁸
1698 4714 1816 4768 Ven.
1837 4719 1986 4796 add.,
2014 4719 2118 4796 Eae
2144 4714 2230 4796 me
2257 4727 2308 4796 te
2333 4714 2706 4796 indesinenter.
2785 4714 2997 4772 "'Editi
3037 4725 3083 4768 et
3123 4717 3248 4772 Ven.
3277 4714 3411 4773 inter
3447 4714 3563 4772 tu.
3599 4714 3989 4790 (subditbsnon

815 4786 1146 4862 opprimere;
1172 4799 1255 4845 me
1272 4796 1384 4851 pra:
1409 4783 1654 4838 omnibus
1676 4793 2010 4851 peccatorem
2036 4785 2336 4855 inspicere).

2304 4891 2528 4946 NOTAE.

888 5020 916 5048 ι
955 5002 1296 5074 Tenebrarunt
1337 5006 1708 5074 amantissima,
1745 5005 1846 5058 hoc
1883 5017 2090 5072 quoque
2123 5003 2354 5074 vocabu-
2378 5006 2430 5065 Ι)
2454 4964 2520 5058 ad
2544 5004 2711 5074 instar
2737 5003 3083 5074 comparativi
3111 5003 3346 5074 protulit.
3387 5056 3390 5059 _

820 5077 930 5130 lum
957 5073 1258 5127 inusitatam
1285 5072 1439 5124 habet
1463 5069 1922 5138 signiﬁcationem;
1948 5069 2029 5124 est
2053 5069 2194 5124 enim
2217 5069 2355 5125 idem

821 5158 885 5215 ac
925 5143 985 5215 si
1021 5141 1218 5215 diceret
1253 5139 1502 5194 Paulinus
1541 5139 1861 5215 ςΙιανὶιδίηια3
1910 5139 2021 5192 Nisi
2057 5138 2191 5193 forte
2235 5138 2358 5215 sub-

823 5210 1103 5278 intelligas
1122 5209 1297 5278 ipsam
1306 5222 1528 5278 carnem
1542 5207 1686 5278 '_ess_e
1726 5207 2058 5260 tenebrarum
2104 5207 2356 5260 amantis-

825 5275 1034 5341 simam,
1065 5277 1200 5330 sicut
1233 5275 1343 5329 odit
1366 5288 1524 5341 opera
1559 5275 1709 5328 lucis.

895 5349 922 5384 ιδ
957 5343 1022 5397 1η
1067 5345 1364 5409 peuimiora
1406 5342 1650 5410 deﬂuens,
1691 5355 1788 5410 pro
1824 5342 1877 5394 in
1922 5341 2130 5409 pejora,-
2174 5357 2356 5396 verum

867 5412 1145 5480 l“indeque
1163 5420 1216 5480 et
1231 5410 1550 5480 ,superlativa
1596 5409 1742 5480 more
1776 5409 2252 5480 comparativorum
2278 5410 2357 5465 ef-

867 5429 1138 5480 uanuoque
1163 5429 1216 5463 οι
1239 5429 1395 5478 super
1397 5429 1550 5463 tauva
1596 5429 1742 5464 more
1777 5429 2252 5477 comparauvorum
2278 5429 2357 5465 ει-

825 5429 1083 5536 ῗεινιιιιιιιτ.
1129 5479 1268 5532 Dixit
1310 5477 1530 5541 Seneca,
1565 5479 1717 5546 epist.
1766 5478 1905 5532 108:
1944 5495 1960 5526 ι
1998 5479 2072 5531 Ita
2101 5477 2274 5531 tamen
2303 5487 2362 5530 ut

827 5564 1052 5618 quorum
1092 5547 1462 5618 abstinentiam
1512 5547 1790 5618 interrupi,
1838 5546 1992 5618 modo
2024 5561 2272 5618 servem;
2303 5555 2350 5600 et

867 5616 1038 5670 uideni
1064 5614 1397 5671 continentia
1439 5613 1829 5682 proximiorem.
1867 5632 1884 5664 ι
1917 5613 2209 5679 Propiorem
2244 5626 2353 5667 erat

867 5635 1038 5670 Ulﬂeﬂl
1064 5635 1397 5671 commeatu:
1439 5635 1829 5682 ριὀχιωιοΐεηι.
1867 5635 1884 5664 ι
1917 5635 2209 5679 rropiorem
2244 5635 2353 5667 erat

827 5635 1128 5753 dicendum,
1170 5683 1260 5743 sed
1301 5683 1703 5754 superlativum,
1770 5682 1908 5752 quod
1951 5690 2029 5737 est
2073 5683 2353 5752 proximus,

2525 5083 2548 5110 ο
2573 5073 2719 5142 Sicut
2760 5067 2960 5126 tineis...
2987 5067 3126 5142 sicut
3146 5073 3298 5142 ignis,
3329 5078 3433 5125 etc.
3458 5069 3558 5123 Job
3579 5085 3698 5142 xm,
3724 5067 3794 5124 28
3819 5067 3992 5142 :‘ACou-

2454 5140 2729 5192 sumendus
2761 5156 2872 5192 sum
2900 5140 3047 5207 quasi
3086 5137 3453 5207 vestimentum,
3481 5137 3617 5207 quod
3657 5137 3942 5207 comeditur
3961 5154 3992 5191 α

2452 5207 2609 5258 tinea.
2640 5207 2701 5276 in
2724 5221 2877 5276 quem
2902 5203 3073 5276 locum
3121 5217 3334 5262 sanctus
3375 5203 3679 5276 Gregorius,
3721 5205 3816 5258 lib.
3864 5203 3990 5276 Mor.

2456 5288 2530 5336 xi,
2559 5289 2606 5328 e.
2637 5275 2706 5328 25
2729 5271 2757 5327 Ξ
2779 5293 2798 5326 i
2831 5275 2974 5330 More
3011 5275 3165 5328 tinea:
3205 5288 3416 5328 carnem
3461 5271 3682 5327 téntatio
3730 5271 3885 5336 quasi
3910 5287 3995 5326 vo-

2456 5350 2610 5404 stem,
2634 5343 2698 5413 de
2727 5359 2828 5413 qua
2868 5344 3018 5404 exiit,
3045 5344 3327 5413 consumit.
3365 5362 3383 5394 ι
3431 5341 3674 5413 Deigne
3718 5339 3858 5413 idem
3900 5339 3994 5393 Job

2459 5425 2606 5472 xxxi,
2633 5411 2699 5480 12
2721 5409 2911 5480 {Ignis
2937 5422 3007 5464 est
3035 5423 3193 5480 usque
3235 5411 3302 5463 ad
3328 5409 3681 5480 perditionem
3700 5410 3991 5480 _devora_ns,

2459 5487 2507 5546 et
2530 5479 2701 5546 omnia
2721 5475 2990 5532 erddicans
3023 5475 3295 5546 genimina.
3324 5475 3423 5532 Ubi
3452 5483 3665 5530 sanctus
3689 5475 3993 5546 Gregorius,

2459 5544 2550 5597 lib.
2582 5544 2762 5598 Moral.
2792 5561 2936 5610 xxxi,
2965 5542 3082 5600 cfﬂ
3109 5563 3121 5598 :
3164 5565 3182 5596 ε
3228 5547 3283 5600 Si
3309 5545 3496 5598 animm
3541 5557 3794 5612 perverso
3819 5542 3997 5612 ordine

2461 5622 2586 5666 caro
2625 5613 2941 5678 dominatur,
2992 5614 3109 5686 igne
3141 5615 3360 5671 luxurite
3395 5613 3569 5668 omnia
3621 5615 3757 5667 bene
3798 5611 3996 5680 proiata

2463 5691 2862 5737 concremantur
2869 5721 2880 5735 ο
2914 5702 2931 5734 ι
