4174 6424
221 454 322 512 281

993 453 1193 509 LIBER
1229 453 1781 511 EXHORTATIONIS
1814 453 1906 508 AD
1943 448 2295 507 HENRICUM
2334 448 2661 508 FOROJUL.

3289 437 3475 501 .282-

222 566 496 637 praeferre,
517 564 611 621 sed
636 565 883 621 omnibus
908 564 1212 620 inferiorem
1240 563 1500 633 judicare,
1528 576 1777 617 reveren-
1806 554 1861 633 Α
1881 575 2115 615 sumens.
2154 560 2276 613 ideo
2304 559 2460 627 longa
2489 558 2705 611 trahens
2741 553 2990 625 suspiria,
3010 552 3332 608 clamitando
3359 555 3439 609 di-

226 663 355 709 tiam
380 662 435 710 et
457 658 702 709 timorem
724 669 830 709 non
854 662 1069 724 propter
1094 655 1338 707 timorem
1366 660 1660 721 potentum,
1685 650 1779 705 sed

224 745 294 799 ob
320 742 652 800 Altissimum
685 744 965 808 exhibere;
997 744 1297 799 senioribus
1328 742 1699 805 obedientiam,
1725 749 1780 795 et

226 838 543 891 charitatem
566 839 583 869 ί
606 839 894 907 aequalibus
920 837 1110 892 offerre
1138 837 1188 888 ἐ
1222 836 1445 905 gratiam
1470 841 1777 904 opportuna:

226 924 527 981 dilectionis
566 926 869 993 junioribus
910 926 1190 980 ostendere
1237 924 1289 989 ³;
1329 924 1563 977 fraterna
1615 935 1779 976 onera

225 1013 337 1067 sive
384 1014 617 1082 pericula
664 1015 1030 1082 equanimiter
1073 1014 1333 1067 sustinere
1356 1012 1405 1077 ⁶;
1456 1011 1663 1066 cunctis
1707 1010 1781 1065 si-

225 1105 333 1159 mul
362 1106 633 1173 prodesse,
665 1120 769 1159 non
793 1105 1009 1167 obesse;
1034 1102 1162 1156 nulli
1190 1116 1404 1166 nocere,
1436 1101 1565 1154 nulli
1592 1098 1779 1155 adver-

223 1194 355 1260 sari,
394 1193 595 1248 nullum
631 1194 971 1258 calumniari,
1003 1194 1131 1248 nulli
1160 1192 1531 1248 oll'endiculum
1558 1208 1777 1271 ponere,

223 1285 426 1339 nullum
468 1284 741 1351 judicare,
779 1285 907 1339 nulli
949 1286 1257 1353 detrahere,
1296 1286 1422 1339 nulli
1466 1284 1775 1353 injuriosam

222 1387 361 1437 esse,
406 1372 601 1426 nullius
630 1388 848 1441 carpere
874 1373 1059 1436 vitam,
1088 1372 1281 1427 nullius
1309 1373 1585 1441 explorare
1613 1373 1777 1427 semi-

222 1468 352 1522 tam,
386 1457 482 1513 sed
512 1459 577 1512 de
602 1474 686 1513 me
717 1459 827 1528 ipsa
860 1468 1063 1513 tantum
1097 1474 1215 1514 esse
1243 1460 1541 1524 sollicitam,
1580 1461 1775 1515 malum

222 1563 318 1616 pro
362 1548 503 1602 malo
539 1562 873 1618 nequaquam
918 1551 1233 1618 rependere;
1272 1549 1583 1618 injuriarum
1629 1565 1775 1605 mea-

223 1652 339 1690 rum
367 1652 466 1691 nec
490 1650 777 1691 memorem
812 1652 929 1692 esse
957 1638 1219 1692 ullatenus
1257 1654 1353 1694 nec
1377 1639 1657 1699 vindicem,
1682 1636 1777 1691 sed

222 1724 274 1777 in
317 1725 465 1777 omni
516 1725 755 1779 bonitate
798 1740 1052 1793 superare
1110 1726 1394 1790 malitiam;
1442 1724 1775 1780 maledicenti

218 1811 643 1865 benedictionem
689 1826 904 1879 parare;
966 1812 1236 1866 inimicum
1289 1821 1344 1865 et
1387 1813 1616 1866 amicum
1667 1810 1776 1881 65

1878 668 1995 708 cam
2020 666 2034 705 :
2064 650 2260 720 Infelix
2284 642 2375 719 ego
2408 650 2577 706 homo.
2614 648 2729 704 auis
2762 661 2842 699 me
2869 643 3101 697 liberabit
3134 643 3197 696 de
3226 659 3437 701 carpere

1876 742 2058 794 martis
2100 739 2294 809 hujus?
2333 736 2515 792 Gratia
2555 735 2672 788 Dei.
2721 734 2821 787 Per
2867 732 3061 802 quem?
3109 730 3210 784 Per
3256 729 3437 784 Iesum

1878 828 2137 883 Christum
2180 828 2459 882 Dominum
2510 833 2741 878 nostrum
2796 821 2974 892 (Rom.
3023 836 3117 886 vn,
3161 819 3261 897 9.4,
3316 817 3430 889 25).

1876 917 2002 972 Haec
2050 916 2243 981 velim,
2288 931 2321 969 ο
2365 914 2491 969 Jesu
2543 913 2787 967 Salvator
2835 912 2875 942 “
2912 912 3087 974 bone,
3134 911 3436 977 redemptor

1876 1003 2094 1073 optime,
2113 1003 2228 1079 haec
2260 1002 2433 1065 velim,
2469 1016 2588 1071 qua:
2625 1001 2898 1067 hucusque
2927 1013 3067 1051 nunc
3090 996 3434 1065 supplicando

1876 1094 2159 1163 deprecata
2187 1108 2333 1158 sum;
2366 1092 2481 1145 haec
2507 1098 2560 1145 et
2600 1090 2712 1143 haze
2755 1090 3035 1157 deprecor;
3078 1088 3201 1156 quia
3233 1086 3437 1155 pretio-

1877 1185 2089 1239 sissimo
2114 1184 2369 1252 sanguine
2399 1189 2488 1235 tuo
2511 1180 2781 1249 redempta
2818 1194 2957 1243 sum,
2986 1188 3044 1232 ut
3078 1187 3292 1246 propter
3317 1192 3436 1232 car-

1877 1275 1961 1328 nis
2019 1262 2411 1341 corruptionem
2472 1278 2576 1324 non
2633 1283 2846 1337 peream
2888 1269 2942 1321 in
2988 1277 3274 1332 aeternum,
3329 1283 3432 1321 non

1877 1366 2086 1419 veniam
2115 1364 2169 1417 in
2194 1369 2418 1417 mortem
2443 1360 2751 1422 secundam,
2778 1371 2948 1426 neque
2976 1357 3029 1410 in
3058 1366 3254 1410 terram
3300 1355 3437 1410 obli-

1876 1450 2070 1507 vionis.
2102 1452 2227 1507 Haec
2247 1467 2347 1507 vox
2360 1464 2475 1504 mea
2502 1450 2553 1503 in
2570 1449 2786 1502 auribus
2815 1446 3193 1500 misericordia:
3220 1454 3325 1499 tua:
3352 1460 3437 1499 so-

1877 1551 1988 1606 net,
2040 1550 2098 1595 ut
2134 1551 2297 1604 tuam,
2348 1555 2451 1594 non
2498 1538 2675 1593 carnis
2720 1536 2911 1591 faciam
2952 1535 3275 1590 voluntatem
3316 1550 3331 1587 :
3382 1543 3436 1588 et

1877 1631 2051 1685 omnis
2076 1645 2224 1683 mens
2252 1644 2370 1682 mea
2400 1637 2452 1681 te
2478 1628 2781 1689 meditetur,
2818 1626 2872 1678 in
2902 1633 2955 1679 te
2980 1626 3021 1654 "
3046 1624 3357 1688 delectetur,
3384 1632 3437 1678 te

1878 1729 2156 1789 sequatur,
2208 1728 2259 1773 te
2305 1717 2651 1781 confiteatur,
2697 1716 2821 1785 quia
2849 1716 3155 1771 redimendo
3186 1715 3227 1745 ¹³
3256 1728 3339 1767 me
3382 1714 3437 1768 in

1878 1819 2136 1865 :eternum
2185 1809 2548 1863 misericordia
2594 1816 2683 1860 tua
2712 1814 2811 1871 est,
2842 1812 2896 1859 et
2919 1806 2974 1858 in
3004 1814 3093 1859 tua
3137 1806 3439 1859 misericor-

218 1900 476 1969 diligere;
510 1900 748 1955 convicia
775 1910 829 1954 et
857 1900 1201 1955 contumelias
1230 1900 1571 1955 irascentium
1610 1900 1773 1954 susti-
1807 1910 1852 1968 Β
1880 1899 1968 1952 dia
2018 1898 2184 1951 revixi
2212 1898 2418 1966 perdita
2460 1896 2693 1965 peccatis
2727 1896 2769 1926 ”
2796 1895 3161 1950 adolescentia:
3200 1910 3351 1959 mete,
3381 1904 3435 1948 et

217 2004 384 2051 nere,
425 2004 532 2043 non
574 1989 862 2057 rependere
900 1990 949 2054 ³,
986 1988 1206 2056 injurias
1244 1989 1350 2043 cito
1393 1986 1656 2052 oblivisci,
1698 1986 1778 2043 of-

216 2077 420 2133 fensori
446 2084 565 2134 meo
595 2079 889 2148 ignoscere,
906 2080 971 2133 ad
998 2080 1209 2133 veniam
1230 2078 1619 2135 concedendam
1641 2094 1778 2133 sem-

214 2183 315 2236 per
366 2176 601 2237 paratam
644 2183 763 2224 esse
805 2187 818 2222 :
868 2170 1040 2223 aliena
1098 2186 1204 2224 non
1244 2170 1640 2237 concupiscere,
1678 2186 1781 2225 nec

213 2258 500 2312 occasione
538 2258 772 2326 qualibet
810 2254 1016 2311 auferre
1048 2275 1061 2311 :
1102 2272 1219 2311 mea
1254 2273 1380 2311 vero
1408 2273 1513 2311 non
1539 2258 1781 2312 habenti-

212 2347 318 2401 bus
358 2348 772 2403 misericorditer
807 2363 1048 2417 erogare.
1097 2349 1368 2406 Advenam
1395 2350 1415 2380 ⁸
1443 2358 1499 2404 et
1540 2353 1775 2420 peregri-

214 2451 347 2490 num
377 2445 597 2505 propter
627 2444 697 2501 te,
719 2437 810 2506 qui
843 2439 1111 2492 redemisti
1140 2453 1247 2501 me,
1272 2438 1517 2503 retinere,
1541 2441 1797 2511 esurien-g

214 2534 327 2579 tem
365 2525 605 2590 reﬁcere,
648 2520 914 2580 sitientem
942 2535 1147 2594 potare,
1194 2528 1457 2596 hospitem
1510 2528 1775 2597 colligere,

213 2614 419 2673 nudum
448 2616 678 2683 operire,
703 2616 921 2683 visitare
959 2616 1285 2685 languidum,
1310 2618 1583 2685 requirere
1606 2620 1627 2651 ⁷
1654 2634 1779 2672 car-

213 2712 482 2769 ceratum,
522 2704 786 2760 consolari
832 2695 1058 2771 tristem,
1084 2706 1277 2762 alllieto
1316 2715 1368 2762 et
1412 2706 1613 2777 lugenti
1634 2722 1781 2761 com-

210 2792 362 2861 pati,
411 2808 520 2846 non
562 2794 782 2851 babenti
820 2796 1060 2862 praebere
1099 2797 1430 2859 necessaria,
1484 2796 1681 2851 victum
1725 2804 1780 2851 et

212 2879 471 2934 vestitum
514 2880 749 2935 dividere
778 2896 899 2935 cum
944 2897 1128 2953 egeno,
1166 2884 1413 2952 amplecti
1457 2885 1774 2954 indigenam,

213 2969 400 3023 fovere
446 2968 822 3034 domesticum,
873 2985 1053 3033 amare
1100 2973 1468 3041 peregrinum,
1516 2974 1779 3030 redimere

212 3057 512 3124 captivum,
559 3058 828 3127 suscipere
870 3060 891 3090 '
930 3060 1208 3125 advenam,
1241 3062 1379 3116 tueri
1426 3046 1679 3131 pupillum
1727 3072 1780 3118 et

211 3145 554 3213 orpbunum,
605 3144 881 3217 ωσι-διαιιί
924 3148 1124 3213 viduas,
1181 3150 1460 3204 subvenire
1502 3166 1777 3220 oppresso,

1876 1987 1956 2056 egi
1984 1987 2347 2056 paenitentiam
2377 2000 2556 2039 coram
2582 1994 2635 2037 te
2658 1985 2783 2053 quia
2814 1984 3036 2039 servasti
3072 1983 3199 2037 mibi
3227 1990 3436 2050 tempus

1876 2073 2261 2137 conversionis,
2308 2088 2424 2141 qua:
2472 2073 2817 2127 considerans
2864 2081 3079 2139 peccata
3130 2086 3246 2124 mea
3297 2084 3439 2134 com-

1875 2169 2068 2231 puncta
2102 2176 2242 2224 sum,
2269 2169 2322 2213 et
2347 2168 2399 2213 te
2427 2160 2718 2227 inspirante
2758 2158 2841 2228 egi
2867 2158 3232 2225 paenitentiam
3254 2170 3436 2210 coram

1878 2258 1949 2305 te.
2001 2251 2145 2305 Laeta
2184 2250 2297 2318 jam
2341 2251 2463 2305 inde
2496 2250 2590 2304 tibi
2638 2264 2778 2303 nunc
2809 2256 2863 2302 et
2898 2263 3107 2316 semper
3134 2248 3437 2301 innumeras

1877 2342 2074 2411 gratias
2099 2339 2292 2404 refero,
2334 2341 2457 2409 quia
2499 2348 2557 2393 ut
2595 2341 2886 2393 invenirem
2921 2348 2994 2401 te,
3033 2347 3090 2392 tu
3122 2338 3269 2406 prius
3294 2352 3439 2405 quae-

1876 2432 1992 2486 sisti
2021 2445 2134 2494 me;
2164 2438 2223 2485 ut
2253 2431 2480 2489 redirem
2505 2431 2571 2484 ad
2598 2439 2670 2494 te,
2703 2439 2759 2483 tu
2788 2431 3116 2498 compulisti;
3160 2438 3218 2483 ut
3244 2430 3434 2482 verbe-

1878 2537 2046 2585 rarer,
2076 2522 2119 2553 "
2146 2529 2202 2574 tu
2226 2520 2363 2575 sicut
2390 2521 2431 2550 “
2457 2521 2575 2588 pius
2604 2519 2761 2573 Pater
2786 2519 3095 2587 respexisti;
3125 2526 3182 2571 ut
3218 2516 3438 2571 conﬁte-

1877 2629 1983 2680 rer,
2014 2625 2072 2669 tn
2106 2630 2164 2668 es
2188 2622 2466 2682 operatus;
2492 2622 2551 2666 ut
2581 2628 2664 2667 me
2698 2627 3080 2682 recognoscens
3109 2612 3432 2681 plangerem,

1879 2712 1934 2758 tu
1949 2704 2140 2759 dedisti
2168 2704 2319 2759 mihi.
2343 2703 2508 2767 Pone,
2534 2703 3056 2772 Domine,lacrymas
3078 2717 3223 2756 meas
3245 2702 3294 2754 in
3311 2716 3439 2755 con-
3490 2696 3493 2697 ⁷

1877 2800 2061 2859 specta
2093 2800 2183 2845 tuo
2203 2790 2374 2861 (Psal.
2394 2807 2480 2853 LV,
2498 2791 2577 2861 9),
2603 2799 2657 2843 et
2680 2778 2957 2858 perveniat
2992 2791 3056 2844 ad
3085 2798 3136 2843 te
3162 2792 3214 2843 in
3238 2789 3433 2844 coelum

1878 2880 2180 2949 deprecatio
2212 2895 2349 2933 mea.
2372 2879 2590 2944 Adesto,
2609 2894 2818 2948 precor,
2851 2888 2905 2933 et
2931 2880 3171 2941 subveni,
3199 2888 3357 2945 atque
3383 2878 3434 2931 in

1881 2957 2127 3023 manibus
2165 2969 2270 3023 tuis
2295 2968 2718 3023 commendatam
2749 2968 2843 3022 tibi
2891 2983 2975 3021 me
3010 2969 3175 3036 ipsam
3206 2967 3433 3033 suscipe,

1880 3057 2111 3124 liberans
2147 3070 2231 3109 me
2274 3057 2338 3109 de
2364 3071 2457 3110 ore
2503 3057 2781 3111 saevissimi
2807 3057 3076 3121 draconis,
3107 3067 3161 3110 et
3186 3057 3249 3110 de
3276 3070 3436 3109 manu

1879 3144 2199 3199 atrocissimi
2229 3143 2441 3197 inferni.
2470 3143 2601 3198 Cum
2628 3140 2897 3212 acceperis
2926 3161 3033 3209 me,
3062 3152 3115 3199 et
3140 3144 3350 3198 auferes
3370 3144 3437 3198 de

210 3243 473 3303 prestare
502 3232 754 3289 auxilium
792 3234 1062 3301 desolato,
1083 3236 1397 3306 disrumpere
1426 3237 1777 3306 colligationes
1805 3231 1849 3292 C
1879 3234 2052 3374 meti:
2086 3234 2285 3287 umbra:
2311 3234 2517 3297 mortis,
2549 3234 2655 3287 imo
2686 3234 2911 3288 deduces
2934 3236 2985 3287 in
3012 3236 3251 3287 semitam
3280 3233 3437 3297 lucis,

211 3324 496 3374 impietatis
530 3320 662 3374 (lin.
690 3337 843 3374 Lvm.
887 3324 967 3374 6i:
1000 3324 1083 3374 vel
1120 3336 1447 3374 aumcunnue
1484 3334 1778 3374 ιιι-Μηίο-
1883 3321 1937 3373 in
2058 3320 2325 3374 rissimum
2360 3322 2631 3374 restionem
2671 3323 2978 3374 viventium.
3007 3322 3216 3374 Colloca
3266 3336 3350 3374 me
3382 3324 3437 3374 in

211 3324 496 3393 impietatis
530 3320 662 3393 (Ilva.
690 3337 843 3389 LVIII,
887 3324 967 3395 6);
1000 3324 1083 3379 vel
1120 3336 1447 3395 quascunque
1484 3334 1778 3396 praecepto-

211 3429 336 3467 rum
360 3422 577 3472 tuorum
595 3412 904 3467 documenta
927 3413 1215 3480 declarant,
1246 3415 1525 3485 diligenter
1559 3415 1777 3469 credere

210 3512 270 3556 et
287 3502 499 3566 audire,
515 3503 763 3563 ardenter
783 3503 1119 3574 investigare,
1139 3504 1430 3573 prudenter
1453 3506 1614 3570 scire,
1631 3504 1777 3560 festi-

212 3598 413 3644 nanter
437 3603 713 3655 exercere,
755 3591 1120 3647 desideranter
1159 3594 1485 3662 implere,oet
1510 3609 1688 3649 coram
1723 3603 1801 3657 te

212 3678 475 3731 humilem
506 3693 717 3748 semper
735 3680 1001 3734 existere:
1031 3688 1088 3734 ut
1113 3696 1349 3751 surgam,
1384 3697 1489 3737 non
1516 3680 1769 3749 dejiciar;

210 3766 419 3835 erigar,
469 3780 575 3819 non
622 3769 886 3832 subruar;
917 3770 1224 3836 ascendam,
1269 3786 1375 3825 non
1413 3771 1771 3826 descendam:

210 3854 339 3921 quia
366 3867 519 3917 caro,
547 3868 668 3907 cum
702 3869 807 3923 qua
834 3855 1091 3920 bibabito,
1128 3872 1337 3926 semper
1361 3859 1649 3927 perducere
1687 3873 1771 3913 me

211 3939 327 3993 vult
363 3941 433 3994 ad
476 3950 783 4009 peccatum,
829 3958 1038 4001 mecum
1080 3944 1193 3997 vult
1231 3948 1499 4011 coronari,
1532 3946 1625 4001 sed
1665 3962 1772 4001 non

210 4043 427 4083 mecum
460 4030 753 4086 decertare.
777 4030 987 4087 Nullum
1028 4033 1393 4102 pessimiorem
1419 4034 1439 4065 ’
1469 4035 1641 4104 patior
1678 4036 1773 4090 bo-

210 4128 372 4182 stem,
423 4131 583 4185 quam
622 4133 813 4187 corpus
853 4137 1030 4183 meum
1072 4122 1127 4176 in
1171 4137 1279 4191 quo
1320 4125 1555 4179 inbabito
1582 4126 1643 4179 ¹⁰.
1680 4126 1775 4181 Est

212 4206 360 4259 enim
390 4204 543 4272 quasi
583 4204 666 4259 leo
701 4208 986 4263 subversor
1018 4209 1074 4262 in
1115 4211 1272 4265 domo
1315 4227 1431 4265 mea
1467 4211 1655 4282 (Eccli.
1696 4226 1777 4281 tv,

213 4290 325 4363 '55),
372 4290 607 4361 undique
651 4308 735 4349 me
776 4295 1030 4365 pestifero
1064 4313 1248 4353 morsu
1284 4298 1621 4355 dilaceranda
1650 4314 1775 4355 con-

1883 3321 1937 3373 in
1974 3320 2325 3375 clarissimam
2360 3322 2631 3388 regionem
2671 3323 2978 3376 viventium.
3007 3322 3216 3377 Colloca
3266 3336 3350 3376 me
3382 3324 3437 3376 in

1882 3407 2050 3462 caulis
2082 3408 2359 3461 tutissimis
2390 3423 2608 3476 gregum
2646 3418 2878 3471 tuorum,
2919 3409 3044 3477 quia
3084 3418 3137 3461 tu
3171 3425 3228 3464 es
3257 3418 3440 3478 pastor

1880 3497 2089 3560 bonus,
2138 3496 2228 3564 qui
2272 3496 2501 3564 requiris
2547 3503 2601 3549 et
2649 3497 2858 3550 reducis
2900 3498 3161 3565 perditam
3193 3500 3231 3530 ⁸⁷
3259 3514 3433 3564 ovem,

1882 3588 2047 3642 tueris
2090 3596 2145 3642 et
2191 3586 2364 3643 salvas
2410 3589 2679 3645 inventam
2715 3607 2727 3643 :
2757 3605 2914 3644 sanas
2950 3600 3006 3645 et
3046 3591 3194 3647 foves
3234 3593 3442 3661 langui-

1879 3674 2019 3729 dam.
2044 3674 2113 3728 Et
2140 3683 2197 3728 tu
2226 3690 2285 3729 es
2312 3676 2615 3731 misericors
2644 3678 2919 3743 Dominus,
2962 3680 3051 3747 qui
3077 3690 3352 3748 sperantes
3380 3686 3432 3739 iu

1875 3768 1927 3815 te
1970 3775 2076 3814 non
2116 3759 2414 3827 confundis,
2460 3765 2794 3831 requirentes
2839 3778 2891 3819 te
2936 3782 3041 3821 non
3080 3768 3434 3836 derelinquis;

1874 3857 2200 3905 revertentes
2240 3852 2307 3905 ad
2358 3860 2409 3905 te
2463 3868 2570 3906 non
2617 3855 2843 3922 respuis,
2893 3856 2984 3909 sed
3039 3857 3355 3913 exsultando
3379 3866 3435 3913 et

1874 3941 2139 3997 laudando
2171 3943 2416 4010 suscipis,
2454 3952 2612 4011 atque
2652 3944 2705 3996 in
2745 3952 2943 3998 aeterna
2974 3946 3302 4000 beatitudine
3330 3963 3434 4001 una

1876 4047 1997 4087 cum
2023 4032 2226 4086 sanctis
2248 4040 2303 4087 et
2332 4032 2514 4086 electis
2558 4034 2663 4087 tuis
2698 4036 3017 4091 aeternaliter
3045 4050 3267 4106 regnare
3286 4076 3289 4081 .
3306 4054 3435 4092 con-

1876 4120 2021 4174 cedis
2057 4134 2072 4173 :
2116 4119 2240 4188 quia
2281 4127 2363 4173 est
2402 4119 2498 4174 tibi
2541 4135 2663 4175 cum
2708 4130 2908 4176 aeterno
2942 4121 3097 4178 Patre
3132 4133 3186 4179 et
3232 4125 3434 4194 Spiritu

1876 4220 2061 4268 saneto
2084 4227 2187 4265 una
2221 4212 2411 4276 deitas,
2452 4211 2642 4282 gloria,
2672 4214 2859 4276 virtus,
2888 4214 2929 4246 ⁸³
2952 4216 3231 4284 imperium
3257 4202 3432 4285 clipu-

1862 4309 2042 4357 *teetas
2064 4301 2118 4354 in
2145 4299 2338 4355 saecula
2363 4301 2697 4356 seculorum.
2728 4302 2919 4357 Amen.

1418 4407 1809 4463 nummus
1839 4406 2271 4478 LECTIONES.)
2941 4491 2953 4505 .

286 4512 477 4587 [ναι.
507 4506 705 4587 addit,
740 4516 856 4571 sine
884 4516 1225 4586 despectione
1258 4518 1504 4586 aqualib.
1580 4518 1601 4548 ⁸
1630 4518 1743 4587 Ed.
1776 4526 1832 4587 e_t_
1858 4515 1986 4571 Ven.
2034 4518 2181 4582 add.,
2220 4518 2546 4586 principibus
2582 4528 2635 4587 et
2680 4520 2983 4587 potentibus
3020 4520 3336 4577 Christianis
3379 4525 3432 4579 in

216 4583 360 4637 nullo
425 4584 712 4655 resistere,
744 4587 852 4655 sed
916 4583 1217 4641 in_omnib.
1265 4583 1649 4655 obtemperare.
1732 4586 1755 4618 ⁸
1793 4584 1917 4639 Ven.
1968 4596 2015 4639 et
2064 4587 2189 4651 Ed.,
2221 4583 2515 4654 paternum
2559 4583 2806 4641 allectum
2860 4599 3175 4644 monstrare.

3277 4592 3431 4645 ‘Hic

216 4668 415 4720 quoque
459 4650 607 4726 add.,
653 4652 881 4726 amicum
924 4655 1073 4726 νωυὲ
1105 4656 1349 4726 animam
1378 4650 1549 4726 meam
1578 4655 1842 4726 diligere,
1891 4650 2191 4726 proximum
2228 4650 2364 4709 Sicut
2411 4658 2778 4726 memetipsum
2822 4672 3021 4726 amare.
3098 4659 3119 4689 '
3161 4656 3282 4712 Ven.
3311 4663 3429 4715 sic:

218 4734 319 4771 non
368 4720 662 4787 rependere
706 4720 1075 4788 injurias,’sed
1116 4723 1223 4776 cito
1264 4723 1371 4777 obl.
1406 4720 1754 4777 oll‘ensionu'm
1788 4720 2025 4776 mearum
2062 4724 2187 4843 eti;

218 4797 437 4843 propter
465 4803 520 4843 α.
566 4802 612 4839 r.
644 4803 715 4840 In.
746 4790 977 4843 retinere
1014 4791 1353 4843 esurientem.
1405 4800 1458 4843 et
1494 4791 1689 4843 deinde
1730 4790 1967 4843 reﬁcere.
2072 4792 2091 4823 ⁷
2185 4824 2187 4837 ‹

217 4797 437 4884 pr‘epter
465 4803 529 4865 (ι.⁸
566 4802 612 4839 r.
644 4803 715 4840 in.
746 4790 977 4884 retinere
1014 4791 1353 4884 esurientem:
1392 4800 1458 4884 ‘et
1494 4791 1689 4872 deinde
1730 4790 1979 4884 r|eiicereL
2072 4792 2091 4823 ⁷
2142 4790 2299 4884 Vim,
2347 4793 2755 4884 ineas-ceratum.
2798 4818 2806 4827 -

2191 4738 2428 4798 noscere.
2503 4723 2523 4753 ⁸
2545 4722 2641 4777 δὲᾰ
2665 4723 2811 4790 Vern,
2834 4734 2884 4798 at
2906 4724 3123 4798 ρειαί,
3170 4742 3387 4798 erogare
3410 4746 3447 4783 ς’

2846 4793 2867 4824 ⁸
2906 4791 3055 4858 Ven.,
3105 4791 3424 4850 sustentare.

271 4853 423 4935 Vim,
448 4853 704 4923 peiorem.
781 4858 825 4888 ³⁸
860 4856 1235 4935 Ven.,_babito.
1310 4860 1349 4890 “
1392 4857 1617 4935 Veanic
1637 4860 1933 4935 :_salvato_r,
1948 4861 2086 4915 bone
2106 4853 2432 4935 redemptor,
2454 4860 2507 4935 li.
2532 4875 2582 4912 v.
2608 4876 2661 4935 q.
2687 4862 2957 4935 hucusque
2970 4853 3206 4935 supplic.
3238 4866 3295 4935 d._
3312 4879 3429 4935 sum

220 4922 341 4993 haec
354 4922 653 4993 deprecor,
672 4939 789 4993 quae
810 4922 1209 4993 pretiosissimo,
1243 4937 1341 4982 etc.

1428 4928 1469 4958 ¹¹
1501 4928 1713 4990 Bened.,
1736 4936 1791 4981 et
1817 4928 2058 4983 delectet.
2129 4930 2180 4995 _”
2213 4928 2360 4989 Ven.,
2389 4928 2512 4995 quia
2544 4928 2813 4984 redemisti
2835 4928 2939 4993 me,
2968 4931 3021 4984 in
3046 4928 3191 4986 aiter.
3228 4932 3432 4986 miseri-

220 4990 397 5069 cordia
427 5000 542 5043 tua.
600 4992 665 5029 ’⁸⁸
682 4990 1087 5069 Be‘ne'd._n_otan_t_
1104 4997 1158 5069 in
1187 5013 1352 5069 marg.
1371 5012 1389 5049 :
1411 4995 1736 5069 interponant
1762 4995 1904 5048 Editi
1929 5005 1974 5049 et
1992 5012 2089 5069 nu.
2128 4992 2312 5059 Victo.,
2340 4990 2624 5069 et_'_surrexi
2651 5013 2680 5051 a
2704 4990 2949 5063 mortuis,
2974 5001 3221 5069 quoniam
3252 5014 3431 5069 segre-

220 5061 354 5126 gasti
384 5071 471 5111 me
506 5074 539 5133 a
562 5061 797 5127 peccatis
827 5062 963 5115 adol.
980 5130 1009 5133 Α
1043 5062 1087 5093 ⁸⁸
1111 5061 1384 5133 Qenedfin
1412 5061 1577 5133 marg.
1605 5065 1678 5116 sic
1710 5072 1914 5117 monent
1937 5078 1955 5117 :
1985 5065 2207 5133 iterm;2
2223 5081 2241 5127 ,-
2268 5073 2321 5115 at
2344 5064 2487 5122 editi.
2528 5073 2585 5119 ut
2610 5080 2854 5131 vererer;
2878 5061 3011 5120 certe
3036 5068 3185 5120 lectio
3210 5061 3339 5119 edit:
3356 5078 3429 5121 est

221 5127 590 5205 consonantia
623 5130 1039 5205 cumgseqatentib.
1101 5130 1161 5205 _"
1194 5130 1315 5205 Ven.
1356 5131 1442 5184 ad.
1485 5127 1665 5205 pastor
1709 5140 1764 5185 et
1803 5145 1915 5205 pa:
1953 5133 2012 5205 ’ξ’
2044 5132 2133 5188 Sic
2172 5131 2291 5205 Ven.
2310 5148 2329 5195 ;
2355 5142 2409 5205 at
2446 5133 2638 5188 Based.
2666 5135 2783 5190 sic:
2819 5127 3030 5191 ﬁducia
3052 5137 3280 5205 perdita,
3309 5146 3349 5191 t.
3376 5144 3433 5191 et

220 5193 314 5247 sal.
346 5194 571 5251 inventa
591 5212 605 5249 :
628 5209 674 5251 ι.
706 5202 761 5252 et
783 5193 1181 5271 f.'languentia;
1206 5200 1447 5254 omittunt
1469 5193 1606 5254 inim
1626 5193 1822 5255 ovem.'
1873 5199 1917 5235 ⁸⁸
1953 5198 2104 5265 Vm,
2143 5208 2202 5255 et
2225 5193 2525 5271 imperium.
