4174 6444
683 452 791 516 285

1578 457 1633 509 S.
1675 451 2010 509 PAULINUS
2047 449 2478 504 PATRIARCHA
2516 444 3000 506 AOIJlLElENSlS.

3789 433 3893 482 κει

3513 577 3890 592 _—_———

2913 589 3206 600 m

2443 594 2688 603 .———-

1039 770 1145 842 es
1185 697 2115 861 conatuum”
2209 743 2422 856 F0
2446 739 3403 856 ROJULIENSE

1544 988 1629 1096 A
1715 980 2263 1094 SANCTO
2345 981 2944 1092 PAULINO
2987 967 3007 993 ⁸

792 1181 872 1247 IN
915 1178 1165 1244 CAUSA
1211 1171 1792 1238 SACROSANCTE
1835 1177 1862 1216 ἀ
1907 1166 2361 1228 TRlNlTATlS
2403 1168 2503 1226 ET
2548 1165 3160 1228 INCARNATIONIS
3201 1163 3438 1226 VERBI
3482 1162 3745 1226 DIVINI

1993 1263 2592 1324 CONGREGATUM

713 1421 834 1482 Sub
868 1419 1082 1479 Leone
1107 1432 1273 1494 papa
1298 1412 1432 1485 III,
1456 1428 1615 1471 anno
1646 1408 1895 1469 Domini
1922 1407 2039 1464 796
2081 1415 2104 1443 °
2141 1403 2460 1558 eﬁtlgspfpu
2503 1403 2712 1464 MAGM
2757 1402 2853 1474 23,
2892 1400 3236 1496 iit-Italia;
3277 1402 3480 1462 Ptrnvt
3510 1420 3656 1463 vero
3717 1404 3852 1482 ejus

736 1728 777 1781 1.
813 1725 1080 1791 Regnante
1101 1719 1325 1774 Domino
1354 1725 1536 1770 nostro
1562 1713 1688 1769 Iesu
1708 1711 1924 1767 Christo
1943 1711 1996 1764 in
2021 1722 2213 1777 perpe-
2243 1707 2290 1763 Α
2317 1706 2573 1760 sterilium
2605 1708 2928 1762 zizaniorum
2959 1707 3240 1776 manipulis
3283 1709 3338 1761 in
3379 1723 3485 1762 uno
3513 1708 3662 1764 fasce
3704 1712 3891 1779 ignitis

673 1829 815 1872 tuum
857 1830 1017 1884 super
1040 1825 1224 1867 omnes
1249 1807 1430 1869 cmlos,
1473 1813 1526 1859 et
1567 1818 1724 1871 super
1757 1816 1968 1855 omnem
1999 1808 2216 1860 terram,

670 1908 813 1976 Rege
839 1916 1041 1972 regum,
1073 1907 1125 1954 et
1144 1896 1367 1950 Domino
1395 1892 1799 1949 dominantium,
1827 1886 1976 1954 cujus
2000 1898 2219 1976 regnum

671 1993 1048 2062 sempiternum
1088 1995 1188 2049 est,
1234 1984 1324 2052 qui
1345 1990 1426 2035 est
1452 1995 1610 2049 super
1637 1980 1812 2033 omnia
1845 1979 1985 2031 Deus
2006 1975 2220 2030 benedi-

671 2094 788 2137 ctus
811 2082 861 2135 in
876 2077 1085 2134 smcula.
1106 2076 1179 2128 De
1199 2073 1349 2141 cujus
1371 2072 1679 2139 largissima:
1695 2067 2037 2133 benignitatis
2062 2080 2220 2117 manu

670 2168 1000 2224 invictissimi
1051 2164 1318 2234 principes
1360 2160 1604 2215 dominus
1646 2157 1867 2211 Carolus
1900 2170 1960 2208 ac
2001 2154 2222 2221 Pipinus

669 2259 917 2312 donativo
951 2254 1164 2325 pietatis
1191 2251 1306 2319 ejus
1340 2256 1586 2316 suscepto
1613 2245 1807 2314 regalia
1843 2251 2075 2310 sceptra,
2111 2243 2222 2311 ipso

668 2345 958 2416 opitulante
985 2339 1256 2411 prosperis
1293 2339 1586 2408 gubernare
1615 2337 1771 2388 rebus
1805 2334 2113 2401 probantur.

737 2435 800 2488 11.
827 2434 978 2486 Anno
1005 2432 1164 2501 igitur
1187 2428 1494 2482 felicissimo
1511 2425 1838 2494 principatus
1859 2436 2040 2475 eorum
2063 2419 2222 2474 tertio

671 2522 1009 2583 etvieesimo,
1033 2529 1083 2571 et
1102 2516 1404 2586 quindecim
1420 2513 1494 2584 (a)
1513 2511 1783 2565 canonicis
1812 2508 2070 2578 siquidem
2093 2522 2221 2561 evo-

668 2619 848 2666 catum
889 2607 1104 2677 syllabis
1153 2604 1445 2656 fraternum
1473 2599 1821 2669 quorumdam
1858 2599 2222 2666 episcoporum

669 2697 1074 2756 contubernium
1103 2691 1484 2760 Forumjulium
1517 2690 1860 2757 municipium
1892 2686 2223 2755 metropolim

671 2785 1060 2856 Aquileiensem
1081 2788 1400 2835 veneranter
1433 2787 1802 2833 coacervatum
1835 2776 2098 2829 convenit.
2123 2774 2226 2842 lgi-

672 2887 761 2930 tur
796 2872 1148 2928 residentibus
1175 2881 1200 2909 α
1239 2869 1445 2923 cunctis
1471 2883 1536 2921 ex
1561 2882 1709 2920 more
1733 2867 1785 2920 in
1813 2865 2068 2919 sedilibus
2090 2879 2226 2931 pra:-

671 2967 890 3035 paratis,
937 2964 1217 3017 assistente
1257 2976 1382 3015 vero
1407 2961 1818 3026 circumquaque
1865 2972 1970 3009 non
2017 2956 2222 3008 modica

2321 1793 2534 1848 funibus
2577 1795 2832 1864 colligatis
2861 1836 2875 1860 ,
2932 1795 3212 1850 ultricibus
3266 1797 3475 1851 traditis
3527 1799 3581 1851 in
3630 1801 3888 1868 pabulum

2319 1881 2566 1947 ﬂammis,
2618 1886 2884 1939 umbrosis
2923 1885 3265 1938 nihilominus
3296 1898 3343 1949 ι,
3378 1885 3647 1956 suffugare
3676 1886 3887 1958 [For-te,

2321 1971 2602 2042 suffocare]
2645 1972 2934 2026 falsitatum
2974 1974 3318 2027 rhamnieulis
3343 1975 3654 2029 moliuntur.

2389 2062 2474 2115 IV.
2515 2062 2627 2127 Qua
2658 2064 2721 2116 de
2749 2079 2806 2117 re
2835 2063 2957 2117 talia
3003 2072 3056 2117 et
3106 2063 3471 2130 hujuscemodi
3517 2067 3784 2135 pestifeno
3826 2070 3890 2124 de

2320 2149 2547 2217 virgulto
2576 2149 2768 2205 fruteta
2795 2152 3094 2221 gliscentia,
3121 2152 3469 2221 plurimorum
3511 2155 3769 2210 nimirum
3803 2173 3890 2211 ve«

2321 2238 2633 2291 nerabilium
2675 2238 2919 2303 fratrum,
2964 2242 3056 2308 qui
3095 2257 3278 2310 agrum
3311 2244 3473 2296 curia:
3510 2231 3889 2317 cmlestis.pa-

2321 2324 2460 2377 troni
2497 2340 2701 2378 summa
2729 2327 3098 2382 sollicitudinis
3127 2343 3252 2382 cura
3297 2331 3544 2385 excolere
3569 2342 3696 2387 sunt
3720 2335 3889 2403 depu-

2322 2416 2450 2480 tati,
2488 2415 2741 2470 radicitus
2775 2420 3134 2471 necessarium
3169 2418 3284 2473 fore
3309 2431 3652 2490 prospectum
3690 2435 3799 2488 est,
3832 2436 3888 2478 ut

2321 2506 2617 2575 linguarum
2646 2507 2866 2562 falcibus
2889 2510 3200 2562 detruncata
3232 2521 3588 2577 marcescant,
3618 2524 3887 2580 quatenus

2322 2599 2513 2667 saepius
2540 2614 2774 2652 censura:
2793 2600 3098 2669 magisterio
3121 2600 3370 2668 nequitia:
3395 2602 3582 2655 recisis
3607 2619 3887 2660 ramuscu-

2321 2687 2408 2750 lis,
2453 2687 2564 2754 ipsa
2613 2690 2933 2756 quandoque.
2958 2690 3192 2743 radicum
3238 2692 3488 2747 materies
3517 2695 3710 2747 veneni
3744 2695 3883 2748 infu-

2323 2776 2470 2830 sione
2501 2778 2685 2830 vitiata
2722 2779 2958 2832 funditus
2991 2780 3267 2833 evellatur.
3301 2780 3404 2836 Sed
3447 2797 3611 2851 quain
3647 2785 3719 2839 ob
3748 2800 3885 2849 rem,

2316 2863 2466 2930 juxta
2501 2867 2639 2932 quod
2671 2867 2940 2919 definitum
2973 2878 3054 2922 est
3082 2870 3132 2921 in
3161 2869 3261 2924 hac
3288 2872 3588 2925 veneranda
3612 2873 3741 2928 sede
3760 2914 3775 2939 ,
3802 2877 3884 2929 cui

2324 2954 2430 3006 Deo
2454 2963 2668 3007 auctore
2687 2996 2700 3018 ,
2727 2972 2828 3008 non
2855 2957 2987 3010 meis
3010 2959 3236 3024 meritis,
3264 2959 3353 3013 sed
3377 2961 3610 3029 gratuito
3640 2977 3727 3016 me
3747 2979 3883 3031 pra:-

674 3031 900 3107 fratrum
923 3058 1276 3106 consentanea
1295 3050 1468 3111 turba,
1494 3048 1546 3100 in
1571 3047 1793 3100 ecclesia
1815 3047 1982 3098 beata:
1997 3059 2226 3111 semper-
2258 3031 2299 3088 Β
2327 3057 2443 3094 esse
2466 3055 2683 3095 munere
2705 3058 3043 3111 recognosco,
3067 3061 3161 3114 per
3187 3056 3265 3100 tot
3291 3056 3589 3118 temporum
3611 3053 3882 3107 curricula

673 3159 776 3212 que
807 3142 1022 3212 virginis
1051 3140 1140 3194 Dei
1165 3139 1433 3209 genitricis
1456 3138 1631 3191 Maria:
1659 3154 1670 3189 :
1703 3137 1974 3190 immolato
2002 3149 2228 3203 namque

678 3235 786 3286 Deo
810 3232 1041 3299 primum
1068 3229 1120 3282 in
1144 3243 1235 3280 ara
1262 3228 1436 3281 cordis
1457 3225 1717 3279 sacriﬁcio
1751 3226 1940 3287 laudis,
1963 3232 2016 3278 et
2039 3224 2230 3276 oratio-

679 3322 762 3376 nis
799 3319 971 3373 bostia
1000 3320 1052 3370 in
1082 3316 1236 3368 altari
1276 3316 1505 3382 pectoris
1542 3313 1821 3366 cbaritatis
1854 3313 1972 3380 igne
2011 3326 2229 3363 concre-

678 3419 856 3464 mata:
885 3415 1003 3476 post
1049 3405 1390 3473 apostolicam
1433 3412 1488 3457 et
1520 3401 1877 3470 evangelieam
1916 3400 2225 3462 lectionem,

680 3501 994 3570 hymnisque
1027 3495 1388 3565 spiritualibus
1435 3493 1715 3548 salubriter
1758 3491 2079 3560 praelibatis,
2131 3505 2229 3542 nec

679 3592 803 3644 dum
834 3589 1002 3641 valvis
1025 3586 1249 3655 publicis
1273 3584 1564 3637 reseratius
1583 3581 1880 3650 patefactis,
1910 3581 2229 3648 persistente

682 3677 931 3733 nimirum
972 3689 1070 3743 pro
1102 3673 1304 3726 foribus
1333 3672 1475 3741 vulgi
1526 3671 1815 3740 glomerata
1848 3678 2055 3723 caterva
2075 3710 2089 3733 ,
2136 3684 2231 3737 per

592 3753 598 3758 ’
683 3765 986 3823 secretioris
1008 3762 1187 3830 ianua:
1215 3761 1434 3822 aditum,
1467 3769 1686 3813 vocante
1714 3760 2115 3819 arcliidiaeono,
2152 3759 2231 3810 in—

685 3855 966 3909 tromissus
997 3859 1078 3905 est
1111 3851 1177 3904 ad
1205 3851 1418 3903 brevem
1450 3849 1478 3888 b
1510 3848 1850 3902 sacerdotalis
1898 3848 1994 3899 sub
2023 3846 2231 3899 silentio

684 3942 998 3998 venerabilis
1038 3948 1226 3994 catus.
1276 3937 1526 3991 Paulinus
1561 3936 1853 4006 Chtisti~et
1882 3935 2086 3988 Domini
2121 3949 2234 4002 ser-

684 4050 782 4090 vus
814 4035 897 4089 his
926 4033 1101 4088 verbis
1145 4039 1265 4100 post
1311 4029 1579 4100 paululum
1622 4027 1866 4095 loquendi
1913 4025 2232 4096 principium

683 4119 831 4175 dedit
861 4135 880 4173 :

753 4212 864 4282 68
884 4210 968 4264 111.
993 4209 1129 4263 Nulli
1152 4223 1369 4276 prorsus
1388 4206 1624 4270 dubium,
1641 4204 1857 4267 domini,
1876 4206 2229 4269 sacerdotum,

687 4299 778 4369 qui
803 4313 982 4353 sacras
1010 4297 1425 4349 venerandorum
1461 4308 1723 4348 canonum
1763 4293 1970 4360 regulas
1993 4293 2230 4363 vigilanti

691 4405 795 4444 non
819 4386 1059 4442 omiserit
1078 4384 1287 4454 ingenio
1314 4383 1554 4453 sagacius
1587 4375 1882 4448 explorare,
1909 4380 1991 4434 bis
2017 4382 2069 4433 in
2097 4394 2237 4434 anno

690 4477 972 4534 concilium
1014 4487 1108 4542 per
1154 4486 1582 4540 unamquamque
1622 4470 1945 4539 provinciam
1991 4469 2105 4525 ﬁeri
2150 4469 2241 4522 de-

691 4568 816 4622 bere
841 4565 1068 4636 (Nicwn.
1106 4579 1250 4616 conc.
1281 4577 1398 4616 can.
1423 4562 1475 4625 5,
1509 4562 1744 4616 distinct.
1775 4560 1878 4630 l8),
1907 4561 1959 4614 in
1985 4560 2116 4613 urbe
2139 4559 2242 4614 sci-

691 4655 834 4718 licet,
865 4662 920 4706 et
953 4651 1246 4719 metropoli,
1272 4651 1324 4704 in
1347 4651 1579 4719 quolibet
1604 4663 1900 4719 opportuno
1926 4649 2060 4712 loco,
2085 4647 2236 4717 juxta

693 4741 1081 4812 metropolitani
1102 4741 1334 4809 ejusdem
1359 4741 1590 4812 regionis
1607 4741 1908 4804 arbitrium,
1943 4749 1998 4794 et
2021 4749 2080 4794 ut
2107 4751 2244 4794 tem-

694 4834 840 4904 poris
883 4831 1208 4886 commodius
1247 4830 1526 4884 dictaverit
1556 4831 1705 4894 ordo,
1751 4837 1967 4896 propter
2001 4843 2244 4883 necessa-

694 4923 830 4975 riam
859 4921 1101 4975 videlicet
1128 4919 1498 4976 ecclesiastica
1540 4920 1812 4989 dignitatis
1842 4933 2049 4972 curam.
2081 4919 2244 4985 Quin-

696 5008 809 5063 imo
838 5018 1053 5077 propter
1083 5006 1397 5062 conﬁdentia
1422 5007 1770 5077 gerendarum
1795 5022 1974 5062 rerum
1995 5007 2243 5062 confusa-

695 5113 802 5169 que
851 5098 1078 5166 negotia,
1124 5112 1243 5167 qua:
1270 5097 1506 5150 crebrius
1546 5095 1655 5149 litis
1692 5095 1758 5149 de
1802 5096 1978 5150 radice
2019 5097 2247 5164 spinosis

704 5201 985 5241 causarum
1027 5174 1294 5254 emergere
1327 5183 1521 5238 aculeis
1563 5185 1855 5248 consuevit,
1893 5199 1956 5238 ac
2003 5199 2100 5252 per
2145 5185 2249 5238 hoc

702 5274 1007 5346 pullulantia
1051 5273 1297 5326 dominici
1341 5273 1480 5326 ruris
1530 5273 1751 5326 triticea:
1797 5275 1982 5327 messis
2021 5274 2247 5326 virentia

704 5373 819 5419 sata
866 5363 1074 5427 adhuc,
1112 5370 1172 5416 ut
1202 5362 1272 5414 ita
1323 5363 1565 5426 dixerim,
1619 5361 1756 5414 infra
1807 5363 2011 5429 stipula:
2042 5363 2247 5416 thecam

706 5452 1059 5522 spiritualium
1083 5446 1344 5505 fructuum
1364 5453 1695 5520 turgentibus
1713 5453 1890 5520 spicis,
1919 5469 2017 5507 nec
2039 5455 2166 5510 udum
2192 5455 2249 5515 in

2263 4341 2309 4404 C

2330 3130 2544 3183 minime
2565 3131 2634 3184 sit
2652 3133 2921 3185 reverendi
2942 3134 3147 3186 concilii
3164 3136 3330 3190 sessio
3342 3136 3631 3203 celebrata,
3649 3149 3887 3194 vestram

2329 3221 2464 3272 scire
2509 3235 2609 3273 non
2653 3221 2864 3290 ambigo
2903 3222 3320 3276 sincerissimam
3368 3225 3709 3280 cbaritatem.
3755 3226 3885 3281 Nam

2327 3317 2543 3374 propter
2572 3308 2837 3375 improbos
2859 3349 2871 3371 ,
2899 3311 2987 3377 qui
3024 3309 3195 3362 solent
3240 3311 3560 3379 irrumpere,
3590 3315 3887 3370 mundanas

2328 3396 2603 3458 tumultus,
2646 3405 2965 3464 propterque
3017 3399 3344 3452 imminentia
3371 3401 3678 3469 praeliorum
3725 3404 3884 3469 bella,

2328 3503 2445 3556 qua:
2479 3487 2889 3555 circumquaque
2909 3503 3003 3555 per
3029 3504 3215 3558 gyrum
3237 3489 3420 3544 finium
3447 3499 3757 3547 nostrorum
3789 3493 3888 3548 fre-

2329 3577 2490 3629 menti
2508 3576 2780 3630 forocitate
2797 3579 3039 3645 ingruere
3067 3595 3169 3632 non
3197 3581 3498 3645 cessabant,
3523 3581 3885 3636 intermissum

2331 3666 2541 3720 interim
2587 3669 2686 3720 hoc
2730 3671 3070 3738 magnificum
3112 3687 3242 3738 opus
3276 3671 3458 3740 procul
3503 3673 3666 3726 dubio
3697 3674 3888 3742 poterit

2330 3761 2630 3828 approbari.
2687 3761 3063 3816 Verumtamen
3104 3778 3206 3815 non
3251 3763 3463 3830 penitus
3523 3755 3886 3818 intermissum

2331 3850 2576 3902 veridicis
2613 3850 2814 3914 valebit,
2847 3853 3230 3908 assertionibus
3263 3852 3538 3907 aestimari.
3591 3853 3727 3906 Nam
3759 3869 3887 3921 quo-

2332 3941 2433 3994 tics
2478 3941 2782 3995 reverendis
2828 3941 3208 4012 principalibus
3256 3942 3503 3996 accersiti
3550 3942 3814 4009 imperiis,
3840 3943 3888 4006 in

2333 4027 2565 4096 generali
2612 4028 2970 4082 celeberrima:
3015 4029 3199 4098 synodi
3252 4029 3636 4082 venerabilium
3672 4028 3888 4082 Patrum

2334 4119 2679 4172 conventione
2701 4119 3046 4173 humillimam
3073 4121 3353 4190 parvitatis
3379 4136 3510 4174 mea:
3530 4120 3888 4189 praesentiam,

2334 4207 2458 4274 quia
2489 4207 2680 4275 saepius
2719 4209 2939 4276 contigit
2973 4208 3224 4273 adfuisse,
3250 4210 3444 4264 vestris
3467 4218 3548 4262 est
3579 4209 3798 4271 animis,
3834 4215 3890 4260 ut

2336 4297 2546 4363 Opinor,
2600 4311 2705 4349 non
2757 4297 3018 4361 celatum,
3069 4300 3368 4367 vestrisque
3408 4303 3571 4352 etiam
3621 4300 3892 4353 obtutibus

2340 4385 2548 4452 quoties
2595 4383 2790 4437 clarius
2837 4375 3072 4452 patuisse
3119 4385 3172 4438 in
3210 4395 3479 4454 promptu,
3538 4402 3642 4440 non
3688 4387 3888 4440 dubito.

2341 4473 2490 4528 Nunc
2510 4481 2687 4526 autem
2717 4475 2893 4526 divina
2923 4475 3217 4543 opitulante
3244 4475 3550 4541 clementia,
3578 4478 3778 4533 attritis
3800 4480 3894 4532 uti-

2341 4578 2443 4632 que
2483 4563 2737 4616 ferocium
2786 4563 3134 4618 barbarorum
3166 4566 3427 4634 superbia:
3453 4577 3477 4604 ι
3513 4566 3679 4633 typho
3707 4567 3893 4621 erectis

2342 4653 2662 4724 cervicibus,
2683 4652 2879 4705 auxilio
2904 4667 2999 4723 per
3017 4655 3194 4708 omnia
3216 4640 3628 4709 adminiculltnte
3649 4655 3718 4710 de
3743 4655 3892 4720 ctelo,
3946 4661 3953 4673 ‘

2342 4740 2543 4794 reddita
2573 4739 2682 4806 jam
2709 4740 3034 4809 quietissima
3057 4756 3187 4810 pace
3214 4742 3394 4807 terris,
3421 4755 3652 4810 superna
3676 4757 3892 4810 prorsus

2341 4829 2595 4898 largiente
2615 4831 2802 4898 gratia,
2833 4829 3205 4898 paululumque
3228 4831 3612 4898 respirantibus
3632 4833 3894 4900 regalibus

2336 4915 2520 4982 jussis,
2552 4916 2911 4969 necessarium
2942 4915 3188 4971 duximus
3226 4930 3562 4984 summopere
3584 4917 3894 4974 festinantes

2342 5005 2740 5062 dilectissimam
2757 5004 3142 5062 fraternitatem
3159 5015 3415 5073 vestram,
3423 5006 3576 5075 juxta
3599 5013 3892 5079 priscorum

2345 5111 2610 5151 canonum
2637 5096 2964 5152 inviolabiles
2989 5097 3323 5161 sanctiones,
3356 5099 3408 5153 in
3435 5115 3542 5153 uno
3570 5099 3794 5170 collegio
3813 5117 3895 5170 ag-

2345 5185 2553 5255 gregari
2581 5201 2592 5235 :
2618 5194 2878 5252 quatenus
2905 5184 3185 5238 insolubile
3209 5185 3487 5240 cbaritatis
3508 5187 3722 5241 vinculo
3753 5187 3892 5241 colli-

2315 5294 2323 5304 -
2348 5274 2455 5342 gati
2475 5314 2488 5338 ,
2518 5273 2826 5342 suppliciter
2858 5288 2978 5327 eum
3007 5281 3312 5338 exorantes,
3341 5275 3430 5343 qui
3472 5276 3583 5328 suis
3620 5276 3894 5344 dignanter

2347 5375 2461 5416 sese
2503 5360 2743 5416 fidelibus
2774 5361 3075 5430 repromisit
3109 5364 3160 5416 in
3210 5363 3384 5416 medio
3428 5362 3759 5429 adfuturum,
3811 5364 3892 5418 ubi

2257 5505 2262 5509 _
2305 5449 2409 5514 ιλιι
2441 5466 2607 5507 unum
2638 5451 2741 5503 duo
2772 5450 2853 5502 vel
2886 5458 2994 5504 tres
3028 5451 3081 5504 in
3123 5450 3240 5518 ejus
3285 5449 3480 5507 fuerint
3525 5455 3739 5508 nomine
3779 5471 3893 5510 con-

705 5540 959 5596 ﬂaventes
979 5539 1179 5595 culmos
1197 5555 1386 5594 aureas
1410 5550 1746 5608 erumpentes
1762 5541 1972 5605 aristas,
1999 5556 2097 5595 nec
2122 5540 2246 5594 dum
2349 5541 2570 5611 gregati.
2613 5539 2804 5608 Sicque
2853 5541 2950 5594 sub
2984 5540 3098 5609 eius
3138 5541 3417 5609 praesentia
3438 5583 3452 5606 ,
3505 5543 3632 5597 licet
3679 5545 3892 5616 indigni,

763 5654 1115 5776 ιγὴίὶοὶηιςίιιιῖ»
1133 5655 1184 5708 in
1207 5654 1494 5709 Annalibus
1517 5656 1583 5708 ad
1603 5669 1690 5708 an.
1713 5654 2001 5724 795,1cgit,
2019 5665 2065 5708 et
2087 5657 2236 5724 quin-

799 5726 987 5776 erimo.
1039 5733 1093 5776 et
1156 5725 1546 5776 chronologiam
1610 5732 1884 5776 nrooterea
1946 5727 2236 5776 nerturbat.

710 5725 987 5790 toderimo,
1039 5733 1093 5779 et
1156 5725 1546 5796 chronologiam
1609 5732 1884 5794 propterea
1946 5727 2238 5793 perturbat.

2346 5651 2648 5718 Quindecim
2675 5651 2879 5702 litteras
2901 5647 3185 5721 canonicas
3206 5658 3415 5721 oportet
3442 5651 3690 5721 intelligi,
3716 5654 3892 5709 missas

2348 5717 2414 5777 ad
2455 5721 2673 5778 totidem
2706 5719 2990 5791 provincia:
3019 5717 3371 5786 Aquileiensis
3398 5717 3699 5793 episcOpos.
3732 5721 3888 5778 HABI‘.
