4174 6426
320 444 426 499 285

1463 448 1828 507 CONCILIUM
1864 447 2386 503 FOROJULlE-NSE.

3415 453 3517 509 286

321 555 436 624 ejus
461 565 641 614 tamen
666 557 848 614 famuli
876 546 1171 626 constituti,
1197 559 1509 630 incipiamus
1529 559 1639 630 jam
1656 561 1872 630 jamque
1901 566 1943 622 Α
1975 560 2102 623 lare,
2132 561 2355 615 cultiore
2383 562 2558 629 potius
2587 576 2769 629 sensu,
2795 579 2952 633 quam
2997 567 3154 638 style,
3185 569 3340 637 cupio
3365 571 3520 625 redo-

322 649 440 717 ipso
463 656 704 713 auctore,
736 657 789 703 et
809 656 1233 704 consummatore
1270 651 1436 704 nostri
1461 650 1789 726 certaminis,
1814 656 1868 702 et

324 737 618 807 perfectore
653 753 873 808 operum
906 747 1234 805 nostrorum,
1262 741 1386 808 quin
1413 739 1588 808 potius
1617 754 1832 793 suorum
1853 780 1868 803 ,

324 827 494 894 magis
523 827 720 891 dicam,
746 841 903 895 quam
929 835 1231 882 nostrorum
1255 842 1475 896 operum
1493 826 1866 895 perfectorem,

319 916 448 984 quia
467 915 645 969 omnia
665 913 780 981 ejus
803 922 948 980 sunt,
973 923 1028 969 et
1054 915 1118 970 de
1141 896 1280 969 illius
1305 924 1495 971 cuncta
1519 915 1685 984 gratis
1703 915 1871 968 susci-

324 1021 499 1077 puuus
534 1022 713 1063 manu.
761 1005 1027 1074 Scriptum
1073 1005 1266 1074 quippe
1313 1014 1397 1058 est
1434 1019 1448 1057 :
1483 1003 1670 1079 Omnia
1716 1020 1870 1073 Opera

322 1103 496 1146 nostra
521 1087 759 1163 operatus
780 1094 926 1146 estin
949 1091 1091 1146 nobis
1113 1086 1293 1162 (Isaiw
1315 1108 1460 1156 xxvi,
1485 1091 1591 1162 ιε).
1620 1091 1866 1160 Diligenti
1907 1141 1912 1147 .

319 1182 559 1250 profecto
576 1183 847 1252 exigentes
865 1197 1015 1247 cura,
1027 1183 1071 1237 si
1095 1197 1195 1249 qua
1213 1191 1335 1235 sunt
1355 1179 1529 1244 irrita,
1550 1187 1602 1233 et
1615 1179 1816 1234 enormi
1833 1177 1867 1222 b

320 1272 548 1325 statione
593 1270 950 1339 persistentia,
990 1285 1109 1338 qua:
1150 1257 1318 1324 sacris
1358 1273 1601 1337 oporteat
1633 1266 1872 1320 valenter

319 1361 525 1431 legibus
573 1359 839 1425 coerceri,
862 1351 1162 1428 "praiterita
1225 1358 1494 1427 corrigere
1517 1397 1531 1421 ,
1587 1356 1868 1425 pmsentia

319 1448 667 1503 suﬁ‘ulciendo
692 1437 1047 1510 constituere,
1074 1445 1248 1500 futura
1273 1445 1619 1514 praecavenda
1641 1445 1830 1498 vitare.

388 1536 451 1589 V.
492 1534 598 1588 Sed
643 1535 892 1604 quoniam
928 1535 993 1588 ad
1019 1535 1175 1602 hujus
1221 1533 1509 1602 spiritualis
1537 1532 1746 1588 azdiﬁcii
1790 1531 1870 1585 fa-

316 1625 520 1680 bricam
552 1625 982 1684 constituendam
1024 1622 1364 1677 fundamenta
1390 1630 1514 1676 sunt
1554 1622 1782 1691 primum
1809 1619 1870 1672 ﬁ-

315 1715 399 1768 dei
423 1713 765 1768 nihilominus
788 1710 1357 1780 profundiusjacienda
1385 1705 1544 1779 super
1565 1710 1692 1762 illud
1721 1709 1869 1761 vide-

315 1803 441 1856 licet
485 1800 769 1858 inﬁexibile
793 1800 1192 1854 fundamentum
1234 1799 1402 1852 modis
1435 1799 1681 1852 omnibus
1726 1798 1866 1851 inse-

315 1893 480 1945 renda
504 1931 519 1957 ,
545 1891 611 1946 de
651 1907 756 1960 quo
782 1906 879 1961 per
916 1889 1138 1953 Paulum
1165 1890 1360 1944 dicitur
1389 1903 1403 1941 :
1446 1887 1865 1942 Fundamentum
1898 1869 1944 1929 Β

310 1987 451 2066 enin}
497 1983 642 2037 aliud
671 2000 817 2038 nemo
849 1993 1012 2052 potest
1039 1998 1225 2052 ponere
1249 1989 1436 2051 praeter
1463 1967 1521 2032 id
1557 1978 1694 2049 quod
1732 1978 1870 2047 posi-

309 2083 420 2127 tum
450 2083 546 2138 est,
577 2075 714 2144 quod
736 2083 810 2128 est
840 2073 1074 2128 Christus
1101 2073 1253 2126 Jesus
1277 2072 1326 2142 (I
1355 2071 1474 2125 Cor.
1512 2087 1596 2136 ιιι,
1633 2071 1742 2140 ll).
1768 2070 1870 2124 Cu-

307 2161 397 2229 jus
429 2163 682 2216 nimirum
719 2162 1046 2216 fundamenti
1074 2161 1524 2216 constructionem
1550 2161 1705 2214 debet
1728 2161 1871 2213 inor-

312 2253 494 2304 dinata
519 2267 676 2304 manu
695 2250 893 2318 jactata
925 2249 1120 2304 fulciri.
1141 2248 1346 2303 Clamat
1368 2247 1604 2316 profecto
1626 2247 1711 2301 illa
1735 2262 1872 2315 prce-

308 2342 468 2394 conia
507 2356 635 2396 voce
657 2341 711 2398 in
740 2340 938 2393 amoris
962 2339 1209 2402 Cantica,
1237 2339 1290 2392 in
1319 2338 1470 2405 cujus
1502 2335 1718 2390 thalami
1745 2353 1872 2391 con-

309 2429 607 2483 structione
630 2427 1019 2496 haecjaciuntur
1039 2427 1198 2482 altius
1217 2426 1581 2489 fundamenta,
1603 2426 1869 2488 ordinata,

309 2521 412 2583 ait,
451 2521 505 2572 in
541 2535 621 2572 me
648 2519 898 2572 charitate
923 2516 1096 2588 (Cant.
1125 2533 1164 2570 ιι
1183 2555 1197 2577 ,
1226 2515 1302 2586 4).
1325 2515 1528 2583 Cuique
1565 2513 1716 2583 longe
1746 2522 1871 2566 ante

307 2605 622 2676 prephetico
663 2604 1134 2674 repromittehatur
1182 2603 1425 2667 oraculo,
1467 2602 1739 2666 Sternam,
1791 2601 1872 2655 in-

307 2694 536 2764 quiens,
566 2711 656 2763 per
681 2694 912 2748 ordinem
937 2692 1130 2762 lapides
1156 2703 1300 2757 tuos,
1332 2692 1559 2762 fundabo
1584 2702 1631 2745 te
1661 2693 1714 2744 in
1746 2708 1869 2760 sap-

305 2781 458 2850 phiro
474 2779 606 2850 (Isa.
622 2795 730 2845 uv,
747 2781 856 2852 ll).
872 2780 972 2834 Per
990 2781 1294 2849 sapphirum
1317 2780 1529 2850 quippe,
1547 2781 1634 2848 qui
1659 2793 1868 2833 aeream

309 2869 465 2940 ﬁngit
489 2866 785 2922 simulando
809 2866 1241 2936 pulcritudinem,
1268 2868 1389 2922 ﬁdei
1416 2868 1741 2922 simillimum
1763 2883 1868 2922 non

309 2957 753 3013 inconvenienter
779 2956 1111 3011 demonstrat
1132 2957 1466 3028 mysterium.

382 3044 472 3098 Vl.
501 3043 741 3098 Primum
760 3058 888 3114 ergo
912 3044 1084 3099 visum
1105 3055 1188 3098 est
1209 3045 1360 3110 mihi,
1389 3045 1624 3099 omnium
1649 3045 1868 3101 minimo

310 3132 525 3187 Domini
582 3133 861 3187 servorum
914 3133 968 3184 in
1019 3132 1177 3201 primi
1218 3132 1422 3187 ordinis
1474 3131 1648 3187 fronte
1694 3133 1865 3201 ipsum

309 3231 515 3279 textum
543 3221 768 3292 symboli
793 3221 1076 3276 salubriter
1097 3236 1126 3274 a
1161 3223 1361 3276 sanctis
1387 3221 1588 3276 editum
1619 3221 1869 3276 Patribus

309 3312 467 3382 quasi
490 3311 687 3365 lineam
716 3310 770 3363 in
793 3309 1051 3363 directum
1079 3321 1104 3349 α
1128 3309 1469 3363 normulatim
1499 3324 1650 3377 mquo
1684 3311 1868 3363 mode-

311 3400 543 3463 ramine,
576 3398 630 3452 in
668 3397 994 3452 fundamenti
1040 3396 1198 3466 hujus
1231 3398 1483 3466 spiritalis
1513 3397 1721 3453 aediﬁcii
1749 3413 1869 3452 mo-

306 3493 378 3557 le,
405 3491 736 3545 intrinsecus
753 3530 767 3553 ,
793 3503 856 3542 ac
879 3487 1173 3560 forinsecus
1201 3488 1415 3542 tendere
1433 3527 1448 3552 ,
1492 3496 1550 3542 ut
1598 3498 1870 3557 coaequata

305 3585 459 3653 juxta
491 3580 632 3634 illius
660 3577 990 3633 rectitudinis
1023 3578 1321 3633 normulam
1348 3586 1456 3632 tota
1497 3579 1666 3634 nostri
1694 3580 1872 3648 operis

309 3670 542 3734 fabrica,
583 3669 709 3724 hinc
753 3669 874 3723 inde
901 3667 1176 3723 catholicae
1200 3667 1321 3723 ﬁdei
1354 3667 1586 3723 libratim
1608 3669 1870 3724 submissa

306 3757 686 3828 perpendiculo
707 3796 723 3822 ,
774 3757 974 3812 rectius
1000 3758 1071 3811 ad
1099 3757 1286 3835 altiora
1307 3771 1642 3826 excrescens,
1679 3775 1872 3817 conve-

310 3847 522 3908 nienter
552 3845 606 3899 in
631 3853 855 3914 utroque
876 3845 1100 3914 pariete,
1129 3845 1295 3913 aequis
1325 3846 1741 3915 disputationum
1763 3865 1872 3905 me-

311 3937 406 3990 tita
453 3934 728 4000 funiculis,
757 3935 810 3989 in
857 3950 1064 3988 summa
1091 3935 1327 3990 scientia:
1368 3946 1483 3990 arte
1527 3938 1870 4005 perfectionis

308 4029 522 4082 culmen
541 4026 788 4080 veridicis
802 4026 1185 4080 assertionibus
1205 4024 1472 4080 fulciatur.
1496 4027 1820 4085 Persistente
1842 4031 1870 4070 δ

309 4127 485 4172 autem
514 4113 673 4183 hujus
693 4115 972 4168 invisibilis
993 4114 1203 4169 aediﬁcii
1228 4116 1502 4182 aequaliter
1526 4118 1870 4175 tricamerata

309 4218 612 4272 structura,
661 4215 890 4276 quatuor
916 4221 1136 4274 prorsus
1172 4207 1426 4262 virtutum
1472 4210 1749 4268 altrisecus
1776 4195 1872 4282 po-

309 4301 426 4355 sitis
454 4298 684 4353 subnixa
724 4297 1047 4361 fornicibus,
1069 4295 1394 4365 jamjamque
1430 4299 1624 4368 triplici
1671 4315 1872 4372 purpu-

312 4403 512 4458 reoque
560 4386 615 4439 in
659 4384 916 4455 funiculo,
946 4385 1037 4452 qui
1065 4381 1277 4437 difﬁcile
1325 4387 1610 4454 rumpitur,
1648 4405 1868 4444 aureum

305 4475 595 4547 jucundius
605 4468 958 4542 suspendatur
975 4474 1136 4529 decus
1153 4482 1602 4531 ornamentorum.

374 4565 483 4636 67
521 4560 630 4617 VII.
665 4559 791 4616 Post
830 4559 1186 4614 inviolabilem
1216 4559 1398 4629 igitur,
1442 4572 1498 4617 et
1537 4579 1658 4620 meo
1711 4582 1867 4624 sensu

312 4654 481 4708 modis
536 4650 781 4706 omnibus
821 4647 1155 4703 inserendam
1200 4646 1436 4718 Symboli
1483 4653 1866 4721 definitionem,

311 4757 341 4795 a
375 4738 700 4796 venerandis
727 4735 973 4790 videlicet
1005 4735 1164 4804 (sicut
1205 4737 1404 4791 dictum
1431 4739 1533 4809 est)
1562 4719 1690 4796 olim
1731 4719 1870 4811 prae?

312 4829 518 4885 salibus
543 4836 729 4884 sancto
745 4825 1021 4883 xcvelante
1051 4825 1252 4895 Spiritu
1287 4828 1600 4884 mirabiliter
1625 4835 1870 4900 praeliba-

314 4927 417 4974 tam
447 4938 460 4974 :
487 4935 521 4972 a
554 4915 810 4972 trecentis
835 4914 1095 4982 siquidem
1144 4917 1325 4972 decem
1361 4924 1430 4987 et.
1448 4926 1588 4985 octo,
1614 4923 1702 4989 qui
1731 4925 1869 4991 apud

315 5010 544 5065 Nicaeam
588 5006 868 5076 Bithyniae.
892 5013 947 5059 et
973 5013 1184 5060 centum
1207 5007 1588 5079 quinquaginta
1613 5011 1703 5079 qui
1729 5013 1868 5081 apud

314 5094 846 5163 Constantinopolim.
897 5093 972 5148 De
1019 5094 1273 5164 mysterio
1314 5111 1542 5165 namque
1579 5085 1776 5153 sanctae
1813 5108 1868 5154 et

320 5187 574 5240 mirabilis
599 5179 880 5236 Trinitatis
904 5179 1139 5248 planiore
1179 5167 1265 5235 me
1302 5185 1667 5252 repromisisse
1700 5184 1865 5255 proﬁ-

320 5287 430 5331 teor
461 5287 712 5329 sermone
738 5270 1001 5324 dicturum
1029 5288 1041 5322 :
1069 5272 1383 5340 sophisticas
1425 5288 1519 5342 per
1543 5275 1718 5327 omnia
1743 5290 1864 5329 ver-

318 5363 501 5418 borum
525 5376 550 5402 ι
571 5360 822 5431 phaleras
851 5351 1289 5423 deviiantes,‘sed
1311 5368 1364 5414 et
1392 5361 1682 5432 isagogicas
1709 5379 1866 5433 argu-

321 5461 614 5507 mentorum
656 5446 1014 5514 relinquentes
1056 5445 1447 5502 inextricabiles
1475 5449 1864 5516 conclusiones,

319 5543 626 5614 simpliciter
651 5545 869 5607 propter
888 5536 1202 5605 simplicium
1224 5547 1456 5603 mentes,
1488 5539 1861 5608 liquidiusque,

321 5639 375 5683 ut
422 5633 671 5685 humana:
718 5625 976 5694 permittit
1021 5625 1343 5694 possibilitas
1390 5627 1712 5681 inﬁrmitatis
1744 5644 1756 5679 :
1784 5627 1865 5680 vel

323 5727 479 5784 certe,
521 5726 580 5772 ut
621 5716 738 5785 ipsa
768 5713 831 5768 de
873 5727 931 5767 se
972 5723 1154 5768 sancta
1178 5713 1423 5782 dignatur
1446 5715 1678 5770 Trinitas
1723 5729 1865 5770 reve-

1968 649 2098 712 lere,
2141 657 2360 718 propter
2393 652 2566 706 varios
2608 653 2849 709 videlicet
2889 655 3254 718 haereticorum
3285 673 3518 726 errores,

1968 738 2307 806 diversasque
2325 739 2673 807 quorumdam
2699 742 3014 810 simplicium
3036 746 3383 814 suspiciones,
3410 761 3516 801 non

1967 823 2187 878 alteram
2213 839 2530 893 componere
2555 827 2634 879 vel
2678 827 2866 882 docere
2902 829 3056 882 ﬁdem
3085 833 3380 896 consentio,
3425 834 3518 886 sed

1966 928 2104 973 eam,
2131 929 2291 983 quam
2319 931 2349 968 a
2375 918 2574 970 sanctis
2592 917 2837 972 Patribus
2867 919 3114 973 traditam
3142 923 3318 975 omnia
3347 924 3519 978 since-

1967 1005 2100 1059 riter
2134 1005 2325 1059 sarcula
2371 1013 2731 1072 susceperunt.
2764 1006 2888 1062 Scio
2935 1023 3162 1077 namque
3201 1010 3517 1078 quibusdam

1968 1093 2022 1146 in
2054 1094 2082 1132 δ
2109 1093 2448 1162 synodalibus
2476 1092 2615 1148 loliis
2638 1109 2755 1148 esse
2790 1096 3076 1162 sancitum,
3107 1097 3174 1150 ad
3200 1097 3518 1154 refellendas

1967 1182 2230 1250 siquidem
2271 1197 2457 1248 novas,
2504 1193 2558 1236 et
2587 1183 2900 1252 multiplices
2929 1185 3179 1247 haereses.
3221 1187 3516 1257 praesertim

1966 1278 2184 1340 propter
2225 1267 2608 1324 fraudulentam
2639 1271 2920 1341 ﬁctamque
2957 1273 3186 1329 Nestorii
3233 1275 3314 1329 vel
3356 1276 3520 1345 Euty-

1968 1359 2084 1412 chis
2127 1358 2486 1413 falsidicorum
2535 1360 3000 1430 pestilentiumque
3025 1363 3282 1430 virorum,
3323 1380 3428 1418 non
3459 1365 3520 1418 ﬁ—

1968 1447 2087 1502 dum
2132 1449 2327 1512 dicam,
2358 1449 2451 1504 sed
2497 1450 2672 1517 potius
2716 1451 3013 1519 perﬁdiam,
3045 1467 3149 1506 non
3195 1453 3354 1508 licere
3400 1455 3516 1508 cui-

1969 1549 2125 1603 quam
2149 1535 2366 1590 alterius
2388 1537 2507 1591 ﬁdei
2530 1538 2837 1606 Symbolum
2861 1540 3050 1594 docere
3075 1540 3158 1595 vel
3181 1557 3514 1610 componere.

1971 1625 2072 1680 Sed
2102 1626 2241 1680 absit
2268 1641 2298 1678 a
2321 1627 2476 1680 nobis
2499 1630 2787 1696 proculque
2816 1631 2885 1684 sit
2921 1632 2986 1686 ab
3018 1634 3163 1686 omni
3192 1635 3350 1688 corde
3379 1635 3518 1688 ﬁdeli

1969 1713 2217 1778 alterum,
2243 1714 2325 1778 vel
2349 1713 2500 1768 aliter
2523 1731 2679 1783 quam
2719 1716 2790 1768 illi
2823 1719 3185 1784 instituerunt,
3211 1721 3517 1790 Symbolum

1973 1803 2052 1856 vel
2082 1802 2240 1857 ﬁdem
2281 1818 2598 1873 componere
2639 1805 2718 1858 vel
2757 1805 2964 1860 docere.
3019 1809 3120 1861 Sed
3151 1807 3303 1875 juxta
3333 1824 3517 1864 eorum

1968 1907 2180 1948 sensum
2221 1908 2285 1948 ea
2324 1893 2570 1959 fortasse,
2603 1911 2721 1964 qua:
2747 1905 2965 1966 propter
2997 1900 3234 1954 veritatis
3274 1915 3521 1970 compen-

1967 1981 2133 2048 dium,
2164 1982 2340 2036 minus
2377 1998 2534 2051 quam
2563 1985 2713 2038 decet
2753 2001 2782 2038 a
2823 1987 3149 2053 simplicibus
3173 1989 3255 2043 vel
3295 1990 3522 2045 indoctis

1968 2067 2354 2138 intelliguntur,
2394 2072 2760 2139 exponendum
2793 2073 3138 2137 ‘decrevimus
3183 2077 3408 2139 tradere,
3458 2092 3521 2132 ac

1968 2159 2223 2212 memoria
2267 2160 2633 2213 mandavimus
2659 2175 2797 2225 eam,
2837 2162 3113 2231 ipsumque
3147 2171 3346 2218 textum
3379 2179 3521 2233 sym-

1968 2247 2074 2301 boli
2105 2250 2334 2314 retinere
2363 2266 2375 2301 :
2406 2258 2666 2324 quatenus
2684 2249 2837 2318 juxta
2874 2253 3180 2320 Apostolum
3207 2253 3428 2308 idoneus
3452 2255 3521 2308 sit

1968 2338 2126 2392 homo
2158 2339 2268 2402 Dei,
2300 2340 2367 2394 ad
2405 2355 2562 2393 omne
2603 2356 2735 2409 opus
2771 2344 2966 2395 bonum
2995 2352 3232 2410 paratus,
3278 2345 3344 2398 ad
3387 2345 3519 2398 resi-

1968 2429 2210 2482 standum
2238 2444 2340 2482 non
2370 2445 2512 2483 san-.n
2538 2429 2679 2483 ﬁdei.
2708 2431 2793 2483 Ait
2816 2433 2956 2484 enim
2986 2433 3118 2500 ipse,
3145 2435 3252 2486 sine
3278 2434 3383 2500 ﬁde
3419 2435 3517 2486 im-

1966 2515 2206 2587 possibile
2254 2526 2327 2570 est
2375 2517 2482 2570 Deo
2528 2517 2728 2586 placere
2773 2518 2955 2590 (Hebr.
2991 2521 3162 2589 xi,6).
3210 2521 3343 2575 Hinc
3389 2523 3521 2577 alias

1969 2607 2225 2677 scriptum
2253 2615 2354 2673 est,
2389 2606 2509 2660 Nisi
2544 2609 2886 2672 credideritis,
2933 2626 3033 2663 non
3061 2611 3354 2680 intelligetis
3382 2611 3516 2680 (Isa.

1967 2712 2067 2760 vn,
2113 2697 2196 2759 ll,
2221 2696 2376 2764 juxta
2407 2695 2594 2766 LXX).
2624 2697 2741 2765 Ipse
2782 2698 2923 2752 enim
2974 2695 3299 2754 admirabilis
3336 2702 3519 2756 .loctor

1966 2787 2212 2856 prohibet
2241 2786 2402 2842 variis
2435 2801 2530 2840 nos
2554 2794 2610 2841 et
2630 2789 2927 2856 peregrinis
2961 2787 3147 2843 abduci
3184 2790 3367 2860 (Hebr.
3401 2808 3519 2856 xm,

1969 2875 2044 2945 9),
2091 2889 2275 2930 sanam
2313 2884 2486 2930 tamen
2522 2875 2815 2930 doctrinam
2862 2877 3016 2932 docet
3063 2876 3305 2933 ﬁdelibus
3352 2881 3522 2935 modis

1966 2964 2212 3019 omnibus
2235 2964 2533 3032 prmdicari.
2562 2951 2714 3017 Enim
2739 2980 2866 3019 vero
2893 2981 2999 3020 non
3024 2975 3106 3021 est
3134 2967 3186 3020 in
3212 2978 3524 3037 argumento

1967 3055 2092 3109 ﬁdei
2119 3056 2316 3109 addere
2343 3054 2426 3108 vel
2469 3055 2709 3109 minuere
2734 3071 2794 3110 ea
2825 3069 2942 3125 quae
2971 3071 3002 3110 a
3037 3059 3236 3112 sanctis
3279 3059 3522 3114 Patribus

1966 3145 2104 3200 bene
2141 3143 2525 3212 salubriterque
2550 3151 2674 3197 sunt
2713 3145 3068 3214 promulgata,
3110 3145 3398 3200 secundum
3427 3161 3521 3199 eo-

1969 3247 2090 3286 rum
2137 3246 2350 3286 sensum
2395 3238 2538 3286 reete
2580 3231 2797 3297 sentire,
2840 3241 2894 3286 et
2932 3234 3299 3302 exponendum
3339 3247 3522 3286 eorum

1970 3321 2165 3376 subtile
2191 3321 2436 3391 supplere
2466 3322 2762 3390 ingenium;
2789 3321 2881 3376 sed
2911 3323 3124 3388 addere,
3154 3323 3237 3376 vel
3262 3323 3521 3385 minuere,

1970 3419 2053 3463 est
2099 3405 2320 3463 'subdole
2365 3418 2548 3463 contra
2601 3419 2996 3462 sacrosanctum
3049 3425 3233 3464 eorum
3275 3423 3486 3464 sensum
3508 3450 3521 3472 ,

1971 3497 2125 3550 aliter
2149 3511 2308 3565 quam
2337 3497 2434 3559 illi,
2465 3496 2654 3551 callida
2692 3497 3127 3566 tergiversatione
3156 3499 3363 3552 diversa
3403 3513 3525 3551 sen-

1973 3585 2093 3649 tire,
2120 3595 2174 3640 et
2203 3585 2424 3640 confuso
2451 3585 2588 3654 stylo
2620 3600 2927 3654 perversum
2960 3586 3147 3657 dogma
3184 3600 3520 3655 componere,

1971 3690 2034 3730 ac
2066 3690 2161 3744 per
2185 3677 2288 3729 hoc
2310 3677 2472 3744 impio
2499 3691 2592 3730 ore
2617 3678 2792 3745 potius
2815 3675 3080 3743 iactanter
3117 3678 3338 3747 garrire,
3364 3693 3521 3746 quam

1972 3765 2164 3820 docere
2195 3779 2536 3833 praisumere.
2565 3764 2922 3818 Plurimorum
2950 3776 2973 3804 ο
3002 3766 3197 3819 etenim
3239 3766 3525 3820 catholico-

1972 3867 2094 3907 rum
2119 3855 2380 3918 virorum,
2414 3853 2860 3922 ecclesiarumque
2890 3855 2982 3907 Dei
3026 3854 3310 3918 cultorum,
3359 3869 3526 3908 sacrae

1972 3943 2096 3998 ﬁdei
2133 3944 2484 4012 compositum
2523 3944 2823 3999 venerabile
2863 3944 3056 4015 legitur
3081 3961 3236 4014 opus,
3266 3945 3384 3999 aliis
3409 3945 3523 4014 qui-

1972 4033 2092 4087 dem
2119 4033 2296 4086 verbis
2325 4032 2676 4101 dissimilique
2705 4034 2910 4088 calamo
2930 4044 3232 4098 resonante,
3265 4036 3356 4088 sed
3394 4051 3524 4089 eun-

1973 4120 2094 4175 dem
2136 4133 2372 4184 sensum,
2412 4121 2742 4189 eundemque
2785 4123 2982 4191 ingenii
3017 4123 3357 4186 intellectum,
3398 4138 3524 4178 con-

1973 4209 2206 4265 corditer
2262 4209 2527 4263 inviolata:
2587 4209 2718 4268 ﬁdei.
2761 4224 2869 4265 uno
2927 4212 3238 4266 assertionis
3286 4213 3545 4287 redolere.

1969 4300 2269 4370 probantur
2296 4297 2631 4352 documento.
2675 4297 2808 4352 Nam
2854 4299 2900 4354 si
2945 4310 3284 4355 recensentur
3323 4301 3522 4355 Nicaeni

1975 4387 2213 4458 Symboli
2261 4388 2429 4442 series
2474 4389 2792 4450 veneranda,
2841 4389 2972 4442 nihil
3018 4389 3160 4442 aliud
3206 4389 3273 4442 de
3321 4389 3521 4458 Spiritu

1901 4489 1956 4548 υ
1982 4485 2166 4531 sancto
2193 4476 2246 4529 in
2268 4491 2351 4540 ea,
2379 4475 2480 4529 nisi
2521 4476 2622 4529 hoc
2642 4477 2797 4532 modo
2823 4479 3042 4545 reperiri
3067 4477 3260 4547 poterit
3291 4479 3520 4546 promul-

1971 4574 2151 4635 gatum
2180 4579 2198 4618 :
2227 4573 2274 4618 et
2303 4566 2357 4618 in
2384 4565 2639 4628 sanctum,
2681 4566 2946 4633 inquiunt,
2975 4566 3244 4636 Spiritum.
3275 4563 3413 4632 Quid
3440 4577 3518 4621 est

1969 4654 2323 4724 ergo-dicere,
2349 4661 2403 4707 et
2429 4653 2482 4707 in
2504 4652 2760 4723 Spiritum
2785 4655 3060 4707 sanctum?
3082 4653 3356 4719 Quomodo
3383 4656 3520 4709 acci-

1967 4743 2158 4811 pienda
2184 4748 2266 4796 est
2292 4749 2398 4795 tam
2420 4740 2734 4794 brevissima
2780 4754 2966 4794 eorum
2991 4739 3269 4808 professio,
3312 4741 3412 4794 nisi
3457 4749 3517 4794 ut

1965 4839 2211 4899 patenter
2231 4830 2386 4884 detur
2414 4828 2632 4897 intelligi
2663 4828 2915 4882 mentium
2943 4845 3124 4884 eorum
3150 4832 3367 4900 integrae
3395 4830 3513 4885 ﬁdei

1966 4918 2211 4988 religiosa
2254 4917 2486 4980 devotio,
2515 4924 2570 4969 et
2601 4917 2654 4969 in
2687 4924 2928 4971 sanctum
2960 4917 3240 4986 Spiritum,
3283 4918 3420 4972 sicut
3462 4929 3518 4974 et

1964 5008 2020 5063 in
2067 5007 2298 5070 Patrem,
2345 5013 2400 5060 et
2445 5005 2501 5059 in
2551 5005 2764 5070 Filium,
2805 5005 3162 5080 (probabiliter
3207 5007 3517 5072 credidises,

1963 5096 2405 5166 quemadmodum
2452 5102 2632 5164 postea
2681 5108 2714 5147 a
2763 5097 2961 5151 sanctis
3005 5095 3254 5152 Patribus
3301 5104 3518 5152 centum

1928 5183 2364 5251 quinquaginta,
2414 5181 2504 5248 qui
2550 5184 2858 5237 constestati
2913 5192 3037 5252 sunt
3083 5186 3306 5255 symboli
3357 5185 3522 5239 ﬁdem‘

1961 5270 2160 5324 Nicaeni
2213 5268 2424 5323 concilii
2465 5269 2769 5322 inviolatam
2813 5271 3120 5336 perenniter
3168 5271 3517 5340 permanere?

1963 5357 2352 5426 Suppleverunt
2393 5365 2595 5420 tamen,
2637 5356 2787 5422 quasi
2813 5357 3124 5425 exponendo
3164 5372 3346 5412 eorum
3395 5375 3516 5414 sen-

1959 5462 2098 5510 sum,
2123 5454 2177 5500 et
2202 5445 2255 5498 in
2286 5443 2541 5512 Spiritum
2568 5451 2808 5496 sanctum
2832 5443 3150 5498 conﬁtentur
3178 5461 3235 5500 se
3266 5449 3507 5513 credere,

1963 5535 2238 5590 Dominum
2247 5573 2260 5597 ,
2274 5542 2328 5586 et
2337 5531 2734 5594 viviﬁcatorem,
2748 5546 2813 5585 ex
2825 5531 2977 5585 Patre
2989 5535 3358 5600 procedentem
3367 5575 3382 5600 ,
3394 5551 3515 5591 cum

1962 5624 2120 5677 Patre
2139 5620 2337 5677 etFilio
2357 5620 2706 5684 adorandum,
2720 5627 2773 5674 et
2788 5620 3206 5688 glorilicandum.
3223 5621 3344 5678 Harc
3367 5625 3511 5680 enim

1962 5723 2013 5767 et
2043 5720 2232 5767 caetera
2276 5725 2394 5779 qua:
2437 5717 2730 5778 sequuntur
2770 5710 2824 5763 in
2851 5708 3046 5765 Nicaeni
3078 5710 3312 5784 Symboli
3359 5728 3516 5769 sacro
