4174 6426
620 479 721 535 287

1510 474 1567 528 S.
1606 472 1944 528 PAULINUS
1980 470 2407 526 PATRIARCHA
2443 464 2931 533 AQUILEIBNSIS.

3630 414 3637 417 “
3718 456 3833 512 ass

621 588 866 656 dogmate
889 599 995 638 non
1030 584 1310 647 habentur,
1339 583 1432 638 sed
1465 591 1519 636 et
1555 580 1910 649 postmodum,
1944 590 2159 649 propter
2186 592 2229 646 Α
2261 590 2373 629 ram
2414 590 2603 645 gerens
2640 573 2875 628 omnium
2919 570 3305 632 Ecclesiarum,
3337 583 3457 623 cum
3493 567 3559 621 de
3591 564 3834 656 Joannis

621 688 714 729 eos
762 672 1003 726 videlicet
1052 670 1347 734 haereticos,
1410 670 1499 737 qui
1547 676 1856 723 sussurrant
1904 668 2161 737 Spiritum

620 772 860 816 sanctum
894 759 1055 812 solius
1082 772 1197 811 esse
1238 756 1440 820 Patris,
1469 765 1524 811 et
1545 772 1575 810 a
1604 756 1716 811 solo
1759 756 2040 825 procedere
2061 755 2162 808 Pa-

624 859 724 911 tre,
770 849 1001 901 additum
1030 857 1147 901 est:
1182 846 1282 910 Qui
1320 862 1384 899 ex
1427 845 1602 909 Patre,
1648 845 1884 914 Filioque
1910 848 2154 915 procedit.

624 936 690 988 Et
733 945 907 988 tamen
945 949 1047 987 non
1086 943 1209 987 sunt
1235 934 1288 986 hi
1317 934 1483 987 sancti
1513 932 1697 988 Patres
1722 933 1982 1003 culpandi,
2007 935 2159 1002 quasi

622 1024 943 1077 addidissent
975 1022 1194 1089 aliquid,
1237 1021 1319 1074 vel
1360 1020 1672 1075 minuissent
1714 1021 1778 1075 de
1821 1021 1923 1075 ﬁde
1948 1029 2156 1076 trecen-

621 1121 794 1166 torum
816 1111 998 1165 decem
1017 1119 1071 1163 et
1087 1118 1207 1164 octo
1228 1110 1462 1174 Patrum,
1489 1111 1610 1179 quia
1639 1125 1744 1163 non
1767 1118 1951 1165 contra
1975 1125 2156 1164 eorum

620 1214 833 1253 sensum
860 1199 1064 1253 diversa
1089 1205 1385 1263 senserunt,
1427 1198 1521 1251 sed
1547 1197 1939 1251 immaculatum
1976 1212 2157 1253 eorum

610 1286 943 1342 intellectum
976 1285 1117 1339 sanis
1147 1283 1383 1339 moribus
1421 1284 1665 1352 supplere
1710 1284 2039 1338 studuemnt.
2068 1286 2157 1338 Di-

618 1376 856 1430 dicerant
878 1375 1052 1442 itaque
1080 1382 1293 1429 centum
1315 1373 1713 1441 quinquaginta,
1744 1373 1834 1439 qui
1864 1372 2157 1427 intulerunt

618 1477 649 1515 a
682 1462 837 1516 Patre
883 1462 1275 1530 procedentem,
1316 1460 1635 1528 evangelista
1685 1468 1932 1523 testante,
1976 1475 2156 1529 repro-

619 1550 826 1602 uiisisse
858 1548 1127 1616 discipulis
1156 1548 1327 1616 ipsum
1356 1546 1676 1612 unigenitum
1697 1546 1763 1599 de
1784 1560 1878 1599 suo
1902 1545 2103 1615 Spiritu
2136 1561 2151 1600 :

617 1636 841 1706 Spiritus
884 1638 969 1703 qui
1013 1653 1046 1689 α
1099 1634 1255 1687 Patre
1296 1634 1542 1703 procedit,
1589 1635 1694 1703 ipse
1735 1649 1814 1687 nte
1850 1633 2154 1703 clariﬁcabit

614 1724 792 1792 (loan.
816 1723 925 1793 xv).

684 1810 808 1865 Vill.
831 1811 1091 1878 Legerant
1109 1824 1297 1879 nempe
1315 1810 1353 1863 ii
1381 1816 1681 1876 sequentes,
1700 1809 1790 1877 qui
1817 1809 2149 1876 addiderunt,

2260 665 2572 732 baptismate
2619 663 2933 729 disputaret,
2978 659 3102 729 quia
3130 657 3358 711 Joannes
3395 656 3603 726 quidem
3646 654 3833 724 bapti-

2260 752 2389 803 zavit
2415 750 2664 818 baptismo
2688 736 2994 818 paenitentiw
3031 745 3294 815 populum,
3324 745 3379 797 in
3417 732 3533 797 cuin
3566 759 3656 813 qui
3698 756 3831 795 nen-

2257 850 2403 897 turus
2430 848 2502 892 est
2543 823 2651 907 post
2674 839 2861 905 ipsum,
2888 837 2982 889 hoc
3020 844 3091 888 est
3136 834 3191 887 in
3229 833 3406 887 Iesum
3430 831 3566 903 (Act.
3590 846 3713 894 xu,
3740 829 3827 901 ι).

2256 929 2423 983 Porro
2461 927 2609 982 multi
2637 927 3094 981 Samaritanorum
3140 940 3259 980 cum
3286 923 3639 978 credidissent
3689 920 3826 975 Phi-

2256 1018 2397 1086 lippo
2437 1016 2818 1086 evangelizanti
2858 1016 2921 1070 de
2962 1030 3127 1085 regno
3164 1014 3256 1069 Dei
3296 1022 3351 1068 et
3395 1012 3612 1067 nomine
3656 1009 3822 1074 Iesu,

2255 1106 2657 1172 baptizabantur
2686 1105 2805 1169 viri,
2841 1113 2895 1159 et
2926 1100 3196 1167 mu1leres,
3241 1104 3384 1157 haud
3423 1099 3582 1156 dubie
3614 1102 3668 1155 in
3712 1115 3822 1154 no-

2256 1195 2395 1250 mine
2420 1193 2544 1249 Jesu
2581 1192 2775 1248 Christi
2801 1192 2934 1263 (Act.
2965 1208 3082 1256 vui,
3107 1191 3213 1259 l2).
3247 1190 3303 1244 Si
3328 1204 3456 1258 ergo
3483 1202 3674 1241 omnes
3701 1187 3820 1250 isti,

2254 1283 2380 1350 qui,
2414 1282 2898 1352 evangelizantibus
2943 1280 3141 1336 sanctis
3187 1279 3479 1348 apostolis,
3524 1277 3821 1331 credentes

2254 1373 2505 1441 haptizati
2537 1373 2736 1427 suntin
2774 1372 2989 1427 nomine
3006 1369 3129 1425 lesu
3160 1368 3379 1433 Christi,
3408 1375 3463 1423 et
3488 1373 3675 1420 sancta
3711 1362 3820 1417 Ec—

2253 1462 2415 1516 clesia
2437 1462 2810 1516 inviolabiliter
2851 1461 3067 1516 fundata
3092 1446 3250 1541 super
3287 1472 3401 1513 eam
3444 1453 3691 1525 persistit
3718 1466 3821 1520 pe-

2252 1560 2406 1615 tram,
2420 1562 2578 1620 quam
2593 1552 2779 1606 beatus
2795 1551 3001 1613 Petrus,
3025 1565 3132 1603 non
3155 1562 3315 1603 carne
3337 1555 3391 1600 et
3414 1545 3694 1615 sanguine,
3715 1542 3816 1597 sed

2251 1640 2407 1694 Patre
2434 1643 2523 1709 qui
2550 1642 2602 1694 in
2637 1642 2783 1695 caelis
2812 1650 2894 1695 est
2939 1640 3229 1703 revelante,
3254 1638 3353 1693 sibi
3384 1636 3659 1691 confessus
3700 1641 3810 1696 est,

2252 1735 2306 1783 et
2332 1728 2471 1781 illius
2500 1728 2601 1783 fide
2630 1729 2833 1797 regitur
2874 1736 2928 1782 et
2972 1718 3507 1797 gubernatur'omnis
3535 1722 3811 1788 Ecclesia,

2252 1817 2441 1886 cuique
2473 1817 2771 1886 specialiter
2796 1819 2944 1886 quasi
2987 1817 3157 1886 primo
3195 1814 3396 1884 pastori
3439 1814 3639 1868 dictum
3674 1816 3766 1864 est
3789 1824 3810 1863 :

614 1900 716 1963 Qui
755 1916 819 1953 ea:
866 1900 1025 1953 Patre
1056 1898 1294 1967 Filioque
1324 1896 1553 1966 procedit
1599 1896 1774 1965 (Joan.
1822 1897 1956 1967 xvi),
1984 1898 2151 1967 ipsam
2181 1903 2225 1962 Β
2256 1904 2331 1957 Tu
2357 1923 2409 1961 es
2439 1906 2641 1968 Petrus,
2675 1916 2722 1959 et
2758 1923 2910 1976 super
2930 1907 3063 1958 hanc
3085 1904 3282 1975 petra'm
3325 1900 3592 1969 adificabo
3620 1898 3812 1953 Eccle-

614 1989 956 2065 eamdemque
999 1988 1270 2065 veritatem
1322 1986 1375 2038 in
1425 1985 1708 2055 Evangelio
1750 1984 2151 2055 redargucntem

524 2140 527 2141 ί
614 2063 908 2143 Philippum
938 2063 1231 2144 :Pltt'lt'ppe,
1278 2075 1466 2141 inquit,
1514 2075 1599 2141 qui
1632 2074 1761 2125 uidet
1790 2090 1889 2137 me,
1939 2074 2068 2127 videt
2103 2084 2152 2128 et

616 2164 823 2217 Patrem
869 2179 1058 2215 meum.
1086 2162 1166 2230 An
1209 2178 1314 2213 non
1341 2160 1503 2213 credis
1544 2160 1663 2229 quia
1704 2177 1795 2229 ego
1821 2162 1874 2212 in
1900 2160 2073 2225 Patre,
2103 2172 2151 2215 et

619 2253 775 2306 Pater
820 2254 875 2305 in
920 2268 999 2304 me
1026 2261 1099 2303 est
1140 2250 1317 2318 (Joan.
1361 2264 1472 2313 xiv,
1506 2248 1560 2312 9,
1588 2246 1712 2317 l0)?
1751 2247 1805 2301 Si
1844 2262 1988 2315 ergo,
2018 2250 2152 2303 sicut

610 2342 722 2408 ipse
764 2347 1009 2402 testatur,
1060 2337 1479 2405 inseparabiliter
1519 2343 1571 2389 et
1615 2336 2029 2391 substantialiter
2070 2346 2152 2390 est

534 2454 541 2481 ι
610 2430 766 2482 Pater
801 2428 855 2481 in
891 2426 1046 2491 Filio,
1083 2435 1136 2479 et
1168 2425 1340 2478 Filius
1380 2424 1433 2476 in
1477 2422 1653 2487 Patre,
1680 2438 1783 2491 quo
1827 2433 1979 2491 pacto
2006 2424 2150 2479 credi

610 2529 800 2590 potest,
818 2528 877 2573 ut
896 2516 1328 2573 consubstantiali
1354 2516 1496 2569 Patri
1522 2516 1759 2584 Filioque
1780 2516 2009 2584 Spiritus
2033 2533 2153 2573 san-

609 2622 746 2675 ctus,
766 2625 869 2664 non
893 2623 923 2661 a
946 2609 1105 2661 Patre
1130 2606 1370 2673 Filioque
1397 2605 1772 2668 essentialiter,
1804 2614 1858 2659 et
1886 2607 2152 2673 insepara-

610 2700 785 2752 biliter
811 2711 1019 2763 semper
1040 2695 1319 2765 procedat?
1348 2693 1476 2759 Quis
1513 2702 1593 2747 est
1633 2695 1751 2758 iste,
1796 2696 2035 2758 obsecro,
2061 2696 2149 2763 qui

609 2790 737 2843 dicit
765 2786 1033 2854 discipulis
1068 2786 1201 2848 suis,
1230 2800 1351 2837 cum
1378 2783 1693 2837 insutilasset
1717 2784 1768 2837 in
1790 2798 1899 2844 eos,
1930 2785 2151 2851 Accipite

608 2873 860 2939 Spiritum
889 2880 1120 2924 sanctum
1155 2870 1335 2939 (Joan.
1360 2884 1450 2934 xx,
1490 2869 1613 2939 22)?
1636 2869 1763 2933 Quis
1786 2877 1889 2932 est,
1914 2872 2146 2936 inquam,

610 2964 701 3033 qui
738 2963 1038 3032 repromisit
1072 2962 1181 3016 eis?
1207 2961 1392 3015 Nonne
1423 2960 1725 3030 nnigenitus
1762 2960 1949 3023 Filius,
1978 2960 2067 3027 qui
2096 2961 2149 3013 in

610 3055 766 3109 Patre
792 3062 893 3117 est,
920 3062 975 3107 et
994 3053 1153 3106 Pater
1171 3052 1223 3105 in
1244 3052 1340 3105 eo?
1367 3050 1485 3104 Nisi
1509 3066 1599 3119 ego
1628 3050 1823 3115 abiero,
1852 3050 2149 3105 Paracletus

611 3158 712 3194 non
738 3143 928 3203 ueniet;
958 3156 1072 3192 cum
1116 3149 1402 3209 assumptus
1437 3140 1581 3208 fuero
1622 3139 1821 3192 mittam
1861 3155 1975 3191 eum
2011 3139 2147 3192 vobis

2250 1996 2382 2047 sicut
2411 2010 2574 2047 ineant
2603 1994 2811 2061 (Matth.
2842 2010 2947 2058 xvr,
2979 1994 3097 2062 18);
3142 1993 3234 2046 ubi
3276 1999 3377 2055 est,
3427 1990 3665 2057 inquam,
3714 1988 3809 2042 illa

2251 2080 2430 2147 regula
2458 2080 2749 2145 Trinitatis,
2781 2098 2939 2151 quam
2976 2081 3290 2151 generaliter
3318 2080 3427 2134 suis
3452 2084 3575 2147 post
3622 2091 3811 2132 resur—

2250 2170 2535 2225 rectionem
2594 2171 2847 2225 Dominus
2897 2170 3147 2240 apostolis
3208 2166 3616 2229 commendavit,
3668 2182 3807 2235 quo-

2249 2272 2470 2325 rumque
2514 2260 2865 2328 principatum
2920 2260 3059 2314 idem
3102 2260 3290 2313 beatus
3341 2258 3557 2327 gerebat
3606 2256 3809 2310 Petrus

2250 2348 2548 2415 apostolus?
2585 2346 2681 2409 Ite,
2714 2348 2903 2416 inquit,
2948 2349 3120 2401 docete
3167 2363 3341 2400 omnes
3385 2356 3574 2416 gentes,
3627 2347 3804 2415 bapti-

2251 2445 2421 2489 zantes
2444 2454 2526 2490 eos
2554 2438 2609 2490 in
2629 2439 2830 2491 nomine
2853 2437 3027 2491 Patris
3055 2446 3102 2490 et
3126 2434 3272 2501 Filii,
3289 2442 3335 2490 et
3368 2435 3594 2493 Spiritus
3627 2437 3802 2489 sancti

2251 2522 2457 2591 (Matth.
2482 2540 2669 2587 xxvul,
2696 2524 2803 2593 19).
2829 2523 2937 2578 Cur
2981 2524 3234 2602 magister
3253 2524 3307 2576 in
3349 2524 3566 2577 nomine
3595 2522 3799 2587 Patris,

2249 2616 2302 2661 et
2344 2607 2481 2674 Filii,
2521 2620 2574 2665 et
2620 2611 2848 2678 Spiritus
2894 2596 3080 2676 sancti,
3107 2619 3162 2665 et
3202 2610 3445 2678 discipuli
3478 2611 3533 2663 in
3576 2618 3801 2665 nomine

2250 2707 2451 2754 tantum
2498 2699 2620 2755 Jesu
2665 2703 2975 2770 pmcipiunt
3020 2701 3310 2770 baptizari?
3351 2699 3601 2767 Nunquid
3651 2700 3830 2753 aliud.

2250 2789 2454 2841 Veritas
2475 2801 2570 2857 per
2594 2790 2931 2858 semetipsam
2952 2789 3148 2853 docuit,
3177 2796 3231 2841 et
3259 2788 3400 2841 aliud
3420 2788 3666 2855 discipuli
3694 2788 3800 2842 Ve-

2248 2876 2441 2939 ritatis,
2468 2877 2549 2929 vei
2594 2878 2749 2931 aliam
2792 2876 3013 2931 formam
3036 2877 3298 2932 doctrinae
3325 2876 3576 2931 Ecclesiis
3624 2875 3797 2929 tradi-

2247 2962 2469 3016 derunt?
2491 2964 2641 3017 Absit
2663 2964 2781 3019 hoc.
2810 2962 2991 3019 Nullus
3022 2964 3101 3019 sic
3130 2964 3321 3033 desipit
3346 2965 3437 3034 qui
3460 2965 3575 3019 sani
3604 2963 3798 3033 capitis

2246 3060 2344 3106 est.
2364 3051 2547 3105 Nullus
2571 3060 2675 3105 tam
2697 3052 2893 3107 insane
2916 3051 3067 3105 tiu-ia:
3084 3053 3433 3121 mancipatus,
3456 3053 3548 3121 qui
3573 3054 3692 3108 hac
3712 3055 3799 3109 vel
3857 3060 3871 3070 ’

2249 3147 2424 3192 mente
2471 3147 2699 3193 tractare
2745 3146 3047 3208 praesumat.
3088 3138 3191 3193 Sed
3236 3140 3509 3194 videamus
3566 3141 3798 3211 qualiter

612 3229 790 3297 (Joan.
835 3243 945 3292 xvi,
980 3228 1049 3298 7).
1078 3228 1144 3281 Et
1185 3204 1329 3291 illud,
1374 3204 1673 3280 Paracletus
1717 3236 1887 3281 autem
1925 3226 2147 3295 Spiritus
2175 3204 2219 3265 (ἶ
2252 3236 2530 3297 utrumque
2548 3242 2729 3283 verum
2743 3204 2798 3281 et
2812 3235 3052 3281 sanctum
3066 3236 3166 3292 est,
3184 3227 3483 3295 socialeque
3502 3204 3727 3292 bonum,
3742 3236 3798 3283 et

610 3325 834 3379 sanctus,
881 3332 1027 3385 quem
1061 3317 1220 3367 mittet
1252 3313 1408 3366 Pater
1444 3314 1498 3366 in
1526 3315 1726 3367 nomine
1764 3330 1894 3378 meo,
1936 3313 2024 3368 ille
2066 3332 2149 3368 vos
2247 3315 2573 3373 individuum
2607 3317 2939 3386 mysterium.
2976 3314 3379 3369 Sacramentum
3405 3315 3569 3385 igitur
3594 3325 3796 3371 sancta

610 3406 805 3459 docebit
833 3406 1023 3468 omnia,
1051 3414 1097 3457 et
1119 3413 1348 3473 suggeret
1378 3404 1514 3456 vobis
1543 3403 1711 3455 omnia
1738 3418 2049 3472 quwcunque
2072 3402 2151 3455 di-

610 3510 732 3547 :rero
760 3493 895 3547 vobis
925 3493 1101 3562 (Juan.
1134 3508 1246 3555 aiv,
1271 3492 1402 3562 26)?
1427 3491 1577 3559 Saepe
1612 3491 1752 3546 enim
1779 3506 1810 3544 a
1831 3492 1981 3545 nobis
2006 3502 2031 3530 α
2057 3506 2151 3546 no-

612 3586 811 3652 trisque
841 3583 1129 3651 majoribus
1173 3583 1529 3636 indubitanter
1557 3580 1830 3635 deﬁnitum
1868 3589 1969 3645 est,
2012 3582 2151 3635 inse-

612 3672 866 3741 parabilis
905 3685 1113 3739 semper
1140 3684 1257 3723 esse
1284 3683 1444 3736 opera
1471 3676 1666 3721 sancta:
1692 3667 1980 3721 Trinitatis.
2007 3666 2065 3721 ln
2086 3682 2151 3722 eo

613 3772 839 3826 namque
862 3758 1092 3827 Spiritus
1114 3757 1223 3827 ω
1250 3764 1463 3810 sanctus
1491 3770 1523 3809 a
1550 3755 1683 3809 Filio
1708 3756 1994 3825 procedere
2028 3771 2148 3810 cre-

574 3898 575 3901 η
612 3846 773 3907 ditur,
820 3845 872 3897 in
898 3857 1003 3911 quo
1028 3858 1059 3897 a
1081 3844 1235 3896 Patre
1261 3843 1546 3911 procedam
1587 3856 1691 3894 nou
1735 3842 2020 3896 dubitatur.
2047 3842 2151 3898 Sed

614 3934 802 3989 melius
821 3934 923 3986 hoc
938 3934 1227 4001 approbare
1241 3934 1494 3996 valemus,
1516 3932 1562 3985 si
1584 3932 1657 3985 rei
1686 3940 1846 4001 gestze
1866 3934 2020 3997 actio,
2034 3948 2151 4003 qua

613 4035 708 4089 per
730 4020 991 4089 apostolos
1018 4028 1099 4075 est
1123 4028 1389 4083 exsecuta,
1421 4022 1478 4074 in
1499 4021 1672 4074 medio
1706 4021 2020 4075 revolvatur.
2048 4021 2152 4077 Per

615 4110 918 4164 ﬁdelissima
970 4110 1159 4178 quippe
1203 4110 1436 4163 historize
1478 4118 1805 4175 argumenta,
1848 4125 1964 4178 quae
1986 4110 2149 4166 Actus

616 4205 981 4271 nuncupantur
1003 4197 1378 4265 apostolorum,
1406 4197 1545 4252 Luca
1579 4197 1895 4267 evangelista
1924 4206 2151 4253 testante

614 4270 983 4359 cognovimus,
1022 4276 1342 4353 pradicante
1370 4286 1527 4339 Petro
1570 4287 1625 4340 in
1663 4284 1864 4351 Judaza,
1900 4288 2000 4341 tria
2037 4286 2152 4343 fere

619 4376 780 4430 millia
821 4376 1145 4429 credentium
1170 4364 1482 4441 compuncta
1516 4373 1693 4436 corde,
1724 4374 1920 4429 dixisse
1948 4375 2014 4428 ad
2052 4370 2151 4429 Pe-

2248 3406 2544 3470 Trinitatis,
2582 3420 2741 3473 quam
2783 3406 3035 3473 magister
3074 3412 3129 3458 et
3169 3404 3424 3459 Dominus
3468 3405 3638 3459 tribus
3665 3420 3796 3459 enn‘

2246 3494 2463 3548 meratis
2502 3494 2757 3563 personis,
2795 3493 2849 3546 in
2875 3507 2981 3547 uno
3013 3500 3199 3562 tamen
3238 3492 3451 3547 nomine
3496 3493 3663 3548 voluit
3704 3494 3796 3548 de-

2247 3587 2562 3644 monstrare,
2593 3581 2694 3633 hoc
2735 3578 2969 3650 ejusdem
2991 3578 3241 3634 Veritatis
3288 3580 3552 3648 discipuli,
3585 3581 3640 3633 in
3687 3597 3792 3635 una

2247 3670 2312 3724 de
2338 3671 2594 3725 Trinitate
2629 3684 2874 3739 persona,
2894 3670 2947 3724 id
2968 3679 3051 3724 est
3082 3670 3226 3735 Filii,
3256 3679 3420 3725 totam
3446 3682 3794 3743 sanctamque

2248 3756 2561 3810 Trinitatem
2589 3758 2959 3823 essentialiter,
2987 3766 3172 3812 sancto
3200 3758 3301 3813 sibi
3333 3760 3599 3814 revelante
3627 3761 3791 3831 Spiri-

2248 3852 2326 3909 tu,
2364 3844 2651 3915 intelligere
2697 3840 3020 3899 meruerunt.
3047 3843 3339 3913 Quoniam,
3371 3848 3508 3902 sicut
3550 3849 3792 3903 crebrius

2246 3926 2443 3985 dictum
2480 3940 2583 3996 est,
2618 3925 2986 3999 inseparabilia
3031 3940 3157 3990 sunt
3195 3936 3404 4003 semper
3426 3949 3585 4002 opera
3612 3935 3789 3992 Trini-

2246 4020 2389 4074 tatis.
2427 4020 2527 4075 Ubi
2564 4022 2705 4074 enim
2745 4022 2919 4085 Pater,
2967 4012 3038 4075 ibi
3085 4023 3511 4091 inseparabiliter
3537 4024 3703 4079 Filius
3736 4035 3790 4080 et

2247 4107 2474 4176 Spiritus
2520 4118 2754 4164 sanctus.
2782 4108 2847 4163 Et
2874 4110 2962 4164 ubi
3003 4109 3185 4175 Filius,
3219 4109 3644 4167 inenarrabiliter
3686 4113 3785 4167 Pa.

2246 4206 2346 4264 ter,
2376 4207 2431 4254 et
2456 4199 2685 4269 Spiritus
2710 4206 2949 4254 sanctus?
2971 4200 3036 4254 Et
3062 4200 3151 4255 ubi
3175 4199 3406 4270 Spiritus
3446 4211 3685 4266 sanctus,
3714 4202 3785 4258 lbi

2246 4288 2843 4357 incomprehensibiliter
2865 4288 3023 4342 Pater
3062 4296 3116 4342 et
3143 4284 3329 4343 Filius.
3376 4287 3506 4343 Nam
3554 4291 3655 4344 etsi
3696 4305 3787 4345 auo

2245 4376 2452 4430 dieraut
2493 4376 2755 4445 discipuli,
2808 4376 3146 4446 praecipiente
3179 4376 3403 4431 Domino
3444 4386 3499 4432 et
3535 4376 3785 4447 magistro

619 4474 758 4517 trum
785 4471 840 4546 et
864 4464 1091 4530 reliquos
1126 4464 1429 4532 apostolos:
1456 4461 1590 4526 Quid
1617 4462 1884 4531 faciemus,
1914 4464 2008 4517 viri
2039 4457 2222 4546 fraa'n
2244 4470 2459 4533 propter
2506 4463 2817 4537 mysterium
2862 4463 3140 4541 Trinitatis
3169 4480 3183 4516 :
3214 4460 3326 4545 Ite,
3384 4464 3559 4517 docete
3615 4480 3785 4517 omnes

616 4562 717 4606 tres
744 4553 877 4621 (Act.
902 4568 972 4616 ιι,
1000 4550 1121 4622 37)?
1147 4551 1500 4619 Respondisse
1522 4550 1737 4604 Petrum
1764 4566 1862 4619 pro
1894 4566 1952 4605 se
1975 4560 2028 4606 et
2048 4566 2147 4620 pro
2172 4546 2221 4609 ’θ
2244 4561 2431 4620 gentes,
2471 4551 2787 4619 baptisantes
2824 4565 2910 4602 eos
2936 4550 2993 4602 in
3026 4547 3228 4603 nomine
3257 4546 3454 4612 Patris,
3486 4556 3534 4600 et
3559 4546 3710 4613 Filii,
3739 4559 3785 4602 et

618 4645 823 4696 cunctis
845 4642 910 4694 ad
938 4642 1054 4695 illos
1079 4640 1396 4694 didicimus:
1424 4638 1798 4704 Panitentiam,
1827 4640 2012 4707 inquit,
2039 4641 2150 4709 ασί-
2243 4642 2467 4711 Spiritus
2506 4643 2669 4695 sancti
2710 4639 2917 4711 (Matth.
2948 4655 3136 4703 xm",
3169 4638 3291 4709 19);
3340 4638 3624 4692 audierunt
3659 4642 3783 4707 pro-

615 4744 682 4797 te,
708 4741 754 4785 et
782 4730 1063 4799 baptisetur
1087 4730 1428 4798 unusquisque
1455 4737 1674 4781 restraint
1701 4730 1757 4780 in
1798 4732 1999 4782 nomine
2022 4730 2148 4784 Iesu

610 4819 803 4873 Christi
827 4820 881 4870 in
907 4817 1248 4869 remissionem
1274 4825 1614 4883 peccatorum.
1630 4814 1696 4868 Et
1736 4831 1938 4880 rursus,
1964 4832 2146 4875 accer—

616 4910 751 4963 situs
789 4922 819 4960 a
864 4904 1108 4959 Cornelio
1151 4904 1475 4962 centurione,
1506 4903 1620 4957 viro
1641 4902 1786 4971 justo
1832 4910 1887 4956 et
1932 4905 2149 4982 timente

619 4996 803 5056 Deum,
851 5006 971 5047 cum
998 4991 1287 5059 aperuisset
1320 5005 1383 5044 os
1415 5004 1586 5052 mum,
1628 4991 2021 5060 evangeliumat
2044 4991 2149 5046 illis

618 5086 781 5140 multa
798 5086 862 5138 de
881 5098 1041 5153 regno
1061 5084 1174 5148 Dei,
1196 5091 1250 5137 et
1270 5084 1480 5137 nomine
1498 5080 1621 5136 Iesu
1639 5082 1832 5137 Christi
1851 5099 1867 5147 ;
1885 5082 1954 5136 Et
1981 5084 2148 5137 adhuc

615 5190 674 5226 eo
695 5172 923 5240 loquente
948 5170 1171 5239 Spiritus
1196 5179 1401 5223 sanctus
1424 5171 1607 5223 cecidit
1646 5186 1799 5239 super
1823 5186 1907 5225 eos
1942 5171 2030 5239 qui
2053 5186 2149 5223 au-

618 5261 847 5312 diverunt
872 5259 1074 5312 verbum
1098 5257 1232 5327 (Aa.
1260 5275 1317 5322 ι,
1345 5256 1469 5328 ﬂ);
1496 5265 1550 5312 et
1572 5265 1691 5325 post
1721 5274 1886 5327 pauca
1909 5260 2148 5327 protinus

620 5345 945 5399 subiniertur
988 5344 1186 5421 dixisse
1227 5343 1476 5398 Petrum:
1507 5342 1754 5412 Nunquid
1802 5361 1989 5413 nquam
2032 5346 2150 5414 quis

524 5460 549 5483 ς
618 5434 881 5502 prohibere
921 5442 1102 5501 potest,
1128 5442 1186 5485 ut
1210 5448 1311 5485 non
1336 5432 1656 5501 baptisentur
1692 5433 1743 5485 hi
1776 5434 1864 5502 qui
1896 5433 2148 5501 Spiritum

2242 4724 2380 4781 tecto
2405 4736 2694 4795 praesentes
2719 4742 2841 4781 eum
2880 4727 3245 4781 ostendentem
3274 4724 3373 4779 sibi
3400 4726 3657 4779 unitatem
3692 4740 3781 4778 na-

2245 4821 2375 4869 tura
2404 4832 2415 4867 :
2444 4814 2575 4884 Ego,
2621 4816 2716 4879 ait,
2743 4824 2791 4868 et
2816 4813 2983 4867 'Pater
3009 4829 3168 4867 unum
3190 4830 3367 4867 sumus
3388 4812 3565 4884 (Joan.
3588 4828 3644 4878 ι,
3674 4814 3776 4885 50),

2243 4911 2296 4957 et
2340 4916 2525 4957 ntrsus
2555 4906 2586 4955 :‘
2602 4901 2714 4970 Ego
2754 4902 2810 4954 in
2842 4898 3014 4966 Patre,
3046 4911 3093 4955 et
3117 4900 3277 4955 Pater
3299 4902 3355 4954 in
3382 4917 3473 4955 πω
3502 4910 3575 4955 est
3603 4901 3776 4971 (Joan.

2242 5005 2349 5055 xw,
2380 4990 2465 5060 10)
2492 5008 2509 5047 :
2533 4998 2587 5044 et
2610 4991 2836 5044 iterum:
2869 4987 3029 5043 Pater
3061 4998 3231 5059 autem
3259 4989 3314 5041 in
3337 5004 3417 5042 rue
3440 5004 3652 5042 manens
3680 4990 3780 5058 ipse

2243 5078 2368 5149 facit
2397 5094 2551 5145 opera
2578 5075 2784 5146 (lbid.).
2816 5076 2997 5131 Sedet
3022 5076 3251 5131 Verbum
3277 5075 3405 5131 illud
3430 5078 3777 5131 consubstan-

2243 5166 2367 5218 tiale
2410 5164 2553 5218 Patri
2605 5173 2891 5232 sanctoque
2942 5164 3188 5231 Spiritui,
3244 5164 3465 5218 internis
3521 5165 3777 5218 intuentes

2214 5314 2217 5317 Α
2242 5252 2529 5317 obtutibus,
2560 5242 2699 5321 quod
2721 5254 2775 5304 in
2799 5252 3049 5321 principio
3078 5246 3205 5316 erat,
3234 5260 3283 5305 et
3302 5250 3439 5320 apud
3462 5250 3628 5305 Deum
3651 5261 3772 5317 erat,

2244 5348 2289 5391 et
2316 5355 2405 5408 per
2430 5356 2577 5409 quens
2621 5341 2793 5392 omnia
2826 5340 2965 5407 facta
3006 5349 3124 5393 sunt
3166 5339 3343 5410 (Joan.
3388 5338 3449 5410 ι),
3497 5354 3706 5407 semper
3726 5341 3773 5394 in

2244 5428 2419 5494 Patre,
2450 5442 2657 5497 semper
2682 5443 2803 5481 cum
2840 5427 3017 5491 Patre,
3046 5441 3255 5495 semper
3291 5428 3428 5495 apud
3456 5427 3668 5481 Patrem
3704 5428 3775 5481 in-

617 5531 848 5575 sanctsni
873 5532 1168 5589 acceperunt
1191 5523 1322 5575 sicut
1358 5532 1407 5574 et
1432 5538 1522 5576 nos
1538 5523 1565 5575 ll
1588 5523 1656 5576 Et
1672 5524 1827 5591 jussit
1865 5540 1949 5577 eos
1975 5524 2031 5577 iu
2058 5538 2150 5576 no-
2243 5517 2609 5588 separabiliter
2634 5516 2834 5569 sciebat
2856 5529 3186 5583 permanere.
3212 5513 3362 5570 Unde
3385 5529 3489 5569 non
3516 5514 3773 5567 immerito

615 5610 749 5661 mine
774 5609 898 5663 Jesu
928 5609 1115 5663 Christi
1160 5610 1429 5678 baptizari.
1474 5610 1676 5677 Sedet
1716 5611 1900 5665 doctor
1937 5620 1991 5665 et
2031 5625 2147 5665 ma-
2243 5609 2513 5676 Philippus
2549 5604 2793 5675 redargui
2825 5604 3022 5666 debuit,
3052 5603 3141 5670 qui
3170 5603 3361 5658 alicubi
3402 5601 3647 5657 fortassis
3687 5601 3777 5658 Pa-

618 5700 779 5766 gister
820 5699 1049 5767 gentium
1081 5700 1131 5754 in
1158 5700 1261 5755 llth
1288 5708 1343 5754 et
1378 5700 1596 5759 veritate
1629 5700 2029 5756 solcrtissimam
2057 5714 2148 5756 cu-

2246 5708 2377 5753 trcm
2423 5704 2512 5751 aut
2552 5695 2670 5765 plus
2700 5694 2895 5762 aliquid
2937 5694 3222 5763 quaerebat,
3250 5709 3369 5748 cum
3402 5694 3602 5748 diceret
3631 5709 3645 5747 :
3680 5690 3782 5754 00-.
