4174 6452
190 458 293 513 289

1349 454 1712 513 CONCILIUM
1746 434 2266 520 ro'nomusnss.

3287 480 3391 537 990

189 570 356 660 mine,
382 551 601 660 ostende
617 568 763 623 nobis
807 566 1037 634 Patrem,
1067 576 1115 623 et
1139 571 1334 640 sufﬁcit
1384 572 1527 625 nobis
1555 569 1733 641 (Joan:
1761 570 1813 629 Δ
1838 572 2159 641 ignorabitur
2200 578 2253 650 (1
2293 580 2413 635 Cor.
2456 596 2562 647 xtv,
2598 581 2708 651 38).
2770 548 3150 641 inenarrabilis
3195 589 3394 660 quippe
3488 626 3491 629 λ

186 673 298 723 xtv,
331 656 365 713 8
392 656 590 729 seqq.);
626 660 826 730 cuique
853 660 1097 728 protinus
1123 675 1151 713 a
1183 661 1405 715 Domino
1452 661 1604 729 quasi
1644 675 1740 729 per
1838 665 1942 724 est,
1978 664 2225 729 quoniam
2248 676 2478 736 quantus
2506 676 2596 721 aut
2624 671 2749 738 quid
2777 671 2846 725 sit
2872 672 3011 726 Deus
3037 656 3261 729 inveniri
3283 656 3388 732 non
3426 736 3429 737 ν

184 747 602 814 increpationem
622 747 881 803 refertur:
905 746 1070 801 Tanto
1091 758 1311 819 tempore
1330 750 1582 804 vobiscum
1601 767 1735 813 sum,

182 845 231 890 et
277 852 382 889 non
422 829 728 905 co‘gnovistis
750 853 831 892 nte
857 852 875 891 :
899 835 1153 906 Philippe,
1182 840 1271 907 qui
1297 837 1427 892 videt
1457 854 1557 905 me,
1604 839 1737 893 videt

180 932 229 975 et
264 922 478 976 Patrem
506 939 695 976 meum.
739 923 821 977 An
847 941 950 979 non
983 924 1148 979 credis
1172 926 1293 995 quia
1336 941 1430 995 ego
1471 928 1526 979 in
1554 925 1730 990 Patre,

179 1024 226 1065 et
252 1012 416 1065 Pater
434 1014 490 1065 in
510 1029 589 1066 me
610 1015 721 1067 est?
742 1014 815 1067 De
842 1013 1043 1082 Spiritu
1064 1023 1241 1069 autem
1266 1023 1468 1080 sancto,
1482 1024 1540 1069 ut
1559 1024 1736 1070 osten-

179 1102 332 1155 deret
357 1116 479 1155 eum
505 1117 661 1157 suum
688 1103 986 1172 Patrisque,
1021 1104 1098 1158 sic
1122 1104 1230 1159 ait:
1261 1102 1505 1174 Spiritus,
1541 1105 1731 1173 inquit,

179 1190 429 1253 ueritatis,
473 1191 595 1261 quia
634 1208 668 1243 α
697 1190 854 1245 Patre
894 1192 1143 1262 procedit,
1185 1191 1274 1255 ille
1313 1180 1393 1245 nte
1425 1192 1733 1260 clariﬁcabit

179 1278 363 1347 (Joan.
391 1295 490 1346 xv.
508 1278 595 1343 26,
621 1289 671 1333 et
694 1295 804 1344 xvt,
833 1279 940 1351 14).
968 1280 1101 1335 Nam
1143 1282 1236 1351 qui
1267 1282 1335 1337 de
1363 1282 1521 1337 Patre
1546 1298 1734 1351 proce-

177 1369 276 1433 dit,
322 1369 497 1425 Patris
540 1370 779 1439 proiecto
820 1373 1041 1440 spiritus
1090 1383 1173 1428 est
1205 1392 1217 1427 :
1244 1382 1298 1429 et
1340 1375 1433 1444 qui
1480 1374 1733 1431 Veritatis

175 1460 399 1527 spinitus
424 1469 527 1525 est,
553 1476 681 1517 suus
704 1462 1049 1525 nihilominus
1069 1465 1283 1533 spiritus
1303 1474 1385 1519 est
1407 1479 1422 1518 :
1452 1466 1566 1534 ipse
1587 1465 1730 1519 enim

172 1551 240 1606 de
273 1566 334 1605 se
357 1552 487 1607 dicit
517 1569 529 1604 :
564 1550 675 1622 Ego
701 1569 815 1609 sum
845 1554 947 1616 via,
976 1554 1181 1618 veritas,
1209 1562 1257 1607 et
1279 1555 1380 1607 vita
1406 1554 1584 1621 (Joan.
1616 1570 1727 1618 xtv,

172 1639 248 1709 6).
280 1639 419 1695 Hinc
456 1652 553 1709 per
577 1638 766 1695 Isaiam
794 1640 973 1695 Patris
1017 1639 1217 1711 μεσπι,
1244 1641 1396 1696 llunc
1422 1656 1518 1710 per
1535 1642 1728 1698 Isaiam

171 1728 423 1797 spiritum
446 1726 638 1793 Patris,
664 1727 796 1799 etc]
821 1736 1047 1785 testatur
1073 1728 1210 1790 esse,
1252 1744 1373 1784 cum
1399 1738 1614 1798 propter
1644 1746 1731 1785 as-

170 1825 442 1885 sumptum
472 1817 739 1889 hominem
768 1816 1000 1885 loquitur
1027 1834 1040 1870 :
1075 1816 1299 1885 Spiritus
1345 1817 1554 1871 Domini
1578 1836 1730 1890 super

1834 755 2029 813 potest,
2058 760 2113 804 et
2135 768 2237 807 non
2258 755 2428 817 solum
2454 758 2705 822 humana,
2737 759 2827 814 sed
2858 775 3026 829 neque
3049 773 3069 800 ο
3104 766 3313 820 subtilis
3332 775 3391 821 et

1836 836 2148 907 incorporea
2183 846 2423 916 angelica
2472 856 2683 913 natura,
2723 864 2983 903 summam
3020 851 3161 905 illam
3211 862 3267 909 et
3313 856 3389 911 in-

1833 932 2362 999 comprehensibilem
2375 947 2428 990 et
2448 937 2958 1007 incircumscriptam
2978 942 3271 997 divinitatis
3299 959 3384 1000 es-

1833 1020 2079 1087 sentiam,
2111 1024 2252 1078 nulla
2286 1026 2493 1095 plenius
2519 1026 2773 1100 [penitus]
2823 1030 3141 1101 investigare
3180 1036 3388 1090 subtili-

1834 1110 1957 1164 tatis
1974 1120 2147 1180 potest
2166 1116 2475 1184 sagacitate.
2506 1116 2640 1170 Nam
2667 1118 2765 1171 etsi
2792 1120 2962 1188 angeli
2988 1119 3119 1173 fonti
3152 1123 3386 1178 scientia:

1829 1202 2131 1265 perenniter
2158 1204 2487 1269 assistentes,
2526 1206 2704 1262 omnia
2748 1206 2921 1261 sciunt
2962 1223 2977 1272 ;
3012 1209 3181 1276 ipsum
3208 1219 3385 1266 tamen

1830 1288 2064 1342 solentiae
2090 1284 2310 1357 fontem,
2362 1291 2513 1359 cujus
2534 1294 2603 1347 sit
2632 1295 3032 1365 magnitudinis,
3063 1298 3150 1366 qui
3174 1314 3269 1353 nec
3286 1300 3386 1353 ini-

1828 1376 1962 1430 tium
1991 1378 2198 1447 recipit,
2240 1395 2341 1436 nec
2374 1380 2477 1435 ﬁne
2500 1381 2853 1447 concluditur,
2881 1384 3061 1437 metiri
3095 1394 3381 1454 nequeunt.

1830 1462 2051 1535 Magnus
2071 1476 2242 1523 tamen
2267 1479 2341 1523 est
2386 1470 2639 1525 Dominus
2666 1482 2857 1539 noster,
2904 1483 2951 1527 et
2996 1491 3184 1545 magna
3221 1479 3383 1531 virtus

1827 1554 1961 1624 ejus,
1986 1559 2310 1629 asapientia:
2320 1560 2432 1633 ejus
2445 1578 2544 1614 non
2564 1572 2637 1614 est
2653 1578 2896 1617 numerus
2915 1552 3084 1634 (Psal'.
3107 1579 3283 1630 chvt,
3302 1566 3379 1636 5).

1828 1641 2056 1698 Tantum
2082 1645 2146 1700 de
2171 1646 2263 1700 illo
2309 1647 2511 1716 absque
2544 1647 2704 1703 dubio
2764 1650 2959 1716 sciunt,
3009 1660 3263 1720 quantum
3294 1654 3383 1708 ille

1826 1729 1933 1784 illis
1952 1730 2021 1785 de
2054 1746 2111 1785 se
2133 1733 2369 1789 revelare
2395 1734 2663 1805 dignatur.
2714 1736 3091 1793 Verumtamen
3111 1740 3384 1811 cognosci-

1826 1818 1949 1873 bilis
1972 1828 2054 1875 est
2078 1820 2182 1875 illis
2198 1820 2350 1889 juxta
2375 1823 2516 1890 quod
2550 1822 2625 1877 illi
2663 1825 2953 1881 secundum
2976 1843 3126 1889 suam
3159 1837 3382 1899 possunt

168 1921 252 1958 use
288 1904 422 1974 (Isa.
450 1921 560 1969 ut,
587 1905 638 1975 i)
662 1922 677 1957 :
702 1915 756 1958 et
783 1905 946 1959 illud:
970 1905 1222 1959 Dominus
1249 1908 1386 1960 misit
1412 1923 1510 1971 me,
1535 1916 1583 1959 et
1610 1892 1804 2003 δρᾶ-κθ
1829 1916 2073 1963 naturam
2097 1911 2344 1979 capacius
2363 1912 2643 1977 sustinere,
2678 1921 2731 1967 et
2758 1916 2909 1971 nobis
2929 1916 3130 1971 scilicet
3159 1892 3225 1971 in
3262 1933 3382 1987 spe-

170 1996 304 2049 ritus
346 1995 458 2064 ejus
505 1994 637 2065 (Isa.
675 2011 860 2058 vam,
892 1995 999 2066 16),
1028 2004 1083 2050 et
1105 1996 1234 2065 quia
1274 2011 1402 2051 suus
1449 2006 1548 2060 est,
1586 1994 1725 2052 idem

168 2086 283 2153 ipse
322 2100 418 2153 per
441 2084 642 2139 Joclem
684 2085 927 2154 promisit
955 2086 1137 2139 dicens
1165 2103 1178 2137 :
1207 2085 1491 2154 [agundam
1531 2087 1595 2140 de
1622 2089 1725 2157 τρε.

167 2174 275 2225 ritu
318 2190 429 2225 meo
474 2190 628 2243 super
654 2162 854 2227 omnem
890 2190 1095 2230 cantent
1119 2174 1276 2244 (Joel.
1304 2191 1365 2239 ιι,
1400 2175 1487 2241 Ξ8,
1521 2185 1567 2229 et
1606 2179 1720 2230 Act.

166 2278 228 2325 ιι,
271 2262 371 2333 17)
412 2262 581 2329 Quam
625 2264 759 2320 bene
779 2280 903 2335 ergo
937 2265 1191 2320 Dominus
1233 2266 1338 2323 alta
1382 2276 1435 2321 et
1472 2267 1724 2327 incﬁabili

163 2336 450 2420 sapientia,
486 2360 544 2407 ut
570 2354 870 2407 ostenderet
882 2354 1239 2422 personaliter
1270 2357 1581 2425 mysterium
1608 2357 1725 2411 Tri-

164 2444 372 2510 nitatis,
418 2445 473 2497 in
518 2446 742 2509 nomine,
783 2446 971 2514 inquit,
1010 2445 1208 2509 Patris,
1242 2456 1290 2500 et
1329 2444 1479 2510 Filii,
1514 2456 1560 2500 et
1604 2446 1724 2517 Spi—

162 2536 297 2590 ritus
318 2538 506 2602 sancti,
533 2545 586 2591 et
616 2545 675 2590 ut
697 2536 1083 2593 demonstraret
1107 2538 1509 2605 inseparabilem
1538 2553 1722 2593 essen-

160 2624 363 2681 tialiter
419 2624 703 2679 individua:
748 2624 970 2681 Deitatis
1007 2626 1295 2691 unitatem,
1336 2628 1622 2696 praemisit,
1668 2627 1721 2680 in

162 2718 392 2778 mea.
420 2716 537 2771 Non
569 2718 712 2772 enim
737 2718 813 2771 ait
847 2718 906 2772 in
937 2718 1260 2783 nominibus,
1290 2720 1443 2787 quasi
1492 2720 1545 2774 in
1586 2719 1724 2774 mul-

161 2806 256 2871 tis,
292 2804 387 2859 sed
423 2804 479 2858 in
524 2804 756 2868 nomine,
784 2806 918 2873 quia
1176 2815 1230 2859 et
1269 2821 1407 2861 unus
1435 2814 1517 2861 est
1557 2808 1717 2862 Deus.

158 2893 281 2948 Non
295 2894 438 2948 enim
468 2902 731 2958 naturam,
749 2894 847 2971 sed
857 2908 1136 2964 personam
1164 2895 1431 2950 discrevit.
1455 2895 1623 2961 Quam
1646 2897 1722 2951 fe-

158 2984 339 3039 liciter
364 2983 579 3052 quidem
594 2991 649 3038 et
666 2983 888 3055 apostoli
912 2976 1208 3039 in'uomine
1230 2982 1373 3049 Jesu,
1403 2987 1455 3039 id
1478 2994 1578 3051 est,
1605 2984 1721 3040 Sal-

157 3078 382 3142 vatoris,
426 3085 593 3133 totam
635 3086 873 3133 sanctam
901 3086 955 3133 et
982 3077 1297 3136 ineﬁ‘abilem
1324 3080 1614 3137 demerunt
1644 3082 1721 3135 in-

159 3168 400 3238 telligere
423 3168 534 3239 39
562 3168 904 3243 Trinitatem!
976 3167 1148 3234 Quam
1192 3168 1440 3228 catholici
1465 3177 1521 3222 et
1540 3169 1712 3225 sancti
1742 3211 1784 3271 Ο

159 3260 350 3313 Patres
374 3258 429 3311 in
453 3259 552 3313 bac
584 3257 703 3315 ﬁdei
747 3258 1035 3312 stabilitate
1075 3256 1303 3322 solidati,
1332 3273 1379 3335 ra
1414 3259 1572 3312 Patre
1592 3273 1714 3313 san—

157 3360 304 3404 etum
328 3349 587 3418 Spiritum
606 3350 894 3421 procedere
921 3356 1041 3402 sunt
1074 3346 1331 3418 professi!
1413 3346 1584 3413 Quam
1612 3348 1720 3419 glo-

158 3440 300 3496 riose
326 3448 390 3513 et
406 3438 501 3503 illi,
528 3439 623 3509 qui
644 3453 767 3499 eum
784 3453 845 3491 ex
865 3436 1022 3491 Patre
1034 3437 1271 3505 Filioque
1281 3437 1568 3507 procedere
1586 3451 1716 3492 con-

156 3530 404 3584 ﬁtentur!
456 3529 594 3583 Hinc
619 3530 897 3599 perspicue
921 3529 1079 3585 datur
1118 3527 1344 3597 intelligi
1391 3528 1715 3599 sempiterna

154 3618 249 3672 Dei
282 3602 463 3673 Patris
484 3626 538 3672 et
559 3618 889 3687 omnipotens
924 3616 1203 3687 sapientia,
1247 3630 1365 3685 qua?
1401 3616 1718 3672 mirabiliter

152 3706 519 3779 intelligentiae
566 3706 592 3744 δ
618 3714 811 3762 nasum
834 3703 1110 3767 infantiam
1143 3704 1355 3761 erudire
1392 3720 1497 3758 non
1520 3714 1711 3771 cessat,

149 3812 275 3851 ctun
296 3797 363 3850 de
386 3810 448 3850 se
465 3794 772 3848 inclinatius
795 3792 938 3862 loqui
961 3792 1013 3847 in
1030 3802 1190 3847 ‘sacro
1208 3792 1455 3864 dignatur
1479 3791 1711 3862 eloquio,

149 3896 210 3939 ut
241 3900 299 3940 se
320 3886 624 3938 innotescat
648 3881 847 3939 trinum
890 3891 945 3935 et
980 3894 1145 3934 unum
1171 3879 1358 3935 Deum.
1416 3879 1569 3959 Modo
1588 3896 1712 3959 pro-

146 3984 270 4044 pter
289 3972 670 4029 discretionem
709 3969 958 4025 distincte
984 3968 1247 4051 loquitur,
1268 3968 1424 4025 modo
1451 3958 1578 4044 vero
1623 3958 1709 4023 iu?-

147 4065 381 4119 discrete
400 4068 621 4132 propter
651 4057 1153 4114 consubstantialem
1181 4056 1463 4111 individua:
1490 4057 1712 4127 Deitatis

153 4155 442 4208 unitatem.
492 4151 627 4206 Nam
673 4151 718 4205 si
757 4164 968 4218 semper
1012 4148 1315 4214 indiscrete,
1362 4152 1723 4205 absconderet

146 4247 337 4315 utique
381 4244 697 4314 mysterium
744 4240 1042 4296 Trinitatis.
1089 4240 1146 4295 Si
1198 4255 1324 4295 vero
1362 4255 1573 4309 semper
1599 4241 1712 4321 dis-

147 4337 336 4400 tincte,
369 4331 739 4397 excellentiam
770 4327 1009 4401 profecto
1057 4328 1254 4397 celaret
1295 4328 1705 4399 inseparabilem

147 4423 398 4481 Deitatis.
440 4421 607 4477 Docet
629 4417 881 4480 nimirum
908 4432 1005 4487 per
1030 4432 1213 4472 sacras
1242 4414 1708 4473 Testamentorum

1826 1999 1946 2057 culo
1973 2008 2027 2055 et
2053 2001 2105 2055 in
2148 2002 2431 2073 aenigmate
2473 2002 2523 2074 (I
2567 2003 2688 2057 Cor.
2718 2020 2815 2059 xm
2842 2045 2857 2071 ,
2901 2006 2986 2077 ιθ)
3026 2008 3259 2076 quandiu
3286 2024 3385 2078 per

1823 2086 1983 2143 ﬁdem
2004 2091 2361 2159 ambulamus,
2387 2102 2556 2148 etnon
2585 2109 2681 2163 per
2700 2096 2929 2164 speciem
2958 2096 3040 2167 (ΙΙ
3073 2095 3192 2151 Cor.
3224 2098 3374 2167 v,7),

1817 2172 1971 2241 juxta
1999 2178 2213 2233 modum
2226 2188 2419 2234 nostra:
2434 2189 2661 2245 naturas,
2690 2182 2740 2236 in
2757 2193 3013 2250 quantum
3042 2195 3219 2239 nostra
3239 2200 3377 2253 prse—

1822 2265 1963 2321 valet
1991 2267 2360 2335 possibilitatis
2385 2268 2670 2323 inﬁrmitas
2700 2271 3005 2324 summatim
3042 2273 3258 2327 sentire.
3323 2274 3379 2328 lu

1822 2369 1976 2409 sacro
2003 2363 2179 2410 autem
2201 2357 2412 2426 eloquio
2442 2358 2523 2412 vel
2561 2357 2615 2412 in
2645 2359 2765 2412 ﬁdei
2804 2360 3155 2416 instrumento
3184 2364 3379 2419 addere

1821 2442 1904 2496 vel
1930 2444 2189 2509 minuere,
2228 2455 2328 2499 test
2356 2461 2460 2499 non
2493 2455 2659 2511 recte,
2722 2456 2774 2501 et
2804 2448 3261 2506 aliter.sentiendo
3304 2453 3380 2506 in-

1822 2532 2078 2603 telligere,
2126 2549 2284 2603 quam
2315 2550 2344 2588 a
2373 2543 2559 2590 sancto
2593 2535 2794 2604 Spiritu
2846 2552 2942 2605 per
2990 2539 3249 2595 calamum
3281 2542 3381 2595 litt-

1819 2636 1936 2692 gure
1972 2633 2277 2679 sanctorum
2307 2624 2545 2696 virorum
2582 2626 2861 2695 :enigmata
2898 2628 3213 2683 mirabiliter
3246 2647 3379 2697 con-

1819 2720 1963 2777 stant
1994 2722 2369 2782 mystenorum
2410 2723 2745 2768 sacramenta
2786 2714 3011 2784 digesta,
3056 2716 3146 2784 qui
3190 2719 3376 2772 eodem

1818 2811 2002 2857 sancto
2025 2801 2185 2856 aﬁlati
2213 2800 2412 2872 Spiritu
2438 2817 2534 2871 per
2570 2818 2753 2858 sacras
2781 2819 2843 2859 ea
2869 2805 3127 2860 librorum
3152 2822 3380 2865 exarare

1816 2893 2036 2962 paginas
2058 2892 2389 2971 studuerunt.
2450 2893 2621 2949 Sicuti
2665 2903 2755 2949 est‘
2785 2890 2901 2951 mo‘s
2927 2900 3174 2971 proprius
3209 2900 3378 2955 hatre-

1826 2984 2075 3049 ticorum,
2113 2984 2203 3053 qui
2251 2983 2576 3055 negligentes
2612 2984 2802 3047 divina:
2844 2986 3130 3055 Scriptum
3163 3003 3376 3044 sensum

1815 3073 1898 3127 vel
1923 3073 2136 3127 modum
2165 3086 2433 3146 genusque
2460 3073 2760 3138 locutionis,
2791 3078 3026 3144 corrupti
3054 3079 3121 3133 ab
3156 3081 3374 3149 antiquo

1817 3170 2062 3229 serpente
2089 3160 2378 3215 secundum
2409 3178 2504 3215 sua
2527 3161 2790 3233 desideria
2822 3176 3137 3221 coacervant
3166 3169 3264 3240 sibi
3296 3170 3376 3224 in—

1816 3251 2157 3306 extricabiles
2180 3252 2531 3322 quaestionum
2552 3253 2829 3320 tumultus,
2862 3265 2916 3309 et
2931 3257 3128 3313 idcirco
3156 3258 3327 3315 inl‘uso
3345 3259 3375 3301 ει

1815 3342 2116 3413 ferrugineo
2177 3344 2314 3414 style
2371 3345 2425 3397 in
2467 3344 2715 3399 tinctorio
2757 3344 3029 3419 falsitatis,
3071 3352 3372 3419 proprium,

1814 3435 1906 3489 sed
1933 3442 2107 3488 tamen
2135 3448 2469 3503 perversum,
2501 3449 2559 3490 se
2588 3436 2780 3506 dogma
2802 3451 3118 3508 componere
3143 3440 3377 3509 glorian-

1813 3534 1921 3579 tur.
1971 3524 2107 3591 Quin
2135 3526 2313 3594 potius
2334 3526 2632 3595 peregrinis
2651 3534 2706 3579 et
2725 3527 2910 3593 variis,
2937 3543 3096 3597 quam
3124 3530 3375 3585 ecclesia-

1813 3614 1963 3669 sticis
2012 3629 2075 3668 ac
2098 3613 2467 3684 spiritualibus
2492 3614 2639 3669 abuti
2667 3624 2929 3669 conantur
2950 3616 3226 3683 doctrinis,
3254 3634 3377 3688 par-

1811 3696 2176 3771 vipendentes,
2221 3702 2467 3757 veritatis
2494 3701 2850 3773 refragatures
2886 3702 2972 3775 (α)
3017 3705 3147 3777 legis
3181 3720 3377 3777 praece-

1810 3804 1961 3865 ptum
2009 3793 2151 3866 (Leu.
2184 3794 2324 3865 xxx),
2367 3809 2473 3869 quo
2508 3794 2733 3864 mystice
2790 3803 3010 3850 cavetur
3041 3782 3373 3851 sacerdotem

1810 3882 1974 3938 semel
1995 3870 2069 3937 in
2097 3898 2194 3938 sua
2222 3883 2364 3937 tribu
2389 3889 2444 3936 et
2485 3882 2550 3937 de
2587 3897 2682 3937 sua
2711 3882 2877 3948 tribu,
2910 3883 3013 3938 vel
3041 3884 3222 3953 stirpis
3258 3898 3371 3939 sua:

1808 3986 2032 4027 uxorem
2056 3973 2299 4043 accipere
2318 3979 2373 4026 et
2397 3971 2569 4039 ipsam
2586 3971 2843 4041 virginem
2864 3987 2931 4025 ex
2953 3973 3138 4027 eadem
3162 3973 3370 4029 scilicet

1809 4062 2117 4117 Christiana
2167 4062 2436 4133 religionis
2470 4062 2735 4127 doctrina,
2782 4076 2886 4130 qua
2936 4062 3097 4117 semel
3136 4064 3375 4119 imbutus

1809 4161 1913 4220 est,
1942 4156 2007 4208 de
2033 4167 2137 4221 qua
2161 4151 2525 4209 Christianum
2546 4168 2738 4207 nomen
2763 4153 3012 4207 sortitum
3035 4168 3155 4210 sese
3187 4163 3368 4223 gratu-

1808 4242 1970 4310 latur,
2008 4243 2319 4312 sumpsiSse,
2349 4250 2403 4297 et
2430 4257 2495 4297 ex
2520 4258 2625 4312 qua
2656 4257 2754 4313 per
2779 4243 2976 4298 undam
2999 4254 3367 4314 regeneratum

1809 4348 1866 4388 se
1887 4333 2219 4403 recognoscit
2253 4333 2309 4387 in
2333 4332 2686 4388 immaculata:
2733 4331 2854 4388 ﬁdei
2888 4333 3173 4402 puritatem
3214 4335 3367 4404 quasi

1808 4424 2089 4493 virginem,
2140 4430 2195 4475 et
2222 4437 2327 4477 non
2363 4421 2613 4476 heretica
2634 4420 2923 4490 pollutione
2948 4428 3254 4492 corruptam
3304 4422 3358 4475 in

141 4515 371 4587 paginas
418 4511 583 4565 modo
611 4508 843 4567 mirabili
872 4514 1177 4579 utrumque.
1215 4514 1275 4561 ut
1320 4492 1699 4578 intelligamus,
1730 4529 1783 4591 υ
1808 4492 2054 4583 amplexu
2077 4512 2275 4567 amoris
2308 4511 2571 4581 accipere,
2636 4512 2703 4565 ad
2754 4512 3154 4582 propagandam
3188 4513 3370 4567 catho-

143 4616 199 4662 et
222 4604 390 4661 corde
424 4602 706 4658 credamus
731 4599 800 4655 ad
833 4592 1119 4667 justitiam,
1145 4606 1201 4653 et
1242 4613 1336 4655 ore
1357 4599 1708 4654 conﬁteamur

145 4699 213 4753 ad
239 4696 471 4752 salutem
488 4693 688 4759 trinum
705 4698 760 4748 et
779 4689 1315 4764 unumDeum(Rom.
1336 4706 1390 4757 x,
1410 4689 1519 4762 10).
1551 4688 1705 4746 Unde

141 4798 198 4844 et
222 4788 343 4859 ipsa
367 4778 633 4841 Divinitas
683 4783 855 4838 trinus
893 4790 947 4838 et
973 4797 1111 4837 unus
1136 4780 1291 4846 Deus,
1341 4782 1467 4839 licet
1495 4783 1566 4837 sit
1594 4782 1707 4838 ine-

143 4880 455 4945 narrabilis,
486 4880 593 4935 non
614 4884 792 4931 tamen
828 4884 911 4929 est
936 4872 1380 4944 incognoscibilis.
1446 4872 1708 4944 Cognosci

142 4968 575 5041 mpeCreator
597 4981 628 5020 a
651 4981 748 5024 sua
768 4963 1071 5019 rationabili
1090 4963 1245 5018 debet
1265 4972 1530 5018 creatura.
1569 4962 1708 5021 liinc

142 5070 224 5120 est
251 5059 397 5133 quod
421 5062 476 5115 in
504 5055 789 5128 Evangelio
817 5054 1106 5125 unigenitns
1130 5053 1218 5123 qui
1250 5062 1325 5106 est
1362 5053 1418 5105 in
1449 5054 1566 5107 sinu
1593 5052 1704 5109 Pa-

142 5154 237 5207 tris
266 5152 450 5223 (Joan.
479 5165 519 5214 t,
558 5148 647 5219 18)
691 5146 925 5215 loquitur
970 5143 1209 5200 Geuitori
1239 5160 1253 5199 :
1284 5142 1410 5197 Hac
1431 5153 1504 5198 est
1530 5153 1704 5197 autem

143 5246 247 5300 vita
266 5254 485 5309 atem,
513 5250 569 5294 ut
596 5246 902 5309 cognoscant
921 5244 969 5289 te
993 5250 1165 5289 verum
1180 5234 1342 5288 Deum
1364 5244 1412 5288 et
1435 5252 1585 5305 qum
1609 5236 1705 5288 ηιξ-

144 5337 259 5390 sisti
284 5332 466 5390 lessus
489 5330 752 5388 Christum
776 5328 953 5400 (loca.
986 5341 1116 5391 xm,
1158 5325 1233 5395 5).
1262 5325 1397 5380 Hinc
1426 5326 1562 5382 alias
1608 5343 1707 5399 per

144 5424 459 5495 prophetam
484 5418 823 5491 pradicendo
842 5423 1087 5480 testatur,
1126 5415 1305 5469 dicens
1338 5432 1351 5469 :
1389 5413 1705 5486 Cognoscent

144 5530 247 5577 me,
286 5511 477 5581 inquit,
522 5524 699 5563 omnes
724 5524 756 5559 a
781 5506 992 5561 minimo
1018 5522 1175 5576 usque
1200 5506 1267 5559 ad
1290 5507 1569 5559 maximum
1593 5502 1707 5576 (Je-

149 5621 275 5658 rem.
308 5616 455 5668 xxst,
485 5600 600 5672 54).
676 5598 810 5653 Hinc
837 5613 933 5653 vas
956 5596 1230 5652 electionis
1250 5597 1315 5650 de
1340 5597 1705 5667 ignorantibus

150 5696 316 5752 Deum
331 5710 430 5766 per
464 5692 932 5764 exprobrationem
956 5690 1203 5745 intonans
1228 5688 1332 5742 ait:
1381 5685 1483 5751 Qui
1502 5688 1707 5757 ignorat

1812 4599 1929 4657 liae
1954 4599 2076 4655 ﬁdei
2110 4600 2442 4671 posteritatis
2461 4612 2524 4653 ex
2545 4613 2609 4654 ea
2628 4597 2863 4655 sobolem
2884 4599 3220 4669 perdocetur.
3260 4600 3364 4657 Sed

1812 4689 1897 4746 bis
1932 4689 2161 4760 decepti,
2190 4688 2625 4761 imitati‘prorsus
2666 4687 3245 4761 Zambri,(Nnm.‘xxv)
3264 4728 3280 4756 ,
3310 4689 3363 4746 iu

1813 4781 2110 4839 adulterino
2124 4780 2409 4836 concubitu
2426 4787 2761 4836 exarsentnt.
2811 4781 2913 4847 Qui
2938 4794 3117 4836 sermo
3142 4780 3365 4837 alterius

1810 4871 2004 4942 lingua:
2046 4869 2362 4925 vernaculus
2404 4870 2746 4935 elucubratus
2773 4870 2838 4925 de
2863 4870 3079 4941 proprio
3103 4870 3366 4941 interpre-

1813 4969 1954 5015 tatus
1977 4960 2172 5016 dicitur
2211 4960 2386 5029 ﬂuxus
2412 4958 2695 5024 vehemens,
2745 4960 2851 5015 sive
2880 4960 3137 5015 canticum
3168 4976 3361 5024 meum,

1809 5051 1901 5121 qui
1926 5034 2174 5119 deceptus
2200 5048 2443 5118 inspecie
2457 5047 2831 5106 Ammonitidis
2856 5050 3017 5105 scorti
3044 5064 3159 5104 eam
3186 5051 3361 5119 petiit,

1809 5140 1955 5194 velut
1977 5137 2068 5193 isti
2093 5138 2405 5215 vehemente
2436 5134 2577 5193 ﬁuxu
2603 5146 2869 5211 perversa:
2904 5138 3157 5193 doctrinm
3179 5137 3365 5193 immo-

1810 5230 2049 5284 deratius
2072 5228 2465 5297 despumantes,
2500 5225 2828 5281 delectantur
2864 5226 2918 5281 in
2972 5226 3363 5295 pulchritudine

1810 5308 2135 5390 splendentis
2192 5315 2504 5384 eloquentiae
2548 5316 2786 5384 perversi
2841 5316 3121 5385 dogmatis.
3192 5314 3363 5383 Quem

1814 5410 2042 5467 Pbinees
2062 5408 2271 5464 Domini
2292 5407 2562 5473 sacerdos,
2590 5407 2680 5476 qui
2715 5406 2931 5476 proprio
2958 5406 3023 5459 de
3046 5404 3183 5477 stylo
3196 5412 3364 5460 trans-

1806 5502 1968 5569 latus,
1996 5503 2050 5556 in
2087 5500 2277 5555 Latino
2313 5499 2512 5568 palato,
2563 5500 2669 5553 oris
2693 5498 2967 5569 augurium
2996 5504 3242 5561 resonat,
3275 5494 3362 5551 vel

1808 5596 2072 5669 requievit,
2101 5592 2278 5648 ultrici
2325 5593 2637 5647 transﬁxum
2656 5592 2887 5663 pugione
2903 5592 2955 5647 in
2990 5591 3119 5647 locis
3153 5591 3359 5662 genita-

1807 5686 1948 5743 libus
1967 5684 2121 5741 simul
2141 5700 2264 5740 cum
2287 5697 2382 5739 sua
2411 5682 2647 5739 adultera
2674 5683 2955 5740 interfecit.
3004 5682 3139 5750 Quia
3177 5681 3360 5741 videli-

216 5812 293 5883 (ο)
332 5809 703 5869 Subduximus
726 5814 981 5879 punctum
996 5806 1084 5877 qui
1111 5812 1266 5862 antea
1278 5810 1395 5861 erat
1414 5810 1469 5859 et
1489 5816 1703 5860 sensum
1743 5802 2083 5860 obscurabat.
