4174 6456
633 453 728 509 291

1504 454 1559 506 S.
1601 452 1936 508 PAULINUS
1972 451 2401 507 PATRIARCHA
2441 451 2924 518 AQUILEIENSIS.

3726 446 3837 502 292

634 569 721 616 cet
756 573 976 613 censura
1005 559 1375 613 ecclesiastica:
1415 559 1707 627 disciplinae
1749 560 2057 614 haereticum
2086 559 2180 612 ho—
2207 565 2256 622 Α
2283 566 2390 614 tota
2428 559 2702 627 utriusque
2745 558 3072 640 Testamenti
3098 557 3236 613 serie
3263 565 3594 614 contestatus
3631 567 3718 610 est
3756 556 3841 610 di-

638 648 833 710 mincm
881 655 1001 716 post
1033 661 1193 700 unam
1236 647 1317 700 vel
1351 646 1571 700 alteram
1615 647 2000 714 correptiouem
2052 645 2177 715 (Tit.

635 753 720 800 ιιι,
753 736 862 803 10),
903 733 1178 804 expulsum
1202 735 1266 788 de
1296 733 1544 788 Ecclesiw
1568 735 1790 803 gremio,
1818 742 2019 787 esterno
2058 748 2185 786 ana-

2282 662 2435 702 cens:
2469 647 2676 717 Siquis,
2703 648 2888 716 inquit,
2913 650 3205 727 opposuerit
3227 651 3295 702 ad
3317 650 3682 718 Iure,apponet
3701 647 3848 702 Deus

2283 753 2456 789 omnes
2481 735 2659 805 plagas
2705 737 2922 805 scriptas
2951 737 3006 791 in
3033 737 3164 790 libro
3193 738 3308 791 hoc.
3358 735 3425 790 Et
3455 738 3500 790 si
3536 738 3652 806 quis
3690 737 3851 790 dimi-

635 824 884 878 thematis
907 822 1086 889 jaculo
1114 822 1268 876 simul
1301 837 1420 876 cum
1451 838 1544 876 sua
1572 821 1919 876 condemnata
1949 828 2186 896 stuprata
2285 828 2451 879 nuerit
2504 826 2567 878 de
2607 826 2766 879 verbis
2803 826 3084 896 prapltetite
3111 827 3289 896 hujus,
3327 827 3529 898 auferet
3554 827 3707 880 Deut
3725 843 3850 896 par-

636 913 823 968 haercsi
856 911 1131 964 interimit.
1191 910 1477 976 Quiescere
1524 924 1752 977 namque
1774 909 1996 974 fecerat,
2037 909 2189 976 juxta
2286 924 2385 967 tem
2407 913 2546 966 illius
2592 915 2654 968 de
2681 915 2808 967 libro
2844 915 2980 981 vitae,
3030 925 3077 969 et
3114 916 3177 968 de
3201 917 3405 970 civitate
3428 925 3611 968 sancta
3657 914 3849 985 (Apoc.

633 1003 864 1058 nominis
912 1001 991 1054 sui
1026 1001 1516 1068 interpretationem
1552 1039 1584 1064 ,.
1633 999 1768 1051 iram
1814 997 2190 1066 indignationis
2287 1019 2401 1072 cap.
2429 1002 2662 1068 ult.,18,
2687 1003 2796 1073 19).

633 1093 934 1161 furorisque
980 1091 1212 1156 Domini,
1257 1105 1374 1158 quae
1404 1088 1514 1158 jam
1555 1103 1768 1159 egressa
1803 1096 1921 1140 erat
1964 1087 2030 1141 ad
2067 1101 2190 1156 per-

634 1183 861 1236 dendum
891 1178 1141 1248 p0pulum
1165 1179 1218 1232 in
1249 1179 1501 1232 ultionem
1536 1189 1558 1215 ο
1589 1175 1800 1244 petulci.
1857 1174 1991 1229 Nam
2012 1190 2194 1242 quem-

632 1271 916 1327 admodum
940 1267 1176 1321 lubricus
1199 1266 1284 1320 ille
1305 1281 1523 1343 serpens
1541 1267 1593 1319 in
1618 1265 1863 1334 paradiso
1883 1264 2192 1318 deliciarum

632 1360 800 1414 Evam
833 1343 1069 1424 corrupit
1097 1348 1292 1409 astutia
1333 1371 1425 1409 sua
1452 1356 1602 1424 (Gen.
1634 1373 1717 1421 ιιι,
1748 1356 1827 1424 ι),
1874 1355 2021 1423 cujus
2040 1369 2191 1408 men-

634 1460 741 1504 tem
783 1447 1042 1508 mendacii
1072 1460 1334 1500 venenum
1359 1445 1623 1508 inliciens,
1667 1447 1938 1515 instigavit
1971 1459 2035 1498 ne
2050 1445 2193 1498 veri-

635 1539 730 1594 tati
753 1538 1014 1600 crederet,
1057 1536 1149 1588 sed
1175 1536 1350 1602 potius
1390 1536 1753 1603 acquiesceret
1779 1534 2019 1597 falsitati,
2070 1533 2196 1587 dum

634 1636 956 1699 praeceptum
980 1623 1348 1678 inobedicntia:
1362 1625 1497 1677 male
1519 1622 1916 1691 interpretando
1931 1619 2198 1690 persuasit

632 1715 962 1787 transgredi;
997 1716 1069 1769 ita
1083 1730 1221 1770 nunc
1243 1701 1536 1783 versipellis
1550 1714 1715 1767 inhoc
1737 1712 1986 1780 paradiso
1999 1720 2199 1764 sancta.-

541 1801 544 1804 ’
634 1807 904 1871 Ecclesiae,
943 1820 1060 1874 qua:
1104 1803 1432 1872 spiritalibus
1454 1802 1657 1859 deliciis
1685 1800 1870 1863 allluit,
1903 1814 1998 1868 per
2026 1799 2200 1853 haere-

639 1901 863 1952 ticorum
894 1895 1111 1950 molitur
1145 1909 1355 1962 semper
1407 1901 1622 1963 pectora
1675 1891 1923 1960 nequitim
1945 1890 2093 1944 virus
2122 1889 2202 1940 in-
2236 1902 2280 1961 Β

636 1988 881 2051 fundere,
933 1996 1196 2056 quatenus
1243 1983 1495 2037 falsitatis
1535 1982 1762 2036 debriati
1805 1979 1995 2048 poculo
2053 1993 2202 2031 erra-

638 2079 811 2132 bundo
833 2077 1029 2145 poplite
1053 2091 1150 2145 per
1176 2072 1417 2126 anfracta
1443 2071 1643 2125 erroris
1657 2067 2199 2142 evacuantes[Forte,

633 2166 968 2237 evagantes],
994 2163 1491 2219 veritatisinvenire
1514 2170 1778 2230 nequeant
1798 2160 2018 2214 fontem.
2056 2159 2205 2214 Unde

631 2255 892 2309 ctPaulus
919 2255 983 2309 de
1004 2253 1318 2322 quibusdam
1339 2251 1530 2305 dubius
1549 2266 1857 2319 praecavens
1881 2250 1990 2303 ait:
2026 2249 2199 2303 Timeo

628 2363 766 2400 enim
794 2362 855 2399 ne
897 2346 1028 2398 sicut
1078 2359 1284 2414 serpens
1313 2341 1507 2409 decepit
1539 2339 1698 2393 Evam
1746 2339 1938 2392 astutia
1966 2355 2086 2403 sua,
2130 2339 2205 2391 ita

634 2445 1024 2504 corrumpentur
1059 2449 1238 2486 sensus
1285 2434 1458 2494 vestri,
1520 2446 1580 2484 ne
1621 2429 1843 2482 credatis
1872 2429 2072 2481 veritati
2118 2425 2203 2496 (II

637 2525 760 2577 Cor.
786 2540 865 2587 ιι,
888 2523 962 2593 5).
1003 2520 1460 2586 Quemadmodum
1497 2516 1675 2572 infelix
1703 2516 1863 2570 Arius
1896 2513 2053 2583 hujus
2094 2507 2206 2569 seti

636 2616 810 2685 pentis
878 2612 1186 2680 crapulatus
1241 2622 1486 2671 veneno,
1530 2605 1726 2660 addere
1770 2603 1852 2657 vel
1889 2603 2104 2657 demere
2151 2601 2205 2656 in

635 2710 821 2757 sancto
869 2697 1157 2769 Evangelio
1201 2705 1424 2751 conatus
1467 2703 1572 2759 est,
1628 2693 1716 2748 ubi
1759 2691 2074 2747 mediatoris
2100 2690 2207 2760 70

637 2806 819 2846 vocem
868 2788 1159 2842 intonantis
1188 2785 1450 2856 prurienti
1473 2798 1603 2838 aure
1642 2783 1930 2839 cauteriata
1966 2781 2207 2836 audierat

635 2881 984 2942 conscientia,
1027 2888 1082 2930 ct
1123 2875 1485 2946 perfunctorie
1526 2874 1729 2944 legerat
1773 2872 2064 2927 secundum
2111 2873 2208 2926 bo-

636 2970 835 3040 rn'mem
858 2967 1085 3021 dixisse:
1134 2962 1274 3017 Vada
1299 2963 1367 3016 ad
1387 2961 1621 3026 Patrem,
1675 2962 1799 3031 quia
1840 2960 1999 3014 Pater
2036 2959 2209 3028 major

639 3076 720 3113 me
742 3068 814 3112 est
840 3057 1018 3127 (Joan.
1049 3070 1160 3119 xw,
1182 3053 1292 3124 28).
1357 3053 1531 3123 Super
1557 3053 1659 3107 hoc
1687 3053 1850 3123 igitur
1877 3052 2031 3121 quasi
2053 3051 2207 3105 addi-

638 3151 779 3204 disse
805 3147 1021 3218 quidam
1046 3144 1403 3207 convincitur,
1431 3159 1551 3198 cum
1581 3142 1788 3211 polluto
1818 3156 2001 3206 sensu,
2029 3147 2080 3195 et
2108 3140 2205 3193 im-

2357 1129 2424 1183 Χ.
2451 1131 2825 1186 Verumtamen
2840 1139 3052 1188 sanctos
3063 1132 3440 1203 praedicatores
3458 1134 3716 1190 Ecclesia:
3737 1134 3858 1190 haec

2290 1233 2394 1273 non
2419 1220 2659 1290 percellit
2703 1222 2918 1278 ultionis
2957 1223 3214 1288 vindicta,
3265 1238 3399 1292 quos
3423 1224 3567 1294 ipsos
3589 1225 3859 1278 nimirum

2289 1310 2637 1381 Apocalypsis
2657 1312 2874 1376 librum,
2893 1321 2947 1366 et
2968 1314 3378 1382 unumquodque
3397 1313 3690 1381 capitulum
3705 1313 3860 1368 Scri~

2291 1409 2590 1467 pturarum,
2632 1400 2908 1468 multiplici
2959 1401 3374 1470 disputationum
3422 1401 3560 1470 stylo
3601 1416 3701 1471 per
3741 1401 3860 1455 sin-

2295 1488 2416 1557 gula
2454 1490 2766 1556 exponendo
2815 1489 3015 1543 salubri
3062 1490 3382 1559 explicuisse
3422 1491 3863 1560 promulgatione

2297 1579 2595 1643 laudamus,
2641 1593 2878 1649 quosque
2909 1597 3012 1650 pro
3049 1582 3132 1636 his
3171 1582 3548 1650 sempiternam
3583 1583 3866 1635 credimus

2299 1677 2607 1736 recepturos
2648 1669 2967 1723 mercedem.
3005 1669 3124 1737 lpse
3167 1670 3361 1738 quippe
3384 1670 3650 1724 mediator
3672 1670 3773 1723 Det
3811 1676 3870 1724 et

2301 1759 2574 1812 hominum
2615 1759 2870 1814 Dominus
2915 1769 2970 1814 et
2997 1760 3248 1827 Magister
3285 1761 3450 1814 multa
3490 1760 3546 1814 in
3587 1759 3866 1828 parabolis

2305 1864 2438 1917 quas
2450 1850 2560 1918 ipse
2572 1861 2941 1918 proposuerat,
2963 1850 3211 1906 melliﬂuo
3236 1851 3527 1906 divinitatis
3544 1851 3866 1920 exponendo

2306 1955 2420 2005 ore,
2445 1942 2728 1994 verborum
2774 1941 3004 2010 insignia
3053 1942 3452 2011 multiplicavit,
3483 1953 3533 1997 et
3553 1944 3763 2010 duaous
3809 1943 3866 1996 in

2301 2031 2382 2084 ria
2413 2030 2794 2102 ambulantibus
2825 2032 3021 2101 aperuit
3037 2041 3333 2096 sensum,et
3358 2033 3607 2100 incipiens
3635 2032 3868 2101 aMoyse

2302 2130 2349 2174 et
2384 2121 2618 2173 omnibus
2640 2122 2921 2190 prophetis,
2943 2122 3378 2192 interpretabatur
3398 2122 3502 2176 illis
3527 2124 3583 2176 in
3622 2111 3866 2176 amnibus

2304 2211 2587 2279 Scripturis
2614 2228 2730 2279 (iure
2749 2211 2814 2264 de
2835 2212 2945 2280 ipso
2974 2222 3120 2264 erant
3152 2211 3302 2285 (Luc.
3331 2229 3481 2277 xxw,
3508 2213 3621 2283 27).
3681 2212 3792 2268 Sed
3818 2220 3871 2266 et

2304 2301 2491 2355 beatus
2519 2299 2789 2368 apostolus
2835 2315 2940 2354 non
2979 2307 3062 2354 est
3110 2299 3422 2370 culpandus,
3453 2303 3543 2369 qui
3573 2302 3709 2371 legis
3739 2302 3872 2357 mni-

2303 2399 2480 2461 gmata
2502 2405 2595 2459 per
2615 2390 2926 2464 multiplicia
2955 2390 3370 2459 disputationum
3399 2391 3653 2446 disseruit
3681 2394 3866 2447 verba.

2304 2480 2418 2534 Huc
2444 2495 2610 2549 usque
2629 2466 2847 2549 propter
2871 2496 2964 2534 eos
2985 2481 3074 2549 qui
3097 2489 3364 2550 nequeunt
3389 2481 3454 2536 ad
3479 2496 3674 2550 purum
3703 2482 3873 2536 subti-

2305 2568 2428 2623 liter
2449 2569 2741 2640 intelligere
2788 2571 2916 2640 quid
2940 2571 3010 2627 sit
3035 2572 3090 2626 in
3134 2585 3289 2626 sacro
3307 2570 3522 2642 eloquio
3536 2571 3762 2636 addere,
3791 2568 3874 2624 vel

2305 2660 2564 2714 minuere.
2591 2658 2740 2714 Nunc
2754 2669 2932 2716 autem
2947 2661 3030 2716 bis
3043 2662 3114 2715 ita
3137 2661 3360 2730 digestis
3376 2661 3649 2731 proposita
3674 2667 3874 2714 nostra:

2306 2751 2736 2822 repromissionis
2752 2750 2926 2807 debita
2948 2753 3162 2808 tandem
3175 2752 3458 2822 aliquando
3469 2751 3630 2822 pleno
3648 2751 3873 2806 reddere

2306 2843 2514 2898 calamo
2542 2840 2653 2909 jam
2679 2857 2785 2897 non
2808 2841 3132 2898 differamus.

2375 2948 2464 3002 XI.
2504 2949 2579 3002 De
2605 2963 2766 3003 causa
2793 2963 2982 3018 nempe
3033 2949 3154 3004 ﬁdei
3195 2949 3418 3019 polliciti
3473 2965 3662 3004 sumus
3687 2956 3876 3005 contra

2306 3054 2399 3094 eos
2419 3040 2690 3110 disputare
2717 3040 2807 3108 qui
2834 3040 2997 3096 variis
3021 3041 3295 3096 erroribus
3325 3040 3577 3109 implicati
3599 3055 3709 3094 non
3731 3050 3878 3094 recte

2306 3129 2543 3183 sentiunt
2564 3129 2629 3184 de
2655 3130 2909 3198 mysterio
2933 3129 3228 3184 Trinitatis.
3273 3127 3468 3184 Contra
3492 3143 3586 3184 eos
3607 3128 3878 3193 videlicet,

641 3240 730 3310 pio
755 3222 937 3292 ore‘ex
963 3251 1061 3289 suo
1097 3233 1272 3287 intulit
1305 3250 1316 3285 :
1361 3233 1474 3286 Non
1498 3232 1667 3287 solum
1712 3230 2001 3286 secundum
2025 3230 2210 3284 huma-

2315 3217 2407 3288 qui
2433 3217 2498 3272 de
2519 3231 2866 3286 personarum
2899 3219 3220 3272 discretione
3249 3219 3525 3274 dubitant:
3570 3220 3672 3288 ~qui
3707 3220 3877 3289 ipsum

642 3343 765 3381 nam
794 3334 1060 3388 naturam,
1118 3322 1208 3377 sed
1239 3330 1293 3376 et
1337 3322 1628 3376 secundum
1667 3320 2002 3373 divinitatem
2033 3317 2206 3372 mino-

645 3430 756 3469 rem
783 3428 904 3467 cum
938 3421 993 3467 et
1037 3411 1390 3482 posteriorem
1417 3409 1575 3462 Patre
1608 3408 1819 3462 mentiri
1860 3423 1964 3461 non
2010 3405 2206 3465 timuit.

2309 3314 2496 3374 putant
2516 3320 2633 3359 esse
2671 3305 2909 3370 Patrem,
2952 3306 3232 3376 ipsumque
3266 3306 3484 3372 Filium,
3534 3309 3630 3377 qui
3660 3306 3881 3362 inferio-

2310 3409 2424 3449 rem
2455 3395 2668 3459 Filium,
2690 3403 2745 3448 et
2779 3395 3129 3464 posteriorem
3174 3397 3507 3450 mentiuntur
3548 3411 3673 3450 esse
3700 3395 3880 3459 Patre,

641 3503 772 3572 Quae
813 3516 1085 3573 nunquam
1115 3501 1168 3554 in
1203 3498 1560 3555 sacrosanctis
1600 3497 1922 3567 Evangeliis,
1963 3495 2015 3549 in
2066 3495 2211 3549 nulla
2312 3486 2402 3556 qui
2426 3485 2526 3538 tria
2551 3483 2811 3554 principia
2839 3486 3176 3540 conﬁtentur.
3200 3484 3309 3539 Nos
3329 3495 3507 3540 autem
3528 3499 3652 3539 cum
3681 3486 3882 3541 sanctis

646 3594 832 3648 saltem
885 3590 1123 3660 qualibet
1155 3589 1454 3642 divinorum
1493 3594 1933 3642 testamentorum
1974 3583 2114 3638 serie
2155 3597 2210 3638 se

2314 3575 2561 3629 Patribus
2590 3590 2754 3628 unum
2788 3576 3106 3646 principium
3158 3576 3498 3642 conﬁtemur,
3522 3575 3783 3642 Patrem,
3828 3586 3880 3632 et

647 3683 838 3753 legisse
861 3682 1058 3751 poterit
1077 3680 1392 3750 approbare.
1420 3678 1486 3732 Et
1512 3678 1664 3746 quasi
1689 3677 1942 3732 minuisse
1965 3677 2030 3731 de
2043 3675 2213 3730 sancti
2315 3663 2531 3728 Filium.
2547 3671 2600 3718 ει
2627 3663 2885 3733 Spiritum
2912 3673 3175 3719 sanctum.
3195 3663 3465 3733 Scriptum
3487 3671 3570 3718 est
3588 3665 3736 3720 enim
3757 3679 3772 3717 :
3794 3663 3880 3718 Te-

651 3774 922 3844 Evangelii
951 3772 1178 3826 lectione
1204 3785 1328 3824 reus
1365 3770 1780 3838 constringatur,
1825 3769 1916 3824 ubi
1947 3768 2108 3824 surda
2161 3776 2210 3822 et

2315 3769 2430 3811 cum
2451 3756 2759 3828 principium
2783 3756 2836 3809 in
2857 3756 2940 3810 die
2965 3756 3162 3810 virtutis
3191 3765 3293 3810 tua:
3324 3754 3628 3844 (Psal._c1x,
3651 3756 3730 3826 ὅ).
3764 3754 3875 3810 Non

649 3839 933 3929 obdurata,
963 3863 1116 3934 quasi
1147 3861 1310 3931 aspis,
1340 3875 1470 3914 aure
1507 3859 1677 3932 (Psal.
1705 3859 1944 3946 milia,
1969 3857 2210 3914 eumdem

2316 3848 2634 3920 principium
2658 3846 2800 3937 quod
2828 3846 3033 3914 incipit,
3061 3846 3141 3900 vel
3165 3846 3318 3914 quasi
3349 3839 3577 3910 initiale,
3616 3846 3712 3899 sed
3735 3845 3877 3914 prin-

647 3955 979 4026 unigenitum
995 3952 1086 4005 Dei
1113 3950 1306 4004 Filium
1325 3949 1509 4004 audire
1533 3933 1893 4018 despexerﬁ?
1903 3949 2014 4020 Ego
2039 3958 2086 4002 et
2111 3947 2210 4001 Pa-

2318 3939 2516 4008 cipium
2541 3937 2681 4006 quod
2701 3933 2951 4006 praecedit
2975 3935 3174 3990 omnia.
3214 3934 3349 4002 Quia
3367 3951 3637 4004 nunquam
3664 3951 3771 3990 non
3785 3934 3880 3990 fuit

653 4056 731 4098 ter
754 4025 924 4097 unum
950 4057 1128 4095 sumus
1156 4039 1336 4109 (Joan.
1364 4055 1420 4103 ι,
1446 4038 1558 4110 50).
1599 4039 1735 4093 liinc
1772 4054 1984 4108 quoque
2007 4038 2210 4092 videtur

2319 4028 2501 4094 Pater,
2540 4028 2641 4082 hoc
2684 4036 2767 4082 est
2808 4035 3090 4095 paternum
3133 4041 3402 4095 nunquam
3443 4025 3614 4080 defuit
3667 4041 3878 4091 nomen,

658 4134 936 4197 minuisse,
961 4133 1052 4186 sed
1073 4132 1173 4186 sibi
1199 4130 1274 4202 (a)
1305 4130 1376 4184 ibi
1401 4131 1763 4200 imprudenter
1788 4129 2055 4184 addidisse
2075 4169 2089 4194 ,
2125 4128 2219 4182 sed
2320 4121 2445 4188 (ιυὶει
2475 4132 2684 4186 θεωρεῖ
2707 4116 2866 4171 Pater
2890 4115 3012 4181 ΐυίῑν
3042 4123 3096 4170 ει
3130 4122 3242 4181 88ῑὶ
3284 4125 3338 4170 el
3358 4130 3630 4186 nunquam
3656 4129 3763 4169 non
3783 4114 3881 4170 Ῑιιίῑ

653 4225 719 4278 ad
739 4219 1363 4290 suamperniciemmibil
1384 4209 1734 4288 prmjudicans
1756 4215 2215 4272 divihisoraculis.
2320 4211 2508 4275 Filius,
2535 4211 2635 4264 hoc
2671 4215 2776 4272 est,
2807 4209 2931 4277 quia
2980 4207 3101 4261 Filii
3140 4221 3335 4261 nomen
3372 4221 3643 4275 nunquam
3692 4207 3877 4271 defuit,

654 4312 850 4367 Sancta
873 4320 1050 4365 autem
1070 4309 1435 4364 etveneranda
1453 4307 1722 4378 Evangelii
1735 4317 2067 4362 sacramenta
2091 4321 2222 4361 cun-
2320 4301 2445 4372 quia
2467 4313 2697 4370 semper,
2735 4306 2790 4352 et
2809 4298 2923 4352 sine
2952 4296 3134 4361 initio',
3161 4294 3329 4350 Filius
3355 4295 3477 4360 fuit,
3505 4304 3559 4350 et
3585 4303 3688 4350 est.
3748 4295 3880 4351 Con-

653 4403 722 4457 tis
745 4402 992 4457 inviolata
1014 4401 1221 4455 saeculis
1242 4399 1652 4468 permanebunt.

722 4492 812 4548 1x.
853 4491 1158 4547 Catholicus
1185 4503 1312 4543 vero
1328 4487 1551 4556 quilibet
1569 4487 1775 4553 doctor,
1796 4495 1942 4541 recte
1963 4487 2218 4550 sentiens,

2323 4391 2632 4445 tradicimus
2673 4403 2769 4458 per
2795 4388 2975 4442 omnia
3019 4385 3465 4456 Patropassianis,
3506 4385 3597 4456 qui
3626 4385 3876 4439 divinita-

2324 4473 2430 4536 tem
2457 4481 2573 4554 ejus
2601 4474 2716 4534 ausi
2740 4487 2862 4533 sunt
2891 4491 2916 4518 ι
2945 4478 3236 4550 elinguare.
3279 4476 3614 4533 Similiter'et
3651 4479 3757 4533 illis
3776 4493 3877 4532 non

646 4579 800 4648 juxta
829 4579 971 4648 quod
994 4593 1026 4630 a
1050 4576 1272 4630 Domino
1303 4573 1586 4644 gloriosius
1612 4582 1692 4627 est
1717 4573 2074 4644 prmlibatum,
2099 4556 2301 4641 quo-"0
2326 4575 2586 4638 cedimus,
2635 4573 2724 4643 qui
2753 4572 2807 4626 in
2835 4571 2965 4627 duos
2988 4567 3233 4638 videntur
3260 4571 3397 4626 ﬁlios
3421 4587 3586 4626 unum
3611 4570 3878 4628 Christum

655 4669 814 4724 modo
859 4676 913 4721 et
962 4668 1251 4722 secundum
1301 4665 1570 4720 hominem
1607 4665 1802 4729 minor,
1844 4672 1899 4719 et
1927 4665 2217 4736 secundum

658 4758 824 4812 Deum
861 4756 1081 4826 aequalis
1125 4756 1195 4809 sit
1233 4748 1422 4818 Patri,
1470 4753 1585 4806 haec
1630 4751 1909 4821 multiplici
1945 4751 2220 4806 evidenter

658 4846 970 4918 exponendo
1005 4859 1252 4900 sermone
1293 4843 1548 4914 explicuit
1573 4859 1678 4897 non
1718 4844 1988 4898 addidisse
2016 4843 2098 4898 vel
2123 4843 2223 4897 mi-

659 4939 862 5003 nuisse,
893 4937 987 4991 sed
1017 4927 1558 5003 irreprehensibiliter
1592 4933 1962 5002 praedicandus
2003 4943 2108 4996 est,
2147 4932 2224 4987 fa-

659 5027 824 5081 tentia
855 5025 1320 5095 sanctilEvangelii
1346 5022 1597 5092 mysteria
1639 5022 1982 5091 supplevisse.
2053 5021 2218 5076 Multa

659 5119 872 5189 quidem
896 5115 1258 5184 hujuscemodi
1282 5122 1337 5168 et
1379 5115 1464 5168 bis
1486 5113 1683 5168 similia
1706 5113 2067 5181 objectionum
2113 5113 2221 5182 spi-

662 5208 779 5262 cula
804 5222 868 5260 ex
899 5221 1026 5259 arcu
1067 5205 1261 5274 lingua:
1289 5205 1486 5259 intorta
1515 5203 1745 5258 inveniri
1768 5205 2220 5273 poterantquibus

663 5289 1060 5351 adversantium
1107 5297 1524 5350 obtrectatorum
1550 5293 1792 5352 confossa
1836 5304 2053 5363 pectora
2100 5309 2222 5348 sau-

664 5389 854 5456 cioque
885 5386 1077 5441 infecta
1105 5387 1321 5442 vulnere
1357 5386 1673 5450 reticerem;
1715 5386 1807 5440 sed
1847 5393 2063 5454 propter
2101 5385 2223 5439 bre-

666 5481 850 5534 vitatis
879 5481 1250 5549 compendium
1294 5481 1361 5534 ab
1383 5479 1466 5533 bis
1486 5478 1594 5547 jam
1617 5478 1833 5550 jamque
1866 5480 2072 5534 calamo
2107 5479 2228 5533 sub-

668 5571 929 5624 trahendo
956 5570 1289 5624 decrevimus
1313 5578 1630 5639 tcmperare.
1679 5570 1809 5624 Nam
1837 5572 1887 5624 in
1910 5566 2226 5640 Apocalypsi

665 5663 899 5717 Joannes
943 5661 1214 5732 apostolus
1243 5662 1341 5715 sub
1388 5661 1543 5714 unius
1590 5660 1708 5716 libri
1745 5663 2098 5732 appellatione
2163 5661 2229 5717 de

741 5770 817 5842 (a)
857 5772 950 5826 Hic
978 5774 1163 5827 deesse
1193 5771 1389 5842 aliquid
1420 5773 1649 5828 videtur.
1692 5771 1859 5826 Iliun.

2328 4665 2422 4721 Dei
2447 4664 2642 4719 Filium
2665 4661 2919 4725 dividere,
2947 4660 3070 4714 dum
3095 4659 3240 4714 illum
3264 4659 3584 4736 naturalem,
3614 4659 3669 4714 et
3683 4660 3880 4730 adopti—

2326 4772 2450 4810 vum
2477 4753 2743 4808 atiirmare
2767 4751 3080 4816 moliuntur,
3105 4767 3226 4806 cum
3252 4767 3391 4808 unus
3409 4752 3656 4822 idemque
3679 4752 3751 4806 sit
3768 4751 3876 4816 Dei,

2327 4846 2663 4915 hominisque
2682 4843 2871 4909 Filius,
2893 4845 2978 4899 cui
2999 4859 3096 4916 per
3117 4843 3436 4916 Prophetam
3458 4843 3674 4898 dicitur.
3705 4841 3882 4898 Τιιαιι-

2326 4949 2427 4992 tem
2453 4937 2587 4991 idem
2615 4938 2721 5006 ipse
2737 4953 2812 5002 es,
2837 4946 2884 4991 et
2913 4938 3039 4991 anni
3080 4939 3155 4992 tui
3197 4954 3300 4991 non
3343 4937 3580 5005 deﬁcient
3613 4936 3876 5008 (Psal.c1,

2326 5029 2438 5101 28).
2481 5025 2612 5083 'Sed
2643 5029 2832 5083 melius
2869 5030 2983 5084 haec
3031 5029 3362 5094 intimamus,
3407 5029 3453 5083 si
3492 5029 3668 5098 ipsum
3696 5069 3712 5094 ,
3750 5028 3878 5083 sicut

2325 5119 2530 5190 przefati
2553 5135 2756 5185 sumus,
2798 5127 3002 5175 textum
3024 5119 3271 5190 symboli,
3297 5135 3360 5175 ac
3381 5119 3629 5188 deinceps
3657 5134 3775 5189 qua:
3797 5134 3873 5176 se-

2327 5223 2583 5284 quuntur,
2616 5214 2720 5268 hoc
2756 5215 3100 5283 exsequimur
3132 5212 3342 5290 ordine.
3377 5210 3737 5267 Obsecramus
3760 5229 3872 5278 vos,

2329 5298 2542 5367 fratres,
2567 5311 2620 5356 et
2642 5317 2895 5371 germano
2917 5303 2942 5342 ι)
2957 5301 3204 5357 obnixius
3224 5301 3803 5373 impreeamuraﬂ‘ectu,
3822 5313 3877 5358 ut

2328 5394 2394 5446 ab
2433 5394 2533 5448 hoc
2550 5392 2669 5448 loco
2694 5409 2757 5447 ea
2785 5382 2903 5463 quzé
2923 5403 3217 5464 sequuntur
3253 5407 3530 5462 usquequo
3550 5395 3870 5463 pervenitur,

2326 5486 2414 5538 ubi
2438 5485 2632 5554 legitur
2653 5486 2716 5539 de
2761 5485 2938 5539 divina
2974 5485 3238 5555 Unigeniti
3269 5485 3498 5539 essentia
3549 5486 3653 5539 hoc
3697 5486 3871 5540 modo:

2330 5575 2393 5628 In
2415 5593 2517 5645 qua
2568 5586 2744 5646 regnat
2789 5577 2842 5630 in
2872 5579 3089 5644 unitate,
3138 5587 3184 5630 et
3225 5578 3456 5631 trinitate
3503 5593 3621 5630 cum
3648 5575 3804 5631 Patre
3826 5583 3869 5626 et

2328 5676 2506 5720 sancto
2539 5665 2739 5736 Spiritu
2762 5709 2776 5733 ,
2821 5669 3115 5727 scribentes
3146 5668 3236 5722 illa
3260 5683 3363 5722 non
3410 5668 3462 5722 in
3489 5667 3810 5722 membranis
3830 5675 3878 5719 ct
