4174 6444
110 466 235 555 eas
288 521 308 529 ,

1292 459 1659 517 CONCILIUM
1695 459 1903 517 FOROJ
1913 458 2218 515 ULIENSE.

3241 460 3346 535 294

126 578 431 637 morticinis
449 577 701 648 pellibus,
739 576 832 631 sed
867 575 919 630 in
942 574 1137 630 tabulis
1160 573 1337 629 cordis
1359 574 1690 637 carnalibus,
1722 575 1767 634 Λ
1798 572 2057 627 Trinitate
2086 573 2350 626 diversum
2392 569 2606 641 aliquod
2640 580 2730 627 aut
2769 573 3060 637 dissimile,
3099 572 3182 629 vel
3221 574 3351 630 inae-

126 670 401 747 memoria
414 670 648 724 retinere
676 666 894 722 curetis.

542 757 645 828 71
683 752 1055 811 sviteonuu
1093 752 1287 806 FIDEI.

194 850 314 909 ΧΠ.
353 847 530 904 Credo
554 848 607 901 in
633 860 798 900 unum
825 845 991 899 Deum
1017 843 1229 896 Patrem
1255 840 1692 909 omnipotentem,

126 937 391 993 faetorem
428 935 550 991 coeli
580 944 637 989 et
666 941 847 995 terrm,
881 931 1171 986 visibilium
1208 929 1442 984 omnium
1475 936 1531 982 et
1563 928 1699 980 invi-

125 1028 387 1082 sibilium.
422 1026 489 1079 Et
532 1025 586 1078 in
628 1038 792 1079 unum
838 1021 1121 1076 Dominum
1167 1018 1350 1072 Jesum
1396 1018 1692 1081 Christum,

123 1118 324 1171 Filium
352 1116 450 1169 Dei
476 1113 804 1183 unigenitum
822 1152 836 1177 ,
870 1126 936 1165 ex
965 1109 1127 1163 Patre
1152 1117 1334 1162 natum
1368 1117 1490 1161 ante
1518 1107 1695 1161 omnia

123 1208 346 1263 secula.
382 1207 549 1260 Deum
576 1204 642 1259 de
672 1206 783 1259 Deo
803 1244 817 1268 ,
849 1202 1031 1256 lumen
1062 1202 1125 1256 de
1154 1200 1373 1263 lumine,
1410 1199 1577 1252 Deum
1609 1212 1697 1250 ve-

124 1316 247 1354 rum
274 1299 344 1352 de
367 1298 478 1351 Deo
502 1310 650 1350 vero.
677 1292 931 1394 Gepitum
962 1307 1067 1346 non
1094 1289 1291 1344 factum
1308 1329 1322 1354 ,
1351 1289 1700 1344 consubstan-

122 1389 310 1443 tialem
341 1386 522 1451 Patri,
550 1400 649 1455 per
676 1375 835 1453 quem
864 1382 1047 1435 omnia
1085 1378 1225 1434 facta
1252 1384 1396 1433 sunt.
1433 1375 1534 1441 Qui
1567 1389 1695 1445 pro—

121 1487 245 1549 pter
279 1494 378 1534 nos
412 1478 685 1539 homines,
724 1482 778 1528 et
809 1479 1032 1541 propter
1064 1476 1303 1525 nostram
1340 1467 1566 1520 salutem
1611 1464 1698 1517 de-

123 1568 337 1625 scendit
367 1568 433 1622 de
457 1565 608 1620 caelis
627 1605 642 1628 ,
669 1571 724 1617 et
750 1562 1057 1616 incarnatus
1082 1565 1166 1612 est
1193 1557 1257 1611 de
1284 1555 1482 1625 Spiritu
1511 1561 1697 1608 sancto

124 1678 192 1716 ex
241 1660 413 1715 Maria
459 1658 693 1728 virgine,
734 1663 789 1710 et
833 1655 992 1707 homo
1037 1650 1208 1706 factus
1253 1655 1352 1703 est.
1400 1646 1696 1702 Crueiﬁxus

124 1755 293 1808 etiam
325 1767 425 1821 pro
453 1749 605 1803 nobis
634 1746 732 1802 sub
760 1744 957 1800 Pontio
985 1742 1155 1795 Pilato
1173 1780 1188 1803 ,
1221 1753 1409 1808 passus
1437 1745 1490 1791 et
1525 1734 1698 1803 sepul-

126 1852 217 1899 tus
243 1851 365 1906 est,
395 1848 450 1894 et
478 1836 776 1893 resurrexit
810 1834 968 1888 tertia
1002 1833 1088 1886 die
1124 1828 1413 1886 secundum
1453 1827 1694 1896 Scriptu-

1794 661 1971 730 qnale.
2003 662 2118 715 Non
2146 661 2373 715 divisum
2403 662 2741 727 naturaliter,
2769 678 2874 717 non
2913 662 3193 718 confusum
3229 677 3355 734 per-

1794 749 2073 813 sonaliter,
2103 749 2232 801 nihil
2262 748 2430 816 majus
2455 757 2547 802 aut
2575 749 2769 805 minus.
2799 749 2914 803 Non
2954 752 3210 817 anterior,
3238 765 3345 808 non

1793 843 2082 912 posterior,
2127 857 2235 897 non
2272 840 2508 904 inferior,
2555 857 2661 894 non
2702 842 2964 911 superior,
3001 843 3094 897 sed
3130 859 3270 909 una,
3302 853 3352 900 et

1793 932 2016 1000 mqualis
2056 938 2325 1000 potestas,
2373 945 2469 999 par
2512 930 2678 997 gloria
2725 931 3077 999 sempiterna,
3121 939 3176 986 et
3218 946 3357 987 eoa:-

1796 1029 1949 1075 terna
1991 1021 2570 1089 consubstantialisque
2609 1019 2877 1088 majestas.
2913 1020 3087 1077 Unum
3130 1036 3359 1093 namque

1796 1122 1919 1166 sunt
1947 1108 2304 1168 essentialiter
2332 1114 2510 1177 Pater,
2545 1122 2595 1167 et
2630 1112 2795 1167 Filius
2817 1154 2831 1178 ,
2875 1122 2926 1168 et
2964 1114 3199 1185 Spiritus
3236 1132 3358 1172 san-

1796 1211 1931 1257 ctus.
1979 1204 2045 1256 Et
2086 1204 2286 1258 idcirco
2329 1219 2467 1257 unus
2504 1212 2586 1257 est
2614 1203 2751 1257 Deus
2776 1221 2789 1265 ;
2820 1204 2911 1258 sed
2938 1219 3042 1259 non
3071 1220 3210 1260 unus
3236 1222 3360 1278 pro-

1794 1301 1913 1364 pter
1949 1309 2299 1363 personarum
2342 1294 2717 1349 discretionem
2760 1292 2942 1360 Pater,
2982 1303 3034 1350 et
3074 1296 3271 1362 Filius,
3307 1304 3361 1352 et

1797 1382 2027 1453 Spiritus
2065 1392 2302 1437 sanctus.
2358 1383 2528 1437 Verus
2568 1382 2708 1437 enim
2752 1382 2911 1437 Pater
2951 1384 3163 1453 proprie
3199 1384 3360 1439 Pater

1796 1481 1878 1526 est
1896 1514 1909 1538 ,
1938 1482 1991 1528 et
2020 1489 2123 1527 non
2151 1481 2234 1527 est
2260 1472 2426 1528 Filius
2445 1514 2459 1537 ,
2491 1482 2545 1527 et
2571 1489 2730 1529 verus
2755 1474 2920 1529 Filius
2958 1478 3173 1546 proprie
3196 1476 3363 1531 Filius

1796 1572 1909 1626 est,
1942 1572 1993 1617 et
2023 1579 2127 1617 non
2154 1573 2235 1618 est
2261 1564 2437 1617 Pater.
2472 1564 2706 1632 Spiritus
2733 1578 2946 1635 quoque
2986 1575 3203 1621 sanctus
3240 1581 3364 1637 pro«

1796 1654 1913 1723 prie
1959 1653 2191 1722 Spiritus
2234 1664 2450 1709 sanctus
2490 1664 2602 1719 est,
2642 1665 2696 1708 et
2739 1671 2844 1711 non
2888 1667 2969 1711 est
3013 1659 3366 1726 personaliter

1795 1742 1975 1815 Pater,
2004 1744 2086 1797 vel
2115 1743 2303 1807 Filius,
2332 1745 2425 1797 sed
2449 1760 2513 1798 ex
2540 1753 2768 1814 utroque
2790 1747 3029 1814 procedit
3052 1763 3067 1811 ;
3098 1756 3152 1800 et
3178 1754 3359 1802 tamen

1800 1850 1904 1898 non
1927 1842 2048 1888 sunt
2069 1840 2177 1888 tres
2202 1834 2308 1898 dii,
2332 1835 2423 1887 sed
2445 1850 2583 1889 unus
2605 1846 2685 1888 cst
2711 1836 2868 1890 Deus.
2896 1837 2963 1890 Et
2981 1837 3034 1889 in
3059 1836 3158 1891 hac
3180 1843 3361 1892 sancta

126 1949 239 1988 ras.
270 1930 528 1986 Ascendit
555 1929 608 1982 in
638 1926 833 1991 caelos,
865 1923 1015 1979 sedet
1046 1921 1113 1976 ad
1138 1921 1379 1976 dextram
1406 1895 1599 1971 Patris.
1629 1917 1696 1969 Et

1800 1895 2058 1978 “irinitate
2082 1924 2213 1976 nihil
2237 1895 2399 1993 (quod
2423 1924 2582 1993 absit)
2607 1924 2804 1992 aliquid
2822 1926 3112 1995 putandum
3132 1935 3213 1979 est
3234 1925 3361 1979 visi—

127 2026 329 2078 iterum
364 2029 620 2074 venturus
651 2025 734 2072 est
770 2031 893 2069 cum
932 2013 1102 2084 gloria
1144 2009 1386 2078 judicare
1429 2007 1579 2060 vivos
1647 2012 1699 2059 et

128 2122 408 2175 mortuos,
446 2109 599 2178 cujus
636 2106 784 2175 regni
815 2119 921 2159 non
950 2104 1055 2157 erit
1082 2100 1225 2170 ﬁnis.
1255 2099 1322 2152 Et
1354 2098 1408 2151 in
1442 2096 1698 2165 Spiritum

128 2212 380 2258 sanctum
427 2198 745 2259 Dominum,
777 2202 831 2246 et
873 2189 1249 2245 viviﬁcantem.
1295 2185 1396 2252 Qui
1433 2200 1497 2240 ex
1544 2184 1702 2238 Patre

128 2291 381 2358 Filioque
430 2286 691 2358 procedit.
739 2282 839 2349 Qui
883 2296 1005 2337 cum
1046 2279 1236 2343 Patre,
1271 2286 1326 2331 et
1363 2276 1496 2331 Filio
1544 2274 1702 2329 simul

130 2382 412 2446 adoratur,
468 2387 523 2434 et
572 2372 1023 2445 congloriﬁcatur.
1077 2367 1180 2434 Qui
1223 2367 1434 2421 locutus
1478 2372 1560 2419 est
1607 2379 1703 2432 per

130 2474 454 2542 Prophetas.
481 2469 549 2523 Et
573 2481 735 2522 unam
768 2470 1007 2519 sanctam
1039 2457 1357 2515 catholicam
1378 2497 1391 2522 ,
1422 2463 1475 2509 et
1498 2463 1703 2524 aposto-

131 2565 296 2618 licam
319 2560 636 2616 Ecclesiam.
664 2556 934 2612 Conﬁteor
958 2566 1122 2606 unum
1146 2550 1408 2618 baptisma
1435 2549 1489 2601 in
1516 2546 1703 2600 remis-

128 2655 344 2710 sionem
366 2657 729 2723 peccatorum‘.
746 2648 811 2701 Et
825 2653 1076 2715 exspecto
1097 2641 1541 2697 resurrectionem
1562 2652 1703 2692 mor-

132 2757 352 2800 tuorum
418 2750 478 2799 et
501 2743 668 2797 vitam
697 2739 860 2793 futuri
892 2735 1093 2792 saeculi.
1124 2734 1315 2787 Amen.

204 2835 342 2891 XIII.
386 2833 640 2887 Sanctam
675 2835 852 2883 autem
873 2866 888 2892 ,
916 2824 1241 2896 perfectam,
1280 2831 1335 2876 et
1370 2818 1700 2889 inseparabi-

131 2927 273 2990 lem,
324 2931 380 2977 et
430 2920 753 2976 ineﬁ‘abilem
800 2930 1091 2984 veramque
1119 2912 1456 2975 Trinitatem,
1498 2910 1550 2963 id
1585 2917 1700 2974 est,

133 3014 389 3077 Patrem,
428 3019 483 3065 et
527 3009 755 3071 Filium,
803 3014 857 3060 et
895 3004 1154 3073 Spiritum
1199 3009 1477 3064 sanctum,
1513 2998 1703 3053 indivi-

130 3103 296 3157 duam
337 3099 596 3159 conﬁteor
631 3098 685 3151 in
718 3095 925 3149 unitate
960 3102 1195 3153 naturas,
1235 3088 1359 3157 quia
1409 3089 1614 3152 trinus,
1648 3095 1702 3142 et

1799 2015 1927 2080 bile,
1959 2014 2252 2083 corporale,
2281 2014 2564 2083 palpabile,
2596 2015 2679 2068 vel
2708 2010 3205 2085 compreliensihile.
3236 2016 3363 2072 Om—

1799 2103 2048 2170 nipotens
2074 2115 2303 2169 namque
2328 2111 2512 2156 sancta
2541 2102 2805 2168 Trinitas,
2835 2102 3112 2157 invisibilis
3132 2144 3146 2168 ,
3176 2105 3355 2157 incor-

1797 2190 2034 2260 poralis,
2067 2174 2436 2258 impalpahili’s,
2472 2190 3045 2258 incomprehensibilis,
3075 2190 3364 2245 incircum-

1800 2279 2026 2348 scripta,
2075 2278 2313 2342 inﬁnita,
2360 2277 2649 2341 immensa,
2689 2286 2743 2335 et
2785 2279 3143 2347 sempiterna,
3188 2281 3368 2334 omnia

1800 2383 1933 2425 nutu
1955 2411 1971 2435 ,
2015 2379 2069 2426 et
2112 2371 2338 2439 imperio
2373 2385 2469 2424 suo
2512 2371 2789 2440 gubernat.
2829 2370 2963 2429 Nam
2994 2371 3095 2426 etsi
3124 2379 3146 2405 α
3176 2370 3370 2441 legitur

1799 2461 1985 2515 oculus
2014 2460 2254 2522 Domini,
2286 2459 2368 2513 vel
2409 2460 2683 2513 brachium
2724 2461 2835 2515 sive
2861 2461 3046 2516 dextra
3072 2469 3125 2515 et
3155 2473 3363 2527 cetera,

1800 2566 1906 2606 non
1943 2552 2306 2604 membrorum
2346 2549 2695 2618 positionem,
2737 2550 2821 2604 vel
2862 2552 3055 2605 molem
3094 2554 3367 2622 corporis,

1804 2642 1899 2697 sed
1930 2642 2176 2697 eﬁectum
2204 2656 2425 2695 summae
2445 2680 2459 2704 ,
2490 2648 2544 2694 et
2569 2640 2940 2695 inenarrabilis
2965 2642 3155 2696 divinae
3181 2651 3369 2712 poten-

1801 2735 1890 2789 tia:
1912 2775 1927 2799 ,
1970 2734 2178 2805 integra
2207 2741 2366 2787 recta:
2396 2732 2516 2787 ﬁdei
2545 2733 2859 2787 credulitate
2887 2733 3142 2788 debemus
3170 2734 3369 2790 intelli-

1798 2839 1945 2896 gere.
1989 2823 2123 2877 Nam
2163 2824 2286 2892 quia
2316 2823 2495 2878 omnia
2522 2823 2697 2887 videt,
2730 2830 2783 2876 et
2811 2822 2989 2877 omnia
3016 2832 3290 2893 penetrat,
3316 2834 3371 2880 et

1802 2923 1993 2970 cuncta
2021 2915 2162 2969 nuda
2185 2955 2198 2978 ,
2227 2923 2279 2968 et
2306 2924 2489 2984 aperta
2532 2924 2655 2968 sunt
2701 2922 2826 2969 ante
2866 2930 3019 2981 eum,
3061 2916 3243 2971 oculos
3268 2918 3366 2972 ha-

1800 3007 1929 3061 bere
1961 3006 2154 3061 dicitur
2179 3020 2192 3057 :
2226 3005 2348 3073 quia
2375 3018 2502 3057 vero
2532 3018 2629 3058 nos
2667 3019 2761 3057 sua
2792 3006 2989 3061 virtute
3018 3008 3249 3072 creavit,
3281 3023 3368 3064 re-

1804 3097 1913 3169 git,
1954 3098 2212 3166 protegit,
2254 3094 2610 3179 etdei‘endit,
2650 3078 2928 3151 brachium
2970 3098 3050 3150 vel
3095 3098 3369 3153 dexteram

132 3206 274 3247 unus
313 3198 398 3245 est
432 3189 593 3243 Deus.
634 3186 830 3240 Trinus
869 3182 1122 3236 nimirum
1165 3188 1262 3248 per
1304 3176 1699 3233 distinctionem

1806 3190 2001 3244 habere
2025 3176 2357 3258 perhibetur,
2386 3196 2437 3242 et
2465 3187 2548 3242 his
2574 3187 2786 3241 similia.
2815 3187 2891 3241 De
2914 3187 3013 3241 hac
3038 3197 3214 3241 autem
3244 3187 3373 3244 inef-

132 3298 489 3355 personarum
517 3299 532 3348 ;
570 3296 711 3336 unus
743 3294 872 3333 vero
909 3292 1005 3347 per
1037 3274 1393 3329 substantiam
1428 3274 1699 3343 insepara-

133 3376 297 3430 bilem
326 3372 573 3430 Deitatis.
608 3370 718 3424 Has
745 3368 907 3437 igitur
935 3374 1045 3420 tres
1071 3378 1329 3433 personas
1354 3363 1528 3418 Patris
1556 3363 1703 3417 Filii-

135 3483 238 3537 que
268 3481 333 3520 ac
368 3463 603 3532 Spiritus
633 3460 840 3524 sancti,
868 3472 974 3512 non
1010 3457 1276 3526 putativas
1312 3455 1395 3508 vel
1432 3455 1582 3523 quasi
1615 3470 1704 3508 su-

136 3557 425 3629 spicabiles
460 3560 666 3609 tantum
688 3593 701 3617 ,
738 3552 832 3608 sed
857 3565 1014 3606 veras
1032 3590 1047 3616 ,
1073 3548 1451 3611 subsistentes,
1480 3555 1701 3600 eoa-ter-

136 3665 269 3715 nas,
316 3646 620 3716 comquales
668 3644 937 3699 credimus
969 3650 1024 3697 et
1055 3638 1553 3696 consubstantialcs.
1590 3638 1705 3690 Alia

137 3750 219 3796 est
266 3741 413 3796 enim
456 3752 683 3815 persona
729 3734 934 3799 Patris,
986 3732 1089 3787 alia
1134 3731 1288 3796 Filii,
1330 3730 1431 3783 alia
1476 3729 1705 3796 Spiritus

139 3832 331 3889 sancti.
364 3829 472 3886 Sed
502 3829 680 3892 Pater,
709 3835 761 3881 et
786 3825 989 3891 Filius,
1018 3831 1072 3878 et
1100 3822 1330 3891 Spiritus
1361 3829 1576 3875 sanctus
1601 3833 1706 3872 non

140 3932 249 3979 tres
285 3922 395 3987 dii,
431 3922 525 3976 sed
553 3934 690 3973 unus
718 3925 801 3972 est
831 3916 989 3971 Deus.
1027 3912 1158 3968 Nam
1186 3912 1347 3966 Pater
1382 3926 1541 3965 verus
1568 3910 1708 3962 Deus

140 4026 268 4071 vere
304 4020 361 4067 et
391 4008 610 4081 proprie
644 4006 804 4064 Pater
840 4013 956 4069 est,
987 4004 1078 4071 qui
1107 4001 1289 4071 genuit
1321 4015 1387 4054 ex
1426 4014 1512 4061 se,
1543 3998 1594 4051 id
1627 4003 1709 4051 est

140 4120 208 4163 ex
237 4119 335 4160 sua
365 4100 668 4157 substantia
689 4139 703 4163 ,
736 4094 1180 4165 intemporaliter,
1210 4103 1264 4146 et
1293 4092 1408 4146 sine
1437 4091 1585 4144 initio
1614 4105 1707 4143 ve-

143 4212 260 4251 rum
289 4194 487 4249 Filium
506 4233 521 4258 ,
549 4197 870 4246 comternum
887 4227 902 4253 ,
928 4181 1467 4245 consubstantialem,
1494 4188 1546 4233 et
1576 4195 1710 4232 com-

142 4285 354 4356 qualem
391 4274 515 4337 sibi.
552 4280 622 4334 Et
649 4277 818 4332 Filius
848 4289 1012 4330 verus
1047 4274 1189 4328 Deus
1208 4311 1223 4336 ,
1252 4285 1379 4325 vere
1412 4276 1466 4323 et
1494 4267 1710 4337 proprie

141 4354 224 4433 est
267 4371 477 4437 Filius,
517 4369 607 4441 qui
653 4375 779 4422 ante
815 4365 994 4421 omnia
1037 4361 1231 4418 saecula
1271 4358 1481 4430 genitus
1518 4364 1601 4411 est
1644 4354 1709 4409 de

141 4467 299 4521 Patre
345 4458 790 4531 intemporaliter,
832 4463 886 4510 et
927 4455 1128 4522 absque
1160 4450 1268 4506 ullo
1298 4448 1469 4504 initio.
1507 4446 1709 4500 Lumen

1804 3278 1948 3333 fabili
1974 3277 2237 3332 Trinitate
2260 3276 2371 3330 sola
2396 3276 2555 3329 Verbi
2581 3275 2672 3329 Dei
2696 3290 2944 3343 persona,
2966 3276 3016 3330 id
3041 3282 3151 3340 est,
3180 3276 3366 3340 Filius,

1804 3368 1859 3421 in
1888 3365 2092 3421 ultimis
2120 3366 2304 3420 diebus
2333 3372 2550 3434 propter
2577 3378 2672 3417 nos
2697 3371 2751 3418 et
2776 3372 2991 3434 propter
3015 3374 3250 3419 nostram
3280 3381 3371 3421 sa-

1801 3456 1965 3509 lutem
1983 3496 1996 3519 ,
2028 3456 2317 3511 secundum
2343 3454 2674 3523 propositum
2702 3461 2923 3508 secreta:
2957 3453 3370 3522 dispensationis

1803 3547 2082 3600 arbitrium
2106 3584 2119 3609 ,
2148 3542 2422 3599 descendit
2464 3544 2529 3598 de
2570 3542 2752 3607 caelis,
2796 3542 2937 3596 unde
2974 3558 3244 3613 nunquam
3285 3559 3372 3599 re-

1804 3642 2055 3688 cesserat.
2084 3633 2399 3687 incarnatus
2424 3640 2506 3686 est
2529 3632 2595 3686 de
2623 3631 2821 3701 Spiritu
2847 3641 3053 3697 sancto,
3072 3639 3124 3687 et
3145 3648 3211 3687 ex
3233 3648 3364 3688 sem-

1802 3740 1898 3795 per
1924 3724 2129 3794 virgine
2156 3722 2321 3777 Maria
2358 3738 2518 3777 verus
2552 3723 2713 3778 homo
2754 3718 2930 3778 factus
2966 3730 3079 3788 est,
3111 3738 3375 3792 verasque

1803 3822 2081 3884 permanet
2122 3814 2279 3869 Deus.
2326 3812 2437 3867 Nec
2478 3811 2646 3867 obfuit
2690 3813 2954 3876 humana,
2984 3819 3037 3865 et
3065 3812 3373 3882 temporalis

1805 3905 2056 3959 nativitas
2095 3902 2288 3957 divinae
2331 3902 2448 3967 illi,
2490 3910 2543 3956 et
2581 3901 2917 3970 intemporali
2945 3901 3213 3956 nativitati
3237 3943 3250 3968 ,
3280 3904 3372 3958 sed

1807 3999 1859 4052 in
1885 4012 1990 4051 una
2017 3996 2211 4051 Christi
2240 3994 2365 4049 Jesu
2390 4010 2614 4064 persona
2643 4009 2800 4049 verus
2840 3994 2936 4048 Dei
2974 4008 3239 4063 verusque
3279 3994 3370 4049 ho-

1806 4089 1965 4144 minis
2001 4088 2185 4143 Filius.
2212 4085 2326 4141 Non
2368 4086 2503 4138 alter
2527 4085 2760 4140 hominis
2789 4083 2960 4147 ﬁlius,
2990 4092 3045 4139 et
3072 4084 3207 4138 alter
3236 4084 3327 4138 Dei
3354 4102 3366 4136 :

1807 4180 1900 4234 sed
1938 4194 2077 4233 unus
2097 4178 2343 4247 idemque
2385 4176 2477 4229 Dei
2518 4174 2852 4243 hominisque
2876 4174 3042 4228 Filius
3065 4174 3120 4229 in
3147 4184 3372 4243 utraque

1807 4276 1995 4323 natura
2036 4267 2211 4322 divina
2255 4265 2485 4328 scilicet,
2527 4273 2583 4319 et
2625 4264 2889 4328 humana,
2919 4263 3061 4318 Deus
3100 4277 3284 4327 verus,
3316 4270 3371 4316 et

1808 4362 1967 4415 homo
2005 4373 2181 4413 verus.
2227 4354 2342 4410 Non
2381 4357 2653 4425 putativus
2675 4354 2768 4409 Dei
2806 4354 2999 4419 Filius,
3036 4352 3128 4408 sed
3168 4367 3366 4407 verus:

1806 4470 1914 4509 non
1959 4443 2270 4521 adoptivus,
2320 4448 2411 4503 sed
2454 4444 2729 4515 proprius,
2778 4443 2902 4513 quia
2946 4456 3218 4512 nunquam
3259 4442 3367 4512 73
3466 4468 3469 4475 ~

141 4559 207 4614 de
234 4556 460 4617 lumine,
480 4528 623 4606 Deus
648 4563 806 4604 verus
831 4547 897 4602 de
925 4546 1033 4601 Deo
1058 4558 1204 4598 vero.
1226 4542 1294 4596 Et
1318 4553 1588 4608 nunquam
1614 4535 1714 4590 fuit
1738 4551 1791 4613 υ
1815 4543 1913 4599 [κίε
1931 4584 1946 4610 ,
1990 4548 2211 4613 propter
2257 4538 2526 4595 hominem
2572 4549 2733 4605 quem
2760 4534 3092 4604 assumpsit,
3138 4547 3169 4587 τι
3209 4528 3370 4587 Pam,

141 4650 304 4705 Pater
330 4648 446 4703 sine
469 4643 608 4699 Filio
624 4682 641 4708 ,
669 4655 768 4696 nec
790 4638 957 4693 Filius
982 4637 1097 4692 sine
1120 4634 1299 4689 Patre.
1331 4631 1492 4686 Pater
1515 4628 1711 4684 etenim

1815 4635 2039 4690 alienus.
2087 4632 2242 4687 Solus
2282 4630 2424 4683 enim
2464 4627 2579 4682 sine
2610 4632 2831 4694 peccato
2874 4631 3031 4700 natus
3067 4630 3150 4678 est
3184 4623 3371 4689 homo,

141 4753 356 4811 semper
394 4738 555 4793 Pater
594 4742 703 4799 est,
746 4739 865 4789 erat
958 4736 991 4784 ει
1028 4729 1149 4785 erit.
1192 4727 1258 4781 Et
1291 4725 1459 4781 Filius
1502 4734 1715 4791 semper
1814 4725 2064 4795 quoniam
2092 4722 2237 4777 solus
2261 4726 2345 4774 est
2372 4717 2680 4772 incarnatus
2720 4714 2791 4769 de
2833 4711 3033 4783 Spiritu
3075 4718 3291 4777 sancto,
3315 4719 3370 4766 et

140 4833 312 4889 Filius
341 4837 444 4896 est,
472 4835 609 4891 erat,
634 4835 687 4882 et
721 4825 842 4881 erit.
882 4829 950 4877 ist
975 4835 1246 4890 nunquam
1276 4832 1381 4873 non
1411 4815 1510 4871 fuit
1533 4815 1710 4880 Pater,

144 4926 267 4995 quia
298 4935 576 4991 nunquam
616 4933 719 4973 non
750 4914 848 4970 fuit
875 4911 1062 4967 Filius.
1108 4910 1330 4978 Semper
1361 4907 1504 4961 enim
1532 4905 1709 4969 Pater,

144 5016 235 5086 qui
282 5013 469 5084 genuit
512 5010 616 5066 sibi
662 5001 1199 5077 aequalem-Filium:
1247 5012 1457 5067 semper
1498 4996 1710 5065 quidem

146 5107 344 5170 Pilius,
377 5101 469 5172 qui
499 5100 711 5176 genitus
737 5101 820 5152 est
845 5093 1066 5163 aequalis
1092 5090 1258 5145 Patri.
1293 5086 1525 5158 Spiritus
1554 5099 1709 5139 nam-

148 5214 252 5271 (pie
293 5204 514 5253 sanctus
554 5205 715 5246 verus
754 5189 925 5252 Deus,
954 5198 1113 5249 vere,
1144 5191 1197 5236 et
1223 5178 1438 5249 proprie
1478 5175 1710 5245 Spiritus

150 5268 367 5346 sanctus
392 5294 474 5343 est
500 5298 514 5340 :
547 5298 653 5338 non
682 5280 925 5352 genitus,
955 5291 1056 5332 nec
1082 5281 1317 5338 creatus,
1346 5271 1439 5326 sed
1455 5284 1522 5324 ex
1550 5268 1710 5322 Patre

149 5380 391 5449 Fihoque
414 5371 840 5443 intemporaliter
883 5377 937 5423 et
955 5362 1379 5436 inseparabiliter
1394 5358 1707 5429 procedens.

148 5448 635 5529 Consubstantialis
652 5469 993 5529 ,ocoaeternus
1051 5462 1106 5510 et
1131 5452 1349 5523 aequalis
1375 5450 1520 5505 Patri
1552 5448 1713 5503 Filio-

151 5577 255 5635 que
281 5573 495 5629 semper
522 5563 637 5621 est,
666 5561 783 5611 erat
801 5592 815 5618 ,
843 5560 896 5606 et
920 5549 1043 5604 erit.
1073 5547 1139 5601 Et
1165 5558 1434 5614 nunquam
1475 5540 1575 5595 fuit
1605 5537 1713 5593 Pa-

153 5632 255 5719 ter,
279 5662 371 5706 aut
398 5651 569 5707 Filius
597 5647 715 5705 sine
743 5644 943 5715 Spiritu
969 5645 1173 5696 sancto.
1204 5635 1312 5691 Nec
1333 5632 1561 5704 Spiritus
1584 5646 1710 5684 san-

154 5754 270 5802 ctus
313 5741 430 5797 sine
464 5739 630 5794 Patre
653 5776 668 5801 ,
707 5743 762 5791 et
800 5733 953 5787 Filio.
994 5729 1063 5784 Et
1100 5726 1301 5783 idcirco
1339 5719 1711 5791 inseparabilia

155 5846 275 5891 sunt
314 5848 527 5907 semper
564 5842 729 5902 opera
758 5822 1069 5888 Trinitatis,
1097 5829 1150 5876 et
1178 5816 1310 5873 nihil
1339 5823 1418 5871 est
1446 5815 1498 5868 in
1528 5820 1709 5868 saneta

1814 4813 2154 4870 immaculata
2198 4809 2404 4879 virgine
2447 4819 2617 4861 novus
2664 4804 2843 4858 homo.
2890 4800 3369 4859 Consubstantialis

1812 4906 1922 4961 Deo
1948 4904 2095 4960 Patri
2128 4904 2306 4958 in-sua
2331 4939 2347 4966 ,
2391 4899 2445 4954 id
2472 4906 2590 4962 est,
2635 4895 2851 4951 divina:
2899 4892 3371 4950 consubstantialis

1810 4998 1973 5053 etiam
2019 4994 2208 5058 matri,
2247 4982 2362 5048 sine
2400 4989 2555 5045 sorde
2596 4986 2803 5058 peccati
2843 4986 2897 5039 in
2933 4991 3149 5048 nostra,
3192 4983 3244 5038 id
3285 4991 3369 5039 est

1811 5090 2042 5142 humana
2070 5093 2278 5140 natura.
2312 5082 2378 5136 Et
2403 5080 2521 5134 ideo
2546 5079 2601 5131 in
2626 5085 2853 5146 utraque
2875 5082 3066 5129 natura
3091 5072 3367 5142 proprium

1812 5194 1932 5233 eum
1951 5218 1965 5241 ,
1994 5185 2048 5232 et
2074 5191 2178 5231 non
2205 5173 2505 5241 adoptivum
2531 5168 2625 5222 Dei
2650 5167 2859 5241 Filium
2884 5164 3217 5229 conﬁtemur,
3244 5165 3368 5232 quia

1812 5265 2275 5330 inconfusibiliter,
2295 5270 2347 5317 et
2368 5258 2814 5329 inseparabiliter,
2832 5264 3111 5326 assumpto
3128 5253 3366 5317 homine,

1810 5372 1948 5413 unus
1972 5356 2218 5425 idemque
2243 5360 2323 5408 est
2348 5351 2474 5417 Dei,
2500 5357 2555 5405 et
2578 5347 2809 5405 hominis
2827 5346 3013 5400 Filius.
3044 5342 3371 5398 Naturaliter

1809 5446 1958 5503 Patri
1998 5446 2288 5501 secundum
2330 5441 2696 5503 divinitatem,
2740 5437 3053 5492 naturaliter
3091 5432 3250 5489 matri
3291 5444 3373 5488 se-

1812 5536 2041 5593 cundum
2096 5532 2530 5589 humanitatem:
2580 5527 2832 5597 proprius
2879 5535 3055 5581 tamen
3108 5522 3255 5577 Patri
3314 5521 3369 5576 in

1809 5636 2076 5696 utroque;
2106 5624 2356 5693 quoniam
2380 5621 2517 5675 sicut
2558 5620 2759 5688 dictum
2798 5626 2912 5682 est,
2952 5632 3058 5671 non
3100 5622 3224 5672 sunt
3264 5612 3373 5669 duo

1811 5716 1940 5784 ﬁlii,
1969 5715 2103 5769 alter
2131 5714 2258 5778 Dei,
2285 5719 2340 5767 et
2366 5712 2501 5766 alter
2538 5708 2770 5764 hominis
2788 5747 2802 5771 ,
2844 5706 2935 5761 sed
2965 5721 3100 5761 unus
3128 5703 3375 5759 Christus

1814 5808 1971 5865 Iesus
1994 5814 2211 5878 propter
2233 5818 2392 5861 unam
2419 5810 2721 5872 personam,
2747 5796 2841 5853 Dei
2856 5804 2906 5852 et
2932 5795 3164 5852 hominis
3179 5794 3371 5849 Filius.
