4174 6488
869 508 973 565 295

1743 508 1799 563 S.
1841 508 2179 565 PAULINUS
2216 509 2646 574 PATRIARCHA
2686 512 3175 580 AQUILEIENSIS.

3830 134 4129 179 "'1"

3988 510 4089 567 990

867 622 1014 678 Deus
1049 632 1235 683 verus,
1276 625 1329 673 et
1362 618 1521 672 homo
1559 631 1743 677 verus,
1786 618 1839 672 in
1878 619 2054 671 anima
2094 618 2339 673 rationali
2367 626 2421 673 et
2448 623 2494 681 Α
2520 622 2749 688 pretium
2800 622 3050 677 duximus
3097 634 3374 676 renovare.
3414 618 3690 686 Quatenus
3741 620 3814 675 ad
3867 618 4087 673 modum

868 728 991 767 vera
1014 702 1193 768 carne.
1219 708 1491 763 Perfectus
1514 709 1673 761 homo
1695 708 1984 761 secundum
2010 709 2416 772 humanitatem,

866 802 1130 873 perfectus
1157 801 1296 854 Deus
1322 798 1612 853 secundum
1641 797 1989 851 divinitatem.
2021 796 2121 862 Qui
2149 798 2202 850 in
2229 799 2415 851 eadem

865 906 1089 958 natura,
1119 895 1170 947 id
1213 902 1292 946 est
1331 890 1561 945 humana
1607 904 1765 957 quam
1813 889 2041 957 sumpsit
2074 904 2140 941 ex
2168 888 2414 956 Virgine,

864 988 1125 1041 humanas
1150 981 1364 1050 pertulit
1393 979 1728 1033 infirmitates
1747 1018 1762 1040 ,
1789 993 1893 1031 non
1927 977 2270 1047 fragilitatem
2297 992 2420 1045 pec-

861 1074 1019 1128 candi
1044 1090 1056 1124 :
1086 1073 1179 1126 sed
1205 1071 1259 1123 in
1296 1070 1481 1123 eadem
1518 1068 1764 1135 dignatus
1804 1073 1885 1119 est
1918 1080 2167 1120 crescere
2204 1081 2301 1134 per
2337 1066 2419 1119 in-

861 1170 1133 1218 crementa
1162 1158 1444 1227 temporis,
1479 1156 1683 1210 esurire
1701 1196 1715 1218 ,
1744 1156 1921 1219 sitire,
1949 1155 2192 1223 fatigari,
2234 1163 2420 1208 contu-

861 1252 1049 1307 melias
1073 1258 1126 1303 et
1149 1248 1433 1318 approbria
1456 1246 1736 1299 sustinere.
1765 1246 2017 1314 Dignatus
2038 1254 2121 1299 est
2143 1244 2417 1313 flagellari,

860 1343 1035 1397 crucis
1059 1340 1352 1408 patibulum
1382 1336 1594 1402 subire,
1620 1335 1853 1389 lanceam
1882 1336 1935 1390 in
1962 1335 2127 1389 latere
2150 1335 2418 1403 excipere,

859 1431 1025 1486 clavis
1047 1427 1285 1496 transfigi
1302 1466 1316 1489 ,
1341 1424 1439 1490 fel,
1468 1433 1521 1477 et
1545 1434 1753 1481 acetum
1780 1434 2012 1493 gustare.
2042 1425 2099 1477 ln
2122 1424 2311 1477 eadem
2339 1423 2419 1477 di-

859 1528 1052 1589 gnatus
1088 1526 1198 1581 est,
1241 1514 1408 1578 mori,
1436 1512 1683 1582 sepeliri,
1724 1512 1789 1565 ad
1831 1512 2029 1568 inferos
2058 1514 2379 1568 descendere
2402 1554 2417 1578 ,

860 1608 1017 1664 tertia
1045 1607 1129 1661 die
1168 1618 1479 1674 resurgere,
1506 1618 1626 1657 cum
1667 1602 1941 1671 discipulis
1981 1603 2281 1657 conversari
2312 1620 2325 1655 :
2365 1610 2421 1657 et

857 1707 977 1773 post
1006 1695 1329 1763 triumphum
1355 1690 1591 1747 victricis
1630 1692 1811 1760 gloria:
1848 1691 2090 1747 eamdem
2130 1693 2417 1747 humanam

858 1794 1105 1843 naturam
1121 1824 1135 1846 ,
1162 1780 1497 1837 ascendendo
1523 1794 1684 1847 super
1708 1795 1895 1835 omnes
1919 1780 2101 1843 oculos,
2130 1780 2417 1835 exaltatum

858 1888 1018 1942 super
1038 1886 1225 1926 omnes
1252 1869 1496 1938 angelos,
1522 1869 1573 1923 in
1594 1869 1769 1923 Patris
1794 1870 2011 1925 dextera
2033 1870 2329 1925 collocavit.
2358 1871 2415 1925 in

2518 711 2700 766 mundi
2729 728 2791 765 ac
2819 713 3136 767 ruminantis
3155 752 3170 777 ,
3199 711 3528 789 ungulasquc
3552 709 3809 765 findentis
3838 708 4091 765 animalis

2516 800 2711 870 (Leuit.
2743 816 2794 853 Ix
2818 840 2832 865 ,
2859 801 2955 870 5),
2989 801 3270 855 devoratas
3294 815 3448 855 escas
3475 800 3540 854 ad
3566 798 3777 853 faucem
3812 798 4090 853 memoriae

2518 897 2857 951 revocantes,
2916 889 3070 958 quasi
3116 889 3433 943 ruminando
3476 902 3573 956 per
3620 901 3791 940 sacra:
3839 886 4090 941 lectionis

2515 977 2748 1030 studium
2784 976 2980 1031 dudum
3018 978 3295 1047 depastum
3334 976 3572 1045 spiritale
3612 975 3874 1045 pabulum
3920 976 4091 1030 subti-

2516 1066 2641 1131 lius,
2672 1066 3041 1139 liquidiusque
3092 1082 3211 1122 sese
3237 1068 3290 1121 in
3316 1077 3557 1122 ventrem
3584 1067 3783 1121 mentis
3814 1066 4091 1121 refundat.

2516 1155 2634 1221 Quo
2663 1156 2841 1211 satiati
2871 1156 3181 1210 deliciarum
3204 1157 3446 1211 suaviter
3471 1156 3647 1225 epulo,
3679 1156 3747 1210 ad
3775 1154 4093 1209 referendas

2516 1247 2729 1313 superni
2754 1245 3024 1315 largitoris
3046 1247 3266 1316 gratias,
3287 1247 3353 1304 de
3376 1245 3531 1314 cujus
3554 1246 3909 1315 benignitatis
3933 1262 4092 1299 manu

2518 1344 2708 1395 cuncta
2737 1337 2971 1403 gratuito
2999 1336 3332 1405 suscepimus
3362 1350 3602 1411 munere,
3630 1337 3810 1390 modis
3837 1337 4094 1389 omnibus

2516 1426 2821 1480 incitemur.
2863 1425 2962 1491 Qui
2993 1434 3054 1479 ut
3081 1441 3180 1489 nos
3205 1433 3326 1495 post
3355 1425 3565 1493 culpam
3594 1424 3882 1479 discordiae
3913 1425 4094 1494 ingra-

2517 1524 2602 1568 tos
2637 1513 2872 1571 funiculo
2906 1515 3184 1569 charitatis
3222 1513 3479 1574 trahendo
3516 1514 3583 1567 ad
3619 1512 3795 1567 Patris
3829 1528 4095 1583 suamque

2516 1607 2743 1676 gratiam
2792 1615 3100 1670 revocaret,
3131 1623 3248 1659 cum
3276 1607 3330 1659 in
3365 1605 3536 1675 fama
3571 1604 3669 1659 Dei
3705 1614 3839 1658 esset
3874 1606 4094 1674 wqualt's

2518 1698 2667 1752 Patri
2687 1738 2702 1761 ,
2730 1700 3055 1768 semetipsum
3087 1714 3179 1768 pro
3210 1698 3355 1752 nobis
3384 1697 3668 1751 exinanivt't
3698 1696 3933 1764 formam
3964 1698 4093 1749 servi

2517 1790 2771 1859 accipiens
2817 1788 3089 1860 (Philipp.
3118 1804 3188 1850 ιι,
3218 1786 3278 1851 6,
3306 1788 3336 1839 7
3362 1787 3410 1855 ),
3447 1785 3711 1842 mediator
3744 1785 3890 1838 inter
3926 1784 4091 1839 Deum

2518 1888 2575 1934 et
2607 1895 2704 1934 nos
2736 1879 2853 1935 fieri
2884 1880 3134 1949 dignatus
3167 1886 3287 1932 est:
3321 1876 3472 1945 cujus
3512 1876 3689 1939 livore
3728 1876 3799 1930 ab
3844 1891 3912 1929 eo
3956 1875 4089 1944 quod

856 1966 1043 2018 eadem
1067 1963 1260 2016 iterum
1287 1968 1543 2013 venturus
1569 1967 1649 2014 est
1680 1957 1923 2026 judicare
1960 1960 2143 2024 vivos,
2180 1969 2235 2013 et
2273 1975 2419 2013 mor-

2522 1973 2763 2029 diabolus
2792 1945 3091 2037 inﬂixerat,
3126 1972 3316 2028 mortis
3349 1970 3597 2035 vulnere,
3632 1967 3962 2050 mirabiliter
4005 1983 4087 2022 su-

856 2062 1010 2116 tuos,
1039 2061 1092 2107 et
1119 2050 1369 2105 saculum
1403 2064 1501 2118 per
1534 2049 1711 2119 ignem
1731 2088 1745 2111 ,
1786 2048 2093 2103 redditurus
2132 2050 2418 2119 unicuique

856 2145 1147 2199 secundum
1170 2156 1333 2210 opera
1360 2156 1493 2204 sua;
1522 2139 1701 2207 impiis
1727 2138 1913 2207 utique
1938 2140 2255 2208 supplicium
2282 2155 2419 2195 sem-

853 2235 1125 2303 piternum
1145 2271 1160 2295 ,
1181 2230 1344 2303 ἱρῆς
1368 2243 1497 2283 vero
1522 2228 1689 2281 vitam
1715 2235 1988 2282 aeternam.
2018 2229 2208 2283 Divina
2234 2240 2415 2284 autem
2532 2248 2535 2251 ·

854 2297 945 2377 illa
970 2297 1277 2376 ineffabili?
1275 2326 1465 2372 natura
1484 2357 1500 2383 ,
1526 2318 1579 2370 in
1608 2332 1711 2385 qua
1737 2317 1878 2370 Deus
1902 2325 1987 2371 est
2009 2318 2229 2387 aequalis
2269 2317 2416 2373 Patri

854 2422 1145 2478 sanctoque
1191 2407 1443 2476 Spiritui,
1488 2405 1865 2474 impassibilis,
1913 2406 2287 2473 immutabilis,
2330 2408 2416 2464 in-

853 2498 1216 2555 convertibilis
1239 2537 1253 2561 ,
1291 2498 1488 2564 ubique
1527 2510 1795 2565 praesens,
1838 2510 2151 2567 semperque
2176 2498 2425 2573 omnin

854 2599 993 2655 tens,
1021 2588 1269 2643 inviolata
1292 2602 1610 2656 permanens
1630 2588 1685 2640 in
1708 2602 1809 2655 qua
1832 2595 2019 2657 regnat
2044 2589 2096 2641 in
2119 2590 2343 2655 unitate,
2363 2597 2419 2644 et

852 2682 1087 2735 trinitate
1126 2695 1247 2735 cum
1273 2679 1459 2743 Patre,
1502 2688 1557 2733 et
1594 2685 1781 2733 sancto
1819 2677 2021 2747 Spiritu
2061 2686 2117 2732 et
2153 2694 2322 2745 nunc,
2365 2688 2423 2735 et

851 2787 1079 2841 semper,
1105 2778 1157 2823 et
1183 2784 1279 2839 per
1303 2775 1492 2823 cuncta
1518 2768 1710 2823 saecula
1737 2768 2072 2822 saeculorum.
2099 2766 2289 2822 Amen.

927 2862 1063 2917 XIV.
1105 2861 1255 2915 Hanc
1302 2860 1464 2929 igitur
1509 2859 1785 2914 catholica
1830 2858 1952 2914 fidei
2002 2860 2418 2917 sincerissimam

848 2954 1136 3025 puritatem
1182 2950 1424 3005 volumus
1467 2963 1653 3003 omnes
1694 2948 1787 3003 Dei
1825 2950 2163 3014 sacerdotes,
2206 2964 2420 3006 omnes-

849 3058 953 3112 que
978 3042 1174 3109 gradus
1211 3039 1495 3104 Ecclesiae,
1537 3054 1746 3093 summo
1786 3055 1906 3093 cum
1946 3042 2156 3107 studio,
2200 3050 2257 3096 et
2293 3043 2413 3097 abs—

849 3148 955 3203 que
980 3131 1088 3185 ullo
1128 3130 1288 3195 vitio,
1336 3130 1410 3183 ita
1448 3136 1507 3182 ut
1539 3144 1615 3184 .ne
1657 3144 1794 3183 unus
1833 3129 2046 3199 quidem
2084 3146 2218 3201 apex
2256 3132 2421 3187 inter-

851 3227 1119 3288 mittatur,
1164 3222 1247 3277 vel
1289 3229 1571 3291 augeatur,
1615 3220 1901 3288 distincte,
1944 3229 1999 3277 et
2040 3224 2296 3278 sensatim
2337 3222 2415 3277 di-

850 3318 1048 3373 scendo
1076 3314 1333 3370 memoria
1360 3314 1610 3377 retinere,
1651 3321 1708 3368 et
1742 3314 1972 3382 posteris
2010 3314 2121 3370 suis
2160 3315 2413 3371 discenda

850 3406 1238 3473 derelinquere.
1269 3402 1326 3457 Si
1354 3402 1473 3471 quis
1499 3401 1824 3471 vigilantiori
1866 3417 2032 3462 sensu
2061 3411 2187 3457 ante
2219 3412 2412 3471 potue-

852 3498 957 3559 rit,
984 3494 1278 3557 laudamus,
1306 3500 1360 3546 et
1385 3492 1680 3545 hortamur.
1710 3489 1810 3557 Qui
1840 3482 2245 3546 veroimbecilli
2267 3492 2418 3560 inge-

850 3588 941 3641 nio
968 3594 1186 3655 torpens
1223 3592 1347 3638 ante
1373 3584 1710 3654 nequiverit;
1742 3583 1796 3637 in
1836 3584 2201 3639 anniversaria
2238 3592 2415 3639 tamen

849 3676 1175 3747 proximiore
1212 3674 1371 3744 hujus
1404 3676 1691 3730 venerandi
1716 3676 1929 3731 concilii
1956 3676 2280 3745 volubilique
2304 3692 2415 3733 ses-

850 3772 999 3824 sione
1047 3784 1170 3822 cum
1215 3767 1408 3821 vestris
1452 3768 1723 3822 obtutibus
1749 3807 1765 3831 ,
1813 3767 2103 3822 auxiliante
2146 3768 2373 3823 Domino
2396 3807 2412 3833 ,

847 3860 1154 3930 pusillitatis
1177 3867 1374 3912 nostra:
1397 3858 1734 3927 prmsentiam
1762 3859 1872 3911 vita
1897 3859 2093 3912 comite
2118 3872 2415 3928 repraesen-

849 3954 950 4007 tari
994 3950 1375 4013 meruerimus,
1405 3950 1515 4003 Deo
1553 3948 1797 4003 amabilis
1833 3947 2184 4004 fraternitatis
2220 3958 2413 4004 vestra:

846 4044 1113 4105 charitas,
1141 4042 1310 4106 hanc,
1341 4042 1479 4094 sicut
1505 4040 1702 4095 dictum
1725 4047 1839 4103 est,
1866 4040 2123 4094 memoria
2150 4040 2407 4105 retineat;

847 4137 919 4189 ita
946 4149 1074 4189 sane
1092 4173 1106 4198 ,
1134 4142 1195 4186 ut
1220 4134 1272 4186 in
1299 4141 1495 4187 nostra:
1521 4128 1838 4186 humilitatis
1863 4139 2111 4201 aspectu,
2140 4146 2261 4186 eam
2300 4139 2413 4186 stn-

844 4224 996 4277 diose
1020 4222 1194 4276 valeat
1222 4234 1535 4275 recensere:
1580 4219 1815 4287 alioquin
1856 4216 2068 4273 difﬁcile
2108 4235 2203 4275 vos
2240 4219 2412 4274 vitare

846 4311 1239 4365 ecclesiasticas
1266 4321 1290 4349 ι
1318 4307 1518 4362 ferulas
1539 4302 1821 4361 aestimate;

918 4399 1030 4453 XV.
1072 4397 1384 4468 Symbolum
1417 4408 1443 4437 ι
1473 4410 1631 4460 vero,
1668 4404 1723 4449 et
1752 4395 2049 4451 orationem
2078 4394 2408 4450 Dominicam

845 4490 1021 4545 ominis
1068 4488 1407 4542 Christianus
1456 4486 1765 4543 memoriter
1811 4484 1974 4551 sciat,
2022 4486 2198 4539 omnis
2242 4494 2408 4550 tetas,

2519 2078 2639 2117 mus
2669 2062 2840 2120 sanati
2868 2059 2940 2133 (1
2960 2060 3106 2116 Petri
3131 2076 3196 2125 ιι,
3223 2059 3292 2113 24
3312 2059 3353 2130 ).

3043 2173 3148 2245 73
3187 2170 3552 2227 CAPITULA.

2584 2354 2821 2410 Primum
2854 2353 3035 2425 igitur,
3070 2362 3129 2408 ut
3169 2352 3321 2422 juxta
3347 2353 3557 2423 priscas
3583 2351 3805 2407 Patrum
3834 2352 4089 2410 divinitus

2516 2445 2686 2503 editas
2713 2445 3036 2509 sanctiones,
3070 2443 3250 2499 nullus
3301 2443 3512 2497 Domini
3557 2442 3906 2497 sacerdotum
3941 2482 3957 2505 ,
4013 2442 4089 2494 vel

2517 2536 2827 2606 quicunque
2861 2534 2961 2587 sub
2992 2545 3015 2574 ι
3046 2544 3250 2588 canone
3282 2532 3557 2588 constituti
3587 2532 3903 2597 canonicas,
3937 2533 4091 2600 quin-

2517 2627 2626 2681 imo
2682 2628 2709 2666 δ
2750 2625 3069 2695 apostolicae
3118 2625 3427 2694 ignorantes
3480 2632 3575 2678 aut
3636 2625 4091 2694 parvipendentes

2518 2714 2871 2779 definitiones,
2901 2715 3202 2769 inordinate
3227 2716 3311 2768 vel
3364 2715 3646 2770 inhoneste
3674 2716 3729 2768 in
3760 2716 3929 2770 domo
3955 2716 4047 2770 Dei
4072 2755 4086 2777 ,

2518 2821 2637 2875 qua:
2664 2814 2745 2861 est
2776 2804 3044 2869 Ecclesia,
3092 2811 3503 2869 conversentur;
3537 2803 3651 2869 sed,
3689 2804 3745 2857 in
3771 2819 3875 2858 suo
3903 2804 4089 2858 ordine

2516 2896 2725 2949 cunctis
2754 2894 3164 2965 persistentibus
3188 2895 3529 2963 pulchritudo
3554 2895 3912 2950 ecclesiastici
3936 2896 4090 2951 decc.

2518 2988 2595 3041 ris
2644 2987 2894 3041 inviolata
2942 2996 3272 3057 permaneat.
3304 2986 3437 3041 illud
3475 3002 3834 3056 summopere,
3865 2989 4088 3058 vigilan-

2519 3078 2667 3146 tique
2695 3076 2871 3131 studio
2905 3084 3271 3145 prmcaventes
3316 3076 3603 3131 decernere
3648 3076 3965 3131 curavimus
3988 3117 4004 3141 ,
4032 3087 4087 3129 ut

2518 3166 2697 3222 nullus
2723 3168 2992 3221 canonica:
3015 3162 3225 3220 deditus
3263 3165 3450 3220 ditioni
3473 3204 3488 3230 ,
3521 3164 3718 3219 donum
3762 3166 3942 3219 sancti
3972 3164 4086 3234 Spi-

2444 3261 2491 3325 C
2520 3260 2679 3324 ritus,
2702 3259 2941 3327 pecuniae
2969 3258 3141 3326 pretio
3164 3256 3526 3311 fraudulenter
3552 3257 3826 3325 deceptus,
3853 3258 4086 3311 vendere

2518 3349 2603 3405 vel
2652 3361 2831 3404 emere
2873 3358 3207 3417 praesumat:
3250 3362 3318 3402 ne
3359 3347 3445 3402 cui
3472 3348 3525 3401 in
3553 3346 3848 3416 quemlibet
3872 3362 4083 3403 sacrum

2516 3436 2865 3493 ecclesiastici
2892 3436 3094 3491 ordinis
3116 3436 3337 3505 gradum
3359 3475 3374 3499 ,
3413 3436 3651 3491 muneris
3680 3436 3936 3503 exigente
3977 3450 4085 3491 me-

2516 3530 2623 3585 rito
2645 3568 2659 3593 ,
2708 3516 2867 3583 liceat
2891 3528 3193 3598 quempiam
3222 3527 3563 3582 subvehendo
3598 3541 3960 3597 promovere:
3996 3543 4085 3597 pa-

2515 3618 2754 3686 tentique
2790 3629 3003 3685 semper
3042 3615 3220 3669 cordis
3266 3630 3398 3669 aure
3448 3616 3837 3684 pertimescens
3888 3615 4083 3697 intelli-

2516 3723 2581 3778 ge
2612 3708 2689 3780 (a)
2723 3708 3076 3763 clarissimam
3122 3706 3265 3761 illam
3316 3705 3527 3762 Domini
3575 3720 3762 3761 vocem
3803 3707 4076 3761 incentis:

2513 3800 2691 3856 Gratis
2735 3800 3040 3871 accepistis,
3090 3799 3249 3869 gratis
3299 3798 3419 3853 date
3456 3797 3671 3869 (Matth.
3716 3814 3777 3863 x,
3812 3798 3893 3869 8).
3937 3798 4081 3852 Hanc

2514 3892 2709 3961 quippe
2732 3891 3039 3960 pestiferam
3052 3890 3399 3945 simoniacam
3413 3890 3660 3944 haeresim
3672 3888 3889 3959 primus
3901 3896 4081 3957 pastor

2510 3977 2765 4033 Ecclesia:
2795 3978 2849 4030 in
2876 3977 3014 4046 ipsa,
3034 3984 3093 4031 ut
3118 3978 3190 4029 ita
3220 3977 3465 4040 dixerim.
3493 3976 3744 4046 originali
3772 3975 4079 4047 cupiditatis

2511 4068 2713 4132 radice,
2758 4066 3115 4123 anathematis
3147 4064 3291 4121 ferro
3322 4065 3560 4121 funditus
3586 4081 3836 4122 resecare
3874 4068 4079 4122 curavit

2513 4158 2652 4230 (Act.
2685 4172 2803 4221 vm,
2834 4156 2900 4210 18
2928 4155 3081 4226 seq.).
3256 4224 3300 4279 Η

2580 4316 2651 4371 Ut
2696 4314 2853 4385 longe
2903 4314 3063 4369 altius
3105 4288 3466 4370 excellat
3491 4315 3724 4385 pastoris
3765 4324 4077 4387 comparata

2509 4405 2710 4459 subditi
2735 4405 2935 4475 gregis,
2962 4405 3157 4474 quibus
3184 4404 3529 4475 singulariter
3548 4405 3670 4462 boni
3695 4408 3932 4477 pastoris
3951 4422 4076 4463 voce

2508 4494 2742 4549 dicitur:
2783 4491 2883 4545 Vos
2904 4493 3025 4546 estt'a
3050 4492 3141 4547 lux
3166 4494 3349 4547 mundi
3386 4492 3601 4567 (Matth.
3634 4509 3691 4561 ν,
3724 4492 3839 4566 ιι),
3870 4503 3929 4550 et
3962 4512 4074 4549 rur-

845 4578 1020 4633 omnis
1048 4591 1228 4640 sexus,
1259 4575 1538 4643 omnisque
1566 4574 1843 4628 conditio:
1875 4574 2134 4638 masculi,
2166 4574 2401 4640 femine,
2433 4590 2484 4653 υ
2507 4599 2600 4638 σιω
2627 4600 2641 4636 ε
2682 4581 2783 4636 νο.
2808 4583 2929 4635 estis
2950 4582 3030 4636 sal
3068 4591 3219 4637 terra
3244 4581 3431 4653 (Ibid.,
3468 4582 3586 4650 l5);
3613 4590 3669 4637 et
3697 4583 3898 4641 iterum
3930 4602 3945 4637 :
3975 4583 4073 4639 Lu—

838 4670 1093 4737 juvenes,
1123 4683 1310 4732 senes,
1343 4668 1517 4731 servi,
1548 4666 1736 4731 liberi,
1769 4666 1954 4735 pueri,
1991 4665 2291 4736 coniugati,
2326 4667 2407 4721 in-

845 4773 1023 4831 nupta
1048 4761 1235 4831 puellae
1261 4780 1273 4813 :
1306 4760 1428 4830 quia
1456 4759 1573 4815 sine
1598 4761 1700 4814 hac
1722 4760 2090 4815 benedictione
2118 4761 2292 4817 nullus
2316 4776 2410 4831 po-

845 4857 971 4910 terit
1016 4856 1071 4909 in
1112 4854 1369 4909 caelorum
1411 4866 1579 4922 regno
1623 4852 1898 4921 percipere
1939 4852 2259 4923 portionem.
2307 4852 2408 4919 Qui

844 4957 1023 5003 autem
1052 4946 1418 5002 observaverit
1447 4945 1561 4999 haec
1580 4984 1595 5009 ,
1623 4952 1678 4998 et
1707 4959 1738 4996 a
1769 4944 1926 4999 malis
1951 4945 2202 5013 operibus
2231 4960 2290 5000 se
2318 4960 2411 5000 cu-

843 5039 1124 5101 stodierit;
1171 5046 1226 5091 et
1268 5037 1322 5090 in
1367 5036 1615 5104 pmsenti
1650 5034 1847 5090 saeculo
1880 5034 2061 5090 salvus
2094 5036 2227 5100 erit,
2266 5044 2319 5090 et
2354 5038 2409 5092 in

842 5128 1021 5184 futuro
1047 5142 1168 5181 cum
1196 5126 1398 5195 angelis
1427 5125 1805 5195 congaudebit.
2037 5129 2040 5132 ’

913 5216 1048 5273 XVI.
1087 5216 1200 5269 Non
1231 5230 1417 5278 novas,
1450 5215 1753 5269 charissimi
1772 5255 1787 5279 ,
1816 5214 2031 5284 regulas
2060 5215 2407 5281 instituimus,

841 5321 943 5361 nec
978 5318 1333 5374 supervacuas
1369 5320 1547 5358 rerum
1586 5305 1989 5361 adinventiones
2026 5306 2294 5361 inbianter
2320 5322 2409 5361 se-

841 5406 1086 5461 ctamur;
1120 5397 1213 5451 sed
1246 5395 1416 5450 sacris
1446 5404 1792 5463 paternorum
1830 5410 2096 5451 canonum
2130 5396 2410 5451 recensitis

841 5486 984 5542 foliis
1004 5527 1018 5551 ,
1056 5501 1117 5541 ea
1151 5502 1271 5555 quae
1304 5486 1371 5539 ab
1402 5485 1481 5539 eis
1517 5487 1652 5539 bene
1684 5485 1886 5555 digesta
1933 5488 2238 5557 salubrique
2279 5504 2409 5559 pro-

842 5576 1075 5645 mulgata
1104 5588 1130 5616 ι
1158 5590 1415 5630 mucrone
1466 5576 1796 5644 persistunt,
1850 5591 2057 5632 summa
2111 5580 2409 5635 devotionis

838 5666 1178 5721 veneratione
1228 5666 1627 5736 amplectente;
1702 5667 1989 5723 recentiori
2041 5668 2181 5739 stylo
2231 5683 2407 5738 opera:

908 5817 985 5888 (a)
1023 5818 1411 5877 Ccnaonantius
1432 5832 1574 5879 esset
1602 5822 1872 5879 intelliaat.

2506 4681 2617 4725 ceat
2665 4671 2758 4725 lu
2805 4679 2976 4724 oestro
3007 4687 3185 4724 coram
3210 4671 3521 4735 hminibus,
3572 4682 3628 4727 ut
3665 4672 3875 4731 um
3918 4691 4070 4745 opera

2504 4769 2673 4813 cestu
2707 4759 2881 4823 bona,
2935 4766 2983 4812 et
3034 4758 3323 4828 glori/iw
3370 4758 3583 4814 Patrem
3633 4770 3857 4815 uestrum
3890 4763 3981 4833 qui
4021 4764 4071 4815 in

2503 4852 2645 4906 edis
2677 4860 2750 4906 est
2782 4850 2969 4922 (Ibit,
3002 4850 3107 4921 ιϐ).
3140 4840 3285 4906 Hine
3312 4851 3514 4907 etenim
3553 4852 3733 4922 colligi
3770 4861 3975 4923 potest,
4020 4855 4071 4907 in

2506 4948 2764 5009 quantum
2808 4939 3009 4994 distare
3048 4940 3210 4995 debet
3254 4948 3439 5009 pastor
3476 4955 3509 4995 a
3554 4956 3737 5014 grege,
3786 4942 3919 4997 dum
3942 4944 4071 4999 istos

2507 5032 2774 5096 homines,
2802 5040 2857 5085 et
2900 5030 3019 5085 illos
3042 5030 3325 5101 plusquam
3349 5031 3595 5087 homines
3622 5072 3639 5098 ,
3667 5032 3723 5086 id
3746 5040 3830 5088 est
3855 5072 3874 5098 ,
3898 5034 4067 5090 lucem

2508 5122 2806 5186 hominum,
2852 5122 3109 5176 Dominus
3158 5123 3324 5177 voluit
3375 5122 3650 5193 appellari.
3697 5122 3756 5177 Si
3800 5139 3934 5195 ergo
3980 5123 4065 5179 lux

2508 5214 2689 5268 mundi
2719 5228 2935 5278 sumus,
2958 5198 3143 5269 lucere
3170 5213 3359 5284 utique
3384 5214 3595 5285 absque
3619 5213 3878 5269 nebulosa
3905 5216 4067 5286 hypo-

2508 5303 2663 5356 crisis
2702 5301 3030 5358 admixtione
3072 5300 3329 5359 delictum
3356 5321 3369 5356 :
3401 5310 3457 5358 et
3475 5303 3523 5369 si
3549 5302 3629 5358 sal
3656 5311 3818 5359 terra:
3844 5319 4028 5359 sumus
4049 5342 4062 5361 .

2509 5393 2727 5447 condire
2746 5392 3090 5448 nihilominus
3106 5401 3346 5448 terrenas
3363 5402 3570 5448 mentes
3580 5392 3864 5461 sapientiae
3880 5407 4064 5463 sapore

2507 5496 2603 5551 per
2623 5482 2845 5537 verbum
2868 5483 3263 5551 pradicationis
3290 5484 3564 5558 debeanus.

2576 5661 2706 5718 item
2732 5662 2952 5733 placuit,
2980 5672 3035 5717 ut
3072 5663 3260 5730 sobrie,
3304 5664 3389 5734 pie
3431 5673 3691 5734 casteque,
3724 5665 3889 5733 juxta
3940 5665 4070 5736 Apoc
