4174 6452
179 521 284 577 19⁸1

1341 512 1701 571 (ποκαιιιιιιι
1736 503 2251 583 ιῖοιιοιυιιιεηδε.

3264 505 3374 564 ωδ

178 636 376 688 stutum
407 623 669 698 fugiamus
692 629 854 697 turpis
884 628 1013 680 lucri
1038 626 1257 695 gratiam
1281 667 1296 691 ,
1323 643 1422 680 non
1453 629 1507 679 in
1535 642 1726 680 comes-
1752 627 1797 685 Δ
1828 624 2005 683 randze
2047 624 2188 677 sedis
2225 620 2485 676 consultu.
2533 619 2588 675 Si
2636 620 2756 689 quis
2798 629 2919 689 post
2954 618 3068 675 hate
3111 616 3380 691 prohibita

176 722 486 789 sationibus,
512 728 557 770 et
586 717 929 779 ebrietatibus,
956 726 1002 768 et
1029 715 1339 768 inebriemur
1365 716 1499 780 vino,
1530 717 1588 768 in
1626 731 1725 785 quo

174 821 255 865 est
286 809 493 863 lautia
521 808 645 877 (Tit.
678 823 740 870 ιι,
764 807 857 869 i2;
897 804 1045 859 Rom.
1068 820 1120 869 ι,
1156 803 1254 867 l5;
1285 802 1473 873 Epim.
1505 820 1589 867 ιιι,
1618 803 1727 873 l8).

178 898 639 967 Quemadmodum
680 912 776 965 per
810 895 1145 962 semetipsam
1182 890 1391 947 veritas
1418 893 1731 961 generaliter

181 990 237 1042 in
267 986 555 1056 Evangelia
580 983 933 1053 praecipiendo
973 989 1323 1052 protestetur,
1373 982 1593 1035 dicens:
1633 979 1735 1035 Cs-

182 1085 290 1129 uete
312 1092 344 1127 α
366 1072 599 1143 crapula,
626 1085 673 1126 et
692 1074 949 1137 ebrietate,
977 1081 1024 1125 et
1046 1072 1182 1125 curis
1202 1072 1359 1140 hujus
1378 1070 1554 1124 uecin
1581 1068 1731 1141 (Luc.

184 1176 303 1228 xxv,
347 1162 461 1232 Si).
495 1161 645 1217 Unde
673 1168 726 1215 et
752 1160 807 1213 in
835 1160 1193 1225 ecclesiastico
1218 1174 1423 1214 canone
1447 1159 1735 1213 sententia-

181 1253 314 1308 liter
341 1260 550 1309 constat
596 1252 832 1307 decisum
853 1289 868 1313 ,
905 1259 997 1304 aut
1044 1264 1253 1305 cessare
1288 1250 1355 1306 ab
1376 1247 1684 1315 huiusmodi
1707 1259 1733 1288 ι

186 1342 305 1394 vit'.i
337 1339 771 1411 ingurgitatione,
794 1346 885 1391 aut
908 1345 1052 1391 certe
1092 1345 1491 1405 perseverantes
1521 1333 1739 1389 honoris

176 1431 392 1498 jactura
437 1427 727 1497 periclitari
766 1426 977 1479 debere.
1006 1424 1241 1490 Quorum
1276 1423 1483 1477 ultricis
1527 1430 1740 1479 sentem-

184 1520 277 1571 tiae
305 1519 333 1556 δ
359 1519 677 1571 dictatorum
716 1502 813 1570 nos
856 1513 1139 1590 complices
1186 1523 1208 1551 ο
1257 1526 1322 1567 ac
1362 1510 1596 1565 fautores
1621 1524 1741 1591 esse

185 1610 444 1663 fatemur.
540 1656 549 1681 ,

924 1693 1011 1749 Π.

261 1787 333 1842 Ut
368 1783 523 1853 juxta
560 1782 760 1838 Nicmni
800 1785 1086 1839 venerandi
1128 1781 1490 1837 deﬁnitionem
1530 1776 1740 1839 concilii

187 1876 349 1946 (Con.
376 1874 469 1942 5),
499 1873 675 1926 nullus
711 1875 945 1940 patiatur
970 1873 1397 1935 subintroductas
1433 1886 1458 1913 ι
1491 1873 1741 1927 mulieres

188 1979 379 2019 secum
408 1964 459 2015 in
484 1964 640 2017 domo
664 1961 877 2029 propria
900 1958 1095 2017 habere
1111 2000 1127 2028 ,
1163 1962 1247 2015 vel
1272 1962 1480 2029 private
1516 1977 1637 2016 cum
1660 1961 1740 2016 eis

186 2041 565 2107 cohabitantes
588 2050 911 2104 conversari.
938 2050 1004 2102 Et
1027 2065 1326 2119 quanquam
1343 2051 1409 2104 de
1428 2050 1741 2119 quibusdam

180 2142 475 2215 inhonesta
520 2140 824 2194 carentibus
871 2138 1169 2206 suspicione
1216 2138 1526 2193 clementius
1565 2138 1741 2207 aliquo

190 2229 353 2285 modo
379 2228 510 2284 inibi
534 2222 739 2297 legatur
757 2226 1047 2292 indultum;
1072 2240 1171 2281 nos
1199 2234 1374 2279 tamen
1414 2240 1598 2280 omnes
1622 2240 1741 2289 om-

190 2320 325 2372 nino
348 2332 492 2372 nunc
517 2316 873 2371 necessarium
897 2326 1076 2369 vetare
1099 2315 1485 2384 prospeximus,
1515 2330 1580 2369 eo
1603 2316 1745 2384 quod

184 2408 554 2477 experimento
600 2405 955 2469 didicerimus,
1012 2404 1219 2458 illarum
1268 2404 1565 2461 velamento
1611 2405 1744 2459 alias

182 2490 434 2547 licentius
458 2493 525 2547 ad
549 2508 641 2547 eos
665 2493 863 2546 aditum
895 2492 1158 2565 veniendi,
1184 2493 1492 2561 perditionis
1528 2507 1741 2546 causam

186 2580 461 2633 habuisse.
506 2578 618 2633 Non
646 2586 819 2631 autem
851 2587 1087 2632 vetamus
1111 2578 1428 2646 quempiam,
1456 2578 1547 2632 sed
1568 2578 1745 2646 potius

181 2671 466 2726 hortamur
507 2669 826 2738 pauperibus
867 2670 1109 2737 personis
1132 2666 1258 2735 iure
1285 2668 1385 2721 sibi
1415 2669 1746 2738 cognationis

178 2757 487 2825 conjunctis
529 2756 856 2821 benciacere,
885 2771 1003 2809 cum
1047 2756 1117 2809 sit
1144 2755 1389 2810 omnibus
1413 2744 1745 2812 benefacien-

180 2847 333 2910 dum,
353 2846 446 2900 sed
467 2846 534 2899 ab
554 2845 634 2900 eis
662 2852 949 2915 segregata:
973 2844 1025 2897 in
1050 2844 1162 2897 suis
1181 2843 1435 2915 degentes
1462 2842 1744 2900 domiciliis

181 2942 553 3002 perseverent.

948 3020 1011 3072 γ.

254 3109 326 3165 Ut
355 3105 627 3165 mularis
650 3104 873 3179 negotia
900 3110 1037 3165 ultra
1072 3112 1285 3165 modum
1313 3119 1579 3166 mensum
1612 3104 1745 3164 nulli

182 3182 639 3255 liceat'exercere.
665 3199 754 3254 Ait
782 3200 924 3254 enim
964 3200 1281 3269 Apostolus:
1326 3201 1493 3255 Nemo
1517 3200 1745 3255 militans

180 3289 316 3354 Deo,
362 3290 583 3359 implicet
612 3306 664 3343 se
696 3291 909 3359 negotiis
955 3290 1307 3354 swcularibss,
1336 3299 1391 3343 ut
1434 3292 1481 3343 ei
1523 3289 1741 3359 placeat,

182 3380 273 3432 cui
318 3394 375 3431 se
419 3366 649 3447 probavit
692 3376 775 3447 (II
809 3377 940 3430 Tim.
967 3394 1027 3442 ιι,
1059 3378 1135 3449 4).
1184 3378 1377 3433 intueri
1425 3387 1747 3447 quapropter

182 3467 440 3524 subtilius
484 3466 631 3529 libet,
662 3465 814 3533 cuius
841 3481 937 3521 nos
961 3480 1077 3521 esse
1118 3467 1260 3535 regis
1290 3467 1485 3521 milites
1517 3466 1747 3535 gratula.

181 3573 327 3614 mur.
356 3558 423 3612 Et
445 3558 569 3627 quia
595 3558 648 3613 in
682 3559 871 3613 castris
907 3570 934 3598 ι
976 3558 1261 3612 Dominicis
1306 3558 1614 3621 militamus,
1639 3556 1747 3611 sol-

183 3644 350 3706 licite.
379 3661 604 3715 pensare
646 3647 1070 3716 constringimur.
1118 3647 1307 3716 quibus
1348 3646 1514 3700 armis
1557 3644 1747 3699 muniti

182 3750 309 3791 eum
351 3742 499 3789 tanto
524 3733 830 3790 adversario
876 3734 1179 3788 certaminis
1217 3733 1353 3788 bella
1396 3733 1629 3803 aggressi
1653 3747 1748 3801 pu-

184 3823 664 3892 gnarevaleamus,
696 3831 757 3876 ut
782 3823 1010 3891 expediti
1042 3814 1109 3889 ab
1141 3822 1284 3877 omni
1324 3822 1600 3893 praesentis
1642 3836 1745 3877 sa:-

184 3912 292 3966 culi
328 3911 724 3980 impedimento,
769 3911 1012 3982 intrepidi
1056 3912 1113 3965 in
1154 3912 1325 3981 prima
1360 3914 1388 3951 b
1424 3912 1538 3967 acie
1580 3910 1749 3981 persio

186 4011 413 4067 stentes,
450 4011 573 4070 post
596 4003 824 4072 palmam
846 4003 1081 4059 victoria:
1125 4005 1543 4073 triumphatrieis
1565 4003 1747 4074 gloria:

184 4105 446 4145 coronam
473 4092 541 4145 ab
576 4107 641 4146 eo
664 4105 787 4160 rege
811 4092 902 4161 qui
928 4107 1025 4147 nos
1054 4092 1121 4148 de
1138 4093 1356 4163 antiquo
1385 4092 1534 4147 hoste
1562 4092 1746 4146 trium-

184 4178 393 4247 phavit,
423 4179 692 4249 suscipere
712 4194 1029 4236 mereamur.

254 4353 386 4409 item
409 4354 609 4423 placuit
647 4358 706 4409 ut
730 4368 823 4409 eas
856 4370 1074 4425 prorsus
1108 4355 1402 4411 mundanas
1442 4355 1740 4428 dignitates,

183 4457 322 4511 quas
350 4442 635 4498 8201112108
659 4442 761 4497 viri
786 4444 869 4500 vel
907 4444 1173 4512 principes
1198 4452 1356 4499 terra:
1381 4460 1635 4511 exercere
1658 4462 1747 4502 so-

1790 778 1794 783 ι
1827 711 2143 763 temerarius
2170 722 2423 776 usurpare
2467 706 2771 773 tentaverit,
2812 722 2919 761 non
2953 708 3061 763 erit
3101 707 3381 779 ambiguus

1828 800 1893 855 de
1914 800 1995 854 sui
2021 798 2239 853 honoris
2257 795 2514 871 periculo.

2324 947 2338 955 θ
2538 882 2668 943 Vill.

1900 977 1975 1031 De
1998 976 2083 1031 his
2104 983 2279 1031 autem
2314 974 2402 1045 qui
2445 976 2726 1047 propinqui
2762 972 3032 1055 sanguinis
3071 972 3379 1032 aﬂinitatem

1831 1066 1932 1121 sibi
1958 1069 2011 1120 in
2036 1066 2428 1121 matrimonium
2455 1067 2661 1120 sociare
2687 1056 3025 1131 tentaverint,
3068 1067 3194 1137 quia
3232 1066 3386 1123 valde

1833 1156 2013 1223 gravis
2060 1155 2324 1223 nimisque
2374 1155 2663 1225 asperrima
2709 1156 2763 1208 in
2809 1155 2986 1224 prisco
3026 1167 3053 1196 ι
3092 1155 3388 1210 canonenb

1832 1243 2064 1313 antiquis
2086 1243 2333 1297 Patribus
2358 1244 2423 1297 de
2447 1245 2549 1301 hoc
2575 1244 2787 1313 negotio
2802 1239 3074 1310 iudicialis
3108 1245 3386 1305 sententia

1834 1332 2052 1385 elimata
2094 1332 2193 1385 sub
2235 1332 2563 1400 ptenitentia:
2592 1329 2800 1401 ﬂagello
2839 1330 3079 1400 persistit
3111 1332 3385 1397 vindicta;

1838 1421 2035 1475 idcirco
2061 1419 2191 1472 tanti
2214 1426 2572 1487 praecaventes
2591 1416 2771 1487 ﬂagitii
2792 1420 3103 1489 periculum,
3121 1428 3179 1473 ut
3199 1420 3391 1478 melius

1837 1508 2148 1577 cautiusque
2192 1506 2560 1577 prospeximus
2607 1506 2823 1576 dignum
2866 1506 3114 1564 duximus
3147 1508 3385 1563 delinire.

1837 1595 1915 1650 ita
1943 1597 2205 1671 duntaxat
2219 1604 2277 1651 ut
2297 1594 2505 1649 nemini
2528 1594 2685 1649 liceat
2710 1593 2891 1649 furtim
2929 1596 3227 1666 raptimque
3254 1611 3390 1667 nup-

1836 1686 1943 1738 tias
1970 1686 2302 1745 contrahere,
2331 1698 2399 1738 ne
2441 1679 2579 1738 forte
2610 1692 2715 1754 per
2741 1682 2941 1739 erroris
2974 1683 3256 1751 ignaviam,
3304 1685 3391 1738 vel

1838 1779 1980 1824 certe
2007 1769 2166 1839 (quod
2202 1768 2352 1839 pejus
2381 1769 2481 1841 est)
2526 1768 2783 1824 diabolica
2832 1766 3064 1838 instigati
3092 1783 3290 1835 amore,
3320 1768 3388 1823 il-

1838 1862 1985 1916 licita
2023 1861 2283 1915 connubia
2326 1858 2678 1915 celebrentur.
2722 1860 2826 1915 Sed
2873 1860 3184 1915 interventis
3218 1860 3388 1929 pactis

1841 1948 2187 2019 sponsalibus,
2215 1962 2310 2017 per
2334 1947 2563 2017 aliquam
2592 1945 3114 2011 dilationis'moram,
3146 1948 3387 2017 requisiti

1840 2040 1967 2107 quin
1995 2037 2156 2091 etiam
2202 2036 2443 2104 diligenti
2488 2050 2615 2090 cura
2666 2035 2828 2091 vicini
2869 2034 2952 2089 vel
2991 2035 3219 2104 majores
3259 2047 3388 2091 natu

1841 2126 1943 2179 loci
1991 2126 2150 2191 illius,
2194 2126 2285 2196 qui
2327 2126 2532 2195 possint
2573 2124 2713 2180 scire
2762 2124 2955 2187 lineam
2990 2126 3387 2195 generationum

1840 2223 2205 2284 utrorumque,
2237 2216 2415 2284 sponsi
2451 2216 2653 2270 scilicet
2677 2215 2760 2270 vel
2792 2229 3014 2284 sponsae.
3042 2214 3097 2267 ιη
3116 2226 3181 2270 eo
3200 2216 3386 2283 etiam,

1841 2313 1900 2359 ut
1919 2306 2033 2361 sine
2058 2304 2245 2359 notitia
2269 2304 2561 2359 sacerdotis
2587 2304 2754 2373 plebis
2786 2304 2927 2379 illius
2952 2305 3252 2361 nullatenus
3271 2305 3381 2369 liat,

1842 2404 2101 2466 quatenus
2122 2393 2266 2449 nulla
2295 2394 2541 2461 deinceps
2564 2393 2909 2462 separationis
2933 2394 3205 2451 tribulatio
3228 2394 3393 2449 inter-

1842 2486 2012 2540 cedat.
2044 2484 2099 2539 Si
2127 2499 2253 2538 vero
2277 2482 2378 2538 hoc
2403 2482 2587 2537 ordine
2607 2490 2793 2537 cuncta
2819 2491 3155 2552 peraguntur,
3186 2498 3249 2537 ac
3269 2470 3393 2551 pro?

1841 2576 2023 2630 batum
2051 2573 2166 2627 sine
2190 2570 2375 2626 fraude
2398 2570 2613 2626 testium
2638 2569 2814 2632 fuerit,
2837 2578 2893 2623 et
2916 2584 3074 2625 causa
3112 2570 3395 2640 contigerit

1842 2662 1985 2731 quod
2008 2668 2191 2729 postea
2230 2668 2322 2714 aut
2350 2659 2451 2729 ipsi
2492 2657 2757 2714 recordati
2784 2655 2997 2724 fuerint,
3030 2660 3120 2727 qui
3160 2660 3390 2729 primum

1843 2768 1902 2808 se
1928 2752 2133 2808 nescire
2159 2750 2382 2821 professi
2405 2759 2546 2815 sunt,
2574 2758 2665 2804 aut
2685 2759 2829 2806 certe
2860 2765 2956 2821 per
2990 2752 3209 2805 aliorum
3238 2768 3394 2808 vera-

1842 2844 1984 2898 cium
2027 2844 2300 2898 hominum
2348 2842 2723 2905 testimonium,
2771 2842 2970 2895 inventi
3021 2841 3217 2897 fuerint
3244 2844 3297 2897 in
3322 2858 3387 2899 eo

1843 2932 2009 3004 gradu
2032 2932 2523 3002 consanguinitatis,
2557 2933 2648 3000 qui
2693 2934 2961 3003 segregari
2986 2934 3176 2999 solent,
3216 2950 3393 3005 segre-

1844 3031 2033 3095 gentur
2062 3010 2275 3093 quidem
2317 3022 2610 3077 abinvicem
2654 3030 2707 3075 et
2733 3032 2891 3091 agant
2922 3014 3305 3091 pmnitentiam,
3339 3034 3394 3079 et

1819 3114 1891 3168 -si
1924 3112 2039 3168 fieri
2080 3120 2254 3181 potest
2292 3119 2629 3181 perseverent
2652 3113 2861 3180 utrique
2898 3112 3121 3181 innupti.
3159 3113 3308 3180 Quod
3344 3117 3392 3171 si

1843 3211 2060 3273 propter
2089 3202 2543 3268 incontinentiam,
2566 3201 2649 3255 vel
2668 3200 2831 3265 certe,
2858 3203 2998 3271 quod
3016 3210 3069 3257 et
3096 3202 3388 3269 honestius,

1844 3306 2025 3347 amore
2060 3286 2283 3346 filiorum
2316 3292 2370 3345 in
2397 3292 2450 3345 id
2475 3306 2785 3360 permanere
2808 3301 3092 3361 nequeunt,
3120 3302 3394 3349 transeant

1840 3380 2053 3449 quidem
2078 3378 2427 3433 ad'sccundas
2450 3379 2676 3447 nuptias.
2723 3376 2837 3431 Hoc
2864 3391 3033 3433 autem
3061 3382 3277 3434 dicimus
3311 3398 3392 3435 se-

1840 3469 2066 3524 cundum
2109 3466 2497 3537 indulgentiam.
2548 3482 2649 3520 non
2692 3467 2973 3520 secundum
3018 3468 3286 3537 imperium
3334 3469 3386 3538 (Ι

1841 3558 1964 3613 Cor.
1988 3574 2081 3623 vn,
2108 3558 2184 3627 6).
2234 3558 2501 3611 Beatiores
2547 3563 2720 3611 tamen
2766 3565 2922 3611 erunt
2961 3558 3007 3611 si
3036 3559 3113 3611 sic
3136 3573 3387 3628 perman-

1842 3648 2026 3711 serint,
2051 3644 2335 3700 secundum
2380 3650 2619 3698 nostrum
2655 3643 2950 3698 consilium.
3002 3643 3120 3699 Filii
3146 3659 3272 3700 vero
3296 3649 3385 3715 qui

1839 3748 1909 3789 ex
1936 3733 2029 3788 tali
2061 3733 2396 3791 matrimonio
2440 3732 2701 3801 procreati
2744 3730 2958 3799 fuerint,
2990 3732 3211 3805 legitimi
3240 3735 3268 3775 ιι
3294 3736 3387 3790 ha-

1839 3824 2065 3880 beantur
2106 3823 2174 3879 ad
2222 3822 2583 3878 hrereditatem
2628 3822 2863 3877 dduncti
2905 3824 3235 3894 capiendam.
3288 3823 3387 3891 Qui

1842 3921 2018 3967 autem
2044 3927 2149 3967 non
2173 3910 2570 3967 obscrvaverint
2592 3911 2771 3965 omnia
2792 3910 2926 3976 hzec,
2953 3926 3072 3980 qua:
3099 3926 3195 3983 pro
3216 3912 3387 3968 salute

1842 4001 2033 4056 anima:
2054 4008 2106 4055 et
2132 3998 2434 4072 frugalitate
2461 3999 2581 4053 vita:
2606 4013 2765 4069 supra
2791 4000 3162 4070 compendiose
3189 4002 3387 4070 scripta

1842 4091 2106 4161 leguntur,
2132 4097 2187 4145 et
2225 4090 2447 4145 furtivas
2483 4078 2563 4146 vel
2593 4088 2902 4145 interdictas
2934 4090 3144 4160 nuptias
3170 4098 3385 4145 contra-

1842 4181 1969 4236 here
1998 4182 2447 4250 presumpserint,
2491 4190 2546 4237 et
2570 4181 2796 4251 proximi
2839 4180 3169 4249 cognationis
3196 4178 3394 4237 fuerint

1841 4269 2062 4336 inventi,
2088 4279 2401 4340 separentur
2421 4282 2627 4337 quoque
2649 4278 2704 4324 et
2745 4269 2863 4339 ipsi,
2894 4278 2950 4325 et
2974 4272 3179 4326 cunctis
3202 4272 3389 4328 diebus

1841 4361 1964 4416 vitm
2008 4376 2117 4416 suae
2158 4361 2257 4417 sub
2293 4359 2616 4428 pmoitentize
2662 4370 2685 4398 α
2726 4359 2957 4417 lamenta
3000 4369 3383 4430 permaneant:

1840 4457 2000 4518 atque
2027 4449 2094 4503 ad
2117 4448 2375 4504 secundas
2416 4450 2627 4517 nuptias
2660 4463 2927 4518 nunquam
2963 4450 3048 4504 vel
3076 4450 3163 4507 ille
3187 4451 3267 4506 vel
3295 4452 3386 4507 illa

184 4533 316 4595 lent,
350 4531 405 4585 in
430 4532 799 4589 venationibus
822 4544 848 4571 ι
875 4533 1095 4598 scilicet,
1130 4531 1212 4587 vel
1254 4533 1309 4587 in
1341 4535 1563 4591 canticis
1586 4537 1617 4575 ιι
1640 4551 1743 4590 sas-
1770 4556 1817 4615 ο
1839 4537 2169 4605 perveniant,
2201 4536 2359 4594 alieni
2386 4552 2416 4591 a
2440 4538 2826 4593 communionis
2847 4538 3017 4608 gratia
3041 4538 3343 4608 iudicentur
3371 4555 3386 4592 :

183 4621 480 4683 cularibus,
510 4628 603 4673 aut
627 4618 680 4673 in
703 4619 933 4675 resoluta
966 4628 1020 4676 et
1063 4621 1409 4676 immoderata
1448 4622 1647 4687 laetitia,
1689 4624 1745 4678 in
1843 4624 2091 4695 filiiqued
2117 4625 2205 4694 qui
2238 4626 2303 4680 de
2341 4623 2444 4679 hoc
2488 4633 2595 4680 tam
2638 4627 2839 4683 incesto
2867 4626 3109 4695 coniugio
3150 4629 3260 4682 nati
3300 4629 3386 4683 fu—

184 4710 319 4781 lyris
351 4716 407 4763 et
433 4708 598 4773 tibiis,
642 4716 698 4764 et
739 4709 824 4763 his
867 4709 1129 4767 similibus
1172 4708 1391 4774 lusibus,
1429 4711 1606 4767 nullus
1645 4713 1744 4768 sub

184 4798 554 4855 ealesiastieo
598 4811 801 4853 unone
846 4798 1164 4853 constitutus
1210 4799 1280 4859 ob
1324 4796 1496 4855 inanis
1546 4799 1744 4861 laetitia:

186 4888 412 4951 ﬂuxum,
441 4885 633 4959 audeat
666 4883 803 4939 fastu
842 4885 1104 4953 superbiai
1145 4886 1402 4951 tumidus,
1428 4886 1749 4955 quandoque

186 4973 566 5046 presumendo
589 4974 735 5028 abuti
760 4988 774 5026 :
808 4973 909 5028 nisi
936 4972 1073 5027 forte
1101 4973 1147 5027 si
1177 4972 1231 5027 in
1268 4973 1481 5043 hymnis
1503 4980 1557 5029 et
1583 4974 1739 5043 spiri-

189 5063 427 5118 tualibus
448 5062 670 5116 canticis
688 5062 997 5127 delectatur,
1019 5063 1085 5119 de
1103 5062 1270 5121 sacris
1288 5062 1531 5119 videlicet
1552 5074 1574 5102 ο
1601 5063 1745 5121 Scri-

187 5160 473 5219 pturarum
498 5147 852 5202 voluminibus
895 5149 1049 5218 digne
1076 5150 1400 5219 honesteque
1442 5152 1745 5221 compositis

189 5245 395 5293 utatur.
429 5234 512 5290 Ab
534 5236 618 5291 his
658 5236 815 5305 igitur
839 5236 942 5291 non
977 5237 1145 5295 solum
1168 5254 1275 5295 non
1308 5241 1603 5297 inhibemus
1626 5244 1746 5298 abs-

193 5326 386 5390 tinere,
402 5340 587 5381 verum
608 5326 768 5382 etiam
806 5327 1147 5384 conniventes
1168 5329 1391 5387 licentiae
1410 5333 1743 5388 concedimus

191 5424 397 5476 vnum.

919 5504 1028 5563 Vl].

260 5584 396 5653 item
422 5593 621 5665 plausit
643 5602 699 5647 ut
749 5595 925 5651 nullus
948 5596 1313 5667 episcoporum
1356 5599 1742 5668 presbyterum,

193 5685 277 5740 vel
324 5685 629 5745 diaconum,
680 5680 763 5736 vel
793 5693 820 5722 ι
856 5684 1321 5739 archimandrilam
1370 5686 1423 5739 in
1474 5686 1745 5754 dispendio

198 5773 225 5811 δ
256 5771 476 5826 honoris
499 5768 853 5824 condemnare
875 5781 1161 5839 prmsumat
1188 5774 1386 5843 absque
1408 5773 1563 5843 hujus
1589 5791 1745 5830 vene-

472 5880 742 5940 Ριτιοι..
785 5875 1003 5937 XCIX.

1842 4713 1999 4775 crint,
2034 4712 2262 4779 improbi
2298 4712 2609 4777 habeantur,
2638 4714 2938 4781 nullamque
2965 4729 3146 4769 rerum
3167 4716 3382 4786 adipisci

1839 4800 2049 4857 valeant
2070 4808 2349 4868 parentum
2374 4799 2695 4857 facilitatem.
2766 4794 2771 4799 ’

1908 4974 2041 5031 illud
2064 4980 2321 5046 praeterea
2362 4987 2458 5045 per
2500 4977 2678 5033 omnia
2719 4987 3074 5046 pracaventes
3108 4980 3389 5051 prohibere

1840 5062 2189 5127 decrevimus,
2215 5073 2274 5117 ut
2304 5063 2480 5117 nullus
2518 5075 2805 5133 praesumat
2842 5076 2965 5122 ante
2999 5082 3166 5125 annos
3192 5072 3388 5140 puber-

1842 5154 1986 5216 tatis,
2014 5152 2067 5207 id
2109 5159 2192 5208 est
2214 5151 2353 5205 infra
2376 5164 2400 5193 ι
2427 5160 2659 5219 (etatem,
2692 5169 2912 5223 puerum
2955 5157 3037 5211 vel
3076 5160 3302 5229 puellam
3332 5159 3386 5215 in

1840 5240 2234 5295 matrimonium
2268 5240 2491 5306 sociare,
2541 5257 2639 5297 nec
2683 5242 2739 5295 in
2791 5233 3027 5300 dissiuiili
3073 5254 3247 5311 aetate,
3294 5248 3388 5303 scd

1840 5334 2132 5382 coaetaneos
2170 5326 2375 5395 sibique
2415 5329 2819 5387 consentientes.
2864 5330 3053 5387 lultas
3090 5334 3281 5407 sepius
3320 5349 3388 5390 ex

1842 5413 2140 5482 huiusmodi
2165 5416 2382 5485 nuptiali
2403 5422 2677 5473 contractu
2699 5420 2878 5475 ruinas
2896 5419 3193 5477 animarum
3216 5422 3387 5477 factas

1842 5504 2159 5567 audivimus,
2189 5513 2242 5558 et
2267 5504 2397 5559 tales
2423 5498 2796 5561 fornicationes
2822 5516 3173 5577 perpetratae,
3202 5509 3388 5577 quales

1843 5607 1942 5647 nec
1986 5593 2127 5650 inter
2168 5602 2353 5663 gentes
2392 5594 2447 5665 (1
2481 5594 2599 5651 Cor.
2629 5596 2784 5667 v.1).
2826 5596 2903 5652 ita
2940 5598 3112 5669 plane,
3158 5606 3217 5653 ut
3261 5612 3384 5655 eum

1843 5683 2067 5752 contigit
2094 5698 2312 5752 puerum
2340 5682 2575 5739 adultum
2593 5698 2731 5751 esse,
2753 5695 2808 5740 et
2826 5688 3053 5757 puellam
3080 5687 3385 5755 parvulam;

1842 5782 1897 5829 et
1919 5788 1949 5829 e
1975 5774 2260 5840 contrario,
2295 5774 2338 5828 si
2386 5774 2560 5842 puella
2590 5784 2807 5831 rnatum
2851 5777 3040 5843 aetatis,
3069 5785 3123 5832 et
3160 5764 3295 5847 puer
3316 5778 3386 5833 sit

2856 5887 2926 5944 10
