4174 6430
713 424 814 478 29‘.)

1566 428 1620 482 S.
1661 429 1996 487 PAULINUS
2033 432 2463 490 PA‘ttuARCllA
2502 437 2974 502 AQL'ILEIENSIS.

3707 134 4026 209 1n-

3037 411 3047 434 \

3779 455 3870 506 5'36

699 545 902 629 tenera:
929 550 940 597 ;
967 541 1018 629 e-t
1043 545 1151 629 ‘pcr
1176 535 1340 588 virum
1383 548 1618 606 cognata,
1653 550 1706 594 et
1742 557 1924 598 socrus
1955 546 2241 614 deprehen-
2268 554 2307 606 Α
2339 565 2368 602 a
2396 552 2665 605 sacerdote
2715 564 2952 616 sacrate,
2998 556 3046 608 in
3103 556 3199 609 hoc
3253 565 3424 612 tamen
3474 563 3746 629 proposito
3791 583 3870 619 mus

707 622 897 674 dantur
941 620 1203 684 adultene,
1259 632 1309 675 et
1357 637 1449 691 per
1490 627 1712 694 puellam
1758 628 1918 683 frater
1960 631 2043 685 vel
2087 641 2236 699 pater

706 711 852 779 pueri
880 712 1008 764 tanti
1031 712 1229 779 peccati
1253 711 1448 782 ﬂagitio
1475 725 1695 783 pereant
1719 717 1929 772 irretiti.
1967 711 2114 774 Unde
2140 723 2231 788 qui

706 800 815 851 lucc
862 799 1121 865 prohibita
1172 799 1236 853 de
1279 809 1470 854 caetero
1522 817 1774 871 usurpare
1817 811 2228 876 praesumpserit,

702 884 766 934 ab
794 886 934 936 omni
971 885 1326 939 ecclesiastico
1353 889 1616 942 consortio
1656 891 1724 944 sit
1756 891 1972 955 alienus,
2016 895 2107 947 sed
2133 909 2230 948 nec

701 974 774 1042 [et
808 973 860 1043 a]
891 990 916 1024 a
942 972 1164 1040 publicis
1191 974 1216 1012 δ
1242 975 1309 1027 sit
1332 975 1576 1036 immunis
1597 975 1826 1044 judiciis.

1339 1081 1442 1150 75
1515 1083 1581 1136 X-

760 1170 889 1223 ltem
915 1169 1110 1238 placuit
1135 1179 1212 1233 ut,
1242 1171 1472 1224 resoluto
1493 1171 1850 1228 fornicationis
1878 1190 2033 1229 causa
2056 1175 2223 1245 jugali

693 1257 919 1321 vinculo,
945 1273 1046 1310 non
1071 1257 1224 1310 liccat
1253 1259 1383 1318 viro,
1411 1259 1638 1325 quandiu
1664 1259 1896 1313 adultera
1921 1261 2066 1326 vivit,
2098 1263 2223 1316 alie-

692 1365 813 1402 nam
842 1362 1057 1402 uxorem
1083 1347 1290 1409 ducere,
1321 1348 1440 1401 licet
1479 1347 1547 1400 sit
1574 1348 1659 1400 illa
1685 1347 1918 1404 adultera
1945 1367 1958 1413 ;
2007 1336 2097 1404 sed
2123 1367 2219 1405 nec

688 1436 955 1499 adulterae,
1005 1450 1119 1502 qua:
1163 1449 1345 1502 pinnas
1397 1435 1734 1502 gravissimas
1777 1438 1856 1490 vel
1899 1440 2219 1504 pmnitcntiae

687 1534 712 1559 η
743 1533 1054 1577 tormentum
1084 1524 1224 1576 luere
1250 1524 1420 1588 debet,
1451 1524 1606 1576 alium
1634 1526 1872 1592 accipere
1898 1527 2084 1589 virum,
2121 1546 2218 1583 nec

685 1614 891 1665 vivente
919 1626 1014 1664 nec
1038 1610 1068 1649 ι’
1097 1619 1319 1670 mortuo,
1343 1626 1497 1677 quem
1521 1627 1622 1664 non
1647 1613 1857 1666 erubuit
1881 1614 2212 1680 defraudare,

686 1702 892 1754 marito.
931 1699 1060 1752 Nam
1107 1699 1204 1752 etsi
1247 1699 1450 1767 legatur
1489 1701 1539 1751 in
1585 1701 1750 1753 sacris
1777 1703 2089 1768 evangelicis
2125 1719 2216 1771 pa-

681 1792 836 1859 ginis,
880 1790 989 1842 sola
1035 1788 1391 1842 fornicationis
1417 1803 1571 1841 causa
1596 1788 1788 1843 dixisse
1825 1791 2098 1844 Dominum
2137 1793 2215 1845 di-

681 1881 890 1932 mittere
915 1880 1082 1931 virum
1109 1891 1324 1930 uxorem
1352 1891 1498 1929 suam
1521 1893 1532 1926 :
1564 1891 1665 1929 non
1688 1886 1862 1929 tamen
1888 1878 2074 1945 legitur
2093 1894 2216 1932 con-
2248 1870 2294 1928 Β

678 1968 898 2020 cessisse
927 1965 1126 2030 vivente
1156 1965 1261 2028 illa,
1310 1965 1362 2017 in
1392 1963 1636 2034 conjugio
1679 1965 1779 2018 sibi
1823 1967 2061 2031 sociare;
2093 1983 2214 2034 pro-

677 2055 908 2108 hibuisse
934 2054 1140 2124 quidem
1184 2052 1352 2104 modis
1379 2052 1621 2105 omnibus
1661 2067 1763 2105 non
1790 2053 2090 2122 ambigitur.
2127 2054 2214 2107 Ait

674 2145 812 2195 ριιίιη
838 2157 851 2194 :
885 2142 1181 2207 Quicunque
1205 2139 1451 2190 dimiserit
1474 2155 1681 2192 uxorem
1707 2155 1874 2202 suam,
1903 2141 2000 2192 nisi
2027 2141 2085 2192 ob
2110 2140 2213 2207 {or-

674 2231 998 2291 nicationem,
1041 2237 1085 2280 et
1115 2227 1270 2278 aliam
1301 2226 1501 2278 duxerit
1530 2228 1825 2291 mare/tatur,
1854 2239 1897 2280 et
1924 2229 2008 2296 qui
2039 2228 2212 2279 dimis-

673 2335 781 2370 sam
821 2318 1042 2379 duxerit,
1085 2316 1360 2367 mite/tatur
1399 2314 1604 2384 (Matth.
1637 2331 1748 2381 ιιι,
1781 2318 1855 2383 9).
1908 2317 2018 2382 Qua
2057 2317 2121 2368 de
2156 2331 2211 2368 re

675 2409 745 2460 ita
778 2406 1000 2461 difﬁnire
1044 2404 1430 2473 prospeximus,
1459 2412 1518 2456 ut
1551 2403 1702 2472 juxta
1730 2404 1963 2470 ejusdem
2005 2405 2209 2458 Domini

673 2496 973 2550 mellilluatn
1015 2509 1215 2555 vocem,
1243 2508 1395 2546 nemo
1418 2494 1530 2546 bam
1575 2494 1848 2548 interdicta
1880 2494 2100 2547 violator
2129 2495 2209 2547 in-

670 2589 876 2641 calcare
905 2593 1202 2654 prtcsumat.
1233 2583 1334 2636 Sed
1371 2583 1616 2650 quoniam
1649 2585 1699 2637 in
1728 2585 1898 2637 medio
1935 2585 2208 2654 ambiguus

671 2689 692 2714 ε
730 2675 1077 2742 interponitur
1102 2687 1293 2734 sermo,
1325 2672 1374 2723 id
1408 2680 1510 2732 est,
1560 2671 1655 2723 nisi
1695 2672 1754 2722 ob
1795 2671 2201 2739 fornicationem,

671 2764 834 2832 quzeri
884 2762 1130 2814 nimirum
1179 2766 1351 2826 potest
1401 2767 1576 2810 utrum
1621 2758 1688 2810 ad
1733 2758 1895 2811 solam
1944 2757 2207 2810 licentiam

670 2853 965 2908 dimittendi
992 2866 1228 2913 uxorem,
1254 2851 1339 2918 qui
1371 2850 1616 2902 dimiserit
1655 2865 1860 2901 uxorem
1898 2849 1993 2901 nisi
2016 2849 2074 2900 ob
2100 2849 2207 2916 for-

669 2944 993 3003 nicationem,
1023 2955 1089 2993 an
1122 2941 1279 2993 etiam
1305 2938 1370 2990 ad
1395 2946 1675 3004 utrumque
1700 2937 1894 2989 dictum
1925 2934 2200 2996 referatur,

669 3039 768 3088 hoc
792 3042 892 3095 est,
919 3033 986 3085 ad
1011 3031 1185 3092 aliam,
1231 3029 1438 3080 vivente
1482 3026 1590 3089 illa,
1632 3024 1987 3092 accipiendam
2012 3041 2025 3087 ;
2055 3024 2204 3091 quasi

667 3124 897 3176 dixerit:
930 3121 1029 3186 Qui
1070 3118 1324 3173 dimiserit
1352 3131 1570 3171 uxorem
1603 3130 1772 3178 suam,
1811 3123 1863 3166 et
1888 3113 2066 3176 aliam,
2103 3114 2203 3167 nisi

667 3214 733 3263 ob
780 3208 1196 3268 fornicationem,
1253 3206 1478 3268 duxerit,
1531 3205 1843 3257 moechatur.
1896 3203 1961 3254 Et
2010 3187 2270 3256 idcircoC

675 3299 978 3370 peritissimi
1007 3297 1104 3350 viri
1128 3296 1266 3350 beati
1294 3293 1589 3364 llieronymi
1633 3292 1860 3346 libellum
1890 3299 2206 3345 commenta-

670 3393 868 3445 riorum
904 3387 1163 3442 recenseri
1195 3386 1343 3439 nobis
1380 3384 1608 3437 studiose
1645 3382 2026 3444 mandavimus,
2054 3379 2207 3432 anxie

672 3480 851 3546 utique
897 3489 1210 3544 cognoscere
1243 3471 1568 3532 festinantes,
1606 3469 1829 3537 qualiter
1865 3468 1999 3520 idem
2035 3466 2204 3521 famo-

671 3568 911 3620 sissimus
937 3565 1120 3618 doctor
1149 3562 1262 3615 hmc
1307 3567 1511 3625 saerata
1557 3558 1826 3612 Dominica
1856 3558 2033 3620 verba,
2057 3556 2205 3623 juxta

671 3655 960 3723 capacioris
984 3651 1173 3721 ingenii
1199 3651 1278 3704 sui
1304 3651 1667 3712 subtilitatem,
1694 3649 1920 3702 sensisse
1948 3656 2208 3700 monstra-

673 3751 834 3794 retur.
875 3738 1034 3805 Cujus
1061 3737 1307 3790 nimirum
1330 3750 1540 3789 sensum
1567 3736 1827 3801 sagaciter
1848 3733 2203 3800 explorantes,

673 3830 724 3881 in
749 3835 990 3896 promptu
1018 3824 1352 3879 nihilominus
1388 3823 1578 3892 patuit,
1622 3823 1686 3875 ad
1720 3821 1882 3874 solam
1915 3821 2206 3873 dimittendi

673 3932 888 3970 uxorem
913 3915 1174 3968 licentiam
1206 3914 1486 3980 pertinere.
1519 3911 1649 3964 Nam
1689 3922 1807 3964 cum
1833 3925 1977 3964 more
2005 3925 2100 3962 suo
2127 3912 2208 3963 vir

670 4015 885 4062 sanctus
930 4003 1083 4072 lmjus
1123 4003 1336 4071 capituli
1377 4003 1676 4055 summatim
1715 4002 1903 4055 seriem
1947 4015 2207 4068 exponen-

671 4097 790 4148 dam
817 4097 1218 4155 transcurreret,
1251 4091 1388 4143 inter
1426 4098 1636 4151 caetera,
1683 4097 1736 4142 et
1777 4099 1894 4158 post
1936 4103 2099 4157 pauca
2132 4089 2206 4142 sic

670 4183 774 4236 ait:
803 4202 819 4232 ι
852 4181 918 4232 Et
938 4180 1058 4246 quia
1084 4185 1310 4244 poterat,
1339 4177 1524 4244 inquit,
1557 4176 1794 4228 accidere
1829 4183 1887 4228 ut
1908 4176 2096 4243 aliquis
2121 4190 2207 4227 ca-

671 4271 921 4324 lumniam
951 4259 1145 4320 faceret
1175 4253 1461 4327 innocenti,
1483 4272 1535 4316 et
1557 4265 1625 4316 ob
1659 4263 1940 4316 secundam
1967 4261 2204 4328 copulam

671 4360 995 4426 nuptiarum,
1050 4353 1214 4408 veteri
1249 4353 1445 4405 crimen
1492 4353 1818 4418 impingeret,
1864 4351 1940 4404 sic
1977 4352 2206 4418 priorem

673 4448 937 4502 dimittere
967 4443 1178 4511 jubetur
1215 4456 1450 4503 uxorem,
1488 4448 1544 4492 ut
1589 4440 1887 4503 secundam,
1929 4440 2097 4508 prima
2123 4440 2205 4491 vi~

671 4544 841 4596 vente,
875 4499 1206 4585 non'habeat.
1242 4549 1258 4580 ι
1291 4529 1549 4596 (Ηίενοῐι.1
1590 4536 1859 4580 comment.
1905 4527 1956 4579 in
1997 4526 2202 4589 Matth.,
2235 4499 2281 4557 θ

672 4623 761 4675 lib.
797 4622 901 4689 Ill.)
947 4620 1057 4672 Non
1099 4619 1239 4671 enim
1287 4617 1441 4670 debet
1484 4616 1675 4668 imitan‘
1723 4615 1915 4667 malum
1959 4613 2207 4665 adultera:

670 4711 868 4772 uxoris,
893 4716 945 4761 et
988 4708 1032 4760 si
1068 4706 1154 4759 illa
1182 4707 1302 4768 duo,
1344 4707 1448 4758 imo
1478 4719 1634 4756 uuam
1668 4718 1898 4763 carnem,
1945 4717 2036 4768 per
2079 4701 2218 4786 scis:

670 4812 821 4851 suras
864 4795 1263 4849 fornicationnm
1307 4793 1480 4844 divisit
1515 4792 1568 4842 in
1602 4799 1724 4850 tres,
1773 4791 1967 4841 dividat
1999 4791 2048 4840 in
2079 4803 2206 4855 qua-

671 4895 808 4940 tuor.
845 4885 989 4941 Unde
1037 4893 1274 4950 patenter
1317 4881 1469 4933 datur
1512 4878 1765 4945 intelligi:
1811 4877 2038 4943 quaudiu
2082 4876 2207 4926 vivit

674 4974 925 5036 adultera,
949 4988 1051 5027 non
1088 4972 1208 5023 licet
1235 4972 1366 5028 viro,
1396 4982 1489 5021 nec
1514 4976 1685 5034 potest
1717 4967 1922 5032 impune
1953 4963 2208 5017 secundas

673 5061 982 5117 contrahere
1006 5058 1232 5128 nuptias.

1396 5142 1484 5195 XI.

742 5234 867 5285 Item
895 5233 1087 5300 placuit
1109 5230 1173 5284 de
1200 5229 1402 5283 feminis
1431 5242 1835 5294 cujuscunque.“
1871 5228 2204 5289 conditionis,

676 5321 859 5390 puellis
879 5321 1076 5373 scilicet
1116 5318 1195 5371 vel
1221 5317 1407 5379 viduis,
1445 5332 1561 5384 qua:
1586 5315 1902 5380 virginitatis
1947 5316 2055 5366 sive
2084 5330 2209 5366 eon-

677 5411 909 5463 rinentixe
956 5408 1277 5475 pr0positum
1324 5413 1606 5472 spontanee
1637 5405 1675 5443 λδ
1724 5402 2044 5470 pollicentes,
2101 5401 2209 5453 Deo

679 5508 701 5536 ο
735 5498 1070 5563 emancipatzn
1096 5495 1308 5558 fuerint,
1337 5506 1387 5546 et
1413 5494 1479 5544 ob
1503 5491 1833 5544 continentiae
1858 5491 2063 5556 signum
2084 5487 2110 5526 ἀ
2137 5488 2212 5541 ni-

678 5600 822 5646 gram
863 5595 1077 5642 vestem,
1105 5585 1252 5651 quasi
1301 5582 1614 5649 religiosam,
1661 5582 1795 5632 sicut
1825 5581 2070 5645 antiquus
2097 5593 2210 5629 mos

677 5670 775 5724 fuit
805 5673 853 5726 in
882 5674 961 5729 bis
988 5671 1299 5731 regionibus.
1332 5673 1519 5723 indultu
1564 5669 1772 5729 fuerint,
1821 5669 1937 5719 licet
1981 5686 2081 5723 non
2108 5671 2211 5723 sint

2331 639 2586 705 perpetim
2612 654 2944 707 perseverare
2965 645 3292 697 mandamus.
3320 645 3376 699 Si
3402 662 3529 700 vero
3549 661 3736 716 postea
3760 668 3870 708 sese

2332 728 2442 780 sive
2495 728 2730 782 clanculo
2781 734 3128 799 corruperint,
3180 749 3271 788 seu
3323 735 3530 803 publice
3578 746 3870 809 nupserint,

2331 814 2498 882 dignis
2530 816 2739 883 quidem
2770 819 3032 872 mundano
3062 831 3084 856 ε
3107 819 3307 886 judicio
3335 824 3701 891 corporalibus
3729 844 3860 885 coer-

2327 903 2446 956 cita:
2493 903 2756 968 vindictis,
2811 917 3149 974 segregentur
3200 907 3266 964 ab
3319 909 3567 976 invicem,
3619 922 3674 967 et
3716 928 3869 986 agant

2327 991 2526 1044 cunctis
2560 991 2742 1046 diebus
2775 993 2894 1046 vitae
2931 1009 3039 1048 sua:
3080 997 3466 1062 pamitentiam,
3492 1008 3548 1053 et
3571 1017 3601 1053 a
3630 1018 3870 1059 commu-

2324 1077 2478 1131 nione
2501 1079 2734 1147 corporis
2771 1087 2824 1132 et
2863 1082 3132 1150 sanguinis
3174 1082 3369 1138 Christi
3403 1086 3718 1152 priventur:
3767 1093 3866 1146 nisi

2325 1161 2457 1218 forte
2485 1166 2731 1233 pontifex,
2775 1168 2964 1221 rescita
3006 1168 3213 1221 illorum
3257 1171 3588 1237 pmnitentia,
3630 1175 3676 1228 si
3715 1176 3867 1245 digna

2321 1252 2496 1319 fuerit,
2556 1256 2832 1309 humanius
2884 1257 3194 1323 praevidens,
3241 1259 3433 1324 poterit
3480 1264 3869 1318 communionis

2319 1341 2540 1408 gratiam
2570 1341 2854 1410 indulgere.
2885 1342 2938 1394 In
2981 1353 3217 1396 extremo
3245 1352 3418 1398 tamen
3462 1348 3584 1401 vita:
3617 1364 3728 1402 sum
3759 1352 3867 1402 via.

2319 1429 2424 1480 tico
2462 1429 2740 1483 humanius
2784 1430 2982 1483 indulta
3018 1445 3120 1483 non
3164 1431 3559 1486 dcfraudentur.
3609 1436 3675 1488 Et
3703 1438 3756 1489 in
3786 1439 3869 1491 his

2319 1520 2472 1572 rebus
2497 1519 2756 1587 przecipue
2786 1519 2870 1572 illa
2913 1519 3081 1573 modis
3126 1521 3370 1575 omnibus
3417 1525 3753 1579 custOdiatur
3786 1529 3863 1581 in-

2316 1608 2574 1683 terdictio,
2599 1616 2657 1660 ut
2681 1607 2805 1660 nulli
2832 1607 2984 1660 liceat
3008 1608 3272 1676 praedictis
3299 1607 3559 1675 personis,
3591 1614 3858 1678 habitum,

2318 1698 2367 1751 id
2395 1708 2474 1751 est
2515 1706 2714 1750 vestem
2743 1696 2760 1733 ί
2793 1706 2996 1750 mutare
3039 1698 3236 1764 absque
3279 1699 3362 1751 sui
3404 1701 3428 1737 ε
3452 1700 3686 1770 episcOpi
3735 1719 3860 1756 con-

2317 1785 2552 1839 scientia.

3021 1875 3131 1930 XII.

2379 1962 2487 2016 lloc
2522 1963 2680 2031 igitur
2709 1963 2957 2017 inviolato
2998 1964 3135 2033 style
3165 1963 3308 2030 juste
3349 1967 3556 2021 sancire
3584 1971 3852 2037 prospexi-

2310 2067 2443 2113 mus,
2475 2060 2534 2104 ut
2566 2053 2881 2104 monasteria
2913 2052 3226 2118 puellarum,
3263 2068 3380 2120 quze
3426 2056 3524 2107 sub
3566 2057 3856 2124 disciplina!

2311 2141 2488 2210 regula
2525 2141 2737 2207 degunt,
2783 2141 3106 2194 obstructius
3150 2142 3369 2196 monitis
3414 2143 3680 2208 claustris,
3718 2147 3858 2200 nullo

2307 2236 2536 2296 pateant,
2585 2227 2682 2280 nisi
2712 2227 2847 2280 forte
2877 2242 3079 2281 summa
3121 2230 3467 2297 compellcnte
3511 2235 3856 2296 necessitate,

2307 2315 2450 2369 aditu
2489 2317 2737 2370 virorum.
2785 2317 2888 2370 Sed
2917 2332 3084 2385 neque
3129 2321 3420 2388 presbyteri
3468 2321 3550 2375 vel
3583 2323 3854 2384 diacones,

2305 2407 2386 2460 vel
2407 2407 2626 2474 quilibet
2650 2406 2716 2460 de
2740 2407 2899 2471 clero,
2933 2409 3014 2460 vel
3041 2409 3200 2462 etiam
3225 2412 3674 2473 archimandritis,
3705 2417 3859 2482 quasi

2305 2485 2620 2550 visitationis
2659 2496 2740 2548 vel
2786 2497 3175 2563 prazdicationis
3207 2513 3386 2562 causa,
3435 2501 3550 2554 sine
3593 2504 3859 2570 permissu

2305 2584 2534 2651 episcopi
2555 2583 2801 2645 civltatis,
2819 2583 2919 2635 sibi
2945 2583 3207 2636 licentiam
3229 2585 3425 2637 tribuat
3451 2586 3687 2639 ineundi.
3717 2589 3851 2652 Quin

2305 2672 2460 2725 etiam
2488 2684 2585 2723 nec
2613 2671 2884 2738 episcopus
2915 2672 3110 2739 absque
3135 2673 3494 2728 sacerdotibus
3538 2675 3621 2728 vel
3647 2676 3855 2731 clericis

2304 2761 2432 2822 suis,
2461 2767 2519 2812 ut
2548 2759 2697 2813 decet
2721 2767 2774 2812 et
2805 2759 3024 2813 honeste
3065 2763 3329 2825 convenit,
3373 2763 3518 2815 adire
3545 2763 3670 2815 illuc
3699 2764 3856 2816 licet:~

2304 2851 2408 2903 tius
2431 2863 2487 2904 se
2520 2849 2804 2902 existimet.
2851 2847 2955 2901 Sed
2993 2849 3104 2901 sive
3148 2849 3278 2916 ipse,
3325 2850 3435 2903 sive
3461 2851 3713 2918 quze'libct
3740 2852 3853 2903 rel.-

2303 2940 2445 3008 giosa
2491 2952 2731 3006 persona,
2775 2936 2976 2990 alienus
3019 2938 3086 2992 ab
3122 2937 3300 2990 illicita
3344 2940 3667 3006 suspicione,
3699 2954 3852 3008 quem

2304 3043 2508 3081 morum
2533 3027 2762 3096 gravitas
2789 3039 2813 3066 ι
2849 3035 3023 3091 ornat,
3064 3027 3416 3094 permittente,
3449 3036 3502 3081 et
3538 3028 3854 3081 admonente

2304 3115 2546 3181 episcopo
2565 3113 2946 3166 exhortationis
2971 3113 3053 3165 vel
3081 3114 3441 3167 aedilicationis
3465 3115 3712 3179 obtentu,
3740 3133 3853 3184 qua:

2303 3204 2367 3257 ad
2397 3205 2613 3258 salutem
2646 3203 2832 3256 animat
2855 3204 3101 3272 pertinet,
3131 3203 3342 3272 dignum
3386 3202 3547 3257 fuerit
3575 3213 3636 3258 ut
3660 3209 3850 3259 adeant

2306 3293 2418 3346 hmc
2448 3293 2554 3345 Deo
2595 3292 2765 3346 dicata
2809 3292 2942 3356 loca,
2989 3307 3092 3345 non
3141 3292 3310 3357 aliter;
3343 3295 3434 3347 sed
3482 3309 3604 3347 cum
3652 3297 3854 3349 idoneis

2304 3381 2525 3435 testibus
2562 3387 2835 3449 peragant,
2864 3395 2929 3433 ne
2954 3389 3168 3449 propter
3194 3381 3454 3434 incautam
3484 3385 3854 3451 praesumptio-

2304 3482 2422 3521 nem
2473 3476 2666 3522 sancta:
2717 3456 2963 3522 Ecclesiae
3009 3467 3289 3522 infametur
3335 3471 3604 3538 angelicus
3643 3473 3673 3510 λ
3701 3473 3848 3526 ordo.

2303 3557 2368 3610 Et
2394 3556 2532 3609 nulla
2566 3556 2672 3610 ullo
2694 3572 2924 3625 unquam
2961 3565 3193 3626 tempore
3239 3558 3448 3610 licentia
3477 3560 3541 3611 sit
3572 3561 3853 3614 abbatissae

2302 3646 2383 3698 vel
2428 3645 2640 3699 cuilibet
2683 3647 2970 3709 monachre,
3018 3647 3422 3716 transfigurante
3465 3663 3523 3702 se
3567 3648 3764 3702 Satana
3803 3652 3851 3701 in

2303 3736 2541 3804 angelum
2569 3736 2720 3798 lucis,
2747 3735 2893 3802 quasi
2921 3737 3171 3789 orationis
3201 3751 3357 3790 causa
3400 3751 3719 3807 suggerente
3746 3742 3843 3801 eis,

2304 3823 2521 3876 Romam
2555 3834 2576 3859 ε
2603 3822 2766 3884 adire,
2806 3822 2887 3875 vel
2929 3822 3032 3875 alia
3079 3821 3192 3876 loca
3236 3825 3555 3878 venerabilia
3603 3827 3849 3881 circuire.

2303 3910 2468 3975 Quam
2494 3911 2562 3963 sit
2583 3925 2809 3977 namque
2832 3899 3180 3987 irreligiosum
3206 3920 3260 3966 et
3286 3914 3700 3982 reprehensibile
3728 3933 3847 3968 cum

2303 3998 2429 4050 viris
2454 4006 2668 4065 propter
2691 3998 2894 4050 itineris
2930 3999 3292 4051 necessitatem
3318 4002 3636 4063 conversari,
3678 4004 3850 4056 nullus

2304 4095 2411 4138 tam
2435 4101 2621 4140 excors
2641 4095 2722 4138 est
2746 4085 2828 4139 vel
2855 4085 3116 4153 desipiens
3137 4087 3222 4152 qui
3253 4087 3472 4155 ignoret.
3504 4083 3560 4141 Si
3589 4091 3708 4158 quis
3733 4103 3848 4158 post

2304 4173 2436 4227 hanc
2460 4172 2812 4227 definitionem
2836 4171 2989 4238 hujus
3007 4174 3275 4226 revercndi
3295 4175 3519 4236 concilii,
3538 4176 3604 4229 de
3626 4179 3709 4231 bis
3731 4195 3850 4246 quae

2305 4278 2532 4316 consona
2562 4275 2705 4323 voce,
2739 4263 2843 4330 76
2888 4261 3267 4330 salubriterque
3295 4272 3488 4318 statuta
3518 4275 3660 4328 sunt,
3686 4277 3850 4321 teme-

2309 4353 2448 4406 rario
2488 4366 2619 4404 ausu
2649 4351 2844 4404 violare
2889 4353 3187 4415 tentavcrit,
3221 4355 3488 4407 canonicis
3535 4369 3847 4412 mercentur

2306 4441 2586 4502 vindictis;
2634 4440 2831 4492 scilicet
2876 4448 2966 4494 aut
3012 4439 3162 4506 juxta
3206 4441 3415 4494 modum
3457 4451 3510 4495 et
3539 4445 3843 4511 qualitatem

2309 4529 2472 4595 culp;c
2501 4528 3034 4581 excommunicatione
3069 4527 3334 4592 multetur,
3366 4538 3456 4583 aut
3493 4534 3848 4586 anathematis

2307 4613 2755 4680 vinculapunitus
2781 4613 3059 4675 vinciatur,
3095 4621 3184 4664 aut
3221 4621 3363 4667 certe
3391 4615 3606 4668 honoris
3646 4620 3846 4686 proprii

2308 4703 2586 4754 amissione
2623 4703 2863 4763 nudatus,
2903 4715 3024 4755 reus
3064 4703 3128 4756 ab
3178 4702 3424 4756 Ecclesiae
3459 4708 3662 4772 gremio
3699 4709 3845 4761 evel-

2309 4793 2465 4845 latur.
2506 4792 2596 4846 llm
2631 4788 2769 4846 enim
2814 4780 3222 4847 sunt-canonica:
3262 4793 3476 4849 ultrices
3519 4797 3783 4859 vindictae,
3815 4816 3844 4851 a

2311 4881 2500 4946 quibus
2540 4880 2712 4934 nullus
2753 4895 2914 4934 sacra:
2957 4881 3086 4948 legis
3113 4883 3484 4948 pnevaricator
3524 4887 3708 4950 poterit
3740 4887 3843 4938 im-

2310 4968 2481 5020 munis
2505 4968 2668 5030 abire,
2697 4967 2796 5020 nisi
2827 4968 2960 5020 forte
2982 4967 3299 5034 pcenitcntize
3329 4967 3709 5024 interveniente
3735 4987 3845 5024 rne-
3919 5016 3924 5022 .

2304 5057 2416 5110 dela
2448 5059 2651 5109 veniam
2679 5059 2927 5110 meruerit
2953 5057 3186 5124 adipisci.

3007 5146 3135 5198 XIII.

2379 5235 2517 5299 Diem
2561 5246 2733 5287 autem
2771 5236 3092 5288 Dominicum
3139 5236 3415 5290 inchoante
3455 5239 3627 5291 noctis
3667 5239 3840 5300 initio,

2308 5333 2329 5359 α
2360 5322 2408 5373 id
2436 5333 2516 5374 est
2539 5336 2752 5387 vespere
2778 5321 2994 5383 sabbati,
3021 5339 3136 5390 quae
3159 5325 3209 5375 in
3233 5325 3400 5391 prima
3429 5324 3455 5361 δ
3482 5323 3700 5376 lucescit
3719 5330 3842 5378 sab-

2309 5408 2434 5469 bati,
2483 5409 2690 5475 quando
2737 5410 2941 5477 signum
2970 5422 2990 5448 °
3026 5411 3334 5472 insonuerit,
3372 5412 3450 5464 vel
3491 5413 3618 5466 liora
3667 5422 3748 5466 est
3777 5418 3842 5468 ad

2310 5497 2659 5560 vespertinum
2688 5497 3054 5550 celebrandum
3094 5496 3335 5560 alliciunt,
3371 5514 3471 5552 non
3509 5510 3725 5568 propter
3750 5504 3844 5556 ho-

2310 5597 2488 5635 norem
2538 5584 2739 5636 sabbati
2789 5585 2980 5646 ultimi,
3029 5586 3116 5638 sed
3158 5596 3371 5654 propter
3411 5591 3647 5643 sanctam
3698 5591 3840 5643 illam

2311 5681 2512 5722 noctem
2543 5673 2693 5739 primi
2741 5673 2962 5739 sabbati,
2988 5673 3105 5755 hoc
3147 5685 3225 5728 est
3275 5676 3526 5730 Dominici
3556 5678 3677 5732 diei.
3720 5693 3842 5732 cum
