4174 6440
750 460 854 519 ὅῖὃ

1621 465 1679 520 S.
1721 463 2056 519 PAULINUS
2092 462 2523 516 PA'l'fllMlCllA
2563 463 3048 529 AQUILEIENSIS.

3834 465 3927 517 316

750 574 1185 630 mbiutroductom
1210 575 1499 629 mulierem.
1533 594 1551 626 ι
1590 577 1717 631 Item
1738 577 2157 642 Bothomagense
2190 591 2274 628 an.
2305 578 2351 632 Α
2379 576 2617 641 exemplo
2653 592 2748 629 suo
2770 577 2975 695 punire.
3024 577 3243 636 Seneca,
3269 575 3359 629 lib.
3399 575 3463 629 de
3501 574 3816 629 Constantia
3852 592 3926 629 m-

756 643 907 695 l072.
936 651 1166 695 tempore
1187 643 1471 695 Alexandri
1496 644 1557 695 ll.
1580 644 1824 695 ean.15:
1864 663 1881 693 ι
1909 644 2280 695 Διειιὶτιιιιοοιιὶ
2380 644 2587 695 uiculis.
2618 658 2733 695 can.
2802 646 2834 695 tl
2871 660 2882 695 :
2933 663 2951 694 ι
2981 645 3095 695 Οιιο
3136 644 3361 695 quisque
3395 644 3675 695 honestior
3713 658 3922 695 neuere.

756 643 907 704 l072,
936 651 1166 721 tempore
1186 643 1471 721 Alexandri
1496 644 1557 708 ll,
1576 660 1699 721 ean.
1726 644 1824 698 15:
1864 663 1881 693 ι
1909 644 2280 721 Architliaconi

751 726 855 765 non
895 711 1264 779 permittantur
1302 711 1530 779 aliquam
1570 713 1769 779 habere
1794 727 1892 766 nec
1932 713 2281 766 concubinam

750 795 849 833 nec
870 779 1177 849 pellicem.)
1210 778 1315 832 llas
1340 779 1561 834 concilia
1587 778 1891 849 Carthagin.
1918 797 1960 849 ι,
1999 797 2047 833 c.
2071 780 2105 832 ’5
2121 796 2141 849 ςί
2168 779 2286 830 lter-

749 846 894 907 dcn.’,
919 846 1087 911 c.15;
1126 846 1405 901 Bracaren.
1443 863 1524 909 ιιι,
1561 863 1609 901 c.
1654 847 1706 909 5,
1733 846 1859 901 et'l.
1905 847 2038 900 Eum
2058 848 2144 914 qui
2168 862 2287 913 pro-

750 914 990 978 lmbilem,
1016 930 1064 967 c.
1105 914 1168 983 de
1196 915 1439 983 episcopis
1463 925 1509 967 et
1548 915 1974 977 clericis,vocant
1995 924 2281 983 extraneas.

750 983 881 1035 Vide
899 984 973 1036 sis
994 982 1406 1051 disquisitionem
1426 984 1489 1051 de
1511 982 1803 1051 Synisactis
1816 991 1869 1035 et
1889 982 2280 1051 AgapetisLud.

748 1052 959 1104 Antonii
982 1050 1249 1104 Muratorii
1273 1052 1409 1104 inter
1434 1049 1700 1105 Anecdota
1722 1049 1921 1114 Graeca,
1940 1049 2061 1120 pag.
2090 1050 2212 1105 218.

1109 1153 1529 1211 OBSERVATIO
1564 1153 1631 1208 IN
1664 1153 1817 1209 CAN.
1860 1155 1923 1209 Υ.

814 1246 853 1300 1.
890 1244 1431 1324 Claraﬁet‘perspicua
1467 1258 1647 1324 pense
1673 1245 1802 1299 satis
1826 1251 1948 1298 sunt
1971 1258 2031 1323 ea
2058 1256 2176 1311 qua:
2198 1242 2283 1323 hic

748 1311 1307 1393 proponitPaulinus,
1345 1320 1401 1366 et
1440 1313 1655 1393 omnino
1701 1312 2034 1393 consonaniis
2071 1324 2188 1390 qua;
2227 1312 2280 1364 in

746 1379 1018 1450 capitulari
1052 1380 1487 1450 Aquisgranensis
1515 1389 1804 1450 conventus
1823 1395 1890 1434 an
1912 1379 2031 1442 789,
2067 1379 2284 1450 cui‘ipse

747 1446 1004 1512 interfuit,
1024 1464 1088 1503 ex
1107 1446 1327 1503 concilio
1346 1447 1778 1511 Chalcedonensi,
1801 1457 1853 1503 et
1869 1464 1933 1502 ex
1960 1447 2126 1501 sancti
2151 1446 2285 1500 Leo-

748 1520 830 1588 nis
854 1533 1000 1588 papa:
1023 1517 1677 1588 sanctionibusproposita
1700 1517 1908 1588 fuerant
1930 1530 2044 1588 cap.
2070 1514 2140 1566 ει
2160 1516 2248 1588 _sic_
2266 1530 2280 1568 :

752 1534 830 1573 ms
854 1533 1000 1588 papa:
1023 1531 1380 1571 saneuonmus
1405 1532 1507 1637 pro
1576 1531 1677 1571 sua
1700 1531 1908 1570 merant
1930 1531 2044 1583 cap.
2070 1531 2140 1566 zz
2166 1531 2242 1568 sne
2266 1531 2280 1568 :

752 1607 771 1636 ι
798 1587 926 1640 item
961 1587 1013 1639 in
1041 1585 1226 1653 eodem
1253 1586 1401 1638 conci
1427 1586 1476 1638 io
1505 1531 1728 1653 indicet
1761 1582 2174 1653 Chalcedonensi
2218 1584 2284 1639 de

784 1672 851 1710 uo
877 1654 1051 1722 antea)
1082 1652 1217 1707 infra
1240 1653 1343 1706 duo
1361 1652 1610 1720 capitula,
1636 1668 1733 1707 nec
1757 1669 1860 1722 non
1882 1662 1934 1703 et
1967 1652 2017 1705 in
2055 1652 2283 1706 decretis

784 1672 851 1710 ιιο
877 1672 1051 1722 antea)
1082 1672 1217 1707 In"?!
1240 1672 1343 1706 uuo
1361 1672 1610 1720 ωριιυιίι,
1636 1672 1733 1707 nec
1757 1672 1860 1706 non
1882 1672 1934 1703 Et
1967 1672 2017 1705 In
2055 1672 2283 1706 OCCI'CLIS

743 1672 936 1803 Reginis
962 1736 1132 1803 papae,
1169 1729 1226 1803 ut
1252 1734 1350 1801 nec
1374 1721 1636 1803 monachi,
1666 1736 1764 1775 nec
1786 1721 2106 1803 clericinnec
2133 1736 2285 1803 pres-

705 1840 711 1845 .
743 1792 918 1861 byteri
960 1789 1013 1843 in
1040 1789 1313 1861 Saecularia
1334 1790 1540 1857 negotia
1562 1797 1849 1861 transeant,
1874 1789 2280 1861 rsubintellige,

744 1857 987 1913 statutum
1005 1866 1098 1912 est.
1119 1857 1246 1924 Quae
1268 1865 1441 1912 autem
1459 1859 1665 1926 negotia
1680 1857 1950 1912 saecularia
1976 1857 2181 1926 clericis
2212 1859 2285 1911 in-

743 1928 1103 1989 terdicantur,
1152 1926 1383 1981 breviter
1427 1924 1647 1993 exponit
1701 1934 1915 1981 sanctus
1965 1924 2280 1979 lecstinus

742 2012 877 2064 papa
925 1996 987 2059 ν,
1026 2009 1222 2064 ομιεε.
1249 2007 1365 2057 vut,
1394 2004 1533 2064 part.
1583 2010 1637 2063 v,_
1671 2003 1802 2049 sect.
1828 1996 1881 2056 5,
1918 2009 2037 2064 cap.
2081 1994 2166 2057 i9,
2196 1994 2282 2048 his

743 2062 919 2119 verbis
946 2081 975 2133 ς·
996 2082 1015 2114 ι
1045 2062 1261 2133 Negotia
1302 2062 1602 2133 smeularia,
1630 2062 1687 2133 ut
1711 2072 1834 2118 sunt
1859 2063 2054 2131 emptio
2080 2071 2142 2133 et
2162 2077 2284 2115 ven-

744 2133 895 2195 ditio,
948 2130 1161 2196 locatio,
1196 2130 1495 2194 conductio,
1544 2131 1725 2191 tutela,
1780 2130 2281 2199 cura,’negotiatio,

736 2202 1013 2269 judicium,
1038 2200 1345 2254 exercitium
1365 2200 1599 2253 omnium
1622 2202 1812 2253 artium
1834 2200 2281 2269 mechanicamm,

744 2280 801 2323 ut
836 2278 888 2323 et
920 2285 1007 2325 ars
1031 2270 1250 2333 sutoria,
1296 2269 1539 2332 textorio,
1570 2277 1623 2322 et
1650 2269 1866 2331 similes,
1906 2268 2153 2321 omnibus
2179 2268 2286 2321 cle-

742 2340 870 2393 ricis
890 2347 945 2393 et
970 2337 1226 2407 religiosis
1245 2337 1511 2407 prohibita
1539 2345 1680 2390 sunt.
1732 2335 1876 2407 [inde
1897 2336 2277 2407 Hieronymus:

744 2404 1129 2485 Negotiatorem
1164 2404 1403 2485 clericum
1435 2406 1895 2485 quasiuqudmdam
1927 2415 2113 2474 pestem
2141 2406 2281 2476 fuge,

742 2492 806 2527 ex
828 2472 982 2545 inope
1008 2474 1232 2540 diritem,
1271 2484 1318 2528 et
1347 2489 1411 2527 ea:
1430 2472 1640 2544 ignobili
1667 2472 1966 2545 gloriosum.
2000 2494 2017 2526 ι

1213 2582 1418 2640 NOTAE
1453 2582 1519 2637 IN
1555 2582 1710 2638 CAN.
1750 2583 1815 2638 ‘7.

809 2686 836 2715 ι
873 2672 940 2727 In
966 2674 1145 2727 castris
1175 2672 1458 2726 Dominicis
1483 2672 1783 2727 militamus.
1810 2671 2010 2726 Militirr
2036 2672 2283 2741 frequens

738 2743 973 2798 occurrit
1007 2741 1286 2797 translatio
1313 2742 1380 2795 ad
1406 2741 1685 2796 clericatus
1709 2742 1906 2795 munia.
1933 2742 2119 2799 Petrus
2142 2742 2283 2796 Bles-

737 2813 908 2868 scnsis
930 2810 1297 2865 Bathoniensis
1312 2810 1717 2865 archidiaconus
1737 2811 1893 2878 epist.
1909 2813 1941 2863 6
1963 2811 2075 2865 hzec
2090 2812 2278 2865 habet:

741 2902 759 2931 ι
799 2879 1099 2935 Causamini
1121 2879 1262 2948 quod
1289 2878 1519 2933 inaniter
1535 2880 1827 2948 expendam
1853 2880 1968 2933 dies
1994 2894 2159 2942 meos,
2188 2881 2278 2948 qui

738 2952 791 3004 in
815 2948 1004 3002 castris
1036 2947 1367 3003 schelaribus
1408 2947 1644 3015 poteram
1669 2947 1987 3001 fructiﬁcare
2011 2947 2282 3015 quampiu~

742 3018 909 3071 rimis.
943 3016 1189 3086 Magister
1224 3017 1390 3070 bone!
1428 3016 1616 3086 Castra
1644 3016 1735 3070 Dei
1761 3016 2058 3086 sunthaec,
2087 3016 2140 3069 in
2164 3019 2281 3085 qui-

741 3088 839 3141 bus
874 3085 1192 3149 habitamus,
1219 3092 1271 3138 et
1292 3085 1471 3139 sciatis
1496 3085 1617 3153 quia
1642 3100 1747 3139 non
1779 3093 1862 3138 est
1884 3085 1971 3139 hic
2000 3085 2141 3138 aliud
2177 3087 2275 3140 nisi

736 3154 924 3210 domus
948 3155 1041 3208 Dei
1073 3163 1126 3209 et
1166 3162 1317 3223 porta
1340 3154 1479 3209 etrli.
1522 3174 1540 3206 ι
1581 3153 1774 3208 Paulus
1794 3168 1898 3207 non
1932 3154 2095 3223 semel
2128 3171 2274 3209 incn-

740 3226 936 3278 tionem
974 3223 1100 3284 facit
1125 3222 1353 3287 militiae,
1396 3238 1515 3276 cum
1543 3224 1607 3277 de
1628 3222 1854 3277 clericali
1882 3222 2052 3277 oflicio
2080 3238 2282 3277 sermo.

740 3309 859 3347 nctn
891 3293 1066 3347 habet.
1110 3293 1243 3347 Hinc
1281 3292 1346 3345 ad
1381 3290 1614 3345 Timoth.
1653 3291 1713 3352 ll,
1739 3308 1797 3354 ιι,
1822 3293 1855 3346 ὅ
1882 3310 1893 3344 :
1926 3290 2126 3343 Laboro
2150 3294 2282 3345 sicut

742 3363 904 3415 bonus
937 3360 1082 3415 miles
1132 3360 1342 3414 Christi.
1375 3358 1540 3413 Nemo
1581 3360 1808 3414 militans
1849 3360 1951 3413 Deo
1976 3359 2201 3428 implicat
2228 3378 2282 3425 se

740 3432 954 3500 negotiis
995 3429 1347 3500 strcularjbus.
1377 3428 1443 3481 Et
1475 3428 1603 3500 indi
1631 3429 1712 3500 _ad
1752 3430 1950 3500 cumd.,
1985 3443 2020 3490 ι,
2052 3428 2135 3481 18.
2160 3428 2283 3500 _l_loc

738 3488 1045 3578 praeceptum
1074 3488 1370 3578 corrigendo
1395 3497 1508 3578 tibi,
1528 3488 1947 3578 ﬁlif'l'imothee...
1977 3488 2074 3550 {ut
2099 3497 2282 3550 milites

736 3563 791 3620 in
812 3563 915 3622 illis
945 3566 1128 3620 bonam
1148 3566 1402 3618 militiam.
1445 3565 1510 3618 Et
1530 3563 1586 3618 'll
1612 3563 1735 3618 Cor.
1769 3582 1827 3621 ιιι
1854 3580 1867 3619 :
1900 3564 1964 3618 In
1991 3581 2143 3619 carne
2177 3582 2284 3618 am-

742 3635 975 3689 bulantes
996 3651 1097 3688 non
1117 3634 1393 3689 secundum
1414 3648 1620 3687 carnem
1640 3634 1920 3701 militamus
1939 3674 1955 3697 ,
1985 3650 2104 3687 nam
2136 3650 2282 3688 arma

744 3704 942 3757 militia:
983 3713 1316 3771 nostrwinon
1363 3702 1595 3771 carnalia
1634 3712 1774 3766 sunt,
1817 3713 1920 3757 etc.
1959 3703 2283 3771 Augustinus

743 3786 951 3840 quoque
971 3770 1226 3841 epist.60,
1254 3770 1385 3841 alias
1408 3770 1479 3841 76
1505 3785 1519 3824 :
1553 3788 1587 3841 cf
1615 3771 1672 3841 Si
1702 3772 1998 3841 desertores
2021 3770 2285 3841 monaste-

742 3838 975 3903 riorum,
1003 3838 1129 3909 'ait,
1162 3838 1507 3909 adimilitiam
1545 3840 1822 3895 clericatus
1860 3839 2137 3909 eligantur.
2169 3860 2187 3891 ι
2226 3840 2281 3894 In

741 3909 979 3964 ecclesiis
1003 3908 1288 3963 Gallicanis
1312 3908 1526 3976 quidam
1565 3922 1630 3961 ex
1654 3908 2003 3976 prmbendatis
2027 3916 2180 3961 erant
2217 3910 2283 3961 ti—

743 3980 852 4033 tnlo
873 3977 1065 4032 militis.
1090 3979 1280 4031 Decem
1300 3976 1587 4046 Ecclesiam
1616 3978 2014 4046 Lugdunensem
2039 3978 2282 4030 habuisse

743 4049 927 4100 charta
965 4047 1190 4115 Philippi
1217 4048 1356 4115 regis
1380 4045 1832 4115 Franciagomense
1869 4046 2161 4113 Septembri
2192 4062 2277 4098 an.

752 4063 927 4100 rnarta
965 4063 1137 4115 rmnp
1174 4063 1356 4115 ircgus
1380 4063 1615 4099 nancta:
1652 4063 1832 4100 mense
1869 4063 2161 4113 nepteman
2192 4063 2277 4098 an.

752 4116 887 4170 1507
908 4156 923 4179 ,
952 4115 1089 4183 apud
1130 4063 1208 4168 8n
1248 4113 1453 4183 Cangc,
1488 4113 1551 4168 ν.
1585 4112 1773 4183 Milites
1809 4114 2154 4175 ecclesiastici,
2186 4130 2281 4169 nos

743 4186 913 4246 docet,
942 4182 997 4237 in
1014 4199 1116 4252 qua
1144 4184 1223 4237 sic
1258 4182 1451 4252 legitur
1496 4200 1510 4236 :
1559 4199 1577 4231 ι
1607 4182 1686 4235 Ad
1710 4198 1842 4249 quas
1867 4184 2080 4236 militias
2107 4198 2204 4252 nos
2229 4192 2282 4236 et

749 4250 1084 4307 successores
1136 4250 1660 4322 nostri'Francorum
1700 4266 1850 4322 reges
1896 4251 2283 4322 nominabimus

747 4323 969 4376 clericos
992 4322 1230 4375 homines
1261 4321 1525 4388 providos,
1556 4318 1847 4374 litteralinn
1889 4320 2110 4374 scientia
2144 4320 2280 4388 insi-

744 4392 940 4455 guitos.
970 4411 987 4442 ι
1017 4390 1081 4443 Et
1109 4388 1243 4442 infra
1266 4387 1282 4441 ξ
1311 4406 1329 4437 ι
1358 4403 1489 4455 quos
1513 4397 1619 4442 tres
1642 4389 1733 4441 mil
1757 4397 1836 4443 tes
1862 4389 2040 4444 lideles
2062 4396 2113 4440 et
2136 4387 2285 4442 lami-

745 4461 901 4513 liarcs
931 4469 1141 4513 nostros
1164 4472 1281 4511 esse
1307 4456 1544 4510 volumus
1571 4456 1808 4511 clericos.
1845 4478 1862 4508 ι
1895 4457 1968 4510 Nc
1991 4456 2281 4511 confundas

748 4529 843 4581 hos
887 4542 1005 4581 cum
1048 4526 1315 4581 advocatis
1355 4525 1737 4590 Ecelesiarum,

745 4598 954 4663 quando
974 4610 1096 4649 vere
1124 4594 1316 4649 milites
1343 4592 1611 4663 fuisse,iut
1629 4592 1751 4661 jura
1781 4592 2135 4649 Ecclesiarum
2172 4608 2277 4647 non

748 4662 903 4718 modo
924 4665 1098 4718 verbis
1133 4671 1186 4716 et
1206 4664 1424 4729 scripto,
1453 4662 1545 4718 sed
1573 4670 1626 4716 et
1661 4664 1822 4717 armis
1847 4679 2054 4731 quoque
2096 4672 2279 4715 contra

747 4733 1104 4787 invadentium
1126 4732 1413 4801 potentiam
1442 4739 1733 4801 tuerentur.
1756 4732 2085 4801 Advocatum
2126 4746 2278 4784 suum

744 4804 1009 4870 quondam
1050 4799 1233 4853 habuit
1258 4800 1609 4870 Aquileiensis
1645 4799 1899 4870 Ecclesia,
1942 4811 2000 4853 ut
2046 4808 2189 4870 patet
2213 4814 2279 4852 ex

748 4867 932 4924 charta
972 4883 1130 4937 quam
1161 4867 1363 4936 profert
1391 4867 1635 4988 Ughellus
1675 4868 1729 4921 in
1753 4868 2030 4923 Voldarico
2054 4867 2281 4935 patriar-

748 4940 868 4988 cha.
895 4947 949 4988 et
967 4951 1030 4988 ex
1055 4945 1367 4988 testamento
1392 4935 1431 4988 C
1472 4936 1677 4988 acellini
1712 4938 2089 4988 monasterium
2110 4937 2279 4988 sancti

746 4940 868 5000 cha,
895 4947 949 4990 et
967 4935 1030 4989 ex
1055 4935 1367 4991 testamento
1392 4935 1677 4989 Chacellini
1712 4938 2089 4991 monasterium
2110 4937 2279 4989 sancti

746 5005 881 5062 Galli
916 5006 1180 5059 fundantis
1202 5046 1217 5069 ,
1243 5006 1330 5058 ubi
1354 5020 1449 5073 pro
1477 5005 1750 5073 advocatia
1778 5003 2100 5073 Aquileiensi
2139 5020 2281 5058 com-

746 5081 1087 5135 memoratur,
1136 5072 1416 5127 Henricu’m
1443 5073 1627 5127 ducem
1668 5072 1892 5129 fortasse
1926 5073 2282 5127 Carantanum

743 5157 925 5196 aream
964 5142 1018 5196 in
1045 5140 1313 5195 Carinthia
1347 5141 1591 5210 Ecclesia:
1612 5141 1905 5210 Aquileien.
1936 5141 2278 5195 concessisse.

745 5212 1142 5265 Testamentum
1172 5210 1389 5265 habebis
1414 5211 1466 5263 in
1489 5209 1726 5278 Append.
1766 5211 1827 5273 ll,
1876 5227 1930 5265 ιι.
1964 5210 2049 5261 l2.
2085 5211 2283 5278 inscri-

710 5281 976 5348 lptionem
1013 5293 1223 5346 quoque
1261 5279 1367 5348 hac
1397 5279 1448 5331 in
1480 5277 1688 5348 refibid.
1716 5279 1904 5334 damus
1938 5295 1993 5331 ιι.
2034 5277 2284 5348 16.7Vide

745 5345 908 5427 etiam
936 5345 1315 5427 Documentum
1340 5345 1610 5427 Peregrini
1636 5346 1655 5399 Ι
1680 5348 2012 5427 patriarcha},
2042 5362 2095 5398 ιι.

817 5416 844 5453 ιτ
872 5414 1121 5485 Intrepidi
1144 5417 1199 5468 in
1215 5415 1383 5485 prima
1412 5414 1539 5485 acie.
1567 5414 1815 5483 Vegetius
1845 5416 1909 5469 de
1930 5415 2023 5485 lie
2065 5415 2283 5469 militari

746 5484 839 5536 lib.
867 5497 946 5542 Ill,
975 5482 1024 5535 c.
1050 5483 1131 5535 14.
1172 5499 1193 5533 ι
1216 5482 1384 5537 Ἀοὶεε
1416 5482 1610 5537 dicitur
1634 5482 1897 5537 exercitus
1925 5483 2281 5537 instructus...

743 5549 1115 5621 ltstructionis
1142 5551 1227 5604 lex
1246 5560 1355 5621 est,
1385 5560 1443 5605 ut
1470 5552 1520 5604 in
1546 5552 1713 5621 primo
1738 5552 1916 5605 ordine
1936 5552 2210 5605 exercitati
2231 5562 2285 5607 et

746 5630 953 5700 veteres
976 5620 1169 5700 milites
1191 5620 1530 5700 collocentur,
1548 5620 1551 5621 ⁷
1569 5635 1701 5700 quos
1736 5629 1888 5699 antea
1909 5621 2172 5700 principes
2193 5636 2282 5700 vo.

747 5690 956 5740 cabant.
989 5707 1006 5738 ι
1044 5688 1178 5743 Hinc
1216 5689 1369 5742 ducta
1411 5689 1715 5754 metaphora
1753 5688 1806 5741 in
1847 5688 2012 5757 prima
2053 5689 2167 5757 acie
2210 5690 2284 5743 di-

753 5766 943 5811 cuntur
966 5765 1124 5824 stare,
1148 5756 1236 5831 qui
1259 5768 1477 5829 propter
1498 5758 1803 5828 dignitatem
1829 5756 1928 5815 luci
1957 5757 2073 5814 aliis
2092 5756 2283 5815 debent

1806 4542 1900 4579 uos
1942 4526 2137 4579 scimus
2181 4525 2279 4578 ali-
2306 4520 2357 4583 Ι)

2380 644 2587 708 pientis,
2618 658 2733 709 cap.
2770 644 2834 695 lit
2871 660 2882 695 :
2933 663 2951 694 ι
2981 645 3095 710 Quo
3136 644 3225 712 qui

2382 712 2539 781 l‘aiua,
2576 712 2892 781 patrimonio
2912 721 3009 772 est.
3030 711 3237 781 hocse
3264 711 3453 764 fortius
3487 719 3641 781 gerat
3670 729 3684 763 :
3723 726 3925 765 mcmcr

2381 778 2434 830 in
2456 782 2625 847 prima
2650 780 2763 833 acie
2786 779 2922 833 altos
2948 780 3160 835 ordines
3183 788 3346 834 stare.
3377 798 3395 830 ι
3487 778 3504 827 ξ

2653 883 2761 953 33
2795 884 3215 939 OBSERVATIO
3251 882 3322 937 lN
3358 882 3513 938 CAN.
3557 883 3646 939 v1.

2445 971 2485 1025 Ι.
2523 971 2700 1041 Pergit
2723 973 2823 1026 hoc
2834 986 3032 1041 canone
3054 972 3481 1028 Paulinus'vitam
3498 972 3826 1027 clericorum
3848 975 3927 1028 in-

2380 1039 2707 1120 stituere:'_et
2722 1039 3117 1120 primojquidem
3145 1049 3379 1120 removet
3404 1055 3498 1120 eos
3517 1041 3585 1120 ab
3614 1041 3822 1120 illicitis
3844 1057 3925 1120 re-

2381 1109 2479 1161 bus
2531 1116 2584 1161 et
2609 1108 2838 1162 clericali
2868 1108 3028 1162 statui
3048 1109 3188 1164 haud
3221 1108 3621 1173 consentaneis;
3653 1109 3847 1164 deinde
3871 1111 3924 1164 in

2381 1177 2540 1248 licitis
2550 1185 2603 1229 et
2626 1177 2783 1230 statui
2808 1178 3244 1248 convenientibus
3259 1177 3706 1248 quemadmodum
3734 1193 3927 1248 gerere

2379 1259 2435 1297 se
2464 1246 2704 1306 debeant.
2732 1253 3125 1299 commonstrat.
3183 1243 3292 1300 llic
3314 1254 3489 1300 autem
3516 1243 3760 1299 videtur'
3780 1263 3927 1301 com-

2378 1312 2567 1380 pendio
2587 1313 2822 1382 posuisse
2856 1328 2973 1382 qua:
2996 1313 3163 1382 iusius
3183 1313 3421 1382 exposita
3450 1321 3572 1382 sunt
3599 1328 3647 1379 _c.
3672 1314 3799 1377 452,
3831 1316 3923 1368 lib.

2380 1395 2453 1451 vn
2485 1381 2793 1451 Capitular.,
2832 1381 2979 1448 cujus
3007 1381 3124 1436 libri
3170 1381 3399 1451 canones
3425 1396 3490 1451 es
3514 1381 3724 1436 Paulini
3752 1383 3903 1451 operi

2377 1448 2477 1503 bus
2502 1448 2766 1519 confectos
2776 1449 2887 1517 jam
2904 1464 3061 1519 supra
3086 1450 3403 1519 monuimus.
3446 1450 3524 1503 Eo
3546 1458 3729 1504 autem
3756 1448 3811 1504 in
3841 1466 3923 1504 ca-

2379 1532 2515 1569 none
2543 1517 2619 1587 sic
2636 1516 2890 1571 habetur:
2948 1516 2982 1587 cf
3002 1516 3196 1573 Clerici
3225 1517 3339 1587 lege
3366 1518 3582 1587 Patrum
3621 1528 3933 1579 monentur.

2378 1595 2436 1638 ut
2462 1601 2489 1637 a
2512 1585 2710 1654 vulgari
2735 1587 2837 1639 vita
2864 1586 3076 1648 seclusi,
3103 1602 3131 1639 a
3159 1585 3337 1639 mundi
3368 1586 3937 1653 voluptatibusseabs—

2380 1654 2599 1715 tineant,
2632 1670 2735 1707 non
2759 1655 3094 1722 spectaculis,
3133 1668 3238 1708 non
3277 1655 3483 1721 pompis
3509 1655 3782 1722 intersint,
3814 1670 3937 1708 cori-

2378 1723 2514 1791 vivia
2554 1722 2765 1791 publica
2788 1722 2989 1791 fugiant
3016 1762 3030 1775 .
3058 1760 3072 1774 .
3105 1761 3119 1776 .
3143 1737 3246 1791 non
3276 1723 3426 1776 vanis
3460 1721 3652 1785 oculis,
3705 1740 3816 1778 non
3847 1724 3933 1776 ιιι-

2379 1788 2584 1861 frenata
2608 1789 2806 1861 lingua,
2849 1788 2949 1844 aut
2975 1790 3228 1861 petulanti
3267 1791 3572 1861 tumidoque
3604 1800 3763 1861 gestu
3791 1793 3938 1846 ince-

3294 660 3361 698 ue
3395 644 3675 697 honestior
3711 658 3922 711 genere,

2315 1886 2359 1945 ιι
2385 1859 2565 1945 ista;
2584 1858 3042 1945 semisse}?
3062 1858 3936 1945 ,ῖςιῖεειιιίὲἱφιε,ιὲξεξιξείξβίωριξυί

2389 1926 2570 1980 habitu
2588 1936 2642 1981 et
2665 1925 2871 1981 incessu
2893 1928 3190 1983 ostendant.
3222 1925 3616 1982 Obscenitatcm
3637 1925 3937 1981 etiain'ver-

2384 1993 2753 2059 borum,sicut
2778 2004 2832 2065 et
2849 2010 3066 2065 operum
3083 1995 3290 2063 penitus
3314 2005 3661 2065 exsecrentur
3677 2034 3692 2047 .
3722 2036 3736 2048 .
3759 2035 3773 2048 .
3793 2007 3935 2064 post~

2382 2078 2530 2134 remo
2557 2066 2611 2118 in
2639 2063 2985 2134 doctrinagﬂin
3022 2063 3646 2134 lectioni_bus,_psali_iiis,
3700 2063 3933 2134 hymnis,

2382 2132 2603 2186 canticis
2658 2132 3018 2199 spiritualibus
3063 2131 3318 2185 exercitio
3365 2129 3476 2199 jugi
3529 2129 3863 2186 incumbant.
3911 2155 3932 2183 ι

2383 2200 2589 2263 Quanta
2628 2201 2976 2255 districtionis
3001 2202 3279 2255 severitate
3310 2201 3422 2254 hate
3447 2201 3623 2253 omnia
3660 2201 3934 2263 prohibita

2383 2267 2577 2338 fuerint
2601 2270 2809 2323 clericis
2842 2277 3076 2338 tempore
3102 2268 3277 2323 Chroli
3300 2269 3497 2337 Magni,
3530 2267 3675 2338 quod
3693 2278 3778 2338 est
3804 2268 3934 2338 Pau-

2382 2335 2498 2399 lini,
2533 2339 2724 2392 videsis
2756 2335 3131 2392 Tliomasinuni
3166 2338 3231 2392 de
3254 2347 3358 2392 vet.
3389 2335 3442 2391 et
3465 2335 3585 2390 nov.
3610 2337 3820 2392 Eccles.
3855 2336 3935 2390 di-

2382 2406 2619 2476 sciplina,
2661 2416 2787 2460 tom.
2818 2405 2898 2476 lli.
2931 2405 3022 2462 lib.
3055 2422 3136 2470 ιιι,
3167 2422 3282 2476 cap.
3304 2406 3402 2469 45;
3438 2415 3764 2476 (iamautem
3803 2421 3923 2476 spe-

2381 2474 2557 2528 ciatim
2587 2476 2671 2530 hic
2696 2491 2724 2528 a
2741 2475 2958 2529 Paulino
2993 2474 3258 2537 vetantur,
3285 2490 3352 2529 ex
3378 2474 3763 2543 capitularihus
3787 2475 3929 2529 circa

2382 2552 2615 2614 tempora
2642 2544 2845 2614 Paulini
2866 2545 3059 2614 habitis
3081 2553 3329 2614 excerpta
3356 2558 3474 2598 esse
3511 2544 3565 2597 in
3604 2544 3749 2598 notis
3805 2560 3923 2597 inor

2381 2613 2723 2681 sequentibus
2743 2612 3109 2667 indicabimus.

2848 2717 3050 2774 ιιΟΤᾹΞ
3090 2718 3155 2773 lN
3188 2719 3339 2775 CAN.
3380 2719 3466 2774 VI.

2450 2819 2485 2879 IA
2515 2806 2579 2860 In
2603 2809 2968 2879 venationibus.
2994 2809 3052 2867 In
3071 2810 3284 2879 capitul.
3302 2810 3673 2879 Carolomanni
3701 2826 3793 2864 an.
3811 2810 3929 2868 749..

2378 2875 2524 2947 c.72:
2570 2896 2588 2926 ι
2635 2877 2948 2931 Venatioucs
2982 2887 3036 2931 et
3059 2875 3325 2933 silvaticas
3357 2878 3665 2947 vagationes
3692 2895 3816 2933 cum
3845 2896 3932 2932 ca-

2379 2946 2549 3006 nibus,
2586 2947 2830 3000 omnibus
2855 2948 3020 3001 servis
3046 2947 3136 3000 Dei
3173 2946 3553 3001 interdicimus.
3591 2946 3856 3001 Similiter
3876 2956 3931 3000 ut

2376 3013 2658 3084 accipitres
2681 3024 2733 3069 et
2760 3013 2990 3070 falcones
3011 3031 3111 3069 non
3142 3016 3388 3069 habeant.
3425 3035 3443 3065 ι
3477 3015 3607 3070 item
3632 3016 3924 3084 ineapitul.

2380 3080 2719 3152 Suessioncn.
2747 3084 2845 3152 sub
2876 3084 3098 3152 Pippino
3117 3098 3204 3137 an.
3231 3084 3351 3147 7M,
3380 3099 3429 3137 c.
3451 3085 3513 3138 ὃς
3556 3101 3575 3134 ι
3611 3080 3812 3139 Omnes
3832 3085 3929 3139 cle-

2381 3150 2476 3204 rici
2496 3189 2509 3203 .
2539 3188 2551 3201 .
2586 3188 2599 3203 .
2627 3166 2723 3204 nec
2747 3150 3153 3207 habeantcanes
3173 3160 3231 3206 ut
3254 3153 3558 3207 venationes
3591 3153 3809 3215 faciant,
3835 3170 3928 3206 nec

2306 3203 2352 3268 c
2381 3203 2973 3291 accipitres,portenth
3006 3203 3149 3291 iis;
3170 3203 3227 3276 εἰ
3250 3203 3521 3291 niani
3546 3203 3928 3291 caninas

2381 3304 2410 3340 3

2415 3304 2468 3341 ιι.
2499 3288 2619 3351 769,
2640 3303 2688 3342 c.
2712 3289 2776 3342 ὃς
2837 3306 2855 3338 ι
2891 3289 3147 3344 Omnibus
3180 3288 3349 3345 servis
3383 3289 3477 3344 Dei
3522 3288 3863 3344 venationes
3884 3300 3934 3342 et

2381 3357 2647 3427 silvaticas
2686 3352 2991 3425 vagationes
3027 3373 3147 3412 cum
3176 3360 3419 3421 canibus,
3465 3366 3519 3412 et
3547 3367 3603 3411 ut
3647 3359 3934 3427 accipitres

2380 3434 2434 3478 et
2461 3424 2693 3479 falcones
2728 3424 2831 3480 non
2880 3428 3124 3490 habeant,
3178 3427 3562 3482 interdicimus.
3594 3446 3612 3478 ι
3675 3424 3931 3493 Quamvis

2380 3505 2556 3565 autem
2587 3495 2988 3565 huicvenatica:
3011 3495 3323 3551 clericorum
3355 3495 3652 3565 evagationi
3685 3497 3759 3550 ita
3805 3511 3932 3549 con-

2380 3563 2575 3633 sultum
2593 3561 2779 3633 fuerit,
2814 3571 3045 3619 attamen
3071 3580 3203 3619 nova
3228 3580 3447 3619 censura
3458 3561 3621 3633 eguit
3644 3565 3928 3632 amputari.

2380 3639 2437 3684 ut
2464 3632 2500 3684 ii
2533 3631 2693 3685 etiam
2746 3632 2854 3699 qui,
2886 3648 3007 3687 cum
3034 3633 3087 3688 in
3140 3633 3395 3699 dignitate
3421 3631 3695 3687 constituti
3732 3631 3929 3695 essent,

2380 3649 2437 3684 ιιι
2464 3649 2500 3684 ιι
2533 3649 2693 3685 etlam
2746 3649 2854 3699 qm,
2886 3649 3007 3687 cum
3034 3649 3087 3688 ιιι
3140 3649 3190 3687 αι
3232 3649 3395 3687 nitate
3421 3649 3695 3687 consutuu
3732 3649 3927 3695 essent,

2379 3699 2564 3767 majori
2578 3715 2697 3771 cum
2720 3701 3049 3771 subditorum
3071 3649 3318 3758 scangalo
3344 3701 3393 3755 id
3412 3703 3758 3771 peragebant.
3780 3717 3927 3771 coer-

2379 3717 2564 3767 majori
2578 3717 2697 3754 cum
2722 3717 3049 3755 summorum
3071 3717 3318 3758 scandam
3344 3717 3393 3755 iu
3410 3717 3758 3821 peragebant.
3780 3717 3927 3756 coer-

2379 3776 2643 3839 oercntur,
2676 3769 2897 3839 ideoque
2923 3771 2976 3822 in
2996 3770 3206 3839 eapitul.
3238 3772 3272 3824 5
3296 3786 3382 3824 an.
3443 3771 3530 3834 89,
3572 3771 3660 3823 cui
3686 3769 3928 3824 interfuit

2379 3836 2649 3908 Paulinus,
2677 3853 2725 3891 c.
2748 3836 2829 3908 l5,
2858 3838 2935 3908 sic
2958 3836 3213 3908 statutum
3235 3839 3493 3907 legimus:
3525 3857 3545 3889 ι
3582 3839 3648 3893 Ut
3672 3840 3928 3908 episcopi,

2378 3905 2596 3977 abbates
2629 3914 2682 3959 et
2719 3907 3047 3977 abbatissae,
3074 3907 3256 3977 cupias
3290 3905 3481 3977 canum
3528 3924 3634 3960 non
3679 3905 3927 3977 habeant,

2379 3973 2735 4045 necfalcones
2767 3990 2862 4030 nec
2887 3973 3295 4045 accipitresncc
3317 3976 3658 4045 jocnlatores.
3697 3996 3716 4028 ι
3776 3976 3851 4029 Ita
3879 3987 3930 4029 et

2379 4041 2600 4096 feminas
2624 4044 2741 4097 aliis
2761 4041 3160 4112 praeminentes
3181 4044 3477 4111 hujusmodi
3515 4044 3752 4097 studium
3785 4047 3927 4097 inva-

2379 4121 2539 4175 serat,
2563 4120 2619 4164 ut
2645 4125 2956 4183 easquoque
2966 4126 3299 4183 compescere
3314 4128 3527 4167 necesse
3544 4113 3724 4183 fuerit.
3763 4113 3925 4183 Capta

2377 4189 2553 4265 amem
2581 4188 2660 4265 est
2678 4197 2778 4265 per
2799 4180 3062 4265 syncopen
3088 4180 3305 4252 rapula:
3344 4183 3407 4237 de
3439 4197 3541 4250 qua
3574 4180 3731 4237 Ovid.
3760 4182 3802 4235 Τ
3808 4180 3919 4235 risi.

2380 4246 2469 4301 lib.
2501 4263 2554 4313 v,
2584 4264 2635 4301 ι’.
2674 4246 2795 4312 308,
2826 4246 3072 4319 elcgfix:

2412 4368 2415 4371 ·
2502 4354 2664 4418 thue
2686 4356 3058 4418 eanempavida
3082 4362 3243 4405 natum
3268 4359 3468 4418 vestigia
3488 4369 3651 4407 cerva.-

2559 4415 2837 4466 Luctantem
2856 4415 3030 4466 frustra
3051 4418 3218 4478 cOpula
3240 4418 3360 4465 dura
3381 4415 3535 4467 tcuut.

2380 4494 2445 4548 Et
2467 4495 2814 4565 Metamorph.
2844 4494 2935 4548 lib.
2970 4511 3065 4561 vn,
3086 4511 3138 4549 v.
3172 4495 3303 4551 767:

2501 4584 2675 4645 (Iopula
2697 4585 2965 4633 detrahitur
2981 4586 3237 4636 canibus...

2446 4666 2475 4737 ξ)
2525 4664 2618 4737 Vel
2636 4667 2699 4737 in
2724 4666 2936 4737 canticis
2962 4666 3313 4737 secnlqribus,
3337 4674 3440 4723 etc.
3502 4667 3556 4724 In
3587 4670 3807 4737 capitul.
3837 4683 3917 4720 an.

2378 4736 2501 4797 802,
2529 4750 2577 4788 c.
2595 4734 2663 4787 23
2687 4752 2700 4786 :
2734 4751 2753 4784 ι
2785 4733 3084 4803 Presbyteri
3106 4733 3328 4789 clericos
3355 4733 3678 4802 quossecum
3706 4737 3918 4797 habent,

2378 4804 2602 4857 sollicite
2617 4802 2943 4871 provideant,
2956 4802 3027 4857 ’ut
3039 4803 3287 4871 canoriice
3304 4804 3498 4867 vivant,
3527 4819 3631 4859 non
3654 4804 3830 4859 inanis
3849 4804 3921 4856 lu-

2378 4873 2543 4934 sibus,
2576 4870 2656 4924 vel
2683 4871 2936 4924 conviviis
2960 4870 3320 4934 szecularibus,
3359 4873 3442 4925 vel
3469 4873 3695 4928 canticis
3738 4873 3819 4927 vel
3846 4873 3919 4925 lu-

2378 4941 2608 4993 xuriosis
2648 4953 2798 4993 usum
2825 4939 3070 5001 habeant,
3102 4939 3194 4993 sed
3225 4949 3434 4994 casteet
3458 4941 3636 4995 sobrie
3663 4940 3861 4995 vivant.
3894 4959 3911 4990 ι

2377 5010 2505 5062 item
2533 5008 2799 5061 additione
2821 5006 2887 5060 IV
2907 5006 3133 5076 Capitul.
3161 5018 3210 5062 c.
3230 5006 3324 5061 66:
3359 5031 3377 5058 ι
3406 5007 3643 5064 Clericos
3669 5010 3917 5065 scurriles

2378 5086 2432 5129 et
2460 5076 2632 5130 verbis
2662 5076 2900 5144 turpibus
2912 5073 3176 5141 jocularcs
3204 5078 3270 5129 ab
3297 5076 3469 5130 cilicio
3493 5077 3868 5133 detrahendos.
3895 5099 3912 5128 ι

2378 5155 2431 5198 et
2459 5160 2574 5214 cap.
2599 5145 2661 5196 67
2693 5158 2836 5211 seq.:
2871 5161 2892 5214 ι
2925 5144 3115 5198 Clerici
3136 5145 3273 5197 inter
3308 5146 3495 5214 epulas
3527 5154 3810 5202 cantantes
3832 5161 3917 5200 su-

2379 5212 2631 5283 pradicta:
2659 5212 2931 5283 sententiae
2954 5213 3234 5283 severitate
3255 5212 3615 5268 coerceantur.
3631 5235 3649 5267 ι

2453 5281 2556 5333 °De
2568 5283 2729 5334 sacris
2744 5278 3126 5349 scripturarum
3147 5280 3503 5347 voluminibus,
3515 5283 3824 5338 etc.Probat
3837 5281 3919 5335 hic

2382 5350 2646 5411 Paulinus,
2679 5358 2738 5402 ut
2768 5347 3159 5419 laudcsdivina:
3175 5364 3239 5403 ex
3276 5350 3548 5419 Scriptura
3580 5352 3915 5408 hauriantur:

2380 5433 2485 5472 non
2516 5427 2690 5470 tamen
2714 5417 3027 5489 negatalias
3050 5418 3229 5489 etiam.
3257 5419 3381 5489 licet
3398 5417 3472 5472 es
3507 5419 3789 5489 Scriptura
3819 5436 3919 5474 non

2382 5495 2676 5555 excerptas,
2692 5486 2910 5558 cantari
2929 5500 3106 5558 posse.
3158 5486 3274 5555 ipse
3301 5488 3441 5558 enim
3472 5507 3491 5539 ι
3520 5486 3752 5558 byninos
3785 5489 3865 5541 vel
3890 5503 3921 5541 a

2382 5571 2439 5608 sc
2473 5553 2914 5634 coinpositosnvel
2935 5555 3007 5632 ab_
3018 5554 3156 5634 aliis,
3182 5553 3391 5634 sepius
3407 5566 3461 5634 e_t
3480 5553 3720 5634 maxime
3749 5560 3802 5634 in
3815 5560 3919 5634 pri-

2382 5624 2516 5675 vatis
2544 5621 2719 5675 missis
2751 5621 3054 5684 celebravit,
3094 5642 3111 5670 ι
3155 5624 3229 5677 ait
3273 5621 3598 5679 Walafridus
3632 5621 3831 5681 Strabo
3860 5626 3921 5678 de

2385 5693 2515 5765 lleb.
2550 5692 2737 5765 eccles.
2770 5690 3005 5765 cap._25.
3047 5691 3265 5765 Videtur
3289 5703 3541 5748 tameneo
3568 5705 3919 5765 temporcnou

2385 5762 2450 5816 ab
2475 5761 2717 5816 omnibus
2745 5774 2859 5814 mos
2897 5759 2996 5813 iste
3025 5761 3323 5830 probatusz‘
3343 5777 3465 5816 nam
3498 5764 3651 5832 quasi
3681 5759 3755 5819 'in
3804 5760 3922 5818 facti
