4174 6426
308 535 417 587 555

1261 531 1620 588 CONCIIJUM
1661 531 2184 586 FOROJL'IJENSE.
2224 564 2293 572 ——
2328 533 2554 589 NOTxE.

3401 541 3505 593 εει

313 663 334 693 ‹
374 642 430 696 Si
459 642 653 706 crucis,
688 642 880 705 aiebat,
912 650 964 694 et
994 641 1398 694 resurrectionis
1425 642 1534 695 loca
1560 658 1662 695 non
1686 652 1862 696 essent
1891 642 1936 697 Α
1967 648 2135 696 tentes
2173 645 2467 696 substratus
2514 637 2669 696 factis
2701 661 2716 694 :
2751 640 2984 708 Quartus
3015 644 3082 697 ab
3109 645 3253 699 omni
3278 648 3513 706 ecclesiae

305 713 364 764 in
406 713 538 765 urbe
567 710 928 771 celeberrima,
959 710 1010 762 in
1047 724 1150 776 qua
1200 710 1367 772 curia,
1395 712 1447 762 in
1479 724 1579 777 qua
1611 711 1729 763 aula
1765 712 1862 763 mi-

306 781 488 841 litum,
535 780 589 834 in
617 794 719 847 qua
765 786 960 841 scorta,
1004 778 1172 838 mimi,
1216 791 1413 847 scurrze
1451 787 1504 832 et
1540 780 1715 832 omnia
1746 794 1870 846 qua}

307 849 485 902 solent
524 845 649 901 esse
671 848 722 900 in
757 847 964 900 eceteris
987 847 1225 909 urbibus,
1267 845 1350 899 vel
1383 847 1427 900 si
1483 845 1860 901 monachorum

307 917 486 970 turbis
520 916 847 970 solummodo
896 914 1351 982 frequentaretur;
1390 917 1738 982 expetendum
1779 931 1863 968 re-

306 1001 435 1038 vera
463 983 762 1051 bujusmodi
784 984 987 1037 cunctis
1013 983 1285 1037 monachis
1309 992 1450 1036 esset
1478 983 1855 1037 habitaculum.

305 1053 464 1107 Nunc
505 1067 630 1106 vero
679 1067 900 1105 summa:
939 1052 1176 1105 stultitim
1203 1061 1283 1103 est
1314 1052 1620 1105 renuntiare
1645 1052 1854 1114 sreculo,

305 1123 574 1174 dimittere
606 1123 851 1189 patriam,
877 1122 1036 1173 urbes
1079 1121 1341 1189 deserere,
1373 1120 1689 1189 monachum
1723 1134 1860 1189 pro-

305 1190 468 1250 fiteri,
503 1199 556 1243 et
595 1188 732 1241 inter
761 1189 988 1255 majores
1022 1188 1241 1254 populos
1289 1188 1636 1255 periculosius
1683 1188 1860 1242 vivere

303 1272 469 1335 quam
502 1273 621 1311 cras
645 1257 880 1335 victurus
909 1258 959 1309 in
983 1257 1170 1335 patria.
1314 1265 1424 1335 toto
1447 1256 1550 1311 huc
1573 1257 1710 1335 orbe
1733 1272 1860 1335 con-

301 1327 584 1378 curritur:
628 1325 780 1392 plena
830 1334 910 1378 est
953 1324 1138 1384 civitas
1175 1325 1407 1377 universi
1453 1325 1661 1394 generis
1688 1325 1859 1376 homi-

302 1410 435 1446 num
470 1409 484 1445 :
517 1403 568 1446 et
601 1395 1045 1460 tantagutriusque
1075 1409 1230 1444 sexus
1260 1394 1594 1460 constipatio,
1635 1401 1693 1445 ut
1717 1394 1857 1460 quod

301 1463 431 1531 alibi
456 1478 518 1516 ex
542 1470 689 1529 parte
711 1461 966 1531 lugiebas,
995 1462 1078 1531 hic
1100 1469 1264 1513 totum
1288 1463 1552 1531 sustinere
1571 1466 1798 1529 cogaris.
1835 1482 1852 1511 ι

301 1530 432 1583 Ilaec
457 1571 471 1592 ,
520 1528 637 1598 qua:
679 1528 957 1583 movebant
996 1528 1700 1598 llieronymumarationuin
1748 1545 1858 1582 mo-

301 1609 506 1660 menta,
538 1597 759 1652 Paulino
793 1607 848 1650 ut
899 1597 1214 1651 monachum
1263 1598 1329 1651 ab
1377 1597 1855 1665 Ilierosolymitana

298 1667 733 1735 peregrinatione
758 1666 1069 1727 deterreret,
1099 1665 1266 1735 multo
1301 1666 1724 1735 suntivalidiora,
1767 1667 1855 1718 ubi

299 1733 368 1788 de
394 1733 887 1788 sanctimonialibus
912 1735 1100 1802 agitur.
1135 1733 1316 1801 Itaque
1341 1744 1392 1786 et
1421 1733 1711 1802 Gregorius
1731 1735 1860 1802 Nys-

299 1819 468 1858 senus
513 1805 566 1856 in
615 1803 836 1872 epistola
865 1817 958 1856 sua
982 1803 1066 1872 vel
1107 1802 1302 1872 libello,
1330 1803 1396 1856 ad
1424 1803 1535 1856 loca
1560 1810 1740 1856 sancta
1770 1819 1860 1855 ac-

297 1888 514 1925 cessum
556 1869 830 1926 monachis
861 1871 1258 1938 virginibusque
1281 1869 1566 1929 interdicit,
1612 1880 1670 1923 ut
1696 1871 1858 1924 inter-

293 1950 587 2012 pretantur
608 1940 1026 2012 prudentissime
1039 1939 1296 1991 Baronius
1313 1939 1378 1991 ad
1403 1955 1491 2012 an_.
1515 1938 1712 2012 Christi
1735 1939 1852 2012 586,

297 2005 356 2060 ii.
397 2011 484 2070 39,
527 2018 581 2062 et
610 2005 956 2062 Bellarminus
988 2006 1238 2059 Controv.
1282 2015 1410 2058 tom.
1441 2005 1502 2067 Il,
1543 2007 1634 2058 lib.
1675 2022 1756 2065 nt,
1797 2009 1860 2060 de

295 2078 445 2130 cultu
469 2087 717 2137 sanctam,
748 2089 863 2143 cap.
896 2076 948 2136 8,
985 2083 1170 2128 contra
1207 2073 1681 2143 Magdeburgenses
1727 2074 1864 2128 Cen-

296 2147 613 2207 turiatores,
658 2145 748 2211 qui
789 2159 854 2197 ex
897 2143 997 2198 hac
1022 2143 1242 2210 epistola
1267 2157 1452 2195 ansam
1500 2144 1717 2210 capiunt
1764 2144 1862 2196 im-

339 2214 560 2266 robandi
597 2228 659 2265 ac
703 2213 984 2265 damnandi
1027 2212 1408 2265 catholicorum
1456 2213 1599 2280 pium
1628 2211 1861 2264 studium

294 2229 416 2332 roca
440 2291 625 2332 sancta
651 2280 928 2332 invisendi.
960 2298 979 2330 ι
1015 2279 1071 2332 In
1101 2295 1160 2332 ea
1184 2280 1442 2332 oratione.
1473 2280 1549 2332 ait
1580 2280 1858 2332 Bellarmi-

317 2297 416 2335 oca
440 2291 625 2336 sancta
651 2280 928 2333 invisendi.
960 2298 979 2330 ι
1015 2279 1071 2332 In
1101 2295 1160 2334 ea
1184 2280 1442 2341 oratione,
1460 2279 1549 2332 ait
1580 2280 1858 2334 Bellarmi-

295 2366 420 2427 nos,
473 2366 578 2427 non
627 2349 937 2427 reprehendi
989 2349 1227 2427 absolute
1274 2349 1755 2427 peregrinationem

295 2419 658 2478 Hierusalem,
687 2416 796 2470 sed
843 2417 1155 2484 reprehendi
1187 2418 1239 2469 in
1286 2416 1448 2469 certis
1491 2416 1750 2484 personis,
1807 2416 1861 2469 id

293 2499 382 2540 est
429 2486 709 2540 monachis
737 2494 788 2537 et
823 2483 1343 2547 sanctimonialibus;
1388 2483 1510 2536 nam
1557 2486 1622 2538 de
1665 2485 1860 2539 talibus

293 2557 474 2609 solum
503 2570 572 2621 eo
606 2555 721 2607 loco
749 2553 942 2621 agitur.
987 2572 1004 2604 ›
1045 2553 1156 2613 Vel,
1188 2562 1246 2606 ut
1280 2552 1464 2605 volunt
1489 2552 1559 2606 du
1581 2552 1764 2606 Pinius
1804 2553 1858 2605 in

293 2624 525 2690 Gregor.
558 2615 710 2690 Nyss.
736 2615 878 2675 ct'G.
903 2621 1062 2682 Cave,
1087 2621 1176 2690 qui
1210 2630 1356 2676 certe
1381 2636 1412 2674 a
1444 2622 1724 2690 catholicis
1752 2636 1857 2675 non

292 2689 429 2749 stat.
488 2689 615 2744 mali
671 2689 1266 2758 IIierosonmitanorum
1312 2703 1487 2744 mores
1541 2689 1856 2753 ell‘eccrunt,

296 2770 361 2814 ut
385 2759 678 2830 Gregorius
701 2774 764 2830 eo
794 2768 1026 2830 tempore
1058 2759 1177 2830 iter,
1210 2759 1858 2830 alioquinnsanctesusce-

295 2839 474 2909 ptum,
503 2826 925 2950 'susci‘picndum
976 2826 1316 2895 Improbaret.
1362 2843 1380 2888 ς
1439 2827 1858 2896 Hierosolymam

295 2899 512 2950 invisit.
546 2906 620 2950 ait
691 2899 823 2950 ‘ave.
853 2905 904 2947 ct
940 2895 1052 2950 loca
1087 2906 1266 2949 sancta
1292 2897 1377 2950 nia
1421 2906 1598 2950 mente
1622 2905 1858 2950 contem-

295 2895 512 2960 invisit,
546 2898 620 2950 ait
663 2895 823 2960 Cave,
853 2905 904 2947 et
940 2895 1052 2950 loca
1087 2906 1266 2949 sancta
1292 2897 1377 2964 pia
1421 2906 1598 2950 mente
1622 2895 1859 2951 contem-

291 2967 475 3034 platus
494 2978 575 3018 est
602 2983 613 3016 :
645 2981 827 3018 verum
857 2963 1083 3034 vitiisac
1104 2963 1333 3018 dissidiis
1355 2964 1858 3033 Ilierosolymitano—

295 3033 416 3087 rum
443 3034 693 3096 oll‘ensus,
729 3035 912 3100 pedem
941 3033 1116 3086 subito
1137 3034 1357 3086 retraxit
1387 3050 1398 3082 ε
1425 3035 1551 3100 quin
1579 3043 1632 3086 et
1659 3034 1857 3100 episto-

292 3104 403 3157 lam
429 3105 684 3156 adversus
717 3101 1132 3170 Hierosolymam
1179 3101 1392 3170 pietatis
1420 3115 1547 3168 ergo
1597 3102 1856 3170 adeuntes

292 3174 458 3239 paulo
480 3180 598 3240 post
620 3171 877 3240 exaravit.
916 3190 932 3240 ι
963 3169 1073 3222 Iloc
1089 3169 1446 3240 testimonium
1470 3172 1536 3223 ab
1550 3169 1854 3240 adversario

291 3237 522 3308 petitum
565 3239 753 3293 malam
787 3239 1310 3309 Magdeburgensium
1337 3237 1767 3292 Ccnturiatoruin
1795 3239 1856 3292 ll-

290 3309 418 3362 dem
457 3311 629 3363 obiter
657 3309 1003 3376 demonstrat.
1109 3375 1119 3376 7
1355 3374 1364 3376 Α
1837 3373 1840 3376 ,

370 3378 481 3431 VII.
524 3377 757 3430 Tandem
780 3375 1034 3428 Paulinus
1059 3375 1332 3442 adpmnas
1353 3374 1404 3427 in
1431 3374 1856 3444 transgressores

297 3445 669 3500 saluberrima:
696 3444 984 3498 sanctionis
1028 3444 1379 3511 progreditur,
1425 3444 1670 3498 videlicet
1715 3465 1732 3496 ς
1767 3454 1858 3498 aut

292 3515 449 3581 juxta
475 3514 686 3568 modum
714 3522 765 3566 et
785 3513 1094 3581 qualitatem
1121 3511 1288 3579 culpae
1309 3515 1858 3569 excommunicationc

295 3580 574 3645 multetur,
604 3590 695 3634 aut
729 3580 1082 3635 anathematis
1104 3581 1317 3633 vinculo
1334 3582 1548 3648 punitus
1574 3583 1852 3644 vinciatur,

295 3659 390 3702 aut
413 3652 632 3704 honoris
654 3651 851 3719 proprii
877 3649 1160 3719 amissione
1182 3649 1412 3719 nudatus
1439 3664 1562 3719 reus
1585 3651 1652 3704 ab
1677 3651 1857 3704 Eccle«

295 3721 392 3772 sia:
419 3721 620 3786 gremio
654 3716 891 3771 tollatur.
929 3736 946 3768 ι
989 3717 1113 3768 Tria
1145 3716 1530 3786 hicnotantur
1576 3733 1854 3786 pmnarum

297 3784 523 3855 genera,
552 3801 688 3856 quae,
715 3785 1112 3856 quamvisintcr
1135 3799 1191 3838 se
1212 3784 1424 3856 dill'erre
1446 3802 1550 3839 non
1573 3784 1854 3856 admodum

297 3853 602 3916 vidcantur,
648 3863 877 3908 attamen
921 3855 1168 3908 distincta
1212 3853 1374 3907 fuisse
1410 3869 1474 3907 ex
1518 3855 1680 3909 variis
1726 3856 1856 3908 locis

298 3923 575 3976 discimus.
633 3921 766 3975 Nam
816 3925 869 3975 in
911 3923 1134 3975 concilio
1184 3923 1479 3976 Turonensi
1510 3939 1578 3980 ιι.
1609 3939 1696 3976 an.
1732 3923 1851 3984 587,

301 4007 349 4043 c.
381 3992 475 4055 24,
507 3992 698 4044 dicitur
724 3991 788 4044 de
822 3992 1047 4058 quodam
1075 3990 1501 4058 prmvaricatore,
1548 4000 1601 4042 ut
1631 4008 1732 4044 non
1772 4007 1857 4043 so-

299 4059 410 4112 lum
443 4061 935 4122 ,excommunicatus
962 4099 976 4122 ,
1029 4059 1118 4111 sed
1175 4059 1329 4111 etiam
1390 4059 1855 4112 anathematizatus

299 4095 410 4112 ...η
467 4095 935 4113 ωυυηηημηηηη..
1029 4095 1115 4111 ....
1175 4095 1329 4111 μω...
1390 4095 1854 4112 .........................

299 4095 576 4191 moriatur.
608 4128 774 4196 Igitur
801 4128 885 4181 hie
933 4099 1026 4194 p’er
1059 4127 1684 4190 excommunicationem,
1737 4143 1856 4196 qua:

301 4197 517 4248 videtur
560 4195 716 4263 posse
760 4195 1005 4263 confundi
1035 4211 1156 4247 cum
1199 4196 1554 4257 anathemate,
1602 4211 1706 4250 non
1754 4195 1855 4249 nisi

301 4262 570 4317 minorem
587 4278 745 4331 quam
770 4262 970 4324 dicunt,
996 4279 1113 4331 qua:
1147 4278 1271 4315 vere
1300 4264 1367 4315 ab
1393 4266 1732 4317 anathemate
1755 4264 1854 4317 dif-

301 4333 435 4395 fert;
490 4346 586 4400 per
606 4329 902 4385 anathema
946 4329 1223 4400 majorem,
1252 4332 1854 4386 excommunicationem

301 4408 356 4452 et
371 4400 643 4519 propriam
663 4417 676 4464 ;
696 4415 789 4467 per
807 4400 1024 4454 honoris
1049 4399 1406 4463 amissionem,
1435 4401 1850 4468 suspensioncm,

301 4483 365 4519 ve
418 4469 805 4519 denositioncm
839 4471 904 4519 ab
937 4467 1109 4519 olIicio
1137 4481 1408 4519 censerem
1440 4468 1850 4519 intellinendam.

300 4467 384 4538 vel
418 4469 805 4536 depositioncm
839 4471 904 4522 ab
937 4467 1109 4523 ollicio
1137 4467 1850 4538 censerentintelligendam.

301 4534 562 4602 Equidem
586 4539 1058 4604 impraesentiarum
1091 4535 1258 4604 nostri
1288 4536 1514 4603 theologi
1541 4534 1699 4591 unam
1731 4540 1850 4592 tab-

1889 1958 1932 2014 Β
1961 1939 2064 2014 cati
2101 1953 2260 1992 causa
2310 1940 2682 2014 communione
2725 1939 3325 2014 privet_eecl_esias_tica.

1882 3258 1945 3330 Β,

302 4589 578 4658 tummodo
606 4589 1166 4658 ex'communicationis
1193 4603 1413 4672 minoris
1431 4589 1847 4672 speciem‘agno-
1876 4589 1928 4648 υ

304 4683 477 4735 scunt,
531 4688 690 4740 quam
735 4674 958 4726 incurrit
988 4673 1077 4740 qui
1103 4671 1599 4726 eommunicatcum
1634 4671 1846 4728 excom-

303 4743 574 4794 municato
619 4740 804 4807 majori
841 4741 1401 4795 excommunicatione.
1455 4741 1650 4794 Verum
1696 4743 1842 4801 olim,

302 4818 361 4863 ut
401 4812 650 4862 observat
679 4809 910 4863 Morinus
950 4810 1014 4863 de
1049 4817 1380 4864 sacramento
1411 4807 1624 4873 Pcenit.,
1654 4811 1742 4864 lib.
1771 4826 1842 4874 γι,

305 4893 420 4945 mp.
454 4877 544 4941 9.5,
571 4892 624 4929 ιι.
651 4878 737 4957 ιε,
761 4893 879 4930 cum
907 4877 1177 4957 Sylvesiro
1196 4877 1396 4955 decem,
1424 4893 1540 4957 cum
1560 4881 1846 4957 .Antonino

306 4943 516 5010 novem,
543 4960 662 4999 cum
691 4943 993 5000 Innocentio
1010 4954 1064 4999 et
1096 4944 1391 5011 Henriquez
1415 4953 1536 4999 octo
1557 4948 1607 4999 in
1637 4949 1848 5001 casibus

306 5029 366 5068 ea
401 5013 790 5067 incurrebatur.
824 5012 973 5081 Nunc
995 5013 1118 5081 quia
1165 5012 1321 5066 unico
1365 5027 1489 5081 casu
1537 5014 1845 5079 incurritur,

307 5083 444 5135 unici
485 5089 691 5136 tantum
721 5080 910 5150 gradus
938 5080 1038 5142 est,
1071 5089 1126 5134 et
1147 5081 1357 5135 unicum
1383 5080 1626 5136 ell‘ectum
1668 5084 1842 5143 habet.

309 5163 493 5216 nempe
531 5158 590 5201 ut
632 5149 805 5217 privet
855 5149 1255 5218 participatione
1302 5151 1529 5217 passiva,
1580 5160 1638 5204 ut
1680 5152 1844 5213 aiunt,

310 5228 779 5288 sacramentorum.
813 5219 1120 5288 Antiquitas
1134 5225 1312 5288 autem
1340 5219 1513 5288 varios
1538 5221 1731 5288 gradus
1753 5221 1846 5272 ad-

310 5287 752 5352 mittebat,rquos
807 5285 1047 5340 recenset
1105 5285 1336 5338 hlorinus
1377 5285 1411 5336 I.
1446 5303 1515 5345 c.,
1543 5285 1602 5342 ii.
1645 5288 1728 5348 l3,
1766 5288 1849 5341 his

309 5356 509 5408 verbis:
537 5371 556 5403 ι
575 5351 895 5420 compendio
915 5355 1084 5408 dicam
1105 5354 1324 5407 minoris
1348 5357 1849 5411 excommunicatio-

311 5424 410 5486 nis,
454 5423 676 5490 species,
717 5422 828 5491 sive
870 5423 1064 5491 gradus
1097 5422 1234 5489 apud
1259 5423 1502 5490 antiquos
1549 5421 1710 5478 fuisse
1747 5425 1851 5478 fre-

311 5492 748 5560 quentissimos",
783 5490 1018 5558 Primus,
1037 5499 1365 5560 peccatorem
1402 5507 1431 5543 a
1469 5491 1578 5545 sola
1607 5493 1850 5546 euchari-

310 5561 420 5614 stiaa
450 5559 856 5626 participatione
883 5559 1372 5612 excommunicabat
1407 5561 1520 5614 sive
1565 5561 1848 5616 interdice-

309 5627 395 5681 bat
422 5642 462 5697 ;A
504 5627 776 5697 secundus
815 5628 988 5697 priore
1028 5627 1275 5697 gravion
1312 5629 1380 5679 ab
1437 5628 1755 5682 eucharistia
1798 5639 1853 5683 et

309 5695 551 5815 precibus
591 5693 966 5750 ecclesiasticis
995 5693 1104 5749 sive
1144 5693 1402 5758 fidelium;
1435 5698 1624 5762 tertius
1651 5698 1854 5751 duobus

327 5764 388 5815 iis
407 5763 663 5815 zradibus
697 5762 921 5815 addebat
959 5763 1317 5815 exnulsioncm
1344 5761 1456 5815 sive
1494 5765 1853 5815 excommuni-

327 5781 339 5815 l

307 5831 567 5888 cationem
611 5845 641 5883 a
687 5831 930 5899 precibus
982 5831 1138 5901 super
1160 5831 1569 5888 catechumenos
1596 5846 1648 5889 et
1682 5835 1854 5904 poeni-

345 5763 663 5834 isgradibus
697 5762 921 5834 addebat
959 5763 1326 5834 expulsioncm
1344 5755 1456 5815 sive
1494 5758 1853 5818 excommuni-
1877 5755 1895 5774 '

1964 710 2204 773 ingressu
2253 727 2346 765 eos
2390 711 2902 773 excommunicabat,
2943 713 3055 766 sive
3099 713 3445 771 submovebat
3496 738 3509 772 :

1963 779 2046 849 vel
2073 780 2214 849 quod
2232 779 2368 833 idem
2393 789 2491 842 est,
2513 789 2743 849 quatuor
2762 788 2916 849 erant
2935 783 3511 842 excommunicatorum

1962 847 2154 918 minori
2181 847 2725 918 excommunicatione
2751 848 2967 918 gradus,
2996 849 3363 918 consistentes,
3391 857 3515 908 sub-

1961 915 2136 975 strati,
2192 917 2482 978 audientes,
2544 915 2806 970 flentes.)
2840 916 3002 982 Igitur
3045 915 3272 984 aliquem
3323 915 3388 973 ex
3427 924 3510 977 his

1960 984 2208 1057 gradibus
2231 984 2509 1057 Paulinum
2529 986 2597 1038 ob
2607 986 2799 1057 oculos
2822 985 3070 1057 habuisse
3087 995 3234 1057 puto,
3254 1003 3515 1057 cumprzeo

1959 1050 2309 1104 varicatorem
2327 1053 2406 1106 sui
2433 1054 2652 1107 canonis
2666 1050 3230 1108 excommunicandnm
3255 1050 3514 1111 decernit.

1959 1117 2109 1189 Quod
2154 1121 2284 1173 satis
2313 1131 2496 1188 aperte
2535 1123 2706 1189 colligi
2751 1122 3056 1176 videtur-ex
3104 1122 3269 1189 ipsius
3314 1129 3511 1181 verbis.
3569 1121 3580 1129 κ

1958 1188 2089 1238 Cum
2135 1189 2277 1241 enim
2322 1190 2596 1242 remissior
2620 1188 2699 1243 vel
2755 1190 3009 1244 intensior
3048 1188 3216 1257 possit
3250 1206 3368 1248 esse
3402 1195 3516 1249 lucc

1958 1270 2136 1328 pmna,
2169 1264 2225 1307 ut
2253 1257 2411 1328 modo
2438 1258 2667 1311 vidimus
2682 1274 2707 1328 7:
2740 1261 2853 1328 ipse
2889 1272 3098 1325 quoque
3122 1259 3269 1320 dixit,
3307 1281 3327 1312 ‹
3356 1261 3514 1316 Juxta

1958 1325 2246 1444 moiiumdet
2268 1325 2580 1392 qualitatem
2612 1325 2778 1394 culpa}
2799 1343 2947 1382 reum
2969 1330 3515 1386 exeomnmnicationc

1959 1405 2046 1443 Illll
2077 1403 2162 1444 tan
2202 1408 2311 1444 ιιιιι.
2349 1412 2367 1444 ι

1959 1403 2311 1444 multandum.
2349 1412 2367 1444 ι

2035 1459 2157 1512 VIII.
2189 1460 2487 1536 Anathcma
2524 1458 2780 1536 gravioris
2807 1458 2978 1536 ‘cuipfe
3007 1461 3163 1516 index
3189 1473 3291 1536 est,
3324 1467 3515 1536 major-

1957 1542 2058 1594 que
2109 1530 2588 1584 excommunicatio
2630 1532 2840 1587 dicitur,
2879 1527 3074 1581 fulmen
3118 1534 3354 1587 omnium
3396 1527 3518 1588 lior-

1959 1598 2330 1650 rendissimum
2362 1613 2466 1649 non
2504 1599 2603 1652 levi
2640 1600 2704 1652 de
2728 1611 2887 1666 causa
2913 1597 3340 1666 iutorquendnm,
3373 1613 3428 1655 ut
3462 1607 3513 1658 in

1957 1665 2172 1731 capitul.
2202 1681 2288 1717 an.
2313 1667 2414 1720 846
2445 1667 2619 1720 Caroli
2652 1666 2820 1725 Calvi,
2851 1665 2932 1716 tit.
2962 1681 3033 1729 vi,
3065 1665 3113 1719 c.
3151 1668 3240 1730 56,
3264 1673 3515 1725 statuitur

1958 1733 2041 1786 his
2062 1734 2254 1795 verbis,
2285 1735 2477 1800 quibus
2496 1737 2654 1788 etiam
2682 1735 2894 1788 differre
2915 1735 3193 1788 anathema
3215 1739 3282 1789 ab
3304 1753 3516 1792 excom-

1956 1801 2313 1855 municatione
2357 1815 2514 1870 supra
2551 1805 2813 1870 explicata
2860 1803 3165 1855 evincitur:
3198 1822 3215 1854 ι
3263 1805 3331 1860 Ut
3360 1823 3514 1862 nemo

1956 1870 2324 1937 episcoporum
2363 1871 2652 1936 quemlibet
2685 1872 2800 1924 sine
2830 1878 2976 1923 certa
3019 1881 3074 1924 ct
3098 1872 3375 1928 manifesta
3392 1890 3515 1937 pec-

3421 1960 3516 1996 ιιτιο

1963 2008 2140 2059 thema
2183 2016 2360 2060 autem
2391 2007 2507 2076 sine
2532 2005 2795 2062 consensu
2822 2005 3207 2076 archiepiseOpi
3255 2019 3349 2064 aut
3394 2028 3515 2066 cor-

1961 2077 2314 2153 piseoporum,
2344 2075 2753 2153 przelataetiam
2797 2089 2984 2153 evang:
3000 2075 3112 2153 lica_
3137 2075 3511 2153 admonitione,

1961 2143 2091 2194 nulli
2117 2143 2435 2209 imponatur,
2480 2144 2582 2196 nisi
2631 2145 2770 2197 unde
2797 2143 3051 2198 canonica
3081 2145 3235 2199 docet
3283 2153 3516 2202 auctori-

1961 2219 2083 2264 tas:
2118 2213 2257 2282 quia
2285 2211 2564 2282 anathema
2612 2220 2824 2282 aeterna;
2872 2212 3058 2282 mortis
3101 2221 3182 2266 est
3226 2215 3513 2282 damnatio,

1957 2286 2013 2348 et
2069 2293 2173 2332 non
2207 2279 2307 2332 nisi
2341 2293 2438 2347 pro
2486 2280 2694 2332 mortali
2739 2280 2893 2333 debet
2923 2279 3141 2348 imponi
3178 2283 3420 2348 crimine,
3461 2279 3516 2337 et

1959 2347 2036 2429 illi
2079 2347 2172 2429 qui
2212 2348 2367 2429 aliter
2395 2348 2764 2429 nonpo‘tueri't‘
2794 2347 3068 2429 corrigi.)
3101 2347 3154 2429 In
3186 2353 3515 2429 synodoau-

1960 2425 2067 2488 tem
2094 2415 2352 2488 Yernensi
2380 2429 2468 2468 an.
2507 2415 2630 2488 755ἶ
2657 2434 2704 2472 c.
2733 2418 2786 2478 9,
2813 2416 3108 2485 explicatur
3142 2415 3298 2472 latius
3320 2423 3512 2488 quibus

1958 2484 2232 2538 beneﬂciis
2273 2485 2512 2552 privetur
2543 2486 2634 2551 qui
2689 2493 2788 2540 hac
2811 2484 3036 2540 censura
3079 2484 3509 2544 meruerit’feriri

1958 2552 2025 2606 ab
2049 2552 2283 2616 Ecclesia
2315 2565 2329 2602 :
2366 2569 2384 2601 ι
2424 2553 2490 2606 Et
2519 2562 2578 2604 ut
2610 2555 2794 2607 sciatis
2817 2554 2990 2620 qualis
3023 2555 3092 2606 sit
3124 2558 3311 2611 modus
3358 2559 3514 2612 istius

1957 2621 2518 2676 excommunicationis
2546 2633 2561 2671 :
2600 2620 2652 2674 in
2677 2622 2957 2676 ecclesiam
2980 2637 3082 2674 non
3111 2626 3265 2678 debet
3287 2627 3508 2685 intrare.

1958 2704 2057 2743 nec
2081 2705 2202 2758 cum
2227 2689 2332 2742 ullo
2367 2687 2671 2743 Christiano
2709 2690 2884 2744 cibum
2918 2691 2998 2744 vel
3033 2699 3213 2758 potum
3261 2708 3508 2758 sumere:

1957 2772 2057 2826 nec
2088 2756 2205 2826 ejus
2233 2773 2451 2812 munera
2479 2757 2756 2826 quisquam
2788 2755 3230 2826 accipere—debet,
3260 2761 3340 2815 vel
3359 2755 3515 2817 oscu-

1957 2825 2066 2898 lum
2086 2825 2356 2895 porrigere
2394 2827 2567 2888 debet,
2594 2825 2689 2898 nec
2718 2829 2772 2898 in
2795 2825 3037 2898 oratione
3063 2843 3122 2898 sc
3138 2827 3379 2898 jungcrc,
3417 2848 3513 2885 nec

1956 2894 2209 2958 salutare,
2245 2894 2538 2962 antequam
2583 2895 2650 2947 ab
2695 2897 2940 2962 episcopo
2994 2894 3151 2949 fuerit
3205 2894 3512 2954 reconcilia-

1957 2972 2060 3015 tus.
2109 2964 2137 3013 ι’
2159 2963 2360 3017 Causas
2387 2962 2547 3030 hujus
2565 2966 3151 3028 excommunicationis,
3179 2967 3312 3020 ritus
3342 2984 3511 3023 caere-

1957 3033 2266 3101 moniasque
2312 3042 2366 3086 et
2416 3031 2764 3101 absolutionis
2802 3032 3028 3101 formam
3084 3035 3222 3101 apud
3263 3036 3514 3093 Ilebmos

1957 3101 2002 3152 si
2035 3101 2115 3155 vis
2149 3098 2304 3163 scire,
2354 3101 2473 3154 vide
2519 3100 2802 3155 Scldcnum
2829 3101 2892 3155 de
2943 3098 3070 3154 Jure
3111 3098 3231 3154 Nat.
3267 3111 3321 3157 ct
3353 3105 3508 3159 (ient.

1950 3167 2102 3236 juxta
2139 3169 2402 3241 disciplin.
2444 3169 2630 3230 Ilebr.,
2664 3169 2756 3224 lib.
2791 3185 2863 3233 iv,
2894 3184 3016 3241 cap.
3039 3169 3072 3223 8
3101 3179 3156 3241 et
3201 3187 3364 3241 seqq:
3401 3173 3512 3228 IIOe

1958 3246 2137 3291 autem
2187 3238 2398 3291 vinculo
2423 3251 2516 3291 eos
2546 3246 2750 3290 tantum
2796 3239 3019 3305 astringi
3075 3238 3292 3293 volebat
3315 3238 3512 3296 'Pauli-

1959 3321 2080 3370 nus,
2127 3308 2219 3375 qui
2261 3305 2680 3374 prmvaricationi
2729 3307 3116 3361 contumaciam
3165 3308 3508 3364 addidissent.

1958 3375 2223 3498 Exi;ng
2244 3375 2385 3428 enim
2409 3375 2641 3429 remedia
2678 3375 3044 3430 tantummodo
3065 3378 3320 3448 extremis
3355 3379 3510 3453 malis

1959 3460 1990 3496 a
2069 3460 2082 3496 ι
2123 3459 2188 3497 en
2228 3457 2277 3496 a.

1959 3444 2277 3497 adhibenda.
3311 3442 3320 3448 ‘
3458 3442 3470 3453 '

2025 3532 2115 3586 IX.
2179 3533 2466 3603 Suspensio
2517 3543 2696 3587 autem
2761 3548 2853 3587 seu
2901 3534 3190 3603 depositio,
3246 3551 3366 3602 qua:
3423 3538 3511 3593 hic

1958 3601 2175 3673 honoris
2224 3601 2526 3656 amissionis
2553 3603 2766 3657 nomine
2798 3601 3041 3673 veniunt,
3074 3601 3298 3673 leviores
3339 3619 3511 3673 pugna:

1957 3671 2173 3740 levioris
2221 3686 2432 3740 quoque
2484 3681 2688 3724 reatum
2745 3670 2913 3738 culpa:
2961 3670 3356 3738 praescferunt.‘
3384 3672 3510 3738 Qua:

1959 3739 2174 3809 honoris
2226 3739 2442 3809 amiSsio
2501 3740 2768 3806 quomodo
2821 3740 2892 3809 sit
2947 3740 3252 3809 accipienda
3313 3741 3509 3796 dictum

1956 3805 2443 3887 est'jan'isupra‘in
2474 3805 2581 3860 not.
2622 3810 2688 3861 ad
2711 3823 2829 3860 can.
2862 3808 2912 3887 ξι,
2952 3805 3106 3874 hujus
3134 3809 3366 3887 concilii.

2027 3875 2091 3928 Χ.
2128 3876 2224 3929 IIic
2269 3874 2323 3929 in
2366 3876 2470 3928 line
2496 3891 2658 3930 unum
2687 3874 2974 3928 notandum
2998 3887 3258 3944 superest,
3284 3880 3382 3930 has
3399 3879 3508 3931 sive

1955 3944 2540 4006 excommunicationis,
2571 3946 2682 3998 sive
2709 3945 3082 4006 anathematis,
3130 3946 3241 3997 sive
3292 3945 3510 3999 honoris

1957 4013 2258 4066 omissionis
2279 4029 2531 4068 censuras
2567 4029 2672 4066 non
2709 4011 2842 4082 latas
2873 4027 2989 4065 esse
3029 4027 3058 4065 a
3087 4013 3308 4066 Paulino
3337 4022 3392 4066 ct
3423 4029 3504 4082 sy-

1957 4083 2093 4134 nodo
2136 4082 2504 4148 Forojuliensi,
2533 4089 2591 4134 ut
2637 4083 2747 4149 ipso
2782 4081 2920 4134 facto
2969 4095 3116 4134 reum
3173 4081 3506 4144 innodarent,

1956 4149 2048 4203 sed
2077 4152 2176 4204 sub
2214 4151 2624 4204 comminatione
2664 4151 2894 4203 ferenda:
2927 4149 3418 4203 condemnationis:
3455 4152 3507 4204 id

1955 4228 2036 4270 cst
2071 4233 2177 4271 non
2203 4219 2322 4272 lata:
2350 4219 2595 4285 (formula
2635 4229 2756 4270 utar
2791 4218 3223 4274 scholasticorum
3254 4227 3307 4270 et
3343 4232 3506 4271 cano-

1956 4288 2257 4357 nistarum),
2305 4289 2398 4341 sed
2429 4287 2655 4340 ferendae
2680 4286 2973 4357 sementim,
3016 4294 3074 4357 ut
3118 4287 3362 4357 indicant
3401 4296 3505 4338 ter-

1955 4356 2084 4434 [nini
2133 4353 2547 4434 ἱῐὶίἐοιθιοςεαιιιζ3
2592 4355 2864 4433 mli/mur,
2914 4356 3208 4434 vinciatur"
3239 4353 3502 4434 evol’iatur.

1956 4422 2152 4476 Verum
2192 4425 2472 4478 concilium
2508 4423 2810 4476 I’arasiense
2858 4439 2930 4483 vi,
2978 4423 3068 4476 lib.
3118 4439 3156 4484 ι,
3191 4421 3253 4476 'c.
3295 4421 3377 4482 46,
3412 4437 3504 4476 eos

1953 4493 2045 4558 qui
2093 4491 2353 4546 accedunt
2401 4492 2469 4543 ad
2521 4492 2825 4542 devotarum
2857 4492 3113 4543 asccteria
3160 4491 3500 4551 feminarum,

1956 4562 2245 4615 monachos
2281 4559 2760 4624 clericosque'latze
2809 4559 3100 4616 sententim,
3153 4567 3210 4611 ut
3248 4558 3400 4611 nobis
3427 4559 3505 4609 vi-

1952 4628 2128 4692 detur,
2165 4627 2710 4683 excommunicatione
2745 4625 2847 4694 91
2873 4626 3133 4679 multavit.
3168 4645 3186 4676 ι
3223 4627 3504 4695 Transgre-

1949 4698 2178 4750 dicntem
2224 4713 2366 4758 vero,
2423 4698 2611 4765 inquit,
2672 4697 2807 4749 hanc
2855 4696 3502 4765 dctitnitioxicninostrani

1947 4768 2462 4820 excommunicatum
2496 4763 2626 4818 esse
2673 4763 3021 4816 decrevimus.
3080 4783 3098 4812 ι
3161 4763 3340 4815 Videat
3391 4763 3501 4814 Van

1947 4832 2144 4903 Espen,
2186 4834 2274 4902 qui
2323 4843 2462 4902 part.
2503 4849 2560 4885 ιιι
2598 4831 2740 4903 Iuris
2782 4834 3024 4903 ccclcs.,_
3049 4833 3131 4903 tit.
3167 4847 3240 4893 XI,
3291 4844 3406 4899 cap.
3447 4830 3499 4888 6.

1948 4899 2122 4966 ".19,
2150 4899 2243 4971 per
2263 4899 2443 4956 deeem
2477 4900 2689 4971 smcula
2722 4900 2954 4967 ignotam
3000 4899 3162 4954 fuisse
3197 4913 3501 4971 cxcommn-

1948 4966 2264 5025 nicationem
2314 4971 2432 5024 lata:
2470 4966 3067 5031 sentcntirc’asscvcrat,
3099 4984 3223 5021 nttm
3271 4968 3384 5020 haec
3431 4966 3500 5019 sit

1949 5040 2264 5106 hujusmodi.

2377 5150 2580 5206 NOTAE
2624 5149 2687 5203 IN
2732 5147 2882 5202 CAN.
2934 5147 3042 5202 XII.

2020 5299 2042 5325 ι
2086 5284 2246 5348 Quem
2272 5299 2466 5336 morum
2495 5282 2715 5350 gravitas
2738 5289 2906 5334 ornat.
2940 5279 3182 5350 Excludit
3214 5279 3313 5350 hac
3339 5279 3496 5347 phra-

1949 5355 2026 5416 si,
2054 5347 2171 5421 qme
2215 5352 2426 5419 quidem
2457 5347 2579 5421 vere
2612 5349 2912 5421 Latina__est
2940 5359 2993 5421 et
3037 5347 3496 5421 optima,_jnvenes

1949 5414 2282 5490 ephebosqtie
2334 5429 2387 5490 et
2417 5420 2698 5490 imberbes,
2726 5419 2923 5490 quibus
2966 5414 3156 5490 levitas
3192 5414 3272 5467 vel
3315 5416 3497 5490 inoon-

1950 5482 2141 5544 siantia
2185 5482 2455 5542 tribuitur.
2487 5487 2670 5541 Cicero
2725 5482 2776 5537 in
2813 5485 3011 5539 Catone
3053 5482 3288 5549 Najore:
3328 5500 3347 5534 ι
3384 5484 3494 5552 Ego

1951 5563 2013 5626 ρ.
2052 5557 2354 5619 Maximum,
2397 5570 2530 5626 cum
2577 5555 2664 5621 qui
2702 5553 2987 5626 Tarentum
3037 5552 3491 5626 rcbepit,___senem

1951 5620 2256 5681 adolescens
2272 5627 2340 5678 ita
2357 5623 2514 5676 dilexi
2538 5620 2859 5691 utarqnalem
2877 5639 2890 5681 ;
2911 5629 3023 5691 erat
3045 5621 3181 5673 enim
3202 5621 3249 5691 in
3269 5621 3356 5673 illo
3381 5620 3494 5691 viro

1952 5695 2201 5750 comitate
2227 5694 2434 5746 condita
2468 5688 2708 5758 gravitas.
2741 5712 2757 5741 ο
2793 5692 2855 5742 lit
2878 5690 3008 5741 infra
3037 5705 3049 5739 :
3074 5707 3092 5738 ι
3124 5690 3324 5758 Cuique
3352 5688 3491 5754 parii

1951 5764 2091 5819 rotati
2119 5757 2499 5832 tempestivitas
2520 5762 2769 5832 estdata.
2800 5758 2866 5812 Ut
2892 5757 3032 5811 enim
3063 5757 3340 5832 infirmitas
3360 5765 3490 5822 pue-

1955 5848 2133 5888 rorum
2168 5827 2244 5886 est
2271 5871 2284 5894 ,
2337 5830 2582 5884 ferocitas
2602 5829 2853 5895 iuvenum
2879 5865 2894 5888 ,
2935 5827 3165 5894 gravitas
3207 5827 3315 5890 jam
3368 5839 3492 5878 con-
