4174 6430
710 405 807 458 3ἶῖ

1612 410 1667 463 S.
1712 407 1980 493 PAL'LlNl
2020 409 2473 465 l’ATRIARCllJE
2512 410 2983 478 AQL'lLElE-NSIS

713 529 996 582 verumque
1021 515 1284 568 hominem
1315 527 1573 569 veraciter
1608 518 1673 570 de
1711 517 1911 583 Spiritu
1941 510 2156 582 sancto,
2201 526 2254 572 et
2286 529 2326 584 Α
2359 520 2622 573 roborata.
2656 520 2853 574 Ductor
2886 522 2972 577 illa
3014 522 3267 576 nimirum
3294 538 3410 591 quae
3450 534 3545 577 aut
3580 524 3785 579 nullius
3813 540 3934 580 esse

711 606 872 659 Maria
904 604 1103 670 virgine
1130 614 1336 667 natum,
1378 621 1539 658 unum
1580 607 1929 676 emndeznqne
1960 606 2122 660 Dcu'm
2147 648 2161 669 ,
2208 617 2261 662 et

714 694 1002 755 hominem,
1027 694 1569 762 unum,eumdemque
1596 695 1688 747 Dei
1715 696 2048 763 hominisque
2069 695 2258 748 Filium

710 797 775 834 ex
820 789 1071 849 utraque,
1111 790 1166 834 et
1206 781 1256 833 in
1288 790 1510 850 utraque
1541 790 1729 836 natura
1760 799 1942 844 unum,
1979 799 2081 837 non
2131 785 2261 837 duos

718 873 889 925 Deos:
923 884 1020 925 nec
1043 853 1195 934 duos,
1232 871 1322 925 sed
1352 888 1514 925 unum
1551 872 1589 924 F
1595 873 1741 925 ilium
1773 873 1885 936 Dei,
1916 873 2021 925 vita
2052 874 2181 925 vivit
2206 883 2261 926 et

709 975 811 1012 non
845 961 1117 1013 morietur.
1147 960 1208 1015 Si
1241 961 1550 1024 credideris,
1585 962 1658 1013 ait
1678 960 1979 1029 Apostolus,
2016 964 2071 1014 in
2110 963 2261 1015 corde

708 1059 796 1101 tuo
822 1048 1095 1101 Dominum
1122 1049 1300 1103 Jesnm
1339 1048 1617 1113 Christum,
1650 1061 1698 1105 et
1739 1068 1827 1105 ore
1869 1062 1957 1106 tuo
1998 1052 2260 1121 confessus

709 1138 868 1206 fueris
889 1138 1026 1207 quod
1049 1137 1189 1191 Deus
1212 1128 1472 1192 suscitavit
1498 1156 1615 1192 eum
1637 1157 1668 1192 a
1695 1142 1909 1194 mortuis
1928 1182 1942 1205 ,
1968 1141 2139 1195 saluus
2158 1144 2259 1195 eris

706 1224 882 1295 (Rom.
918 1241 971 1289 ιι,
1002 1224 1077 1295 9).
1108 1225 1208 1291 Qui
1230 1241 1355 1279 vero
1376 1227 1569 1281 biberit
1594 1242 1659 1282 ex
1687 1221 1843 1296 hu’jus
1865 1229 2153 1298 Scriptura:
2179 1246 2263 1286 ea-

706 1311 808 1367 liee
831 1328 924 1367 ore
947 1313 1167 1382 perﬁdo,
1196 1316 1355 1370 corde
1393 1318 1640 1383 pessimo,
1673 1328 1849 1372 mente
1891 1334 2169 1388 perversa,
2209 1329 2263 1375 et

705 1403 1122 1470 prarsumpserit,
1146 1403 1590 1470 quemadmodum
1613 1406 1893 1461 haereticus
1920 1408 2034 1469 iste,
2058 1407 2262 1476 perﬁda

704 1503 832 1544 voce
853 1492 1056 1559 garrire
1080 1492 1360 1546 Dominum
1383 1503 1622 1549 nostrum
1642 1495 1823 1550 Jesum
1846 1496 2113 1551 Christum
2140 1514 2261 1566 pro-

704 1585 822 1647 pter
848 1594 1093 1648 magnum
1140 1580 1355 1648 pietatis
1397 1591 1812 1649 sacramentum,
1841 1588 2258 1654 nuncupativum

706 1669 872 1722 Deum
899 1678 948 1722 et
982 1670 1286 1737 adoptivum
1333 1670 1517 1738 ﬁlium,
1549 1673 1634 1728 hic
1669 1683 1839 1730 morte
1882 1677 2174 1744 morietur,
2208 1686 2263 1734 et

704 1776 809 1813 non
840 1761 993 1813 vivit.

2361 609 2629 670 momenti,
2664 620 2747 663 aut
2788 611 2851 663 ad
2893 612 3027 663 hanc
3074 626 3182 665 rem
3218 613 3636 667 .comcnientius
3660 616 3935 682 pertinere

2361 711 2465 747 non
2496 697 2756 759 videntur,
2793 705 2846 749 et
2882 698 3077 752 ideirco
3114 707 3294 751 nostro
3332 713 3390 752 se
3434 701 3748 756 refutabant
3782 701 3939 756 facil-

2361 779 2483 834 lime
2506 783 2641 851 style
2668 784 3022 851 suscipienda.
3079 824 3109 838 κ
3882 840 3893 843 -

2428 868 2664 935 Denique
2705 871 2804 924 etsi
2855 886 2957 924 non
3003 874 3285 939 pretiosis,
3337 875 3464 943 quia
3510 891 3617 930 non
3652 879 3878 931 mundis
3908 896 3936 929 ιι

2359 954 2515 1007 sorde
2542 957 2744 1022 peccati
2767 957 3028 1021 manilius,
3053 960 3117 1013 de
3135 961 3301 1015 sacris
3326 956 3501 1017 tamen
3520 965 3767 1033 pretiosa
3789 964 3940 1019 Scri-

2358 1050 2635 1110 pturarum
2680 1045 2942 1099 thesauris
2987 1048 3145 1101 trium
3194 1050 3382 1103 horum
3427 1052 3607 1106 oblata
3667 1052 3940 1107 librorum

2360 1132 2668 1185 munuscula
2704 1133 2730 1171 ιι
2760 1141 2881 1186 ante
2910 1148 3144 1203 praesepe
3169 1136 3377 1190 Domini
3404 1140 3505 1192 mei
3537 1138 3698 1207 pleno
3729 1142 3942 1210 suppli-

2360 1217 2515 1285 cique
2541 1217 2732 1273 olferrc
2758 1223 2917 1273 corde
2940 1222 3136 1288 optime
3150 1222 3383 1289 judicavi
3411 1242 3424 1277 :
3449 1223 3603 1291 juxta
3634 1226 3770 1281 illud
3792 1228 3942 1295 quod

2361 1306 2568 1359 Domini
2603 1308 2717 1378 lege
2748 1319 2998 1364 cavetur.
3044 1312 3165 1365 Non
3192 1316 3459 1384 apparebis
3488 1326 3565 1369 ter
3589 1318 3644 1370 in
3670 1334 3819 1372 anno
3847 1336 3943 1373 ea—

2362 1412 2488 1448 cuus
2526 1398 2578 1449 in
2608 1409 2875 1467 conspectu
2921 1400 3129 1454 Domini
3169 1402 3267 1456 Dei
3308 1406 3386 1457 tui
3414 1405 3601 1473 (Deut.
3649 1424 3739 1462 xvi
3763 1449 3780 1473 ,
3814 1408 3939 1479 l6).

2361 1484 2586 1553 Ideoque
2630 1487 2899 1556 indignum
2930 1489 3054 1543 duxi
3084 1502 3164 1544 ter
3202 1493 3253 1546 in
3282 1494 3381 1549 hoc
3410 1510 3593 1556 anno,
3634 1499 3727 1567 qui
3760 1507 3943 1552 totum

2361 1576 2638 1642 prmsentis
2684 1578 2804 1629 vine
2855 1580 3027 1647 typiec
3081 1588 3284 1649 tempus
3315 1585 3589 1652 designat,
3632 1602 3851 1641 vacuus
3889 1590 3943 1641 in

2361 1674 2649 1733 conspectu
2694 1667 2900 1720 Domini
2933 1670 3034 1721 mei
3072 1683 3346 1739 apparere.
3397 1671 3453 1725 ln
3502 1673 3604 1730 hoc
3634 1676 3851 1745 utique,
3885 1688 3945 1730 ut

2361 1755 2570 1825 planius
2598 1756 2790 1817 dicam,
2820 1758 3157 1813 conscientiae
3184 1775 3314 1815 mem
3358 1777 3518 1828 anno,
3552 1766 3643 1833 qui
3678 1783 3779 1835 per
3807 1782 3947 1836 qna-

769 1847 935 1917 [gimr
951 1849 1314 1905 saluberrimis
1336 1853 1720 1914 νεηει-ηωιίυηι
1748 1855 2093 1912 imitantibus
2118 1858 2257 1912 nuc.
2287 1847 2333 1905 Β
2362 1853 2483 1900 tuor
2507 1847 2803 1901 cardinales
2831 1849 3081 1909 virtutes,
3122 1851 3174 1903 id
3194 1859 3304 1906 'est
3330 1854 3689 1935 prudentiam,
3725 1867 3945 1927 tempe-

700 1950 881 1988 rarum
910 1945 1205 1992 vestrarum
1233 1940 1486 2008 imperiis,
1512 1952 1774 2010 quatenus
1796 1943 1950 2010 juxta
1983 1948 2263 2014 parvitatis

703 2039 835 2078 mea:
880 2025 1316 2095 intelligentiam,
1354 2028 1474 2084 licet
1518 2032 1768 2101 pigrioris
1811 2033 2007 2101 ingenii
2039 2036 2265 2091 obsistat

702 2112 1069 2180 possibilitatis
1098 2114 1322 2170 facultas
1342 2158 1354 2182 ,
1404 2120 1638 2193 scribere
1665 2128 1841 2177 tamen
1869 2139 1988 2193 qua:
2018 2141 2103 2179 me
2132 2141 2263 2181 con-

702 2201 857 2269 tingit
885 2215 979 2270 pro
1008 2218 1167 2258 causa
1205 2205 1325 2258 fidei
1367 2191 1551 2261 contra
1585 2191 1900 2277 pestilentes
1932 2216 2082 2281 pravi
2122 2232 2266 2271 com-

607 2320 611 2324 -
697 2290 862 2342 menti
890 2289 1216 2357 objectiones
1243 2294 1594 2363 qualicunque
1627 2314 1729 2351 non
1760 2291 1925 2355 renuo
1950 2304 2107 2372 stylo.
2143 2304 2265 2359 Scio

699 2378 840 2430 enim
870 2379 957 2446 qui
989 2380 1152 2432 dixit:
1190 2382 1343 2449 Aperi
1363 2401 1416 2436 os
1441 2395 1609 2450 tuum,
1634 2398 1679 2439 et
1708 2405 1799 2458 ego
1824 2391 2111 2461 adimplebo
2132 2394 2263 2448 illud

701 2466 874 2537 (Psal.
905 2485 1063 2532 Lux,
1094 2470 1168 2539 9).
1203 2472 1472 2539 Suspicari
1504 2474 1733 2544 denique
1763 2480 2054 2547 probabilia
2083 2498 2263 2537 rerum

696 2566 1017 2627 extorquent
1037 2557 1256 2626 judicia,
1281 2562 1384 2616 alio
1412 2563 1548 2619 forte
1574 2574 1831 2635 tempore,
1855 2578 1943 2622 aut
1963 2586 2058 2638 per
2076 2580 2267 2626 semet-

699 2645 894 2717 ipsum,
923 2649 965 2701 si
992 2649 1096 2701 vita
1126 2664 1305 2704 comes
1334 2649 1515 2714 fuerit,
1564 2662 1655 2706 aut
1684 2670 1779 2722 per
1807 2657 2092 2723 eomplices
2118 2672 2261 2723 suos,

703 2736 746 2788 si
777 2736 886 2803 ipse
913 2738 978 2790 ab
1002 2737 1099 2791 hac
1125 2736 1397 2803 luccjnsto
1418 2740 1510 2794 Dei
1540 2740 1699 2796 fuerit
1722 2735 2029 2800 subtractus
2041 2731 2259 2815 judiciti,

704 2824 864 2892 hujus
903 2826 1154 2879 nimirum
1194 2826 1469 2881 virulenta:
1517 2830 1698 2899 stirpis
1744 2832 1988 2888 fruticem
2034 2836 2267 2891 redivivo

700 2914 885 2967 conari
918 2913 1204 2968 ramnifero
1229 2930 1408 2970 serere
1439 2918 1491 2970 in
1517 2920 1745 2989 virgulto
1768 2922 1817 2991 (1
1837 2922 1873 2973 ν
1896 2923 2022 2993 Reg.
2053 2940 2125 2987 iv,
2156 2926 2262 2996 16).

666 3072 671 3077 ἡ
705 3002 856 3055 Unde
885 3011 935 3055 et
965 3003 1115 3072 culpa
1149 3020 1372 3060 morosa:
1414 3007 1684 3063 dilationis
1723 3012 1772 3063 in
1820 3014 2264 3079 respondendum,

701 3090 952 3166 quoniam
978 3109 1042 3150 ex
1067 3107 1225 3151 causa
1249 3095 1474 3170 contigit
1501 3100 1803 3153 necessario
1830 3101 2155 3162 interventu:
2190 3104 2266 3165 id-

2363 1938 2613 2002 rantiam,
2644 1936 3006 1990 fortitudinem
3028 1946 3081 1992 et
3098 1938 3381 2006 justitiam,
3405 1943 3558 2009 quasi
3583 1958 3678 2011 per
3702 1956 3948 2013 quatuor

2363 2026 2634 2079 redeuntia
2658 2025 2708 2078 in
2737 2041 2853 2079 sese
2884 2027 3078 2079 revolvi
3102 2035 3335 2096 tempora
3360 2041 3703 2100 supputatur.
3727 2035 3894 2103 Quip;
3915 2054 3947 2090 e

2361 2130 2459 2183 per
2479 2117 2713 2184 quinque
2738 2117 3032 2171 exteriores
3050 2121 3289 2186 corporis
3312 2136 3522 2183 sensus,
3550 2124 3641 2191 qui
3671 2124 3721 2176 in
3755 2139 3821 2179 se
3848 2126 3949 2179 du-

2365 2206 2435 2259 cti
2461 2205 2663 2259 denarii
2699 2207 2903 2259 numeri
2931 2222 3135 2260 summa
3167 2205 3370 2279 [For-te,
3402 2209 3692 2283 summam]
3716 2215 3945 2267 conclu-

2365 2294 2495 2348 dunt
2522 2312 2535 2359 ;
2580 2295 2771 2361 quibus
2805 2295 2998 2348 additis
3026 2295 3249 2359 duobus,
3274 2297 3374 2352 hoc
3401 2306 3484 2352 cst
3508 2296 3703 2354 auiune
3732 2302 3948 2356 carius—

2364 2396 2466 2449 que
2494 2383 2789 2436 substantia
2812 2423 2825 2446 ,
2859 2382 3164 2437 efﬁciuntur
3208 2384 3364 2439 simul
3409 2387 3791 2453 duodecimus,
3828 2401 3946 2444 tan-

2364 2486 2526 2538 quam
2570 2486 2664 2540 per
2708 2474 2984 2529 duodecim
3028 2476 3291 2530 mensium
3342 2462 3676 2535 differentias
3722 2482 3945 2537 lunares

2367 2560 2602 2613 vicissim
2637 2564 2831 2629 smpius
2859 2563 3124 2617 redivivos
3151 2564 3379 2631 explicat
3407 2582 3618 2621 cursus.
3652 2570 3745 2624 llis
3777 2573 3943 2625 etiam

2367 2649 2685 2715 adjiciuntur
2716 2660 2824 2705 tres
2860 2652 3175 2705 naturalium
3216 2669 3420 2708 morum
3443 2656 3773 2725 principales
3800 2658 3934 2714 effe-

2366 2749 2504 2804 ctus,
2536 2742 2743 2805 cordis,
2796 2743 3012 2804 animae,
3067 2744 3299 2799 mentis:
3339 2755 3396 2798 ut
3435 2756 3515 2798 est
3546 2746 3697 2812 illud,
3736 2764 3810 2803 ea:
3838 2763 3943 2802 ιοιο

2367 2830 2520 2883 corde
2564 2840 2673 2893 tuo,
2705 2848 2767 2884 cr
2809 2842 2914 2884 tota
2952 2835 3124 2885 anima
3161 2844 3271 2898 tua,
3317 2847 3360 2888 el
3390 2852 3455 2888 ea:
3483 2847 3592 2889 tota
3635 2826 3823 2892 mente~
3853 2852 3943 2892 tua

2369 2918 2557 2987 (.ilm'c.
2594 2936 2689 2984 xu,
2719 2918 2828 2989 ὅθι).
2862 2919 2964 2972 l'er
2986 2935 3121 2987 quos
3157 2923 3499 2977 centenarius
3525 2933 3611 2978 ter
3635 2925 3847 2983 ductus,
3865 2937 3944 2980 ter

2367 3008 2655 3061 centenarii
2688 3010 2894 3062 numeri
2918 3008 3140 3079 figuram
3166 3012 3419 3083 depingit.
3446 3014 3943 3078 QuibuS'uimirum

2369 3106 2754 3158 connectuntur
2781 3117 2871 3158 sex
2901 3101 3130 3158 morales
3154 3110 3368 3158 relatum
3395 3104 3780 3163 distinctiones
3813 3118 3862 3173 ε.
3894 3112 3943 3161 id

697 3189 842 3243 circo
869 3190 1253 3260 impetrandam
1280 3197 1447 3251 venia:
1478 3189 1723 3253 ﬁduciam
1758 3215 1864 3255 non
1893 3203 2208 3258 titubabitur
2234 3218 2257 3244 α

2364 3205 2443 3249 cst
2463 3193 2705 3258 infantia,
2723 3195 2972 3263 pueritia,
2990 3202 3039 3247 et
3062 3203 3282 3249 caetera:
3309 3196 3399 3264 qui
3421 3195 3598 3265 sexies
3624 3212 3724 3264 per
3748 3198 3938 3252 decem

700 3295 822 3348 spes
870 3285 1161 3350 postulanti
1216 3288 1550 3357 negligentia:
1596 3291 1661 3344 de
1710 3298 1923 3360 torpore
1984 3293 2259 3349 frustrata.

697 3369 1014 3426 Przecavens
1043 3374 1202 3442 igitur
1231 3376 1283 3428 in
1316 3377 1550 3431 futurum
1575 3420 1589 3441 ,
1621 3394 1725 3435 non
1762 3383 1829 3435 ab
1857 3398 1912 3436 re
1950 3385 2130 3451 putavi
2170 3400 2265 3451 per

696 3455 1152 3527 singulaqumquc
1181 3476 1299 3528 qua:
1328 3464 1379 3515 in
1420 3464 1869 3535 qualibetcunque
1914 3467 2106 3521 litteris
2150 3468 2265 3536 ejus

697 3554 883 3599 contra
912 3549 1188 3604 catholica:
1214 3552 1334 3605 ﬁdei
1364 3555 1599 3623 regulam
1631 3556 1988 3624 inspiciuntur
2031 3558 2259 3621 inserta,

693 3644 750 3688 et
786 3637 1181 3707 Scripturarum
1211 3642 1495 3698 admodum
1531 3646 1868 3710 testimoniis,
1894 3655 1948 3701 et
1975 3649 2263 3704 rationabi-

693 3723 820 3779 liter
844 3726 1100 3780 duntaxat
1121 3728 1275 3795 juxta
1324 3730 1571 3787 humana:
1617 3735 1983 3801 possibilitatis
2027 3735 2263 3791 efﬁcien-

700 3813 829 3867 tiam
876 3816 1323 3885 disputationibus
1363 3820 1603 3875 obviare.
1652 3821 1707 3876 Si
1738 3838 1843 3892 qua
1882 3837 2008 3878 vero
2037 3826 2175 3878 bene
2206 3825 2261 3877 in

696 3899 780 3957 his
805 3903 1012 3973 prolata
1036 3905 1543 3974 habentur,‘nostris
1560 3912 1849 3982 persistant
1875 3915 2261 3969 assertionibus

764 4058 791 4118 ξ
829 4045 1297 4118 Νοηηιὲιιιὸςιὺὶιιιν
1316 4064 1447 4118 spes.
1479 4048 1572 4102 Est
1600 4048 1740 4102 idem
1774 4064 1835 4100 ac
1868 4049 2126 4102 titubabit.
2156 4047 2260 4102 Sed

692 4115 997 4184 huiusmodi
1040 4115 1163 4186 styli
1198 4115 1416 4186 vitiafne
1461 4126 1513 4172 te
1541 4125 1842 4179 morentur,
1882 4118 2007 4186 quia
2036 4118 2260 4171 Paulino

692 4182 828 4242 satis
851 4193 966 4240 erat
1006 4182 1069 4238 ad
1094 4182 1432 4240 intellectum
1458 4227 1472 4251 ,
1517 4201 1622 4241 non
1649 4187 1714 4241 ad
1752 4182 1992 4241 Latinam
2023 4188 2258 4257 regulam

696 4258 895 4312 dicere.
2141 4311 2146 4316 .

770 4328 798 4366 h
828 4324 1004 4395 Trium
1028 4324 1273 4395 librorum
1310 4323 1633 4395 munuscula
1657 4333 1775 4378 ante
1800 4341 2025 4395 prasepe
2052 4325 2259 4378 Domini

692 4397 799 4449 mei
837 4394 1039 4463 o/Ierre.
1086 4394 1321 4463 Respicit
1364 4391 1429 4446 ad
1462 4394 1560 4446 tria
1588 4391 1858 4464 Magorum
1898 4391 2118 4448 munera
2159 4395 2263 4447 Do-

704 4465 849 4513 mino
876 4464 1074 4513 oblata.
1101 4462 1286 4513 Matth.
1311 4480 1370 4513 ιι.
1401 4462 1485 4513 ll.

703 4465 849 4518 mino
876 4462 1074 4517 Oblata.
1101 4462 1286 4517 Matth.
1311 4480 1370 4526 ιι,
1401 4462 1485 4515 ll.
1680 4462 1696 4464 “

774 4543 796 4572 ο
829 4532 935 4587 Sea:
962 4542 1172 4586 artatnm
1200 4534 1567 4587 distinctiones.
1600 4531 1713 4585 Non
1736 4532 1971 4586 omnium
1998 4548 2100 4586 una
2140 4548 2255 4587 sen-

700 4602 883 4656 tentia.
903 4601 1223 4655 Censorinus
1246 4602 1311 4655 de
1331 4601 1422 4655 Die
1449 4601 1608 4654 natali
1632 4617 1680 4655 c.
1712 4601 1799 4665 Η,
1828 4602 1920 4666 ait,
1955 4620 1973 4651 ι
1996 4603 2255 4657 Varonem

699 4673 933 4740 quinque
955 4671 1128 4724 aetatis
1153 4670 1346 4740 gradus
1374 4670 1645 4736 aequaliter
1667 4680 1854 4738 putare
1877 4686 1993 4725 esse
2022 4672 2253 4735 divisos;

703 4738 1129 4808 unumquemque
1164 4738 1381 4794 scilicet
1422 4748 1615 4808 printer
1654 4748 1949 4794 extremum
1996 4741 2047 4794 in
2090 4755 2257 4794 annos

706 4811 789 4865 l5.
820 4827 840 4860 ι
880 4806 1176 4862 Macrobius
1206 4810 1258 4862 in
1305 4806 1789 4878 SomnaScipionis
1830 4825 1925 4877 pro
1956 4810 2256 4878 septenario

704 4889 830 4935 stat.
862 4877 948 4931 Ait
973 4878 1113 4932 enim
1149 4878 1240 4932 lib.
1272 4895 1310 4941 ι,
1339 4890 1454 4944 cap.
1484 4874 1551 4929 6:
1600 4874 1627 4928 ι’
1649 4877 1745 4930 llic
1770 4874 1850 4931 est
1877 4874 2155 4943 numerus,
2205 4879 2256 4932 id

702 4958 782 5003 est
810 4947 1159 5016 septenarius,
1188 4947 1275 5014 qui
1302 4947 1569 5000 hominem
1595 4946 1820 5015 concipi,
1854 4944 2099 5011 formari,
2148 4949 2253 5011 edi,

700 5020 900 5080 vivere,
927 5017 1017 5081 ali,
1047 5032 1111 5070 ac
1134 5019 1225 5085 per
1256 5030 1439 5069 omnes
1460 5023 1673 5086 aetatum
1710 5016 1904 5086 gradus
1941 5016 2077 5068 tradi
2108 5031 2257 5086 sene-

699 5096 825 5151 clm,
856 5093 1015 5153 atque
1040 5083 1255 5140 omnino
1285 5091 1528 5153 constare
1557 5083 1700 5138 facit.
1717 5083 1752 5137 3
1787 5085 1916 5139 Vide
1942 5086 2054 5139 hcce
2084 5086 2153 5139 ibi
2178 5084 2257 5137 fu-

654 5208 657 5213 ,
702 5157 813 5211 sius
862 5151 1158 5221 explanata.
1208 5154 1373 5221 Apud
1409 5151 1684 5208 Philonem
1732 5153 2001 5218 Judaeum,
2059 5154 2151 5209 lib.
2194 5155 2258 5208 de

702 5223 884 5280 mundi
910 5220 1149 5292 ‘Opiﬁeio
1168 5263 1185 5293 ,ί
1230 5220 1575 5293 Hippocrates
1605 5230 1804 5291 scptem
1832 5239 2041 5293 quoque
2063 5223 2258 5293 gradus

695 5293 873 5363 uitatis
915 5293 1144 5363 hominis
1169 5292 1309 5363 facit.
1334 5292 1512 5363 Solon
1540 5300 1715 5363 autem
1739 5293 1941 5363 decem,
1981 5294 2131 5363 cujus
2161 5292 2259 5347 ibi-

703 5365 822 5417 dem
842 5361 995 5417 Philo
1017 5362 1207 5417 recitat
1229 5362 1448 5430 elegiam
1478 5362 1612 5414 hanc
1633 5360 1969 5430 partitionem
1989 5360 2259 5417 continen-

700 5443 831 5485 tem.
884 5431 1112 5485 Sanctus
1140 5429 1468 5494 Ambrdsius,
1511 5432 1665 5499 epist.
1706 5429 1796 5493 ll,
1828 5431 2011 5485 classis
2052 5434 2096 5494 l,
2127 5434 2253 5486 edit.

704 5501 926 5565 noviss.,
963 5515 1025 5553 ex
1049 5499 1382 5569 Hippocratis
1408 5501 1667 5569 sententia
1699 5515 1795 5569 pro
1826 5502 2149 5569 septempliei
2181 5502 2258 5554 di-

706 5572 909 5625 visione
943 5569 1012 5637 ita
1049 5567 1347 5623 concludit:
1389 5585 1406 5619 ι
1434 5568 1529 5622 Est
1567 5567 1901 5637 ergo'infans,
1935 5567 2085 5637 puer,
2134 5572 2259 5624 ado—

703 5639 927 5703 lescens,
969 5636 1198 5706 juvenis,
1244 5638 1344 5703 vir,
1390 5636 1705 5703 veteranus,
1754 5636 1983 5692 senes.»
2029 5640 2259 5709 Galenus

705 5711 843 5760 apud
866 5709 1069 5760 (lolium
1095 5705 1466 5760 Rhodiginnm.
1497 5706 1675 5760 Antio;
1711 5708 1853 5760 Lect.
1888 5708 1978 5760 lib.
2010 5725 2120 5760 vix.
2140 5725 2254 5760 ean.

705 5711 843 5775 apud
866 5709 1069 5761 (Selium
1095 5708 1466 5775 Rhodiginum.
1497 5708 1675 5775 Antiq;
1711 5708 1853 5760 Lect.
1888 5708 1978 5761 lib.
2010 5708 2254 5775 XIX.t‘:tp.

707 5724 843 5775 apud
866 5724 1069 5761 bellum
1096 5724 1466 5777 nnoungmum.
1497 5724 1675 5775 nutiq;
1711 5724 1853 5760 Lect.
1888 5724 1978 5761 un.
2010 5725 2120 5763 XIX,
2140 5725 2254 5775 cap.

707 5778 795 5841 21,
834 5786 1012 5832 anates
1040 5777 1223 5832 statuit
1263 5778 1475 5833 omnino
1506 5786 1763 5845 quatuor:
1820 5795 1835 5824 ι
1863 5778 2137 5845 juwnnm,
2187 5780 2259 5829 ιι-

2287 4497 2337 4557 D

2370 3284 2703 3351 multiplicati
2738 3284 3068 3354 sexagenarii
3098 3285 3304 3337 numeri
3334 3300 3541 3338 sunnna
3572 3283 3765 3357 [Forte
3787 3298 3834 3340 et
3860 3289 3945 3338 hic

2365 3376 2651 3446 summam}
2667 3378 2985 3429 del'ormant.
3006 3378 3095 3430 llis
3120 3392 3347 3446 namque
3367 3379 3682 3432 inseruntur
3702 3381 3945 3434 diversa—

2365 3482 2480 3519 rum
2506 3466 2895 3519 rationabilium
2920 3466 3298 3534 cogitationum
3321 3467 3588 3523 distincta:
3609 3485 3826 3525 morum
3850 3486 3947 3539 per

2363 3555 2557 3623 gradus
2577 3552 2811 3620 singulos
2830 3553 3141 3622 qualitates;
3165 3554 3323 3609 veluti
3340 3563 3463 3608 sunt
3477 3570 3625 3624 spes,
3641 3556 3799 3621 ﬁdes,
3811 3557 3947 3613 cha-

2366 3644 2520 3708 ritas,
2546 3653 2601 3696 et
2647 3644 2731 3697 bis
2766 3643 2979 3697 similia.
3012 3642 3139 3708 Qua:
3185 3645 3338 3713 quasi
3387 3645 3679 3701 multorum
3730 3647 3943 3702 dierum

2366 3735 2676 3790 calculatius
2710 3734 2981 3803 quantitas
3025 3736 3229 3789 numeri
3284 3734 3657 3804 multiplicata,
3688 3737 3855 3791 veluti
3890 3739 3943 3791 in

2366 3831 2722 3877 trecentorum
2761 3822 3033 3892 sexaginta
3076 3822 3099 3860 δ
3138 3831 3191 3877 et
3218 3838 3311 3876 sex
3346 3824 3551 3879 dierum
3590 3826 3717 3879 anni
3769 3827 3944 3881 nostri

2364 3913 2586 3967 altitudo
2633 3911 2923 3979 consurgit.
2974 3911 3107 3965 lluie
3154 3911 3376 3966 forsitan
3425 3911 3776 3982 perfectionis
3809 3915 3944 3969 anni

2948 3998 3011 4012 Ἦ

2399 4048 2619 4109 entium,
2652 4045 2968 4110 mediorum,
2997 4060 3203 4100 senum.
3246 4066 3263 4098 ι
3303 4044 3432 4113 ann
3464 4055 3548 4101 est
3579 4048 3743 4102 etiam
3781 4064 3943 4105 mens

2399 4064 2619 4109 cnuum,
2652 4064 2968 4110 mentorum,
2997 4064 3203 4100 senum.
3246 4066 3263 4098 ι
3303 4064 3432 4113 una:
3464 4064 3548 4101 εει
3579 4064 3743 4102 etiam
3781 4064 3940 4105 mens

2363 4064 2695 4187 gythagmm,
2722 4114 2859 4185 apud
2890 4115 3280 4187 Laertinmlib.
3309 4132 3425 4187 vui.
3463 4114 3685 4173 Servius
3708 4116 3940 4184 Tullius,

2363 4185 2421 4241 ut
2449 4202 2513 4240 ex
2545 4185 2835 4239 Tuberone
2882 4194 3067 4239 narrat
3091 4185 3318 4249 Gellius,
3366 4185 3519 4241 Noet.
3547 4186 3714 4242 Attic.
3747 4186 3843 4241 Iih.
3882 4206 3938 4251 ιι.

2362 4272 2478 4325 cap.
2503 4256 2734 4326 28,_tres
2762 4255 3127 4326 tantummodo
3151 4263 3335 4309 :etates
3363 4255 3613 4326 faciebat,
3642 4271 3941 4326 puerorum

2364 4323 2529 4391 usque
2554 4323 2619 4376 ad
2648 4339 2859 4393 annum
2889 4323 3152 4377 decimum
3197 4325 3515 4392 septimum;
3559 4323 3838 4393 juniorum
3867 4329 3942 4381 ab

2361 4410 2502 4448 anno
2543 4392 2748 4447 decimo
2789 4393 3012 4459 septimo
3038 4406 3207 4461 usque
3230 4395 3295 4447 ad
3319 4392 3788 4462 quadragesimum
3815 4411 3941 4451 sex-

2361 4473 2496 4526 tum,
2527 4462 2795 4516 seniorum
2826 4463 2923 4516 hos
2951 4461 3348 4524 excedentium.
3384 4461 3491 4518 Nec
3537 4462 3787 4517 dissentit
3814 4464 3940 4519 Ari~

2359 4532 2575 4586 stoteles
2603 4531 2757 4586 Rhet.
2790 4530 2880 4601 lib.
2906 4546 2967 4595 ιι,
2992 4547 3109 4601 cap.
3136 4530 3221 4601 lii,
3248 4540 3354 4586 tex.
3377 4548 3418 4595 ι,
3440 4532 3721 4601 inquiens:
3743 4549 3763 4583 ι
3782 4531 3941 4587 Eta-

2361 4608 2639 4681 tes_au.tem
2669 4611 2791 4681 sunt
2821 4600 3103 4681 juventus,
3143 4600 3420 4681 vigorltsic
3454 4602 3618 4681 vertit
3654 4600 3936 4681 Sigonius,

2359 4680 2413 4749 at
2441 4669 2758 4749 Major-agitis
2795 4668 3160 4733 adolescentia,
3202 4668 3370 4749 media
3398 4670 3570 4733 artas),
3601 4668 3930 4749 sene—ausa.

2360 4737 2439 4792 Ex
2475 4737 2560 4792 his
2585 4737 2732 4792 vides
2762 4752 2865 4792 non
2900 4754 3060 4791 unam
3087 4752 3205 4792 esse
3227 4738 3463 4791 omnium
3496 4739 3823 4793 sententiam
3865 4744 3937 4797 de

2359 4815 2573 4861 attalum
2597 4808 2715 4861 vita:
2743 4815 2936 4861 nostrae
2958 4806 3232 4862 divisione.
3265 4806 3578 4861 Pauliniana
3595 4808 3792 4863 divisio
3817 4824 3936 4864 om-

2360 4878 2505 4931 nium
2540 4879 2741 4947 optima
2779 4876 3006 4930 videtur.
3048 4877 3255 4930 Etenim
3291 4891 3389 4931 nec
3411 4877 3641 4947 excedit,
3675 4894 3776 4934 nec
3801 4878 3935 4933 deti-

2359 4948 2432 5003 cIt
2459 4965 2472 5011 ;
2519 4944 2625 5016 quo
2650 4948 2778 5001 vitio
2805 4961 2923 5015 qua:
2961 4961 3141 5013 supra,
3192 4956 3245 5001 et
3270 4960 3388 5014 qua:
3414 4944 3549 4999 infra
3577 4946 3723 5002 hunc
3743 4965 3936 5004 nume‘

2361 5032 2475 5069 rum
2498 5026 2623 5070 sunt
2646 5017 2892 5071 laborare
2918 5016 3181 5069 videntur.

2426 5085 2451 5124 ιι
2485 5086 2549 5139 In
2578 5095 2915 5139 trecentorum
2944 5086 3211 5154 sexaginta
3239 5096 3284 5138 et
3319 5100 3409 5138 sea:
3439 5084 3643 5139 dierum
3670 5088 3800 5140 anni
3839 5104 3935 5139 no-

2359 5157 2452 5207 stri
2476 5154 2693 5235 altitudo
2718 5155 2998 5235 consurgit.
3027 5154 3296 5235 Numerus
3313 5154 3518 5235 dierum
3540 5157 3735 5235 quibus
3757 5172 3934 5212 annus

2360 5232 2611 5289 constat,
2656 5231 3025 5289 communiter,
3054 5239 3160 5279 non
3208 5231 3290 5278 est
3333 5231 3436 5279 nisi
3482 5233 3846 5280 trecentorum
3875 5236 3925 5280 et

2363 5288 2636 5361 sexaginta
2665 5293 2927 5361 quinque,
2962 5288 3154 5347 additis
3190 5294 3343 5361 horis
3366 5295 3602 5361 quinque
3630 5302 3685 5347 et
3711 5295 3933 5349 minutis

2363 5358 2709 5431 quadraginta
2742 5358 2948 5433 novem.
2983 5361 3111 5433 Qum
3141 5358 3341 5433 additio
3378 5358 3635 5433 horarum
3664 5364 3931 5433 originem

2364 5434 2487 5485 fecit
2516 5430 2654 5485 anno
2684 5430 2959 5493 bissextili,
2989 5432 3079 5499 qui
3107 5432 3267 5486 habet
3289 5432 3406 5487 dies
3441 5431 3563 5486 568.
3598 5432 3723 5487 Hice
3747 5430 3927 5487 omnia

2362 5502 2492 5555 satis
2523 5510 2643 5555 nota
2672 5500 2919 5554 omnibus
2944 5499 2996 5553 in
3022 5501 3293 5569 disciplina
3312 5500 3717 5570 temporumvel
3743 5502 3931 5567 leviter

2365 5570 2604 5630 versatis.
2654 5570 2785 5624 lline
2811 5578 2954 5638 patet
2981 5571 3260 5637 quaerenti.
3292 5569 3427 5638 quot
3448 5569 3561 5638 dies
3587 5585 3763 5625 annus
3782 5586 3929 5625 com-

2361 5629 2639 5724 plectatur,
2664 5629 3107 5724 exeo-inmaniter
3130 5629 3557 5724 contingentibus
3596 5639 3927 5724 remanden-

2360 5706 2482 5762 dmn
2511 5709 2968 5788 esse._coiiipleeti
3013 5708 3127 5788 dies
3153 5706 3276 5770 565,
3318 5706 3429 5761 non
3477 5722 3603 5761 vero
3633 5706 3760 5771 366,
3802 5710 3923 5788 quia

2364 5788 2437 5829 tot
2463 5795 2567 5835 non
2600 5780 2751 5833 habet
2779 5779 2876 5832 nisi
2906 5787 3095 5847 quarto
3124 5790 3333 5847 quoque
3355 5792 3508 5835 anno,
3554 5792 3677 5831 cum
3706 5788 3784 5830 est
3816 5779 3920 5829 his-
