4174 6438
247 424 357 483 549

935 421 1206 481 comm
1247 386 1534 479 raucam
1577 421 2115 482 unumunum:
2153 427 2328 481 unm
2369 427 2451 480 ιιι.
2494 456 2561 465 -
2598 426 2724 479 LIB.
2765 426 2806 479 ι.

3337 419 3432 474 ‘35

249 555 475 596 corona:
509 540 790 594 Psalmista
817 539 924 593 Deo
951 544 1328 592 commemorat
1357 535 1707 599 benedixisse,
1741 543 1821 589 at-
1849 541 1895 596 Α
1926 553 2064 590 anno
2088 537 2293 608 hateita
2317 535 2588 590 moraliter
2611 535 2943 588 sentiendum
2975 509 3240 587 existimo.
3268 532 3476 602 Allege-

250 646 359 700 que
401 625 774 686 benediceref
811 629 1087 683 Benediees
1123 642 1324 682 corona:
1349 629 1475 680 anni
1503 627 1825 696 benignitatis

251 732 361 774 tua
391 718 574 789 (Psal.
613 733 760 783 LXIV,
792 717 898 789 12).
928 716 1140 771 Corona
1169 717 1364 785 quippe
1391 716 1513 768 anni
1539 724 1616 769 est
1655 715 1826 782 perfe-

252 809 363 862 ctio
388 815 781 862 consummata:
815 805 1051 874 iustitiae.
1095 803 1222 871 Quae
1246 805 1460 872 quidem
1487 803 1827 872 perfectionis

252 913 460 952 corona
488 896 598 950 non
630 884 874 960 volentis,
898 911 994 949 nec
1022 896 1307 958 currentis,
1336 895 1427 949 sed
1462 895 1823 964 benignitatis,

252 997 306 1038 et
329 985 648 1039 miserantis
675 993 756 1039 est
785 984 875 1038 Dei
916 982 1088 1053 (Rom.
1116 998 1191 1045 ts,
1220 981 1327 1050 16).
1374 981 1522 1036 Unde
1565 991 1617 1036 et
1652 983 1823 1049 campi

255 1073 374 1134 Dei,
408 1072 520 1127 hoc
549 1079 630 1126 est
657 1070 934 1124 humilium
963 1070 1249 1123 electorum
1283 1078 1505 1132 mentes,
1549 1085 1653 1122 non
1683 1085 1712 1121 a
1745 1083 1826 1122 se-

255 1161 538 1228 metipsis,
576 1161 668 1214 sed
713 1175 778 1213 ex
808 1159 1131 1225 benignitate
1171 1157 1474 1211 miserantis
1505 1157 1600 1210 Dei
1643 1157 1827 1224 imple—

240 1248 462 1300 buntur
488 1249 756 1302 ubertate.
771 1247 826 1300 In
843 1247 943 1300 hoc
957 1260 1144 1314 nempe
1157 1250 1296 1298 anno
1321 1246 1511 1300 divina:
1529 1246 1824 1314 benignita-

255 1337 326 1389 tis
353 1335 644 1390 clementia
665 1334 924 1389 ubertatis
942 1334 1048 1403 97
1069 1334 1444 1388 abundantiam
1476 1335 1754 1404 largiente,
1771 1344 1826 1386 ut

219 1439 226 1445 ‘
255 1439 340 1484 ter
370 1445 479 1483 non
499 1438 825 1497 ‘apparerem
852 1439 1051 1481 vacuus
1075 1427 1128 1479 in
1152 1436 1433 1494 conspectu
1464 1426 1694 1490 Domini,
1720 1435 1829 1478 tres

258 1519 311 1569 in
339 1518 569 1571 nomine
593 1525 789 1570 sancta:
815 1515 1090 1568 Trinitatis
1123 1514 1307 1576 libros,
1342 1514 1462 1568 licet
1489 1514 1688 1567 inculto
1712 1513 1826 1565 edi-

259 1615 364 1670 tos,
416 1621 528 1660 non
566 1606 760 1669 abnuo,
795 1604 952 1674 style,
989 1604 1040 1656 in
1073 1603 1448 1672 gazophylaeio
1486 1609 1665 1654 tamen
1703 1615 1826 1653 san-

259 1699 455 1750 ctuarii
487 1698 643 1751 ﬁdeli
673 1698 959 1751 recondere
991 1710 1148 1748 manu
1179 1694 1389 1748 festino.
1436 1693 1509 1746 De
1538 1694 1638 1746 hoc
1672 1691 1828 1761 igitur

1926 628 2034 680 rice
2059 635 2260 690 autem,
2294 627 2382 695 qui
2413 642 2442 678 a
2470 626 2820 693 Redemptore
2851 633 3031 678 nostro
3069 624 3240 677 secius
3273 621 3481 694 (Forte,

1926 713 2182 784 sanctius]
2212 716 2576 782 sacratiusquc
2607 717 2759 769 datur
2781 713 2998 781 intelligi
3026 731 3038 764 :
3075 714 3124 764 in
3151 727 3256 779 quo
3281 711 3479 765 duode-

1925 804 2028 857 cim
2051 804 2272 871 apostoli
2293 805 2442 873 quasi
2471 804 2744 858 duodecim
2768 818 2998 866 menses,
3019 815 3304 870 omnesque
3325 801 3480 856 electi

1925 894 2041 962 ejus
2069 895 2229 948 veluti
2260 896 2548 950 multorum
2574 895 2778 948 dierum
2808 908 3010 947 summa
3048 908 3143 960 per
3168 893 3265 946 hoc
3293 890 3477 962 [hunc]

1929 995 2201 1040 sacratum
2233 999 2532 1047 numerum,
2563 992 2918 1037 trecentorum
2939 981 3180 1034 videlicet
3205 981 3478 1050 sexaginta

1926 1084 1980 1128 et
2005 1090 2118 1139 sex,
2149 1075 2240 1142 qui
2274 1073 2424 1142 quasi
2468 1074 2520 1126 in
2548 1089 2652 1126 uno
2685 1072 3029 1142 eonglutinati
3057 1085 3277 1138 corpore
3305 1071 3478 1124 conti-

1926 1175 2154 1220 nentur:
2204 1169 2314 1235 ipse
2343 1166 2575 1220 insinuat
2618 1165 2709 1233 qui
2735 1179 2830 1232 per
2862 1163 3049 1216 Isaiam
3073 1162 3384 1229 prophetam
3414 1159 3480 1213 de
3547 1223 3554 1226 _
3650 1189 3658 1199 -

1928 1255 2211 1322 semetipso
2232 1261 2580 1321 protestatur,
2607 1253 2788 1306 dicens
2809 1269 2822 1304 :
2859 1249 3081 1320 Spiritus
3106 1249 3310 1301 Domini
3329 1263 3482 1316 super

1930 1361 2026 1408 me,
2055 1361 2112 1397 eo
2140 1343 2275 1413 quod
2308 1343 2507 1394 unxerit
2550 1341 2796 1394 Dominus
2824 1356 2936 1392 me:
2977 1337 3322 1407 euangelizare
3354 1352 3483 1404 pau-

1928 1435 2130 1501 peribus
2156 1433 2296 1485 misit
2335 1449 2434 1494 me,
2465 1431 2746 1500 prtrdicare
2773 1445 2965 1481 annum
2995 1424 3349 1495 acccptabilem
3380 1423 3484 1476 Do-

1931 1524 2093 1585 mino,
2115 1532 2157 1573 et
2182 1521 2313 1573 diem
2343 1519 2696 1587 redemptionis
2730 1516 2816 1570 Dei
2841 1517 3001 1568 nostri
3027 1513 3159 1584 (Isa.
3187 1528 3296 1576 LXI,
3327 1511 3372 1574 1,
3402 1511 3479 1577 2).

1931 1610 2120 1662 Amen.

261 1826 491 1881 sextilis.
526 1823 658 1890 Quae
681 1840 801 1879 cum
823 1825 907 1897 ita
939 1825 1062 1886 sint,
1087 1824 1176 1892 qui
1204 1823 1316 1897 fieri
1348 1821 1542 1897 potuit,
1577 1828 1634 1872 ut
1653 1819 1828 1874 Pauli-
1863 1826 1902 1883 Β
1935 1821 2075 1871 tione
2122 1817 2264 1879 anni,
2298 1831 2418 1897 .quo.
2460 1815 2744 1897 scribebat.
2781 1814 2900 1895 liae
2942 1813 3113 1897 posita
3158 1809 3479 1897 conjectura,

261 1912 362 1948 nus
388 1902 598 1956 noster,

260 1967 377 2018 vice
423 1963 493 2016 de
521 1958 870 2016 anni'diebus
907 1963 1227 2015 mentionem
1268 1958 1469 2012 faciens
1503 1958 1556 2010 in
1591 1958 1692 2011 hac
1718 1960 1826 2025 epi-

259 2033 421 2096 stola,
446 2041 834 2086 commemoret
863 2045 1070 2098 semper
1105 2031 1218 2084 dies
1243 2027 1386 2081 366?
1413 2027 1617 2098 Fateor_
1630 2041 1712 2098 me
1739 2028 1829 2079 hu-

257 2103 343 2168 jus
365 2094 442 2154 rei
471 2101 708 2154 novitate
726 2094 1024 2169 perculsum
1047 2099 1310 2169 paulisper
1326 2097 1560 2150 laesisse.
1587 2094 1691 2149 Sed
1707 2109 1825 2169 eum

263 2165 392 2224 mihi
421 2165 744 2239 persuasum
772 2179 938 2231 esset,
969 2165 1826 2239 inscitia“peccarenonpotuisse

264 2240 316 2291 in
344 2253 401 2290 re
421 2234 736 2306 praesertim
763 2246 870 2290 tam
908 2246 1030 2289 nota
1059 2235 1356 2306 Paulinum,
1383 2234 1514 2288 nihil
1536 2234 1676 2306 aliud
1711 2241 1827 2306 tan-

261 2307 382 2359 dem
426 2302 824 2373 conjiciendum
865 2318 982 2358 esse
1009 2305 1305 2358 existimavi
1337 2318 1503 2373 (quam
1541 2302 1825 2373 aPaulino

263 2371 671 2444 scriptam‘essc
698 2374 971 2442 epistolam
1009 2374 1145 2426 hanc
1171 2371 1696 2444 anno‘b_issextili_,‘et
1724 2385 1823 2422 nu—

264 2439 468 2496 merum
492 2444 701 2498 dierum
728 2439 804 2495 ab
831 2457 896 2496 eo
930 2451 1277 2495 memoratum
1303 2439 1487 2504 fuisse,
1517 2439 1695 2493 habita
1735 2454 1821 2492 ra-

642 1907 797 1962 quem
823 1894 935 1947 haec
969 1891 1114 1946 certe
1137 1906 1241 1944 non
1277 1891 1539 1962 latebant,
1587 1904 1689 1962 non
1722 1905 1826 1962 una
1875 1919 1878 1922 ~

1930 1902 2087 1955 quam
2113 1902 2142 1940 a
2174 1882 2383 1938 nemine
2407 1884 2756 1952 improbatum
2781 1883 2844 1935 iri
2871 1883 3077 1955 conﬁdo
3097 1923 3111 1945 ,
3149 1888 3295 1955 certo
3322 1882 3483 1955 statui
3577 1908 3580 1910 η

1931 1949 2058 2010 mihi
2105 1970 2259 2024 posse
2278 1949 2497 2024 videtur
2530 1967 2698 2024 annus
2733 1967 2837 2024 quo
2881 1951 3001 2003 data
3041 1960 3122 2004 est
3148 1949 3484 2024 _epistola.__ls

1931 2040 2055 2080 vero
2079 2016 2247 2078 a'nnus
2277 2022 2378 2077 796
2405 2021 2526 2085 fuit,
2574 2021 2662 2089 qui
2687 2016 2924 2089 apprime
2949 2019 3190 2089 convenit
3216 2032 3335 2089 cum
3367 2016 3484 2071 aliis

1928 2093 2362 2147 circumstantiis.
2410 2091 2540 2144 Nam
2571 2087 2775 2143 libri-hi
2821 2089 2934 2141 sine
2963 2088 3121 2141 dubio
3152 2087 3336 2154 scripti
3363 2099 3485 2138 sunt
3531 2090 3533 2093 ’

1930 2171 2047 2230 post
2070 2161 2352 2215 concilium
2378 2158 2837 2230 Franeofordsan.
2855 2157 2976 2230 794,
3011 2165 3071 2230 et
3090 2165 3211 2208 ante
3238 2171 3339 2230 an_._
3360 2154 3482 2230 7}}9,

1931 2223 1987 2284 ut
2015 2233 2065 2284 in
2091 2230 2360 2284 dissertat.
2407 2230 2470 2280 de
2507 2229 2697 2282 lmresi
2731 2227 2996 2281 Feliciana
3023 2225 3245 2278 dicetur.
3298 2223 3484 2278 Nullus

1931 2313 2106 2354 autem
2133 2299 2268 2352 alius
2291 2313 2461 2350 annus
2484 2297 2624 2349 inter
2661 2298 2756 2351 hos
2782 2296 3036 2348 terminos
3079 2295 3175 2346 fuit
3201 2291 3484 2346 llissextilis

1969 2377 2281 2436 ructerquam
2311 2365 2432 2420 796.
2465 2366 2602 2436 Ergo
2622 2380 2684 2420 eo
2711 2379 2850 2418 anno
2870 2365 3119 2432 scriptam
3149 2377 3266 2417 esse
3290 2361 3483 2430 episto-

1951 2453 2035 2490 mn
2065 2438 2344 2490 tenendum
2371 2443 2470 2489 est.

2159 2572 2550 2582 _..___._.-_._.-

557 2723 668 2792 99
727 2694 1231 2806 SANCTI
1314 2691 1872 2804 PAULINI
1955 2645 2520 2799 CONTRA
2601 2681 3196 2794 FELICEM

1511 2897 1801 2975 LIBER
1841 2895 2249 2972 PRIMUS.

775 3141 996 3198 CAPUT
1035 3141 1318 3196 PRIMUM.

510 3233 758 3286 Lamenta
787 3230 1003 3282 dolentis
1034 3229 1278 3283 Ecclesiae
1302 3231 1558 3299 proponit.

337 3321 506 3376 Unius
528 3316 873 3385 ejusdemque
898 3317 1234 3385 praecinentis
1259 3317 1514 3370 columba:
1563 3317 1736 3388 (Cant.
1763 3335 1825 3382 ιι,

274 3409 379 3480 10),
407 3409 699 3477 eleetteque
747 3405 1020 3475 genitricis
1065 3421 1174 3459 sua:
1203 3406 1430 3460 lmtantis
1481 3422 1546 3461 ac
1601 3407 1828 3461 dolentis

271 3513 370 3556 vos
416 3507 603 3555 nostra
659 3497 862 3552 famoso
899 3497 1076 3551 audita
1111 3505 1192 3550 est
1236 3498 1288 3550 in
1340 3505 1480 3550 terra
1516 3498 1819 3566 praeconio:

275 3589 423 3644 Nunc
479 3599 656 3652 autem
699 3587 940 3642 exultavit
989 3597 1141 3657 caput
1178 3604 1346 3640 meum
1394 3604 1547 3656 super
1590 3589 1825 3642 inimicos

270 3693 404 3733 meos
431 3678 605 3750 (Psal.
648 3691 797 3742 XXVI,
825 3675 880 3748 6)
906 3694 924 3741 ;
961 3685 1016 3731 et
1043 3695 1056 3730 :
1088 3677 1240 3731 Nunc
1278 3688 1448 3732 autem
1485 3680 1716 3732 derident
1747 3697 1825 3734 me

266 3766 496 3836 juniores
541 3775 788 3834 tempore,
837 3782 1057 3836 quorum
1107 3784 1208 3820 non
1249 3768 1501 3837 dignabor
1541 3779 1709 3838 patres
1734 3786 1824 3838 po-

273 3871 384 3908 nere
409 3872 526 3908 cum
567 3856 779 3908 canibus
799 3857 968 3924 gnegis
991 3857 1091 3908 mei
1118 3856 1258 3924 (Job.
1287 3872 1414 3920 xxx,
1457 3856 1528 3927 ί).
1562 3858 1689 3922 Qua:
1713 3859 1826 3926 qui-

274 3945 386 3999 dem
411 3946 516 4000 alio
545 3947 598 4000 in
629 3953 866 4013 tempore
906 3945 1071 4024 variis
1096 3941 1419 4014 undique'ob
1441 3953 1679 4001 tenerum
1708 3947 1824 4015 pul-

273 4031 437 4086 lorum
470 4030 810 4088 incommoda
837 4033 1232 4087 circumvallata
1279 4036 1556 4104 angustiis,
1607 4037 1794 4090 remini

275 4121 433 4175 scitur
457 4123 713 4175 nimirum
758 4122 962 4175 dierum
1013 4123 1381 4176 adolescentiae
1431 4124 1818 4194 sudezec/r.

275 4223 378 4273 sn,
407 4210 495 4280 22)
523 4227 537 4273 ;
580 4210 794 4279 quando
817 4211 971 4263 enixa
998 4225 1157 4278 super
1190 4211 1493 4266 fratruelem
1517 4228 1694 4278 suum,
1719 4213 1824 4268 ala-

276 4299 348 4351 cn’
408 4303 652 4354 securius
715 4309 930 4370 pectore
989 4302 1286 4355 lictaltatur.
1337 4303 1580 4371 Optantis
1613 4319 1821 4373 quoque

276 4393 411 4446 vocis
436 4394 634 4458 ollicio,
659 4395 725 4447 ab
754 4394 904 4462 ipsis,
936 4403 993 4448 ut
1018 4395 1090 4448 ita
1133 4396 1382 4459 dixerim,
1412 4397 1820 4451 scaturientihus

1857 3145 1900 3206 C
1933 3158 2077 3196 num.
2121 3141 2276 3196 Nunc
2327 3153 2515 3207 autem,
2559 3146 2651 3210 ait,
2704 3146 2937 3200 derident
2967 3163 3046 3199 me
3074 3147 3312 3215 juniores
3356 3158 3482 3202 tem-

1930 3248 2069 3301 pore,
2097 3249 2314 3301 quorum
2356 3251 2455 3287 non
2485 3236 2740 3305 dignabar
2767 3247 2936 3305 patres
2961 3255 3144 3308 ponere
3181 3256 3295 3292 cum
3327 3244 3478 3295 cani-

1930 3318 2022 3370 bus
2056 3319 2222 3388 gregis
2248 3323 2348 3373 mei
2378 3339 2395 3374 :
2433 3339 2647 3389 quorum
2701 3327 2859 3378 rirtus
2910 3343 3157 3380 manuum
3205 3338 3312 3381 erat
3353 3330 3482 3383 mihi

1930 3423 2023 3475 pro
2052 3407 2232 3471 nihilo,
2279 3418 2324 3461 et
2353 3411 2452 3462 rita
2491 3413 2600 3480 ipsa
2622 3413 2938 3481 putabantur
2961 3417 3158 3485 indigni
3185 3433 3202 3469 :
3241 3427 3479 3486 egestate,

1932 3508 1980 3551 et
2018 3499 2155 3566 fame
2181 3500 2398 3563 steriles,
2434 3503 2521 3570 qui
2555 3503 2797 3556 rodebant
2824 3506 2876 3556 in
2919 3505 3216 3568 solitudine,
3243 3505 3482 3574 squalen-

1929 3597 2002 3641 tes
2024 3587 2318 3642 calamitate
2345 3600 2392 3642 et
2421 3591 2628 3644 ntiseria
2658 3608 2675 3645 :
2712 3602 2759 3644 et
2785 3593 3094 3646 mandebant
3124 3594 3306 3647 herbas
3330 3604 3480 3648 terra:

1926 3687 1972 3730 et
2007 3678 2250 3731 arborum
2304 3682 2562 3735 cortices:
2601 3692 2648 3736 et
2675 3682 2826 3735 radix
2861 3683 3220 3752 juniperorum
3259 3692 3366 3736 erat
3407 3684 3480 3736 ci-

1927 3768 2019 3819 bus
2049 3767 2278 3821 illorum.
2322 3768 2475 3823 Nunc
2523 3781 2690 3824 autem
2718 3773 2770 3824 in
2812 3787 2989 3824 eorum
3041 3774 3296 3824 canticum
3337 3785 3478 3825 rersa

1925 3872 2063 3921 sum,
2092 3865 2139 3910 et
2178 3856 2315 3925 facta
2352 3873 2466 3910 sum
2493 3859 2565 3911 eis
2592 3859 2644 3910 in
2677 3859 3024 3926 prorerbium,
3055 3867 3158 3913 etc.
3185 3859 3325 3928 (Job.
3349 3875 3477 3924 xxx,

1927 3947 1952 3998 1
1994 3947 2122 4017 seq.)
2507 3999 2513 4010 ,

2529 4037 2752 4094 CAPUT
2795 4040 2836 4094 ll

2137 4163 2379 4218 Ila'retici
2417 4167 2584 4220 hostes
2610 4168 2878 4234 Ecclesia’,
2909 4169 3008 4238 ﬁlii
3033 4174 3245 4227 diabou.
3269 4246 3280 4256 ο

1993 4298 2090 4362 Qui
2135 4308 2256 4351 sunt
2286 4298 2370 4352 isti
2407 4299 2742 4356 lascivientes
2788 4312 3000 4357 centum
3045 4322 3302 4381 annorum
3320 4307 3471 4376 juve-

1927 4389 2062 4442 nes?
2117 4387 2249 4456 (Isa.
2297 4406 2415 4453 ων,
2442 4389 2553 4459 20.)
2594 4391 2637 4446 Ο
2665 4393 3018 4462 pulcherrima
3074 4398 3348 4451 mulierum
3381 4403 3471 4467 qui

276 4479 596 4537 internorum
635 4484 900 4537 viscerum
928 4485 1274 4538 secretalilms
1299 4484 1500 4550 lla!:ris,
1526 4487 1821 4540 redundan-
1847 4487 1898 4547 Β
1922 4490 2043 4534 sunt
2079 4481 2163 4533 isti
2190 4482 2212 4532 ?
2247 4480 2291 4534 Ο
2321 4483 2474 4534 unica
2507 4483 2776 4550 genitricis
2801 4493 2904 4538 tua:
2930 4487 2942 4538 !
2979 4486 3148 4556 (Cant.
3180 4503 3254 4552 vr,
3273 4489 3348 4560 8.)
3373 4489 3473 4545 Co-

200 4602 204 4606 -
276 4569 345 4622 tia
379 4572 486 4624 oris
509 4571 773 4640 colloquia
801 4588 968 4640 usque
1010 4574 1076 4626 ail
1101 4573 1220 4628 colli
1249 4574 1477 4628 medium
1501 4573 1817 4629 conﬂuxisse

277 4657 548 4726 (Imus,
577 4661 692 4731 28),
731 4661 926 4716 nullius
989 4661 1135 4716 dubii
1181 4663 1305 4716 dicti
1355 4663 1574 4717 adversa
1617 4664 1817 4718 resistit

277 4742 493 4814 objectio
523 4769 535 4803 :
575 4753 653 4805 Ac
704 4765 800 4818 per
839 4750 942 4804 hoc
980 4765 1128 4804 more
1165 4752 1417 4805 torrentis
1446 4752 1615 4806 mellis
1645 4761 1698 4806 et
1722 4754 1817 4806 bu-

279 4839 372 4906 tyri
406 4854 498 4906 per
523 4840 685 4895 verba
716 4839 986 4908 precantia
1016 4855 1238 4893 morosa:
1278 4842 1670 4895 retractationis
1688 4857 1819 4910 prae-

279 4927 434 4980 tendit
467 4927 761 4983 oraculum.
803 4926 932 4991 Quis
985 4926 1174 4995 inquit,
1222 4927 1347 4980 mihi
1402 4928 1592 4980 tribuat
1631 4937 1685 4980 ut
1717 4931 1814 4982 sim

277 5012 412 5078 iuxta
461 5033 656 5069 menses
698 5016 962 5083 pristinos,
989 5016 1269 5067 secundum
1321 5015 1430 5070 dies
1468 5017 1650 5088 quibus
1676 5017 1815 5071 Deus

279 5111 577 5164 custodiebat
609 5128 690 5164 me
713 5111 738 5162 .9
775 5109 996 5174 Quando
1035 5103 1329 5176 splendebat
1357 5111 1565 5164 lucerna
1595 5113 1706 5179 ejus
1728 5129 1815 5165 su-

280 5210 358 5261 per
381 5209 526 5267 caput
585 5215 782 5262 meum,
811 5207 857 5251 et
888 5201 955 5250 ad
999 5196 1171 5250 lumen
1234 5199 1347 5266 ejus
1413 5199 1828 5260 ambulabamin,

281 5286 477 5342 tenebris
501 5289 524 5340 .’
546 5286 693 5342 Sicut
722 5287 798 5355 fui
825 5288 880 5338 in
901 5287 1080 5339 diebus
1104 5286 1462 5340 adolescentiie
1484 5303 1626 5350 metr,
1649 5267 1838 5355 quan-3

283 5371 339 5422 do
372 5386 553 5429 secreto
580 5376 720 5430 Deus
765 5385 875 5428 erat
911 5376 965 5428 in
1012 5375 1343 5429 tabernaculo
1391 5394 1501 5430 meo
1523 5377 1812 5441 ?,Quando

282 5470 378 5512 erat
402 5461 729 5533 Omnipotens
784 5479 1001 5526 mecum,
1053 5473 1100 5515 et
1147 5465 1201 5516 in
1244 5465 1463 5518 circuitu
1514 5481 1624 5518 meo
1667 5469 1811 5534 pueri

283 5549 413 5600 mei?
447 5551 583 5622 (Job.
613 5566 764 5617 nix.
790 5552 825 5606 2
855 5551 984 5622 seq.)
1010 5551 1103 5605 llis
1139 5551 1211 5605 ita
1244 5561 1298 5606 et
1333 5551 1630 5620 hujusmodi
1657 5553 1812 5623 pleno

285 5639 652 5714 gratulantique
693 5643 853 5697 corde
897 5642 1166 5713 prosperis
1206 5644 1480 5699 recensitis
1511 5643 1806 5710 favoribus,

287 5728 500 5791 protinus
528 5734 592 5787 ad
623 5733 900 5804 querclosa
931 5746 1046 5788 sese
1079 5733 1237 5786 vertit
1287 5733 1516 5787 lamenta
1548 5735 1809 5790 discrimi-

1921 4568 2098 4640 lumba
2126 4577 2342 4638 propter
2370 4572 2538 4623 sancti
2569 4572 2786 4639 spiritus
2816 4568 3175 4643 septemplicia
3208 4575 3468 4631 donorum

1917 4655 2283 4714 charismata:
2342 4663 2579 4730 speciosa
2635 4661 2686 4712 in
2751 4664 3025 4731 sanguine,
3088 4666 3368 4735 eandidata
3416 4669 3468 4722 in

1916 4751 2146 4814 lavacro,
2182 4766 2333 4804 soror
2365 4752 2417 4803 in
2448 4750 2682 4805 funiculo
2711 4753 3006 4816 charitatis,
3037 4756 3276 4823 proxima
3306 4757 3358 4810 in
3384 4773 3468 4811 so-

1915 4843 2106 4896 cietate
2134 4850 2414 4910 assumpta:
2443 4851 2665 4906 naturae,
2708 4826 2886 4896 suavis
2923 4843 2976 4896 in
3005 4844 3207 4899 deliciis
3231 4846 3467 4915 Scriptu-

1915 4948 2116 4985 rarum.
2157 4932 2255 4997 Qui
2305 4941 2425 4986 sunt
2485 4932 2569 4984 isti
2631 4933 2718 5000 qui
2768 4933 3108 4988 maledictum
3171 4939 3464 4992 centenarii

1912 5019 2064 5088 pueri
2107 5027 2373 5087 nequeunt
2411 5012 2642 5086 cll'ugere
2669 5019 2692 5070 ?
2729 5019 2872 5083 Quos
2900 5030 3003 5073 tam
3031 5022 3208 5078 liberte
3237 5027 3465 5081 auctori-

1914 5109 2039 5162 tatis
2060 5109 2254 5162 liducia
2294 5107 2535 5176 indignos
2578 5103 2893 5178 simplicium
2932 5104 3122 5164 canum
3155 5095 3353 5182 'gregis
3386 5115 3461 5171 Ini

1913 5201 2086 5253 socios
2113 5199 2408 5266 judicasti?
2436 5199 2694 5265 Quoniam
2739 5199 2908 5252 sancti
2935 5201 3110 5272 gregis
3137 5203 3211 5256 tui
3240 5204 3345 5257 sint
3371 5217 3461 5258 sa-

1913 5289 2199 5343 cratissimi
2229 5304 2410 5353 canes,
2446 5290 2652 5342 cuidam
2679 5298 2890 5358 patrum
2941 5299 3150 5344 tuorum
3183 5291 3313 5361 HL,
3338 5307 3460 5346 suo-

1914 5377 2078 5447 rum],
2119 5393 2214 5446 pro
2235 5379 2428 5446 quibus
2449 5377 2558 5430 nati
2584 5383 2708 5429 sunt
2735 5377 2830 5430 tibi
2861 5376 2950 5430 lilii
2982 5376 3147 5447 (Psal.
3181 5394 3322 5443 xuv,
3349 5379 3458 5448 l7),

1914 5468 2134 5537 contigit
2185 5476 2290 5521 nos
2341 5466 2589 5520 vaticinio
2648 5467 2912 5521 didicisse.
2975 5466 3270 5538 Concrepat
3314 5454 3464 5526 enim

1915 5557 2147 5610 Davidici
2171 5555 2425 5610 carminis
2447 5553 2741 5623 hujusmodi
2765 5555 3092 5610 decachordo
3111 5555 3452 5611 Psalterium?

1916 5648 2136 5717 Lingua,
2161 5647 2351 5716 inquit,
2375 5662 2559 5699 canunt
2580 5655 2784 5699 tuorum
2806 5661 2868 5698 ea:
2889 5645 3109 5699 inimicis
3127 5646 3227 5698 tuis
3243 5646 3307 5698 ab
3323 5646 3453 5715 ipso’.

1925 5735 2026 5790 ι’ἰεὶ
2065 5731 2178 5790 sunt
2231 5739 2488 5808 ingressus
2517 5737 2591 5790 tui
2643 5735 2776 5789 Deus
2821 5735 2988 5807 (Pral.
3027 5751 3187 5791 uvu.
3215 5734 3302 5796 24,
3335 5733 3450 5806 25).
