4174 6440
14 476 109 531 353

593 574 816 632 CAPUT
857 576 939 631 111.

314 665 388 720 De
406 664 659 718 hareticis
689 666 970 734 triumphat
1000 658 1254 717 Ecclesia.

81 756 459 827 Nunquidnam
506 750 853 807 infelicissimi
904 753 1015 805 Arii
1051 754 1425 820 sociorumque
1456 750 1569 818 ejus

15 864 116 903 non
141 845 350 902 exstitit
382 850 534 912 pater
555 840 816 903 diabolus,
845 842 937 909 qui
964 841 1261 923 adulterino
1290 840 1568 909 complexu

14 937 336 992 virulentum
351 947 539 987 semen
548 930 673 1001 perii
684 924 843 983 Jizein
863 929 1073 983 vulvam
1092 931 1388 999 depravatae
1419 944 1568 983 men-

17 1029 283 1083 tiseorum
297 1024 437 1078 coitu
454 1020 637 1075 elludit
660 1019 944 1089 pestifero?
989 1018 1065 1074 Ac
1107 1035 1203 1089 per
1232 1020 1333 1074 hoc
1363 1020 1429 1074 de
1462 1028 1567 1073 tam

16 1113 343 1171 clandestino
408 1108 689 1164 concubitu
748 1118 1035 1176 conceptus
1082 1106 1444 1177 formatusque
1486 1115 1569 1161 est

15 1205 153 1258 ﬁlius
186 1200 502 1271 perditionis
533 1215 545 1249 :
587 1196 741 1266 quasi
774 1197 839 1250 de
875 1205 1116 1249 materno
1168 1203 1339 1260 utero,
1379 1209 1569 1265 proca-

14 1293 241 1348 cissimzn
262 1290 455 1358 linguze
476 1283 857 1341 obstetricume
902 1300 1083 1348 manu,
1115 1284 1369 1352 processit
1394 1282 1569 1352 proles

14 1390 223 1435 eterna:
244 1380 500 1448 gehennte
528 1376 739 1445 ignibus
769 1373 1134 1442 mancipanda.
1162 1373 1357 1426 Eodem
1380 1386 1570 1440 nempe

15 1472 169 1527 modo
192 1469 379 1541 genuit
417 1467 618 1522 similes
644 1466 761 1519 sibi
807 1465 964 1531 ﬁlios,
1016 1463 1278 1532 similique
1322 1463 1568 1517 vindictae

15 1560 213 1616 ultione
236 1557 561 1630 plectendos.
604 1555 668 1609 Et
697 1554 944 1626 quoniam
970 1554 1155 1607 eodem
1183 1570 1288 1623 quo
1319 1554 1436 1607 illos
1460 1568 1569 1607 ma-

14 1650 315 1705 ledictionis
360 1648 699 1702 anathemate
743 1644 977 1714 percelli,
1020 1645 1062 1698 si
1100 1661 1204 1699 non
1245 1645 1571 1715 pmnitentia:

16 1743 239 1797 obsistat
276 1739 592 1812 remedium,
624 1745 844 1791 cunctos
873 1736 962 1805 qni
995 1751 1182 1791 eorum
1231 1745 1353 1791 sunt
1379 1735 1569 1789 errori-

15 1830 112 1884 bus
138 1828 357 1891 irretiti,
384 1814 517 1881 ﬁdes
540 1826 765 1879 sancivit
793 1825 1073 1889 catholica,
1102 1826 1253 1895 quasi
1276 1826 1328 1878 in
1358 1824 1567 1877 tertiam

672 463 943 524 comas
984 435 1272 523 rmcmi
1314 466 1853 524 unumunum
1890 422 2067 521 metu
2105 467 2187 521 ιιι.
2230 498 2296 507 --
2326 468 2450 522 Lm.
2481 468 2519 520 l.

1600 584 1647 649 Δ

3014 470 3219 533 χωι

2280 577 2502 633 CAPUT
2540 578 2625 632 IV.

2082 666 2351 736 Serpentes
2382 647 2513 720 sunt.
2555 668 2801 737 Itwretici.

1743 754 2042 811 Submersis
2089 755 2252 824 igitur
2300 755 2563 829 [Egyptiis
2612 756 2664 808 in
2730 756 2863 810 mari
2914 756 3113 823 Rubro,
3170 761 3224 815 in

1668 840 1863 910 quibus
1887 857 1992 897 non
2026 843 2195 896 solum
2221 852 2560 911 peccatorum
2600 844 2809 913 agmina
2838 847 2936 900 sub
2971 850 3109 902 unda
3134 850 3226 904 ba-

1669 931 1956 997 ptismatis,
1982 944 2165 984 verum
2204 932 2366 985 etiam
2414 931 2785 986 bmreticorum
2826 948 2931 986 non
2978 935 3227 992 inconve-

1670 1019 1878 1071 nienter
1903 1002 2123 1088 intelligi
2147 1019 2309 1072 datur
2338 1018 2539 1090 [Forte,
2563 1020 2783 1093 dantur]
2818 1023 3077 1077 exstincta
3100 1039 3226 1078 con—

1671 1108 1953 1163 tubernia:
2010 1124 2135 1163 ecce
2179 1110 2497 1164 abeuntibus
2545 1111 2717 1176 nobis,
2771 1116 3080 1168 transmisso
3112 1113 3225 1182 jam

1670 1198 1803 1250 mari
1828 1197 2029 1263 Rubro,
2058 1213 2154 1267 per
2174 1207 2377 1253 vastam
2403 1199 2583 1254 mundi
2609 1201 2966 1269 solitudinem,
2994 1207 3228 1260 occurrit

1670 1287 1880 1341 interim
1908 1289 2062 1343 nabis
2086 1291 2411 1359 serpentium
2443 1306 2704 1346 venenosa
2737 1302 2972 1359 caterva,
3006 1310 3123 1364 quas
3160 1298 3225 1351 de

1668 1376 1939 1445 pestiferis
1970 1393 2155 1434 eorum
2184 1382 2298 1435 ovis
2338 1393 2635 1453 erumpent,
2671 1399 2788 1453 quae
2816 1387 2881 1440 ab
2910 1387 2986 1441 eis
3025 1390 3077 1441 in
3104 1390 3229 1443 nido

1671 1476 1795 1521 sunt
1830 1467 2065 1535 perﬁdiae
2097 1470 2367 1525 derelicta.
2402 1470 2476 1524 De
2518 1473 2710 1539 quibus
2737 1475 2850 1528 ovis
2899 1491 2994 1543 per
3037 1476 3226 1530 Isaiam

1673 1557 1867 1611 dicitur
1896 1576 1909 1610 :
1944 1556 2052 1612 Ova
2074 1559 2311 1629 aspidum
2356 1573 2621 1629 ruperant,
2662 1571 2711 1616 et
2754 1563 2882 1617 telas
2911 1582 3226 1621 aranearum

1650 1656 1868 1700 texunt.
1904 1645 2005 1713 Qui
2047 1634 2322 1705 comederit
2346 1666 2407 1703 ea:
2437 1652 2541 1704 ovis
2565 1652 2679 1723 ἠως
2725 1654 2989 1717 morietur,
3020 1667 3066 1707 et
3090 1656 3228 1726 quod

1674 1735 1934 1803 confotum
1963 1746 2055 1799 est,
2084 1738 2250 1807 erupit
2291 1737 2421 1809 [Al.,
2462 1740 2713 1813 erumpet]
2739 1742 2792 1795 in
2822 1744 3052 1812 regulum
3092 1745 3226 1817 (Isa.

1674 1840 1783 1889 nx,
1806 1824 1881 1895 5).
1914 1825 2018 1880 Sed
2042 1841 2107 1881 ne
2136 1828 2424 1881 timeantur
2458 1829 2753 1887 istiusmodi
2791 1848 2987 1888 venena
3016 1850 3229 1903 serpen—

16 1928 69 1973 et
95 1927 343 1987 quartam
366 1916 761 1987 generationem
822 1924 1057 1984 paternae
1086 1917 1384 1985 iniquitatis
1411 1930 1570 1983 praes-
1603 1903 1645 1961 Β
1675 1917 1827 1985 tium,
1854 1918 2171 1986 aspicientes
2215 1920 2280 1974 ad
2326 1935 2549 1987 aeneum,
2584 1936 2740 1991 quem
2783 1924 2989 1994 Moyses
3028 1930 3227 1981 exaltao

17 2010 202 2080 tigium
234 2006 576 2062 haereditario
601 2007 653 2060 in
695 2006 833 2059 lilios
868 2003 1255 2059 transfunditur
1290 2005 1428 2072 jure.
1472 2005 1573 2060 Po-
1670 2015 1838 2070 verat,
1893 2018 2193 2077 serpentem
2243 2010 2428 2081 (Num.
2480 2029 2595 2078 xxi,
2651 2015 2728 2085 9),
2775 2016 3078 2070 consolatur
3133 2034 3229 2073 nos

20 2099 305 2155 testetiam
336 2098 401 2152 de
443 2097 545 2151 hoc
571 2097 744 2150 tertia:
769 2097 1460 2166 quartmque-generationis
1486 2112 1574 2149 ca-

15 2190 205 2259 pitulo,
230 2189 387 2243 aliter
410 2188 549 2243 acuti
576 2188 771 2258 ingenii
798 2188 1041 2258 exigente
1066 2189 1227 2257 .101
1250 2188 1577 2256 sophismate

18 2281 369 2348 multiplicius
388 2279 665 2348 phalerato
704 2291 728 2318 ι
771 2279 1002 2332 themate
1022 2278 1295 2345 explicari.
1327 2276 1429 2331 Sed
1453 2293 1578 2345 quo-

20 2372 158 2425 niam
186 2378 407 2440 propter
447 2367 836 2421 imminentium
872 2366 1098 2420 hostium
1139 2365 1297 2428 bella,
1326 2366 1392 2420 ad
1429 2379 1576 2418 arma

19 2459 279 2528 spiritalia
311 2458 627 2527 quantocius
662 2454 977 2510 festinamus
1003 2474 1014 2507 :
1056 2470 1123 2509 ne
1152 2454 1290 2509 forte
1314 2458 1436 2509 dum
1454 2460 1597 2508 eva-‘

20 2564 204 2619 gamus
228 2548 295 2601 ad
321 2548 512 2610 otiosa,
532 2545 778 2609 hostium
822 2546 977 2630 cunei
1007 2546 1290 2618 derepente
1336 2544 1577 2613 praecipi-

21 2649 98 2695 tes
130 2639 391 2697 Ecclesiae
426 2636 608 2691 valvas
656 2637 927 2705 inopinato
977 2634 1272 2705 infringant
1321 2636 1575 2699 incursu;

21 2730 218 2785 ideirco
286 2736 495 2782 armato
539 2727 770 2780 instante
814 2725 999 2787 milite,
1049 2726 1352 2795 vigiliarum
1409 2724 1580 2779 ollicia

19 2828 278 2889 quaterna
307 2818 566 2872 duntaxat
585 2814 935 2869 alternatione
956 2814 1205 2882 distingui
1236 2814 1579 2867 solertissima

12 2910 356 2964 decrevimus
384 2922 533 2961 cura.
575 2906 845 2972 Quatenus
882 2906 935 2959 in
958 2906 1136 2973 vigilia
1170 2908 1453 2970 matutina,
1484 2906 1579 2959 Dei

17 3000 250 3066 iubentis
273 2997 501 3066 imperio
522 2996 743 3051 elevata
774 2995 938 3066 Moysi
965 3011 1126 3050 manu
1158 2996 1363 3051 Domini
1408 2998 1577 3067 virga,

20 3080 135 3161 qua:
162 3089 509 3158 triumphalis
535 3096 871 3158 expresserat
898 3089 1072 3143 crucis
1115 3089 1324 3154 vexilla,
1356 3092 1579 3146 subver—

24 3193 97 3237 tat
131 3190 281 3237 rotas
308 3196 583 3247 curruum,
606 3181 825 3249 equites,
850 3188 902 3235 et
936 3195 1246 3255 ascensores
1267 3180 1378 3248 ejus
1401 3182 1576 3237 divina

23 3272 255 3341 potentia
283 3272 517 3325 violento
554 3271 751 3339 impetu
779 3270 1009 3325 involvat
1043 3271 1096 3323 in
1122 3272 1308 3325 mediis
1333 3271 1579 3331 ﬂuctibus

27 3362 186 3418 Rubri
220 3364 388 3421 maris
426 3361 620 3432 (Exod.
661 3378 773 3427 ιιν,
817 3362 887 3416 24
923 3364 1075 3433 seq.).
1118 3363 1305 3418 Sumat
1346 3380 1577 3435 quapro-

24 3460 136 3519 pter
158 3450 325 3504 Μαι-ιδ
361 3450 696 3520 prophetissa
753 3458 1085 3519 tympanum,
1120 3466 1238 3518 qua:
1275 3452 1486 3520 quidem
1526 3454 1580 3507 in

24 3542 411 3596 obtrectatione
466 3538 631 3613 Moysi
675 3538 905 3592 hominis
930 3538 1044 3603 Dei,
1104 3539 1388 3593 invidentis
1417 3539 1582 3610 Syna-

27 3645 192 3699 gogae,
221 3630 275 3684 in
300 3630 403 3683 hoc
431 3637 607 3682 tamen
642 3628 759 3683 loco
787 3636 984 3682 sancta:
1012 3629 1261 3683 Ecclesia:
1287 3638 1466 3699 typum
1487 3646 1579 3700 ge-

27 3721 173 3775 rebat
198 3739 211 3773 :
249 3710 499 3789 erumpat
519 3719 763 3788 protinus
793 3720 844 3772 in
872 3734 1056 3788 vocem
1080 3720 1287 3774 laudis:
1319 3736 1423 3774 non
1452 3736 1583 3789 qua-

27 3808 68 3861 si
101 3808 373 3862 hortantis
399 3808 464 3861 ad
500 3806 737 3875 praelium
783 3808 1014 3863 concisis
1058 3809 1336 3864 buccinam
1365 3826 1583 3865 concre-

27 3905 111 3965 pet
146 3897 513 3966 clangoribus,
554 3898 645 3950 sed
680 3896 916 3951 victoria:
960 3898 1247 3961 canticum,
1294 3900 1581 3953 concinen-

30 3989 168 4043 tibus
196 3988 320 4042 aliis
358 3986 692 4051 mulieribus,
735 3986 955 4055 incipiat
986 4002 1077 4041 ore
1105 3989 1375 4057 gratisono
1404 4008 1416 4043 :
1449 3990 1587 4045 Can-

30 4087 187 4133 temus
233 4078 464 4133 Domino
511 4094 529 4131 :
587 4076 807 4147 gloriose
872 4078 1007 4135 enim
1058 4080 1419 4149 magniﬁcatus
1456 4092 1527 4135 est
1567 4099 1583 4134 :

30 4184 207 4237 equum
247 4180 297 4222 et
337 4184 662 4220 ascensorem
715 4167 898 4236 dejecit
938 4168 991 4219 in
1045 4184 1204 4220 mare.
1267 4169 1489 4238 Adjutor
1538 4181 1585 4223 et

29 4266 279 4322 protector
343 4255 515 4324 factus
565 4266 637 4308 est
698 4256 824 4308 milii
887 4258 939 4308 in
986 4255 1203 4311 salutem
1263 4250 1453 4328 (Exod.
1498 4278 1583 4325 xv,

32 4344 111 4407 20,
149 4345 267 4416 si).

98 4508 135 4570 ¢_
149 4495 716 4570 _l_’halerat_q_themate.
747 4498 907 4570 Dorio
932 4498 1017 4552 ille
1031 4500 1261 4555 Terentii
1275 4504 1325 4557 in
1344 4502 1583 4570 Phorm.,

36 4578 79 4615 ν.
111 4566 232 4629 498,
262 4574 372 4619 act.
410 4564 497 4629 Ill,
526 4580 601 4618 sc.
631 4581 700 4629 ιι,
731 4567 940 4621 dicebat
974 4584 986 4619 :

149 4657 360 4704 Adeone
394 4662 444 4702 te
488 4666 598 4702 esse
639 4656 982 4717 incogitantem
1014 4661 1158 4719 atque
1183 4660 1527 4723 impudentem,

782 4768 785 4771 ἤ
1187 4721 1425 4780 [l’hadria
1452 4760 1465 4783 ,

154 4775 211 4825 Ut
239 4775 506 4837 phaleratis
521 4775 666 4825 dictis
683 4775 829 4826 ducas
852 4790 949 4827 me.
976 4816 986 4825 .

36 4856 265 4913 Donatus
295 4858 426 4930 hic:
480 4876 498 4907 ι
534 4856 829 4930 Phaleratis
875 4857 1055 4926 dictis,
1100 4862 1153 4916 id
1200 4870 1283 4917 est
1327 4864 1584 4930 honestis,

37 4935 185 5004 atque
208 4928 439 5004 ornatis.
480 4926 775 5004 i___Adve_rte
797 4942 913 5004 qum
953 4930 1180 5004 diximus
1212 4932 1357 5004 alibi,
1402 4926 1588 5004 nempe

38 4995 86 5048 in
103 4998 253 5070 notis
274 4996 344 5070 ad
362 4996 643 5070 concilium
668 4995 1047 5068 Forojulieuse,
1083 5000 1117 5070 ᾗ
1144 5002 1193 5066 7,
1228 5001 1326 5053 litt.
1345 4995 1407 5053 'n.

101 5066 154 5119 ιιι
176 5074 289 5121 toto
317 5065 491 5119 ferme
517 5068 617 5120 hoc
640 5065 892 5134 opere‘ea
922 5065 1466 5125 servaturseribendi
1498 5089 1583 5127 ra—

40 5135 125 5200 tio,
153 5145 211 5189 ut
249 5136 306 5189 in
334 5135 721 5204 compositione
748 5138 1031 5192 verborum
1065 5139 1283 5262 integra:
1308 5151 1588 5195 serventur

40 5206 300 5262 particulae
330 5205 474 5259 unde
497 5214 904 5262 componuntur.
941 5206 1091 5262 Ouod
1136 5224 1165 5261 a
1231 5217 1462 5262 veterem
1500 5228 1587 5262 or-

40 5206 300 5271 particulae
330 5205 474 5259 unde
497 5214 904 5273 componuntur.
941 5206 1091 5272 Quod
1136 5205 1201 5262 ad
1231 5217 1462 5263 veterem
1500 5228 1587 5265 or-

14 5276 363 5354 thographiam
389 5274 610 5341 propius
634 5274 1015 5354 accedas-Nam
1058 5278 1102 5354 s_i
1132 5292 1299 5354 pauca
1327 5274 1579 5354 escipias,

45 5343 305 5418 ubi_a_sper
329 5356 627 5418 concursus
650 5344 842 5397 mutari
867 5343 1147 5418 litterarie
1165 5343 1587 5418 euphonim'gra-

43 5412 109 5464 tia
130 5410 364 5477 iubebat,
406 5413 459 5465 id
504 5412 615 5465 fere
638 5427 846 5479 semper
873 5410 1247 5478 observarunt,
1282 5425 1339 5468 ut
1379 5410 1587 5471 constat

45 5484 295 5550 prmeipue
335 5497 405 5534 ex
438 5482 632 5552 numis,
681 5493 734 5534 et
782 5481 1231 5552 inscriptionibus.
1265 5484 1367 5537 Sed
1398 5487 1461 5539 de
1505 5488 1585 5539 his

47 5552 249 5621 consule
275 5551 677 5621 grammaticos.
714 5560 767 5603 et
795 5551 961 5605 semel
989 5556 1253 5608 monuisse
1282 5553 1525 5607 sulliciat.

112 5618 135 5653 δ
175 5618 517 5690 laciniatim;
557 5621 620 5690 ab
662 5622 735 5675 eis
763 5622 849 5690 qui
889 5622 1195 5688 o/fuceutur.
1252 5622 1449 5677 Sensus
1486 5626 1584 5679 0b-

50 5692 243 5758 acurior
271 5709 283 5742 :
313 5686 637 5743 crediderim
672 5686 845 5743 tamen
888 5686 991 5744 huc
1026 5692 1361 5758 significare:
1406 5708 1586 5745 caven-

51 5757 161 5810 dum
194 5760 420 5833 scilicet,
466 5774 528 5811 ne
556 5759 647 5828 qui
690 5758 869 5833 ligleles
894 5757 1243 5833 juveniantur
1283 5761 1459 5833 ab__eis
1497 5778 1587 5829 per

54 5831 341 5897 campestria
371 5827 663 5897 evagantcs,
706 5830 793 5897 qui
840 5827 1017 5884 ﬁdeles
1062 5831 1127 5883 ab
1169 5829 1233 5882 iis
1278 5827 1578 5899 offurentur.

1672 2098 1832 2151 etiam
1862 2098 2027 2152 isdem
2072 2101 2350 2167 propheta,
2396 2104 2483 2169 qui
2531 2118 2626 2172 per
2685 2107 2835 2174 pueri
2892 2107 3227 2177 singulariter

1674 2188 1783 2241 nati
1814 2184 2110 2253 infantiam,
2140 2192 2401 2245 exstincta
2429 2194 2670 2261 aspidum
2695 2210 2788 2249 seu
2823 2197 3054 2253 basilisci
3092 2214 3229 2254 mor-

1674 2279 1844 2335 tifera:
1870 2280 2153 2336 refusionis
2196 2292 2459 2355 memorat
2496 2284 2679 2339 ﬁabra.
2730 2286 3098 2355 Delectabitur,
3145 2291 3228 2345 in-

1675 2370 1808 2439 quit,
1838 2371 2013 2440 infans
2042 2372 2107 2425 ab
2135 2372 2286 2426 ubere
2326 2391 2481 2444 super
2529 2376 2784 2443 foramine
2831 2379 3041 2448 aspidis,
3094 2392 3139 2434 et
3179 2383 3233 2435 ir.

1675 2475 1943 2513 cavernam
1972 2460 2134 2529 reguli
2168 2463 2257 2531 qui
2308 2463 2791 2535 ablactatusfuerit
2830 2484 3040 2522 manum
3083 2486 3232 2524 suam

1676 2550 1856 2610 mittet.
1900 2548 2021 2603 Non
2070 2551 2319 2616 oaident,
2366 2561 2414 2605 et
2459 2569 2560 2606 non
2601 2556 2849 2609 nocebunt
2896 2559 2948 2610 in
2999 2561 3232 2614 unirerso

1677 2647 1848 2691 monte
1884 2648 2061 2691 sancto
2087 2655 2198 2693 meo
2226 2638 2357 2709 (Isa.
2386 2656 2462 2704 xi,
2494 2642 2569 2711 8).
2612 2642 2745 2697 Huic
2766 2644 2925 2697 etiam
2953 2660 3117 2712 puero
3138 2662 3235 2714 per

1678 2729 1839 2783 alium
1866 2731 2178 2799 prophetam
2204 2732 2401 2786 dicitur
2424 2750 2577 2803 super
2600 2735 2825 2805 aspidem
2852 2746 2900 2789 et
2934 2737 3229 2791 basiliscum

1677 2817 1985 2883 ambulabis,
2012 2829 2059 2870 et
2100 2820 2423 2874 conculcabis
2448 2820 2644 2875 leonem
2674 2832 2721 2876 et
2752 2824 3025 2877 draconem
3057 2824 3225 2894 (Psal.

1677 2921 1761 2968 xc,
1815 2906 1941 2978 l3)-
1983 2906 2117 2961 Hinc
2152 2909 2284 2961 alias
2331 2910 2395 2963 de
2423 2911 2606 2963 eodem
2631 2914 2954 2980 prophetiae
2995 2914 3232 2967 modula-

1679 2993 1836 3071 tionis
1864 3005 2078 3050 resonat
2107 2996 2232 3051 tuba
2261 3014 2273 3050 :
2318 2996 2543 3067 Spiritus
2570 2999 2683 3068 ejus
2728 3002 2927 3053 amarit
2953 3003 3103 3056 cce/os
3128 3020 3146 3056 :
3172 3013 3233 3057 et

1678 3086 2034 3140 obstetricante
2062 3102 2217 3141 manu
2241 3087 2354 3156 ejus
2388 3087 2599 3142 eductus
2628 3097 2701 3141 est
2743 3089 2949 3143 coluber
2971 3100 3231 3146 tortuosus

1681 3174 1801 3246 (Job
1836 3192 1979 3239 xxvi,
2028 3176 2135 3248 15).
2179 3176 2280 3242 Qui
2312 3192 2437 3231 vero
2475 3179 2544 3233 sit
2582 3180 2679 3233 iste
2701 3180 3029 3235 admirabilis
3060 3172 3235 3238 infans

1681 3265 1768 3332 qui
1800 3280 1960 3333 super
1995 3264 2256 3321 fon-amne
2284 3268 2485 3336 aspidis
2532 3268 2896 3336 delectabitur,
2944 3280 2996 3326 et
3043 3274 3093 3327 in
3148 3290 3236 3330 ea-

1682 3366 1898 3404 vernam
1934 3353 2102 3421 reguli
2136 3369 2349 3408 manum
2390 3371 2541 3409 suam
2590 3358 2757 3425 misit,
2793 3360 2979 3428 angelo
3008 3364 3237 3430 pastori-

1680 3442 1780 3496 bus
1826 3442 2049 3512 insignia
2094 3443 2387 3497 nativitatis
2432 3443 2547 3512 ejus
2593 3448 2987 3516 evangelizante
3032 3453 3234 3508 didici:

1682 3531 1975 3605 Invenietis,
2006 3534 2098 3597 ait,
2128 3534 2374 3602 infantem
2398 3536 2583 3604 pannis
2612 3537 2912 3605 involutum,
2946 3550 2993 3593 et
3014 3544 3237 3611 positum

1680 3622 1733 3673 in
1776 3622 2023 3689 prtrsepio
2067 3619 2215 3692 (Luc.
2263 3638 2321 3685 ll,
2356 3623 2471 3693 l2);
2509 3626 2700 3693 cuique
2727 3627 3007 3683 multitudo
3034 3631 3237 3687 militiae

1681 3710 1913 3764 caelestis
1940 3713 2210 3765 exercitus
2235 3728 2466 3767 consona
2494 3716 2777 3769 concinnat
2798 3732 2942 3780 voce,
2971 3719 3234 3775 dicentes:

1682 3800 1860 3853 Gloria
1884 3802 1937 3853 in
1965 3800 2176 3855 excelsis
2202 3801 2331 3865 Deo,
2354 3812 2403 3855 et
2447 3804 2501 3855 in
2529 3812 2667 3857 terra
2691 3822 2795 3874 pax
2827 3808 3118 3862 hominibus
3142 3810 3236 3864 bo-
3262 3860 3269 3870 ,

1684 3907 1763 3944 me
1786 3890 2060 3944 voluntatis
2093 3891 2395 3975 (Ibidulb).
2439 3893 2504 3946 Et
2551 3896 2802 3962 quoniam
2841 3908 3045 3951 certum
3076 3908 3158 3953 est
3183 3890 3253 3955 ir/

1684 3982 1932 4035 universo
1960 3982 2168 4034 Domini
2210 3992 2407 4045 monte,
2448 3984 2814 4055 qum'lForte,
2866 3986 2978 4059 qui]
3024 3998 3105 4044 est
3133 3990 3235 4046 Ec-

1684 4071 1841 4123 clesia
1875 4070 1965 4124 Dei
1991 4070 2116 4133 vivi,
2164 4086 2267 4125 non
2312 4087 2467 4141 posse
2497 4073 2683 4126 horum
2718 4076 3033 4143 pestilentia:
3072 4078 3242 4143 Hahn

1684 4172 1916 4211 nocere:
1967 4159 2259 4212 cavendum
2306 4175 2641 4229 summopere
2691 4170 2789 4220 est.
2843 4179 2908 4219 ne
2960 4164 3096 4221 forte
3141 4179 3243 4238 per

1685 4249 1997 4317 campestria
2040 4259 2325 4318 evagautes
2382 4252 2719 4307 inveniantur
2766 4255 2832 4309 ab
2863 4257 2942 4310 eis
2979 4259 3067 4325 qui
3110 4257 3233 4317 altu

1687 4349 1873 4394 centur
1898 4340 1947 4391 ι’.
1982 4338 2131 4394 Unde
2158 4343 2462 4396 necessario
2491 4343 2739 4397 existimo
2760 4345 2827 4398 ad
2853 4357 3105 4405 montana
3120 4364 3207 4401 om

1657 4444 1665 4449 “
1684 4448 1780 4468 Χ

1690 4510 1859 4585 Boi-ro
1881 4525 1978 4578 pro
2012 4511 2303 4585 offucentur
2349 4512 2629 4581 legendum
2662 4511 2888 4585 fortasse
2927 4516 3244 4585 afferentur.

1696 4578 1938 4652 Olfacere
1958 4582 2098 4633 enim
2123 4590 2206 4652 est
2231 4580 2391 4635 Festo
2407 4578 2611 4651 'aquam
2654 4584 2709 4636 in
2730 4584 2906 4652 fauces
2936 4578 3002 4637 άὶλ
3030 4578 3244 4652 εοιὺαιξ

1688 4651 1811 4701 dum
1853 4650 1997 4721 dare,
2042 4649 2183 4721 quod
2225 4666 2331 4721 non
2377 4649 2502 4705 facit
2542 4654 2608 4705 ad
2652 4649 2761 4705 rem
2792 4666 3127 4721 pneseutem.
3168 4650 3243 4713 A‘t

1688 4734 1814 4772 vero
1837 4719 2082 4787 o/focare,
2114 4720 2188 4771 uti
2223 4720 2441 4787 sit/foco,
2482 4736 2512 4774 a
2555 4719 2807 4775 faucibus
2824 4724 3098 4777 deducitur
3134 4742 3240 4783 non

1689 4788 2337 4861 absimilisigniﬁcatione.
2360 4789 2418 4841 L.
2447 4789 2634 4861 Florus
2658 4790 2751 4844 lib.
2770 4807 2828 4855 ιι,
2857 4808 2973 4861 cap.
2994 4794 3048 4858 2,
3070 4813 3088 4842 ι
3108 4793 3239 4848 Cum

1686 4855 1988 4911 oli‘ocandas
2026 4857 2238 4930 inuicem
2264 4858 2440 4930 fauces
2474 4859 2826 4930 prabuissent.
2859 4882 2879 4930 ι
2920 4855 3042 4928 ρυσ
3077 4866 3238 4919 verbo

1686 4940 1814 4999 usus
1852 4934 1936 4999 est
1985 4926 2501 4999 etiam‘Augustiuus
2529 4928 2620 4982 lib.
2670 4945 2701 4981 v
2724 4926 2993 4999 Confessi,
3024 4947 3142 4999 cap.
3172 4933 3235 4987 2:

1691 5014 1710 5047 ι
1761 4995 1867 5067 Sed
1894 4995 2258 5067 meiniaxime
2306 5006 2538 5066 captum,
2576 5007 2629 5051 et
2676 4998 2959 5052 oﬁ‘ocatutn
3009 4995 3239 5067 quodam

1688 5066 1842 5118 modo
1871 5066 2237 5136 depritnet'ant
2263 5067 2553 5133 corporalia
2581 5070 2901 5136 cogitantem
2927 5066 3090 5124 uiriles
3116 5072 3235 5136 illa',

1686 5136 1784 5209 sub
1810 5134 2002 5209 quibus
2028 5135 2284 5209 anhelans
2324 5136 2603 5209 in_auram
2639 5134 2741 5190 tua:
2787 5139 3029 5193 veritatis
3082 5134 3240 5209 liqui5

1684 5204 1806 5257 dam
1844 5203 2241 5275 et_simplicenr
2263 5206 2541 5275 respirare
2579 5221 2683 5259 non
2727 5215 2985 5275 poteram.
3015 5228 3034 5260 ι
3087 5203 3237 5275 Quod

1683 5287 1789 5325 non
1829 5272 1967 5324 male
2018 5276 2082 5325 de
2118 5274 2454 5340 serpentibus
2495 5274 2691 5328 dictum
2728 5272 2970 5339 ‘videtur,
3022 5272 3142 5330 cum
3183 5287 3239 5333 es

1686 5340 1955 5410 Virgilius,
1998 5340 2211 5396 Eneid.
2258 5342 2346 5395 lib.
2386 5358 2458 5407 ll,
2505 5358 2555 5393 ν.
2603 5342 2725 5409 218,
2772 5346 3126 5399 Laocoontem
3170 5348 3240 5402 ab

1684 5412 1944 5479 anguibus
1974 5410 2049 5463 ita
2075 5412 2388 5465 obstrictum
2420 5412 2703 5478 deseriliat,
2748 5423 2805 5468 ut
2846 5413 3193 5469 suffocaretur
3219 5433 3236 5471 :

1807 5521 1885 5568 Bis
1909 5521 2121 5569 medium
2144 5521 2373 5581 amplexi,
2394 5522 2467 5569 bis
2486 5520 2607 5568 collo
2625 5534 2850 5581 squamea
2862 5524 3037 5571 circum

1804 5582 1962 5642 Terga
1985 5584 2082 5630 dati
2108 5598 2119 5629 :
2148 5592 2385 5642 superant
2410 5592 2587 5643 capite,
2621 5590 2672 5631 et
2695 5586 2970 5631 cervicibus
2994 5586 3112 5631 altis.

1688 5689 1929 5757 Oﬁ'ucare
1955 5685 2112 5754 igitur
2132 5685 2352 5741 Paulino
2376 5700 2492 5757 esse
2515 5685 2724 5739 videtur
2748 5685 2885 5757 idem
2910 5699 2971 5757 ac
2996 5684 3235 5757 olfacere,

1686 5754 1767 5811 vel
1802 5756 2087 5877 sit/focam;
2138 5756 2281 5823 quod
2331 5766 2384 5808 et
2429 5756 2491 5807 de
2546 5756 2881 5822 serpentibus
2924 5754 3026 5807 dici
3082 5768 3243 5823 posse

1686 5840 1874 5877 exemp
1898 5841 1927 5877 0
1954 5822 2241 5877 Vimiliano
2279 5824 2574 5877 didicimus.

1686 5824 1927 5895 exemplo
1954 5824 2241 5892 Virgiliano
2279 5824 2574 5878 didicimus.
