4174 6496
1600 526 1655 578 S.
1691 524 1954 578 PAULINI
1992 522 2277 574 P.\Tlll.\ﬂ

2296 520 2442 574 mu:
2484 507 2956 585 Αρυιιειεδξδιδ
3751 519 3892 573 335

664 666 754 702 nes
780 650 1050 708 reducere,
1096 658 1160 695 ne
1195 643 1328 694 inter
1356 638 1610 708 profunda
1638 639 1848 692 vallium
1890 641 2194 691 aberrantes
2222 643 2268 697 Α
2293 652 2373 698 ea,
2403 635 2487 691 cui
2516 644 2872 698 consenserat,
2915 633 3034 686 fidei
3079 633 3260 702 regula
3311 632 3598 703 Spopondit
3641 648 3703 687 se
3735 650 3892 702 per-

659 745 942 804 pnerupta,
971 730 1092 785 mali
1135 729 1328 797 aliquid
1358 730 1644 797 patiantur,
1674 729 1974 796 insuspecto
2018 727 2193 780 subito
2289 735 2444 794 petua
2502 725 2928 778 immutabilitate
2996 739 3324 776 mansurum.
3379 723 3436 776 In
3499 725 3603 778 hoc
3652 725 3888 792 quippe

663 839 757 890 pro
787 824 1014 874 irruente
1043 819 1265 872 latrone.
2291 815 2629 882 gymnasticae
2680 812 3048 879 disputationis
3094 811 3338 864 conﬂictu
3397 812 3626 881 contigit
3687 813 3886 865 etiam

1095 955 1104 960 _
1169 907 1319 974 102
1357 905 1576 960 CAPUT
1616 906 1681 958 V.
2292 900 2595 954 humillimae
2644 909 2836 953 nostra:
2886 900 3170 968 parvitatis
3216 901 3572 968 personaliter
3593 911 3891 968 Lprazsen-

663 996 1017 1064 Conqueritur,
1043 995 1104 1045 de
1150 991 1194 1043 F
1197 992 1318 1044 elice
1341 1061 1349 1064 _
1371 991 1646 1064 fluctifrago
1666 990 1892 1064 conciliis
1932 991 2110 1064 quibus
2142 1000 2189 1042 et
2291 989 2416 1040 tiam
2443 986 2688 1041 adfuisse.
2733 989 2869 1041 Proh
2907 988 3087 1042 dolor!
3139 988 3278 1040 heu!
3310 1003 3470 1056 quam
3501 988 3748 1042 terribile
3775 1003 3890 1041 so—

699 1007 998 1064 ‘onqucntur
1043 1007 1104 1045 de
1150 1007 1318 1044 rcuce
1371 1007 1637 1059 ιωαιιναῃο
1666 1007 1892 1042 concutis
1966 1007 2110 1042 uibus
2142 1007 2189 1042 et

699 1065 912 1117 Carolus
969 1063 1187 1130 Magnus
1232 1071 1278 1112 et
1335 1061 1438 1127 ipse
1495 1058 1744 1110 Paulinus
1795 1007 2154 1126 interfuerunt.

2296 1007 2416 1040 llam
2443 1007 2688 1041 τιαιυιδδρ.
2733 1007 2869 1041 ιΤοιι
2907 1007 3087 1042 αοιοτι
3139 1007 3238 1040 neu
3267 1007 3278 1040 Σ
3310 1007 3470 1056 quam
3501 1007 3748 1042 terrwue
3775 1007 3888 1041 δο-

2296 1084 2383 1128 nat
2405 1077 2540 1142 quod
2564 1076 2788 1129 dicitur!
2818 1074 3012 1129 Ftedus
3047 1090 3167 1129 cum
3196 1076 3304 1128 Deo
3333 1089 3670 1142 percussum,
3709 1075 3888 1142 quod

733 1157 824 1207 llis
857 1157 926 1206 ita
956 1152 1189 1220 digestis,
1229 1165 1401 1218 opem:
1443 1149 1666 1215 pretium
1709 1148 1954 1201 dUXimUS
2000 1148 2066 1201 de
2107 1163 2196 1216 Βε-
2261 1167 2506 1234 ‘impune
2556 1166 2766 1218 irritum
2812 1167 2926 1219 non
2974 1165 3376 1226 transcucurrit,
3424 1163 3670 1224 humana:
3719 1178 3890 1230 prae.-

665 538 765 592 555

664 1260 789 1297 nete
814 1243 1129 1317 transeundo
1154 1239 1218 1291 ad
1247 1239 1490 1305 speciem,
1524 1253 1585 1291 ac
1611 1239 1673 1292 de
1699 1239 1954 1305 generalis
1981 1253 2197 1291 consor-

662 1335 721 1385 tii
770 1331 1134 1386 communione
1181 1330 1247 1382 ad
1283 1328 1478 1395 proprii
1530 1341 1763 1380 remeare
1806 1326 1943 1394 juris
1995 1326 2197 1396 privile-

2295 1253 2608 1320 sumptionis
2651 1253 2871 1306 audacia
2921 1252 3229 1320 usurpativa
3277 1251 3626 1318 conqueritur
3662 1250 3888 1305 fraudo

2295 1342 2603 1394 resolutum.
2646 1340 2750 1394 Sed
2778 1341 2891 1394 hinc
2915 1341 3078 1393 divini
3113 1347 3234 1393 sunt
3275 1339 3481 1392 arbitrii
3525 1338 3886 1392 reservanda

601 1443 617 1448 -
662 1421 824 1489 gium.
861 1418 1237 1487 Aggrediamur
1267 1431 1410 1483 ergo,
1440 1414 1632 1467 divinis
1660 1429 1753 1482 per
1792 1415 1966 1467 omnia
1995 1413 2196 1467 sullulti
2287 1432 2509 1500 judicio.

661 1508 934 1577 pnesidiis,
963 1507 1100 1559 hunc
1134 1506 1348 1573 pudoris
1375 1505 1594 1557 inscium
1638 1505 1830 1567 virum,
1865 1519 2021 1570 quem
2053 1505 2077 1531 ⁸
2106 1519 2197 1571 pa-

661 1597 849 1650 lazstrz'e
872 1594 1178 1662 jamdudum
1206 1593 1468 1645 devictum
1511 1591 1808 1654 certamini,
1851 1589 2193 1657 gerendarum

663 1701 837 1738 rerum
868 1685 1094 1752 qualitas
1135 1680 1417 1734 efﬁcaciter
1454 1680 1612 1733 certis
1646 1681 1898 1748 approbat
1922 1681 2196 1734 documen-

663 1773 747 1826 tis.
794 1771 944 1824 Nunc
975 1777 1148 1822 autem
1178 1768 1458 1819 temerario
1495 1781 1647 1829 ausu,
1676 1767 1908 1820 nescitur
1931 1766 2083 1834 cujus
2113 1767 2189 1819 in-

663 1864 853 1915 stinctu
883 1860 987 1931 [AL
1016 1857 1280 1927 intinctu],
1309 1857 1538 1910 rediviva
1566 1871 1812 1924 reparare
1835 1856 2020 1908 nititur
2033 1857 2189 1910 bella.

2881 1521 3103 1576 CAPUT
3161 1522 3252 1574 Vl.

2295 1611 2600 1679 Perstringit
2629 1610 2854 1665 Felicem
2880 1621 3122 1681 tanquam
3148 1611 3313 1682 praelii
3338 1612 3670 1675 desertorem,
3720 1620 3774 1664 et
3809 1621 3887 1662 ιιι

2779 1682 3003 1750 tepidum
3019 1720 3034 1743 ,
3072 1681 3365 1732 evomitum.

2366 1773 2538 1841 Rupto
2579 1773 2737 1840 igitur
2759 1769 2922 1837 hujus
2957 1779 3064 1822 tam
3096 1770 3397 1824 reverendae
3420 1779 3659 1838 ramique
3684 1770 3886 1838 stipu-

2297 1859 2512 1912 lationis
2539 1866 2713 1928 pacto,
2764 1859 2830 1912 ad
2857 1873 3099 1926 campum
3125 1858 3448 1919 certaminis,
3499 1858 3715 1912 Domini
3769 1862 3884 1913 ob-

663 1951 868 2004 Obmus
894 1956 1145 2015 przeterea
1192 1944 1407 1998 foederis
1453 1944 1479 1980 δ
1519 1942 1860 2010 jurisjnrandi
1908 1943 2048 2010 quod
2078 1958 2196 1996 cum
2229 1945 2271 2002 Β
2301 1948 2773 2010 sistente‘virtute,
2821 1947 3092 2014 improbus
3138 1945 3312 1999 redire
3343 1945 3570 1999 bellator
3613 1944 3880 1999 festinat.

664 2038 772 2090 Deo
810 2037 1093 2104 pepigerat,
1121 2031 1354 2086 candidis
1390 2031 1609 2083 millium
1634 2030 1936 2098 angelorum
1975 2032 2201 2085 circum-
2234 2054 2249 2070 ο

666 2127 796 2179 fusis
823 2123 1066 2178 catervis.
1110 2120 1216 2178 Sed
1256 2134 1425 2186 neque
1463 2119 1720 2181 humanm,
1758 2126 1814 2171 ut
1840 2127 1966 2187 puto
2003 2120 2201 2172 militiai

665 2214 788 2266 huic
815 2208 1148 2279 expectaculo
1174 2218 1195 2245 ε
1225 2207 1389 2260 defuit
1423 2207 1717 2259 multitudo.
1759 2205 2056 2259 Pnesertim
2082 2221 2200 2258 cum

665 2305 719 2357 in
742 2311 1022 2368 conspectu
1058 2296 1340 2350 venerandi
1386 2295 1637 2362 principis
1663 2295 2006 2348 ventilaretur
2031 2293 2203 2360 hujus-

666 2390 868 2445 cemodi
915 2385 1270 2441 controversia
1313 2382 1638 2448 quaestionis.
1682 2380 1815 2434 Nam
1845 2384 1998 2434 tactis
2032 2397 2204 2434 sacro-

668 2478 865 2533 sanctis
932 2472 1248 2540 Evangeliis,
1308 2468 1650 2535 jurejurando
1718 2478 2038 2537 protestatus
2101 2478 2200 2530 est,

667 2564 1103 2635 quemadmodum
1161 2568 1283 2614 tunc
1335 2559 1586 2626 temporis
1662 2560 2032 2614 sincerissime
2086 2560 2205 2613 ﬁdei

666 2659 910 2727 exigente
934 2668 1174 2716 censura,
1215 2664 1498 2718 suppresso
1521 2649 1729 2702 silentio
1755 2649 1994 2706 obscura:
2027 2651 2208 2702 obmu-

668 2747 768 2808 Luit
794 2743 1073 2814 garrulitas
1101 2737 1490 2805 disceptationis
1523 2751 1536 2787 :
1572 2735 1766 2789 nullius
1790 2741 2021 2804 utiquam
2059 2735 2206 2788 dein-

671 2850 812 2902 ceps,
838 2831 979 2885 nullo
992 2828 1223 2896 quolibet
1245 2824 1397 2878 titulo
1423 2824 1634 2891 quidam
1662 2821 1863 2893 [Forte,
1895 2820 2204 2892 quidquam]

669 2919 989 2990 refragativo
1034 2915 1304 2970 molimine
1343 2913 1610 2968 revolvere
1637 2913 1974 2981 qumstionis;
2017 2913 2127 2966 sed
2154 2913 2206 2964 in

748 3043 773 3068 ιι
819 3027 1047 3080 lnscium
1078 3025 1260 3085 virum,
1299 3038 1446 3090 quem
1487 3019 1759 3089 palamne,
1803 3029 1906 3073 etc.
1940 3020 2210 3090 _Periodus

673 3099 802 3153 satis
825 3097 1028 3148 vitiata.
1075 3088 1566 3159 Legebatur‘iuscio
1607 3090 1793 3159 visum,
1815 3088 1955 3159 quod
1983 3090 2210 3159 advertit

672 3168 879 3236 primus
895 3163 1082 3236 editor,
1111 3156 1172 3212 ef
1190 3156 1422 3236 reposuit
1446 3156 1498 3209 in
1526 3156 1758 3236 margine
1777 3157 2014 3236 inscium:
2042 3156 2208 3210 Sicuti

672 3224 770 3303 pro
796 3233 888 3303 qui
914 3231 1154 3303 devictus,
1201 3224 1432 3303 reposuit
1469 3225 1910 3303 quem‘dcvictum.
1944 3224 2042 3278 Hic
2074 3239 2209 3303 quo-

676 3293 778 3370 que
805 3293 1029 3370 palliastri
1054 3293 1318 3370 certamini
1352 3293 1731 3370 emendandum
1772 3293 1995 3370 videtur,
2036 3301 2088 3346 et
2126 3307 2208 3370 re-

675 3360 971 3438 ponendum
1012 3364 1262 3438 palwstrce
1302 3360 1582 3438 certamini,
1618 3360 1698 3438 vel
1734 3360 2022 3438 palaestrico
2049 3369 2212 3438 certa-

677 3426 822 3490 ;nini.
848 3426 1106 3486 ueterum
1142 3431 1271 3483 scite
1306 3435 1455 3481 vocat
1482 3426 1740 3494 palaestra!
1757 3437 2013 3481 certamen
2041 3429 2211 3481 disce-

677 3506 964 3575 ptationem
994 3516 1111 3575 cum
1132 3499 1305 3575 Felice
1339 3495 1603 3575 habitam}
1634 3510 1754 3575 nam
1777 3496 2023 3575 palgestra
2049 3495 2212 3564 signi-

675 3563 804 3627 iicat
833 3586 931 3624 non
964 3570 1122 3622 modo
1158 3568 1328 3620 locum
1373 3564 1460 3617 ubi
1488 3563 1697 3615 athleta:
1726 3565 2036 3630 pugilesque
2063 3563 2214 3616 eser-

683 3649 889 3701 centnr,
915 3637 1006 3690 sed
1042 3646 1095 3690 et
1121 3633 1396 3701 locumiin
1441 3646 1545 3698 quo
1584 3631 1877 3701 philosophi
1929 3633 2211 3698 disputant.

681 3697 953 3761 Vitruvius
996 3704 1143 3756 testis
1177 3710 1277 3764 est,
1312 3700 1404 3752 lib.
1435 3697 1486 3764 v7,
1517 3712 1632 3764 cap.
1670 3697 1736 3749 2:
1767 3716 1784 3747 ι
1817 3697 2218 3752 Constituuntur

685 3774 1035 3846 (loquiturde
1066 3767 1339 3846 palmstra)_
1357 3768 1410 3821 in
1447 3767 1932 3846 tribusportieihus
1974 3768 2217 3846 hexedrce

687 3834 929 3911 spatiosa:
955 3834 1207 3911 habentes
1232 3834 1426 3911 sedes,
1448 3834 2061 3911 in_quibus_philosophi,
2101 3836 2218 3911 rho.

687 3903 830 3965 tores
851 3910 1138 3974 reliquique
1159 3907 1253 3974 qui
1274 3903 1462 3974 studiis
1489 3903 1831 3974 delectantur,
1851 3905 2092 3974 sedentes
2113 3903 2219 3974 dis-

683 3988 875 4050 putare
919 3969 1141 4050 possint.
1177 3969 1194 4024 ἱ
1226 3969 1856 4050 Seductapudrh‘etores
1884 3971 2114 4050 medium
2149 3971 2222 4049 di-

691 4038 842 4100 cendi
873 4038 1055 4113 genus,
1096 4043 1231 4095 inter
1258 4039 1457 4094 scilicet
1485 4038 1639 4113 nimis
1677 4052 1951 4113 nervosum
1994 4046 2046 4092 et
2068 4038 2223 4113 nimis

685 4105 918 4174 clumbe,
961 4111 1302 4180 palwstricum
1354 4106 1706 4180 metaphorice
1753 4105 2044 4180 dicebatur.
2091 4106 2224 4160 l‘linc

687 4183 877 4237 Cicero
903 4174 1170 4245 in'Bruto,
1203 4176 1401 4245 sive_de
1446 4174 1930 4245 clarisoratoribus
1985 4176 2084 4229 hoc
2131 4189 2221 4245 ge-

691 4264 822 4304 nere
847 4247 1030 4301 orandi
1060 4240 1277 4298 laudans
1306 4241 1626 4295 Demetrium
1666 4240 1973 4295 Phalereum
2001 4245 2077 4296 sic
2116 4240 2224 4295 aie-

696 4319 830 4372 bat:
878 4333 894 4364 ‹
942 4313 1224 4366 Phalereus
1265 4310 1520 4363 successit
1547 4310 1622 4360 eis
1665 4310 1875 4362 senibus
1898 4311 2223 4375 adolescens,

695 4384 1080 4439 eruditissimus
1121 4381 1210 4434 ille
1249 4379 1455 4446 quidem
1499 4379 1685 4446 horum
1714 4379 1966 4446 omnium.
1997 4379 2087 4431 sed
2124 4394 2226 4430 nou

697 4462 806 4505 tam
853 4448 1031 4503 armis
1063 4444 1331 4503 institutus
1357 4460 1513 4513 quam
1539 4444 1796 4513 palmstra.
1828 4465 1846 4496 ι
1894 4444 2015 4497 Non
2048 4447 2221 4504 armis,

700 4523 752 4573 id
775 4527 858 4573 est
878 4534 982 4570 non
1011 4518 1290 4571 vehemens
1311 4512 1533 4580 acerque
1571 4513 1622 4565 in
1649 4512 1889 4576 dicendo,
1927 4521 1984 4564 ut
2013 4513 2222 4576 milites,

702 4569 973 4656 qui—serio
1023 4569 1273 4652 pugnant,
1303 4580 1406 4656 sed-
1443 4569 1627 4656 suavis
1655 4569 1956 4656 plantisque,
1987 4591 2043 4634 ut
2071 4569 2225 4648 palze;
2259 4569 2305 4627 D

695 4647 888 4717 strike,
929 4647 1150 4720 quorum
1195 4650 1480 4704 certamina
1508 4648 1723 4720 ludicra
1775 4647 1938 4701 ferme
1981 4647 2228 4720 sunt,_et

703 4714 883 4777 oleum
905 4714 1008 4773 non
1057 4721 1361 4787 sanguinem
1411 4715 1636 4787 sapiunt.
1685 4714 2011 4787 Quapropter
2058 4718 2230 4787 aiebat

707 4792 843 4844 idem
869 4788 1050 4841 Cicero
1074 4783 1178 4840 lib.‘
1197 4804 1210 4839 ι
1240 4789 1303 4840 de
1333 4787 1502 4845 Orat.,
1534 4785 1562 4835 7
1595 4803 1605 4835 :
1650 4801 1666 4832 ι
1704 4783 1934 4836 Nitidum
1972 4786 2230 4851 quoddam

711 4865 983 4926 genusiest
1008 4856 1305 4926 verborum,
1334 4864 1386 4926 et
1406 4854 1618 4926 laetum,
1655 4852 1745 4904 sed
1772 4851 2233 4926 palzestrmnmagis

711 4917 764 4978 Et
793 4925 911 4986 olei,
942 4937 1098 4990 quam
1140 4920 1294 4987 hujus
1322 4919 1490 4975 civilis
1516 4921 1680 4990 turba:
1716 4917 1978 4990 actor-Li
2028 4917 2233 4990 Optime

708 4993 868 5062 igitur
892 4985 1314 5062 disceptationem
1341 4990 1392 5041 in
1415 4985 1634 5062 concilio
1659 4986 1833 5062 verbis
1862 4986 2232 5062 habitanroleo

709 5054 938 5129 p'erfusis
964 5054 1254 5120 charitatis,
1283 5073 1385 5129 non
1403 5056 1573 5129 armis
1595 5054 1846 5129 sanguine
1885 5054 2230 5116 madentibus,

703 5122 966 5195 palaestrae
1001 5134 1265 5195 certamen
1294 5124 1540 5195 Paulinus
1566 5122 1905 5195 appellavit._
1986 5187 1999 5195 .
2134 5188 2144 5195 _
2194 5154 2216 5168 .

785 5195 812 5233 δ
853 5192 1050 5260 Oblitus
1078 5193 1276 5259 [ederit
1315 5187 1683 5260 jurisjurondi,
1709 5198 1850 5260 _etc.__
1872 5187 2101 5260 Duobus,
2134 5188 2236 5260 imo

708 5261 884 5314 tribus
908 5255 1130 5322 vicibus,
1158 5275 1276 5311 cum
1304 5255 1416 5313 haec
1438 5255 1690 5308 scriberet
1704 5256 1976 5322 Paulinus,
2000 5255 2230 5308 damnati

707 5329 914 5382 erroris
963 5328 1231 5381 convictus
1279 5326 1448 5379 fuerat
1493 5322 1657 5388 Felix.
1691 5321 1866 5377 Primo
1912 5324 1965 5376 in
2001 5322 2240 5388 Ratispo-

713 5397 868 5449 mensi
896 5404 1153 5448 conventu
1175 5410 1260 5448 an.
1291 5393 1409 5453 792,
1441 5391 1524 5446 cui
1553 5387 1779 5443 adfuisse
1803 5389 2079 5444 Paulinum
2115 5387 2239 5444 dici-

716 5477 839 5516 mus
873 5463 924 5514 in
949 5463 1157 5515 dissert.
1187 5462 1248 5514 de
1275 5459 1458 5513 Felicis
1485 5468 1537 5511 et
1567 5458 1805 5522 Elipandi
1843 5459 2052 5522 heresi,
2096 5475 2236 5511 num.

711 5530 808 5592 32,
843 5530 897 5581 in
919 5544 1022 5596 quo
1049 5530 1356 5596 sententiam
1389 5541 1535 5596 suam
1572 5541 1601 5577 a
1635 5527 1878 5596 Patribus
1910 5529 2241 5592 reprobatam

698 5596 835 5662 ipse
859 5594 1062 5664 quoque
1090 5595 1419 5663 reprobavit;
1457 5594 1642 5664 deinde
1680 5595 1876 5664 Romae,
1915 5596 2243 5664 quoiatissus

716 5679 756 5714 a
783 5662 1038 5718 conventu
1069 5662 1428 5729 Ratisponensi
1466 5675 1560 5730 per
1597 5662 1955 5730 Angilbertum
2001 5663 2242 5724 abbatem

717 5731 907 5784 eodem
930 5734 1071 5784 anno‘
1091 5728 1321 5784 Adriano
1354 5729 1581 5797 pontifici
1606 5728 1774 5782 fuerat
1794 5729 2016 5797 :_ibique_
2037 5730 2247 5797 damna:

727 5805 834 5850 tam
862 5799 1099 5853 haeresim
1147 5792 1429 5853 damnavit.
1469 5796 1646 5852 Tertio
1690 5797 1742 5850 in
1793 5792 2246 5861 Francofordiensi

2297 2034 2459 2088 Miror
2495 2049 2598 2102 qua
2642 2033 2833 2088 fronte.
2875 2021 3005 2086 Nam
3049 2034 3094 2087 si
3119 2033 3184 2088 de
3211 2034 3401 2087 castris
3437 2034 3737 2089 Dominicis
3768 2036 3882 2087 mi—

2296 2125 2423 2178 litiae
2448 2124 2767 2192 stipendium
2797 2131 3087 2185 assecutus,
3135 2124 3284 2194 quasi
3332 2125 3588 2191 probatus
3639 2125 3864 2178 athleta

2297 2213 2688 2266 exercitabatur
2715 2212 2782 2265 ad
2804 2226 2969 2272 arma,
3005 2212 3142 2279 regis
3168 2212 3350 2280 utique
3373 2220 3588 2266 notatus
3621 2203 3872 2281 insigni-

2299 2301 2398 2354 bus
2421 2341 2435 2363 ,
2469 2316 2572 2352 non
2595 2301 2772 2352 debuit
2799 2300 3158 2367 praeliantibus
3184 2303 3436 2354 adversus
3461 2314 3520 2353 se
3549 2308 3699 2368 terga
3725 2317 3878 2369 pne-

2300 2388 2442 2450 bcre,
2494 2397 2551 2440 ut
2584 2403 2682 2441 nec
2711 2386 2845 2456 fugas
2877 2390 3053 2455 potius
3079 2387 3122 2426 λδ
3154 2387 3371 2442 latibulo
3415 2388 3682 2455 palpitans
3717 2389 3879 2442 inter

2301 2475 2493 2529 fruteta
2520 2477 2670 2538 liber,
2710 2490 2808 2528 nec
2841 2474 2993 2528 fortis
3021 2477 3074 2528 in
3101 2475 3239 2529 bello
3263 2477 3554 2544 persistens
3580 2492 3874 2544 prmcona-

2302 2572 2447 2616 retur
2480 2563 2729 2644 famosus.
2785 2555 2864 2615 Ei
2911 2579 3016 2630 quo
3063 2579 3164 2616 non
3213 2564 3479 2617 immerito
3526 2579 3612 2617 res
3663 2564 3878 2617 claruit

2302 2642 2635 2721 contigisse,
2673 2661 2730 2704 ut
2787 2653 3099 2720 pratcinctus
3156 2653 3338 2716 armis,
3390 2654 3677 2706 destitutus
3727 2652 3879 2707 forte

2303 2741 2438 2811 fuga:
2464 2739 2728 2808 pnesidio,
2756 2756 2784 2791 a
2823 2740 3259 2807 persequentibus
3281 2741 3720 2807 captus,proprio
3748 2753 3878 2792 sese

2305 2828 2454 2882 subdi
2477 2826 2674 2894 judicio
2702 2825 2924 2893 capabili
2952 2827 3148 2879 ditione
3185 2837 3206 2864 ο
3244 2826 3725 2893 triumphatoribus
3760 2843 3874 2880 non

2305 2924 2590 2970 vereretur.
2619 2915 2915 2970 Obliviosus
2945 2914 3104 2981 Regis
3137 2914 3342 2967 Domini
3381 2913 3617 2968 Sabaoth
3649 2915 3876 2970 auditor

2307 3023 2531 3078 concilio
2579 3040 2664 3077 an.
2723 3024 2843 3086 794,
2891 3024 2976 3077 cui
3023 3025 3147 3076 item
3197 3023 3432 3076 interfuit
3481 3025 3762 3084 Paulinus,
3819 3033 3877 3077 et

2308 3093 2466 3146 tertio
2491 3093 2736 3144 damnata
2760 3101 2841 3144 est
2868 3093 3104 3154 haeresis,
3127 3100 3183 3144 ut
3209 3093 3484 3145 annalista:
3523 3092 3872 3145 Francorum

2310 3175 2418 3228 uno
2445 3175 2536 3213 ore
2563 3158 2812 3228 fatentur.
2844 3158 2974 3228 Jure
3008 3161 3166 3228 igitur
3196 3159 3449 3228 Paulinus
3473 3160 3538 3213 de
3573 3160 3872 3228 fmdifrago

2237 3258 2284 3318 ο
2310 3226 3203 3318 νεῦσε.ο91πξξξςςὶιιῑςν,εὲξξεῖξ¹ξιξε
3229 3227 3348 3318 tibi
3374 3229 3727 3318 Peraeae:
3753 3226 3876 3318 ίξέο

2314 3296 2593 3363 aliquando
2619 3305 2891 3362 susceptor
2921 3297 3190 3359 intererat,
3238 3304 3291 3348 et
3336 3305 3392 3348 ut
3432 3297 3505 3348 ita
3551 3295 3753 3356 dicam,
3786 3311 3875 3349 εει

2313 3376 2544 3432 quester,
2575 3372 2631 3416 ut
2654 3365 2744 3432 hic
2765 3371 3004 3417 testatur.
3029 3363 3194 3416 Porro
3234 3365 3356 3418 hinc
3386 3363 3653 3417 evincitur
3682 3365 3868 3431 primo

2316 3431 2615 3484 interfuisse
2642 3431 2917 3484 Paulinum
2947 3432 3183 3484 conciliis
3202 3433 3622 3498 prtecedentibus
3649 3432 3704 3484 in
3732 3447 3870 3486 cau-

2316 3515 2371 3551 sa
2423 3499 2646 3562 Felicis;
2692 3499 2936 3559 secundo,
2991 3498 3220 3552 adfuisse
3265 3509 3317 3550 et
3361 3501 3531 3567 ipsum
3575 3499 3869 3562 Carolum;

2319 3570 2500 3629 tertio,
2530 3569 2624 3620 hos
2654 3567 2817 3620 libros
2841 3576 2958 3634 post
2985 3582 3178 3618 annum
3205 3567 3306 3619 794
3334 3568 3665 3634 conscriptos
3683 3568 3874 3631 fuisse,

2317 3649 2367 3689 et
2393 3637 2584 3702 publici
2609 3634 2744 3702 juris
2773 3635 2938 3688 factos
2959 3650 2989 3688 a
3020 3634 3256 3688 Paulino.
3290 3635 3391 3689 Sed
3417 3636 3480 3689 de
3504 3634 3590 3688 his
3613 3638 3872 3689 omnibus

2318 3721 2414 3757 suo
2444 3705 2578 3765 loco,
2625 3718 2811 3770 nempe
2865 3704 2919 3757 in
2949 3704 3157 3756 dissert.
3195 3705 3258 3756 de
3299 3703 3489 3758 Felicis
3525 3712 3579 3756 et
3621 3703 3874 3770 Elipandi

2320 3773 2504 3826 baaresi
2548 3772 2704 3824 latius
2729 3770 3026 3825 dicendum.
3062 3771 3211 3824 Modo
3238 3785 3686 3825 commemorasse
3725 3770 3876 3826 solii-

2319 3842 2447 3894 ciat.

2389 3918 2410 3945 c
2455 3907 2588 3959 Huic
2616 3905 2958 3976 expectaculo.
3006 3905 3107 3960 Pro
3141 3907 3444 3976 spectaculo,
3477 3908 3634 3961 sicuti
3683 3923 3873 3976 exspe-

2321 3975 2521 4029 ctabitis
2555 3990 2650 4042 pro
2672 3975 2978 4044 spectabilis,
3004 3984 3056 4027 et
3080 3987 3367 4044 exspectare
3388 3990 3482 4042 pro
3513 3986 3746 4044 spectare
3777 3975 3876 4028 ha-

2320 4045 2414 4096 bes
2435 4043 2632 4111 passim
2657 4042 2793 4109 apud
2823 4042 3086 4095 inferioris
3106 4042 3219 4103 :evi,
3246 4045 3296 4094 id
3323 4053 3404 4096 est
3429 4042 3586 4111 hujus
3609 4045 3873 4110 temporis

2322 4059 2414 4096 nes
2434 4059 2632 4161 passun
2657 4059 2793 4109 apud
2823 4059 3086 4095 interioris
3106 4059 3219 4103 invi,
3246 4059 3296 4094 ια
3323 4059 3404 4096 est
3429 4059 3586 4111 nujus
3609 4059 3873 4110 temporis

2322 4111 2428 4163 Pau
2456 4114 2525 4163 ini
2551 4151 2564 4173 ,
2612 4112 2727 4178 plus
2780 4113 3016 4163 minusve
3041 4149 3054 4172 ,
3101 4112 3385 4178 scriptores
3429 4111 3672 4164 laudatos
3717 4127 3746 4163 a
3801 4112 3874 4164 du

2324 4180 2499 4247 (lange
2523 4180 2576 4231 in
2605 4180 2845 4245 glossar.,
2879 4179 2939 4231 γ.
2966 4178 3314 4243 exspectabilis
3341 4188 3393 4232 et
3421 4189 3734 4247 exspectare.

2393 4248 2418 4285 ἀ
2459 4246 2526 4299 Ut
2567 4264 2656 4299 nec
2699 4248 2834 4315 fugae
2872 4250 3036 4314 potius
3061 4247 3292 4315 latibulo,
3317 4258 3418 4300 etc.
3441 4246 3700 4300 Pe’riodus
3749 4261 3872 4299 mea

2326 4317 2581 4368 sententia
2603 4314 2853 4382 perquam
2873 4316 3114 4375 obscura,
3149 4314 3246 4367 nisi
3280 4315 3348 4367 sit
3370 4326 3426 4366 ut
3451 4329 3547 4382 pro
3566 4316 3706 4381 quod
3731 4354 3747 4377 ,
3793 4316 3878 4367 vel

2325 4398 2420 4449 pro
2447 4381 2755 4451 quippe‘qui.
2784 4381 3107 4451 Noudebuit
3127 4389 3279 4451 terga
3301 4384 3664 4451 praeberetut,
3693 4383 3747 4436 id
3769 4393 3874 4443 est,

2325 4449 2505 4517 quippe
2528 4449 2738 4517 φύσει
2784 4450 2939 4517 quod,
2977 4463 3072 4502 nec
3118 4449 3238 4517 fuga
3271 4451 3531 4503 diceretur
3555 4449 3732 4517 liber,
3776 4464 3880 4503 nec

2327 4515 2612 4584 persistens
2637 4515 3082 4570 fortis'diceretur.
3135 4516 3326 4580 Verbo,
3352 4533 3447 4572 nec
3471 4523 3611 4571 esset
3638 4516 3878 4571 famosus

2333 4589 2534 4657 futurus
2557 4599 2660 4657 pro
2673 4586 2919 4657 libertate
2945 4585 3065 4657 fuga
3102 4595 3414 4657 consecuta,
3441 4601 3538 4657 nec
3574 4587 3876 4657 resistendo

2329 4668 2426 4719 pro
2448 4651 2773 4706 fortitudine.
2805 4653 2916 4706 Non
2942 4651 3192 4720 primum,
3230 4655 3352 4719 quia
3381 4651 3564 4721 captus
3592 4653 3724 4716 fuit,
3767 4669 3874 4706 non

2331 4721 2648 4782 secundum,
2695 4722 2817 4788 quia
2844 4724 3022 4773 cessit.
3056 4721 3286 4788 Videtur
3333 4722 3443 4773 haec
3482 4735 3630 4788 mens
3667 4721 3874 4772 Paulini

2331 4788 2716 4856 hauriri.posse
2740 4803 2802 4839 ex
2833 4787 3068 4852 sequenti
3098 4787 3310 4856 periodo
3333 4826 3346 4850 ,
3387 4788 3482 4841 etsi
3528 4787 3877 4856 fermea‘que

2334 4855 2615 4921 implicata.
2655 4855 2769 4923 Sed?
2796 4868 2898 4916 res,
2927 4857 3015 4916 ait,
3050 4855 3120 4907 ita
3147 4857 3404 4923 contigit,
3443 4863 3500 4907 ut
3551 4869 3648 4908 nec
3693 4855 3876 4923 fugere

2331 4931 2524 4989 posset,
2555 4938 2652 4976 nec
2674 4931 2729 4974 ut
2752 4922 2900 4975 fortis
2940 4925 3207 4976 resisteret
3226 4963 3239 4984 ,
3282 4922 3370 4975 Sed
3395 4932 3578 4990 captus
3599 4924 3666 4974 ab
3687 4922 3876 4975 adver—

2334 4992 2488 5043 sariis
2513 4991 2727 5059 proprio
2762 4990 2959 5059 judicio
2980 5000 3031 5042 et
3058 4991 3320 5043 deditione
3347 5000 3643 5059 spontaneo
3667 5005 3726 5059 se
3760 4991 3875 5059 vin-

2335 5067 2476 5110 ctum
2499 5055 2775 5110 fatereturl
2811 5057 2955 5123 Hanc
2990 5065 3213 5110 mentem
3262 5055 3475 5110 autumo
3521 5055 3748 5111 Paulini.
3817 5058 3873 5112 Si

2335 5127 2452 5192 quis
2475 5126 2699 5178 clariora
2728 5135 2781 5178 et
2804 5124 3303 5193 certioraproferet,
3339 5126 3504 5180 libens
3526 5141 3737 5193 sequar.
3760 5125 3872 5180 Cte-

2339 5202 2507 5260 terum
2532 5194 2700 5245 Davus
2729 5207 2865 5252 sum,
2896 5208 2998 5245 non
3021 5192 3269 5260 (Edipus.
3604 5192 3636 5242 ζ

2409 5271 2430 5298 ε
2473 5259 2702 5328 Cupabili
2729 5259 2936 5311 ditione.
2966 5261 3045 5311 An
3092 5259 3287 5315 indicat
3317 5270 3490 5328 actum
3527 5275 3632 5328 quo
3662 5274 3722 5313 se
3761 5261 3875 5314 vin-

2339 5337 2477 5379 ctum
2521 5327 2688 5380 fassus
2706 5335 2807 5389 est,
2835 5336 2885 5379 et
2925 5328 3059 5379 idem
3109 5329 3177 5379 sit
3202 5343 3264 5382 ac
3293 5327 3587 5380 deditione?
3622 5328 3704 5380 An
3743 5329 3867 5381 illud

2338 5395 2527 5462 ditione
2553 5393 2768 5462 capabili
2799 5394 3020 5446 refertur
3043 5396 3107 5448 ad
3129 5395 3332 5457 Patres,
3352 5409 3574 5462 quorum
3598 5395 3805 5461 legibus
3822 5403 3874 5449 et

2341 5461 2576 5531 arbitrio,
2600 5462 2704 5514 imo
2724 5470 2776 5531 et
2797 5461 2979 5531 ditioni
3002 5464 3242 5531 capabili,
3263 5463 3413 5531 idest
3434 5472 3683 5531 experte,
3707 5465 3870 5523 scitae,

2341 5529 2582 5580 exercita:
2612 5528 2834 5596 seisubdi
2870 5545 2974 5582 non
3010 5528 3090 5583 est
3113 5529 3342 5583 veritus?
3385 5530 3474 5582 Sic
3501 5528 3724 5596 quoque
3745 5531 3872 5583 dixit

2341 5596 2544 5657 Cicero,
2570 5596 2634 5648 de
2658 5595 2794 5664 Lege
2821 5597 3032 5662 Agrar.,
3054 5606 3189 5650 orat;
3220 5597 3254 5648 2
3276 5615 3288 5648 :
3327 5598 3465 5652 «Hoc
3489 5595 3676 5663 capite,
3701 5599 3871 5662 Quiri-

2345 5671 2442 5726 tes,
2464 5677 2645 5732 omnes
2674 5670 2872 5732 gentes,
2900 5665 3155 5728 nationes,
3191 5666 3506 5731 provincias,
3533 5679 3695 5732 regna
3723 5705 3738 5727 ,
3790 5667 3874 5718 de-

2344 5743 2474 5801 cem_
2492 5729 2664 5782 virum
2685 5729 2883 5801 ditioni,
2905 5731 3102 5796 judicio
3135 5729 3484 5801 potestatique
3525 5729 3872 5801 permissa‘et

2346 5797 2636 5851 condonata
2658 5810 2774 5853 esse
2804 5795 2940 5852 dico.
2969 5817 2987 5850 ι
