4174 6426
200 498 299 552 337

198 608 448 680 prmcepti
499 608 769 663 dicentis:
827 606 1001 659 Estote
1055 606 1210 673 fortes
1261 608 1316 658 in
1365 604 1513 659 bello.
1577 601 1765 655 Debuit
1794 603 1843 656 Α

196 708 454 769 praeterea
494 695 768 765 cujusdam
816 694 1032 750 fortium
1067 686 1363 749 castrorum
1395 693 1601 747 Domini
1632 694 1769 747 mili-

198 800 311 841 tum
339 787 678 844 celeberrimi
726 786 874 840 ducis
926 784 1260 839 mirabilibus
1303 784 1657 838 hortamentis
1686 783 1767 837 iu-

196 878 316 941 niti,
349 880 545 946 quibus
575 879 626 932 in
661 877 813 946 103
854 875 1042 930 mediis
1078 874 1273 943 prmliis
1313 875 1578 937 cristatas,
1610 874 1770 927 nimi-

196 984 318 1022 rum
360 967 483 1023 ﬁdei
519 968 705 1037 galeis,
734 966 1064 1021 exercituum
1103 963 1393 1033 phalangas
1419 970 1768 1016 consueverat

195 1058 467 1120 incitare,
512 1056 664 1122 Quis,
693 1056 938 1122 inquiens
984 1070 1075 1107 nos
1128 1052 1385 1121 separabit
1432 1070 1462 1104 a
1512 1051 1764 1104 charitate

195 1145 432 1199 Christi?
466 1141 733 1196 tribulatio
758 1144 783 1193 ?
830 1159 897 1193 an
944 1141 1309 1209 angustiaPau
1362 1141 1563 1209 ﬁrmes?
1584 1140 1758 1210 (Rom.

195 1250 311 1295 vm,
345 1233 461 1303 55.)
489 1233 553 1286 Et
592 1242 711 1299 post
734 1230 1043 1307 paululum:
1077 1229 1259 1284 Certus
1300 1247 1415 1284 sum
1461 1233 1597 1284 enim
1640 1234 1763 1300 quia

193 1338 358 1392 neque
388 1322 513 1379 ritu,
543 1335 701 1389 neque
742 1334 881 1372 mors
905 1316 1066 1389 (Ibid.
1093 1317 1203 1388 58).
1238 1318 1303 1370 Et
1332 1319 1645 1385 quibusdam
1690 1320 1763 1371 in-

192 1411 494 1481 terpositis,
541 1412 595 1463 in
642 1424 849 1464 summa
917 1408 1238 1463 concludens
1298 1408 1517 1463 definit:
1581 1409 1761 1478 Neque

191 1511 438 1556 creatura
465 1501 640 1570 aliqua
676 1500 860 1569 poterit
892 1514 982 1551 nos
1016 1514 1255 1562 separare
1282 1516 1313 1551 a
1351 1499 1599 1553 charitate
1639 1500 1756 1561 Dei,

190 1606 309 1659 φατε
354 1600 427 1643 est
461 1590 515 1642 in
545 1587 747 1643 Christo
780 1587 927 1649 Iesu,
968 1586 1191 1640 Domino
1222 1597 1395 1640 nostra
1438 1588 1599 1659 (Ibid.
1643 1590 1753 1651 59).

190 1681 245 1735 Si
297 1680 468 1750 igitur
514 1688 641 1733 tunc
676 1677 911 1747 perfecta
950 1678 1183 1732 cbaritas
1225 1678 1517 1734 ferventior
1565 1683 1758 1736 mentis

187 1771 382 1823 urebat
409 1770 722 1839 praecordia,
753 1784 859 1823 non
907 1768 1090 1822 debuit
1122 1769 1341 1823 omnino
1369 1769 1713 1838 refrigescere
1738 1789 1751 1833 ;

186 1861 228 1913 si
259 1875 393 1915 vero
421 1862 583 1914 timor
617 1857 817 1930 [Forte,
852 1857 1062 1930 timore]
1107 1858 1353 1929 frigebat,
1385 1877 1490 1915 non
1530 1861 1632 1916 fuit
1659 1864 1754 1917 uti-

186 1966 289 2018 que
317 1948 559 2019 perfecta
604 1949 858 2011 cbaritas,
905 1964 1024 2016 qua:
1077 1947 1222 2003 foras
1266 1966 1371 2004 non
1410 1952 1556 2006 misit
1602 1954 1758 2008 timo-

186 2055 322 2094 rem.
357 2039 621 2109 Perfecta,
661 2039 831 2107 inquit
864 2036 1113 2103 Joannes,
1142 2040 1367 2094 citaritas
1411 2040 1552 2109 foras
1605 2044 1759 2096 mittit

184 2131 425 2184 timorem
474 2128 653 2200 (Joan.
707 2143 779 2193 tv,
825 2129 928 2198 18).
974 2128 1149 2195 Quarri
1189 2131 1414 2200 denique
1461 2140 1654 2201 potest,
1695 2136 1758 2191 de

186 2234 292 2288 qua
343 2219 510 2272 trium
557 2233 813 2289 generum
857 2220 1131 2274 hominum
1183 2221 1524 2278 distinctione
1575 2226 1758 2278 existi-

185 2310 323 2364 mari
348 2310 436 2363 vir
476 2310 577 2364 iste
623 2308 933 2363 imminutus
978 2310 1200 2364 cerebro
1249 2322 1274 2350 ι
1334 2312 1646 2377 putabitur?
1684 2314 1757 2368 De

184 2401 349 2454 tertio
385 2399 545 2467 plane
572 2412 786 2467 genere,
816 2398 918 2453 hoc
957 2407 1039 2453 est
1089 2401 1153 2477 de
1189 2402 1381 2470 tepido.
1419 2402 1756 2458 Evomendus

182 2503 312 2558 ergo
352 2496 494 2551 erat,
525 2487 571 2540 si
630 2487 743 2541 haec
788 2487 861 2540 ita
908 2503 966 2542 se
1011 2490 1223 2554 habent,
1272 2508 1337 2545 ex
1390 2508 1483 2547 ore
1523 2494 1750 2550 Domini.

186 2575 467 2644 Scriptum
494 2584 579 2628 est
605 2576 782 2629 enim:
834 2575 1047 2632 Utinam
1078 2596 1212 2633 esses
1253 2580 1452 2637 calidus
1489 2594 1579 2637 aut
1607 2584 1756 2655 frigi-

185 2666 281 2719 dus
302 2666 322 2717 .'
355 2664 465 2720 Sed
493 2667 615 2734 quia
641 2666 841 2736 tepidus
867 2683 941 2729 es,
975 2669 1215 2737 incipiant
1256 2679 1304 2723 te
1329 2688 1558 2726 euomere
1579 2691 1643 2729 ea:
1668 2680 1755 2730 ore

184 2772 298 2809 meo
338 2756 525 2828 (Apoc.
572 2773 666 2819 ιιι,
720 2756 807 2822 15,
852 2757 956 2826 16).
990 2758 1237 2825 Reiectus
1278 2762 1438 2829 igitur
1465 2766 1534 2818 ob
1560 2767 1756 2833 teporis

187 2861 446 2899 nauseam
469 2847 535 2899 de
560 2846 836 2900 stomacho
857 2856 1054 2901 sancta:
1078 2856 1132 2901 et
1148 2850 1461 2904 universalis
1483 2852 1752 2916 Ecclesiae,

185 2944 271 2987 eat
315 2934 578 2989 nimirum
629 2948 748 2987 cum
795 2937 1110 3002 sequacibus
1140 2939 1250 2991 suis
1290 2939 1342 2992 in
1396 2941 1751 2999 solitudinem.

187 3020 495 3075 Corrodant
520 3021 825 3089 squalentes
860 3023 1161 3079 calamitate
1204 3034 1258 3080 et
1301 3027 1515 3082 miseria
1561 3030 1757 3086 herbas

187 3119 345 3165 terra:
393 3117 449 3164 et
494 3110 745 3164 arborum
794 3112 1067 3167 cortices:
1111 3123 1166 3168 et
1203 3114 1353 3169 radix
1388 3115 1755 3188 jnniperorum

186 3202 253 3255 sit
275 3202 436 3257 cibus
469 3216 677 3255 eorum.
710 3199 970 3266 Quoniam
1000 3203 1235 3270 quidem,
1277 3206 1320 3259 si

187 3292 396 3360 licaqne
443 3291 669 3345 ecclesia
729 3295 1143 3360 patres'eorum
1202 3294 1574 3364 indignabatur
1628 3298 1755 3351 olim

186 3397 306 3434 cum
340 3380 573 3434 canibus
595 3379 770 3448 gregis
794 3378 875 3433 sui
906 3395 1123 3449 ponere,
1148 3391 1349 3449 quanto
1374 3385 1544 3453 magis
1567 3399 1664 3439 nec
1700 3386 1761 3439 li-

185 3470 283 3525 lias
310 3483 505 3525 eorum
544 3468 828 3531 consentit,
879 3482 1014 3544 quos
1061 3470 1089 3508 ιι
1136 3470 1473 3526 bmreditario
1508 3472 1631 3539 jure
1668 3490 1760 3544 pa-

196 3564 413 3612 rentum
444 3548 686 3626 perﬁdiae
706 3555 916 3611 soboles
940 3540 1043 3610 non
1072 3558 1277 3626 ignorat
1300 3564 1671 3616 successores?

252 3740 278 3767 ι
332 3726 427 3781 Vir
452 3728 556 3804 iste
575 3728 874 3804 imminutus
896 3728 1119 3781 cerebro.
1140 3729 1463 3804 Imminuere
1489 3727 1646 3804 caput
1674 3738 1758 3790 vel

185 3798 475 3850 cerebrum
505 3796 720 3862 phrasis
741 3795 990 3864 frequens
1013 3800 1156 3865 apud
1197 3802 1431 3857 comicos
1453 3843 1468 3866 ,
1512 3795 1768 3859 Plautum.

187 3866 640 3942 Terentiumque;
693 3866 784 3942 sed
828 3881 925 3942 p_r_o
968 3869 1399 3942 comminuerect
1439 3873 1760 3942 confringere

185 3946 282 3988 ρει.
324 3934 465 3987 Vide
498 3934 726 4002 primum
769 3932 821 3986 in
856 3934 1163 3998 Mostellar.,
1198 3952 1247 3988 v.
1299 3937 1423 4002 275,
1451 3932 1675 3994 alterum
1706 3943 1757 3995 in

185 4004 473 4080 Eunucho,
500 4017 550 4052 ν.
589 4001 710 4080 s71,
741 4010 793 4080 et
840 4002 1087 4071 Adelpb.,
1116 4019 1166 4056 ν.
1198 4005 1302 4059 575
1324 4046 1339 4071 ,
1396 4009 1485 4077 qui
1518 4009 1617 4064 hoc
1671 4027 1760 4080 po-

187 4087 393 4127 stremo
428 4072 551 4124 loco
576 4072 655 4126 sic
685 4073 861 4125 habet.

346 4184 665 4232 Diminuetur
689 4185 774 4231 tibi
798 4185 990 4243 quidem
1013 4184 1102 4245 iam
1125 4188 1405 4249 cerebrum;

190 4285 281 4339 sed
316 4285 444 4352 quia
471 4290 654 4351 caput,
681 4290 734 4337 et
774 4285 825 4337 in
848 4285 1020 4352 capite
1054 4286 1331 4340 cerebrum
1371 4289 1559 4345 anima:
1588 4295 1759 4349 credi-

187 4365 273 4425 tur
297 4354 479 4417 sedes,
508 4363 581 4413 et.
609 4362 665 4406 ut
688 4353 815 4425 dicit
836 4352 1034 4425 Plinius
1059 4355 1147 4409 lib.
1179 4372 1248 4425 δι.
1281 4372 1395 4425 cap.
1427 4360 1513 4424 57,
1553 4378 1571 4409 ι
1607 4361 1758 4419 lianc

187 4423 384 4476 habent
401 4437 597 4477 sensus
610 4436 786 4475 arcem
806 4423 891 4476 hic
915 4424 1122 4477 culmen
1144 4423 1482 4491 altissimum,
1507 4429 1591 4486 hic
1612 4447 1759 4486 meu-

188 4494 252 4544 tis
272 4492 658 4567 est‘rcgintcu,
700 4511 718 4541 ι
748 4492 1025 4567 continens
1065 4507 1159 4559 pro
1210 4503 1458 4550 contento
1498 4500 1759 4567 accipitur

189 4575 326 4627 sa-pc
348 4560 605 4643 figurate,
633 4570 687 4643 et
702 4560 979 4639 cerebrum
997 4569 1266 4643 caputque
1286 4577 1391 4643 pro_
1413 4576 1586 4643 mente
1609 4560 1757 4643 poni-
1784 4567 1836 4625 Β

191 4644 326 4683 mus.
362 4628 509 4697 Ergo
538 4628 744 4681 cerebro
772 4628 1095 4691 imminutus,
1125 4639 1207 4684 est
1232 4628 1424 4695 mentis
1451 4628 1625 4689 minus
1666 4639 1761 4692 ha—

190 4699 334 4759 bens,
366 4698 562 4760 verbo,
590 4704 766 4750 mente
796 4705 1003 4764 captus.

260 4767 287 4805 δ
327 4765 458 4841 Non
488 4767 774 4841 co_n_seut_i_t_,
813 4782 961 4834 quos,
987 4776 1090 4820 etc.
1123 4768 1344 4841 Videtur
1370 4785 1554 4826 manca
1581 4775 1749 4841 perio-

192 4834 449 4909 dus,_ni_si
477 4834 888 4909 su_bintelligas.:
928 4851 1031 4888 non
1057 4839 1322 4891 consentit
1347 4854 1543 4909 ponere
1581 4834 1719 4898 Iilios
1745 4885 1759 4906 ,

194 4906 283 4973 ubi
296 4902 697 4973 dedignabatur
708 4902 793 4969 pa't
804 4917 886 4954 res
912 4917 1096 4957 eorum
1116 4902 1425 4973 ponerefut
1446 4924 1633 4965 sensus
1656 4915 1723 4966 sit
1745 4902 1757 4965 ἑ

196 4972 249 5023 Si
273 4971 518 5046 Ecclesia
545 4971 920 5046 indignabatur
947 4971 1127 5041 patres
1169 4974 1535 5046 luet'eticorum
1563 4994 1763 5046 ponere

196 5052 312 5091 cum
341 5040 574 5111 canibus
587 5040 775 5111 gregis
802 5039 902 5099 sui,
932 5039 1129 5108 quanto
1156 5044 1322 5111 magis
1361 5060 1464 5097 non
1500 5039 1765 5104 eoinsentit

196 5121 389 5174 ponere
413 5108 887 5180 ipsos_lr.erc_t_icos_,
901 5124 1005 5180 quo
1024 5125 1125 5163 non
1153 5108 1469 5180 ignorat,uti
1500 5114 1765 5174 filiosesse

197 5189 539 5250 successores
569 5175 1056 5250 hmreditariojure
1089 5175 1321 5250 pet‘iidiie
1345 5175 1659 5250 parentum?

266 5254 288 5281 ε
322 5243 775 5321 Concha-duplici
799 5243 1206 5321 perﬁdite‘ruga.
1247 5243 1409 5321 Ruga:
1445 5254 1655 5321 quidem
1712 5256 1765 5310 in

198 5311 407 5392 frontet,
461 5311 764 5392 eminentes
802 5311 1103 5392 superciliis
1122 5311 1373 5392 inmaimve
1400 5311 1629 5392 indicant
1689 5325 1768 5392 fa—

199 5391 348 5433 stum.
374 5380 484 5436 Sed
511 5396 680 5451 quare
706 5380 938 5451 duplici?
964 5382 1178 5451 Anquia
1203 5389 1456 5441 unitatem
1485 5390 1607 5443 fidei
1627 5380 1766 5446 scin-

200 5451 319 5505 dere
348 5450 797 5511 tcntabat‘Felix,
828 5456 880 5503 et
905 5451 1035 5504 duos
1067 5453 1217 5513 filios,
1255 5457 1335 5509 vel
1362 5459 1494 5511 duos
1527 5458 1655 5514 deos
1682 5476 1766 5515 as-

200 5532 391 5595 serere,
421 5527 481 5595 u_t
535 5532 654 5571 mox
704 5518 848 5595 addit
893 5518 1175 5574 Paulinus?
1218 5523 1306 5578 Sic
1356 5527 1496 5579 enim
1533 5530 1766 5595 pcriidize

202 5601 323 5657 ruga
346 5588 541 5657 duplex
566 5600 687 5657 esse
705 5586 931 5657 videtur.

260 5626 378 5732 3-;
383 5626 541 5709 :51;-
562 5626 845 5734 ἶξιῖὶξιάίεα.
881 5655 935 5734 id
979 5664 1061 5734 est
1103 5662 1397 5734 temeraria.
1442 5662 1766 5734 Quandoque

201 5722 334 5803 enim
367 5722 716 5803 temerarius,
740 5731 793 5775 cl
814 5724 902 5803 qui
927 5724 1070 5803 nullo
1095 5729 1297 5794 pudore
1312 5722 1558 5803 tiucifur,
1588 5722 1762 5803 imp..-

202 5790 343 5847 dicas
368 5792 587 5850 dicitur.
617 5791 836 5845 Plautus
856 5793 908 5845 in
936 5790 1195 5860 Rudente,
1230 5811 1278 5849 v.
1311 5798 1411 5853 597
1439 5818 1450 5851 :

863 493 1137 550 CONTRA
1176 494 1468 548 FELICEM
1510 486 2045 547 URGEILITANUM
2087 487 2260 542 LIBRI
2299 490 2385 542 lil.’
2422 521 2489 529 κο
2526 492 2650 547 LIB.
2692 492 2731 544 l.

3320 495 3422 549 353

2456 572 2697 655 carm"
2720 601 2825 655 vn.

1871 680 2022 738 Felix
2061 696 2112 738 ut
2153 684 2356 740 Goliam
2400 688 2570 758 lapide
2616 689 2947 764 sternendus;
3002 699 3056 743 ut
3090 692 3256 760 hydra
3311 695 3427 764 igne.

2442 759 2839 812 consumendus.

1936 841 2205 910 Eligamus
2243 853 2561 913 quapropter
2607 847 2840 915 quinque
2891 847 2955 899 de
2983 855 3219 903 torrente
3247 849 3424 920 limpi-

1865 931 2110 987 dissimos
2145 935 2345 1002 lapides
2371 976 2383 997 ,
2432 951 2656 1003 quorum
2694 937 2904 1003 quidem
2942 953 3104 991 unum
3140 937 3297 992 funda
3350 941 3432 1008 ja-

1865 1020 2085 1084 eientcs,
2113 1021 2277 1076 Golim
2311 1024 2463 1078 istius
2484 1026 2729 1095 gigantea
2758 1026 3187 1093 inilatijactantia
3216 1029 3267 1100 (1
3296 1028 3420 1100 Reg.

1864 1125 1928 1162 χι,
1973 1113 2148 1181 seq.),
2197 1111 2434 1168 fulminis
2483 1117 2548 1168 ad
2579 1116 2747 1169 instar
2800 1119 3110 1172 acutissimo
3155 1120 3261 1174 ictu
3298 1136 3425 1174 con-

1863 1201 1968 1254 cisa
1997 1203 2191 1271 duplici
2216 1215 2235 1241 ε
2263 1205 2498 1273 perfidia:
2526 1222 2653 1276 ruga
2694 1206 2839 1261 frons
2888 1208 3149 1278 impudica
3195 1209 3221 1249 ἀ
3253 1210 3421 1265 fodia—

1862 1299 1966 1342 tur.
2009 1292 2280 1356 Quatenus
2316 1293 2471 1347 unius
2496 1295 2684 1365 lapidis
2728 1312 3015 1365 percussus
3059 1299 3179 1354 ulcu
3210 1312 3232 1339 ε
3270 1301 3428 1354 inter-

1859 1384 1976 1441 eat,
2015 1379 2103 1447 qui
2136 1381 2393 1434 unitatem
2451 1381 2569 1437 ﬁdei
2603 1384 2846 1438 scindere
2884 1385 3074 1438 nititur
3101 1427 3115 1451 ,
3166 1397 3220 1441 ct
3261 1404 3425 1442 unum

1860 1468 2137 1523 Dominum
2180 1469 2358 1525 Iesum
2386 1471 2736 1528 Christumoin
2770 1476 2901 1529 duos
2954 1476 3119 1542 filios,
3163 1479 3245 1531 vel
3292 1478 3425 1532 duos

1858 1556 1985 1610 deos
2006 1559 2351 1614 schismatico
2374 1575 2564 1630 capere
2602 1561 2817 1615 molitur
2858 1564 3065 1617 adnisu.
3093 1566 3168 1620 Ae
3189 1581 3283 1636 per
3326 1568 3425 1621 hoc

1854 1647 2053 1713 proprii
2105 1658 2379 1705 truncatus
2422 1653 2570 1706 ensis
2617 1668 2909 1716 mucrone,
2980 1656 3227 1712 Davidica
3266 1661 3423 1713 modo

1866 1736 2095 1790 mirabili
2145 1752 2203 1792 se
2255 1750 2469 1794 secante
2494 1758 2677 1807 manu,
2699 1742 2809 1809 jam
2842 1746 3064 1801 ulterius
3092 1750 3235 1803 nullo
3267 1730 3426 1811 modo

1859 1825 2034 1879 valeat
2076 1825 2094 1864 τ
2129 1830 2395 1884 reminisci
2419 1829 2621 1900 [Forte,
2646 1834 2912 1899 revivisei,
2944 1854 3037 1904 pro
3063 1838 3419 1911 reviviscere].

1788 1920 1833 1977 B
1863 1914 2012 1992 Quod
2028 1916 2069 1969 si
2099 1916 2335 1972 fabuloso
2359 1920 2644 1988 bydrnrum
2671 1938 2838 1988 more,
2856 1925 3160 1980 trisuleibns
3177 1926 3421 1998 εμιόνιρ,

1858 1989 2099 2075 trisuleo]
2127 2004 2270 2060 ferro
2284 2008 2512 2063 desectis
2559 2012 2839 2079 capitibus,
2868 2016 3204 2070 numerosius
3238 2033 3424 2073 rursus

1857 2090 2127 2145 sibilantia
2151 2097 2501 2162 resumpsisse
2526 2099 2661 2153 colla
2695 2110 3039 2167 portentuoso
3070 2115 3311 2159 monstro
3344 2106 3424 2162 lu-

1856 2182 2034 2236 dificat
2062 2202 2074 2235 :
2120 2200 2180 2238 ac
2210 2200 2306 2253 per
2340 2188 2439 2241 hoc
2487 2202 2551 2241 ex
2594 2189 2775 2244 damni
2815 2194 2968 2261 quasi
2998 2196 3236 2251 redivivo
3262 2196 3426 2250 detri-

1856 2283 2065 2337 mento,
2105 2274 2436 2330 commodius
2458 2291 2575 2331 sese
2596 2278 2881 2347 profecisse
2921 2280 3187 2348 iactatur;
3214 2285 3424 2340 divinus

1852 2359 1901 2410 ei
1926 2360 2124 2416 idcirco
2151 2364 2567 2434 inexstinguibili
2593 2366 2801 2422 flamma
2821 2370 2956 2440 ignis
2978 2372 3424 2427 adhibeatursue—

1852 2466 2064 2505 census.
2091 2452 2361 2518 Quatenus
2389 2455 2661 2510 rebellium
2698 2461 2956 2515 ambusta:
2984 2462 3187 2516 venula:
3218 2462 3421 2516 medul-

1852 2534 2044 2601 larum,
2071 2540 2268 2594 nullam
2297 2543 2545 2610 deinceps
2571 2546 2758 2599 veneni
2790 2546 3080 2603 inllcientis
3133 2548 3421 2604 sufiusione

1854 2629 2181 2696 parturicndi
2203 2632 2503 2702 prodigiosa
2529 2633 2694 2701 prolis
2713 2636 2948 2689 obtineat
2974 2636 3300 2693 facultatem.

1884 2734 1887 2737 '
2458 2722 2682 2781 CAPUT
2721 2726 2848 2780 Vlll.

1857 2803 2011 2860 Felix
2036 2824 2068 2861 α
2105 2807 2324 2862 Patrum
2369 2828 2520 2864 sensu
2548 2812 3010 2890 discedens_.rnodo
3039 2819 3219 2870 Arium
3260 2822 3425 2890 sequi-

2305 2889 2412 2943 tur,
2444 2880 2596 2933 modo
2625 2881 2945 2937 Nestorium.

1927 2964 2031 3019 Sed
2060 2968 2312 3035 quoniam
2356 2970 2593 3024 veritatis
2630 2985 2924 3028 assertores
2962 2970 3268 3049 omnimotia
3320 2980 3427 3034 eir-

1856 3057 2253 3123 cumspectione
2285 3059 2545 3114 mendacii
2574 3061 2747 3117 vitare
2775 3064 3123 3132 muscipulam
3157 3067 3425 3120 nihilomi-

1857 3156 1959 3194 nus
1978 3143 2189 3206 debent,
2224 3147 2588 3202 testimonium
2618 3150 2814 3205 idcirco
2849 3153 2922 3206 illi
2960 3155 3213 3223 perhibeo
3235 3195 3251 3218 ,
3299 3157 3423 3224 quia

1348 3215 1532 3262 sancta
1574 3210 1756 3263 catho-

1855 3229 2168 3300 plerumque
2189 3234 2320 3287 satis
2352 3236 2487 3289 bene
2509 3253 2747 3309 sanoque
2776 3256 2935 3297 sensu
2979 3244 3322 3311 professionis
3342 3249 3422 3300 vi-

1859 3317 2013 3371 detur
2039 3322 2233 3375 seriem
2267 3317 2644 3383 non'multtun
2678 3330 2926 3401 degeneri
2964 3334 3168 3391 calamo
3194 3339 3427 3406 promul—

1857 3424 2005 3477 gare.
2036 3410 2168 3465 lllud
2204 3427 2301 3481 pro
2334 3423 2482 3471 certo
2531 3410 2698 3472 videri
2730 3436 2834 3473 non
2867 3422 3083 3477 dubium
3121 3434 3201 3480 est
3225 3465 3239 3489 ,
3292 3441 3425 3494 quo-

1858 3499 2001 3552 niam
2024 3501 2259 3568 quandiu
2286 3506 2693 3570 prtecedentium
2717 3508 2935 3563 Patrum
2986 3514 3206 3580 vestigia
3242 3518 3417 3583 sequi-

1858 3599 1964 3651 tur,
1988 3605 2051 3644 ae
2077 3591 2258 3644 tritam
2285 3608 2469 3647 eorum
2496 3604 2654 3651 recta:
2674 3597 2795 3653 fidei
2818 3601 3089 3666 gressibus
3114 3601 3249 3657 viam
3275 3585 3423 3659 sean-

2437 3743 2451 3756 .
2478 3742 2492 3755 .
2514 3742 2527 3755 .
2551 3745 2561 3754 .
2594 3744 2605 3756 .
2628 3709 2669 3758 0
2694 3710 2878 3759 facinus
2902 3715 3185 3774 impudicum
3209 3715 3219 3763 ε

1980 3764 2130 3821 Quam
2162 3766 2363 3816 liberam
2391 3781 2503 3818 esse
2523 3778 2711 3829 oportet
2734 3774 2921 3821 servire
2947 3764 3207 3835 postulare.

1932 3856 1954 3882 ο
2001 3844 2280 3899 Percussus
2317 3850 2454 3901 ulcu.
2486 3848 2540 3902 ld
2571 3858 2653 3903 est
2677 3889 2692 3913 ,
2736 3850 2925 3914 ulcere,
2953 3854 3043 3906 sed
3070 3868 3194 3908 vere
3218 3855 3421 3910 vulnere

1857 3925 1975 3966 erat
1999 3914 2298 3969 dicendum.
2346 3916 2476 3970 Nam
2513 3918 2587 3971 ait
2610 3918 2847 3973 Nonius:
2894 3939 2910 3970 ο
2951 3922 3111 3976 Ulcus
3152 3934 3205 3977 et
3233 3925 3423 3980 vulnus

1860 3982 2206 4061 boetiistant,
2230 3987 2368 4061 quod
2394 3987 2541 4039 ulcus
2582 3995 2717 4041 tecta
2744 3999 2797 4041 et
2829 3989 3009 4044 clausa
3040 3993 3356 4061 malignitas.
3395 4014 3414 4046 ι

1860 4051 2132 4120 Virgilius,
2157 4069 2214 4105 ιιι
2245 4051 2437 4121 Georg.
2466 4073 2478 4106 :

1982 4159 2136 4225 ngtn
2161 4162 2199 4206 si
2231 4162 2339 4223 quis
2362 4160 2493 4210 ferro
2513 4158 2668 4225 poluit
2686 4167 2965 4216 rescindere
2989 4180 3224 4220 summum

1993 4219 2163 4303 μιῇ
2181 4219 2310 4303 eice.
2327 4232 2364 4278 is
2385 4242 2440 4280 os
2465 4246 2476 4280 :
2503 4219 2646 4282 alitur
2672 4237 2836 4284 vitium
2864 4239 3078 4301 vivitque
3102 4240 3333 4303 tegendo,

1980 4287 2015 4336 ν
2030 4287 2175 4337 ulnus
2200 4291 2353 4351 hians,
2374 4302 2564 4352 patens.

1859 4390 1998 4445 Idem
2037 4392 2135 4445 En.
2165 4408 2197 4445 Χ
2228 4411 2240 4445 :

1979 4502 2190 4569 [roduxi
2218 4507 2433 4564 pressive
2457 4506 2638 4569 oculos,
2663 4513 2746 4559 aut
2768 4510 2967 4562 vulnera
2991 4511 3086 4562 lavi

1984 4562 2135 4611 Veste
2156 4562 2348 4623 tegens.

1861 4643 1984 4722 Haec
2012 4644 2641 4722 Nannius._Cttni_anteni
2686 4648 2936 4722 Paulinus
2966 4652 3153 4722 lapidis
3171 4655 3316 4721 jactu
3344 4658 3420 4712 in-

1862 4715 2143 4785 teriturum
2177 4714 2409 4785 Felicem
2425 4717 2586 4781 dicat,
2611 4719 2948 4773 manifestum
2961 4714 3062 4785 est,
3081 4714 3285 4778 uulnere
3313 4743 3420 4782 non

1861 4781 2029 4834 ulcere
2059 4781 2220 4836 fuisse
2257 4784 2559 4837 dicendum.

1938 4850 1954 4887 ί
2012 4849 2186 4903 Valeat
2220 4852 2495 4905 reminisci.
2548 4853 2625 4906 Ex
2663 4856 3097 4916 antecedentibus
3130 4871 3183 4915 et
3205 4877 3267 4915 ex
3294 4879 3423 4918 con-

1863 4919 2206 4986 sequentibus
2236 4920 2594 4975 consideranti
2624 4925 2835 4978 obviam
2878 4932 2934 4979 lit
2964 4929 3049 4983 hic
3088 4932 3329 4984 mendam
3354 4936 3423 4985 ir-

1864 4986 2110 5059 repsisse,
2137 4990 2451 5059 etreuivisci
2478 4994 2867 5059 reponendum;
2903 4998 2994 5049 sed
3034 5008 3209 5051 tamen
3250 5003 3422 5055 revivi-

1863 5072 2000 5126 scere
2024 5056 2326 5119 dicendum,
2354 5066 2414 5110 ut
2436 5074 2498 5111 ex
2530 5056 2835 5126 conjectura
2847 5056 3027 5117 nostra
3053 5067 3421 5123 adnotavimus

1865 5124 1918 5175 in
1951 5133 2028 5177 tcv
2040 5132 2114 5176 tu.
2413 5171 2420 5177 .

1938 5195 1963 5230 ³
2003 5192 2317 5268 Trisulcibus
2362 5193 2500 5268 [erro
2521 5194 2735 5268 desectis
2771 5201 3024 5268 capitibus
3044 5220 3063 5257 :
3089 5219 3192 5258 non
3225 5203 3422 5258 Trisul-

1864 5261 2029 5323 ribus,
2171 5272 2312 5316 esset
2334 5262 2619 5336 ,‘trisuleis
2644 5261 2939 5336 legendum.
2993 5266 3099 5329 Sed
3140 5274 3423 5328 emendata

1902 5330 2207 5410 rammatica
2257 5330 2396 5410 quid.
2423 5333 2569 5410 tum?
2599 5330 2783 5410 adhuc
2818 5336 3109 5410 tliilicultas
3155 5353 3421 5410 superest.

1913 5412 2038 5450 nare
2078 5399 2220 5475 enim
2246 5400 2470 5475 trisulcis
2497 5403 2784 5475 capitibus?
2814 5406 2955 5475 Ergo
2999 5418 3052 5460 et
3088 5399 3246 5463 alium
3276 5426 3422 5465 erro-

1866 5481 1980 5547 rem
2025 5476 2153 5533 puto
2188 5469 2488 5547 tollendum,
2520 5469 2740 5540 legendo
2765 5469 3212 5547 nempetrisculco
3261 5479 3420 5547 ferro.

1867 5533 2106 5609 Hydram
2125 5537 2317 5609 quippe
2339 5533 2630 5609 NaucratES
2650 5552 2867 5609 septem,
2884 5533 3185 5602 Zenodotus
3209 5533 3421 5608 novem,

1866 5601 2178 5685 [let-aclides
2192 5601 2578 5685 quinquaginta
2587 5679 2595 5685 _
2605 5601 2779 5685 capita
2815 5601 3060 5685 habuisse
3082 5601 3263 5668 dicunt
3282 5601 3423 5685 apud

1866 5670 2106 5749 Natalem
2122 5670 2537 5749 _del_(.‘_omitibus
2564 5670 2756 5749 l_ib.'vn
2784 5718 2799 5749 ,
2850 5694 2964 5749 cap.
3004 5684 3023 5735 l
3054 5722 3069 5745 ,
3112 5700 3266 5738 nemo
3316 5670 3420 5740 ἶνις)

1866 5740 2321 5819 tantum._'l‘rilido
2357 5752 2535 5819 autem
2562 5744 2731 5811 ferro,
2774 5740 3182 5819 forte'quia'jatn
3215 5761 3294 5807 ter
3320 5753 3421 5808 Fe-

1868 5808 2058 5864 lieiana
2098 5808 2313 5865 hmrcsis
2334 5813 2651 5882 proscripta.
