4174 6442
275 534 380 593 381

947 531 1219 595 CONTRA
1255 522 1546 590 FELICEM
1585 526 2119 622 URGDLLITANUM
2155 525 2332 586 LIBRI
2369 526 2453 584 III.
2493 528 2561 572 -—'
2596 526 2721 586 LIB.
2763 529 2802 586 I.
2864 587 2866 589 ,

3348 527 3453 584 ως

267 649 422 705 enim
473 661 530 702 se
577 647 855 702 Dominum
890 630 1069 702 Iesum
1111 646 1378 706 Christum
1424 657 1608 696 verum
1655 640 1820 708 Deum
1848 645 1896 701 Α
1924 646 2157 700 coactus,
2199 637 2527 692 necessitatis
2552 650 2807 690 excusare
2831 635 3022 704 satagit
3043 644 3201 690 voto:
3233 651 3299 689 ne
3321 635 3458 691 forte

272 749 569 804 verumque
605 727 822 788 credere
867 735 1173 809 hominem:
1202 735 1268 787 ab
1315 733 1428 800 ipso
1459 731 1660 786 scilicet
1700 745 1825 784 con—

265 832 438 892 ceptu
483 823 754 892 virginalis
799 823 936 876 uteri
975 838 1006 876 a
1037 824 1198 876 verbo
1233 822 1324 875 Dei
1365 822 1417 875 in
1465 822 1826 890 singularitate

270 926 520 980 persona:
589 911 1013 977 inseparabiliter
1073 911 1271 976 absque
1336 909 1439 960 ulla
1504 907 1826 962 confusionis

271 1001 633 1061 mutabilitate
670 1003 948 1068 utriusque
989 1007 1222 1059 naturae,
1275 1012 1436 1051 unum
1479 998 1827 1064 eumdcmquc

270 1089 374 1142 Dei
420 1088 756 1155 hominisque
797 1086 1022 1149 Filium;
1057 1100 1153 1139 nec
1198 1085 1429 1136 alterum.
1452 1084 1572 1145 Dei,
1600 1082 1826 1135 alterum

269 1176 532 1236 hominis,
559 1176 650 1229 sed
685 1189 849 1227 unum
877 1175 1225 1241 eumdemquc
1269 1172 1359 1224 Dei
1399 1179 1453 1224 ct
1487 1169 1709 1223 hominis
1732 1168 1823 1220 Fi-

267 1263 442 1325 lium;
470 1278 573 1316 non
603 1263 737 1316 duos
773 1262 928 1327 filios,
954 1276 1051 1314 nec
1077 1263 1208 1315 duos
1244 1260 1388 1320 deos,
1419 1266 1472 1312 et
1509 1257 1590 1310 his
1613 1255 1819 1315 similia,

258 1347 425 1415 juxta
456 1349 688 1418 regulam
713 1350 984 1404 catholica:
1018 1339 1149 1402 satis
1181 1347 1454 1415 perspicue
1477 1345 1695 1412 prolixa:
1721 1344 1826 1396 dis-

264 1441 566 1509 putationis
607 1441 832 1494 effusum
871 1439 1152 1509 przetendit
1179 1451 1496 1492 sermonem.
1527 1436 1641 1502 Quo
1670 1436 1827 1502 igitur

263 1539 431 1599 pacto
466 1531 723 1599 cujusque
756 1531 1022 1584 suasibilis
1049 1517 1410 1597 inspirationis
1437 1529 1686 1585 instinctu
1711 1534 1826 1594 sta-

264 1621 369 1674 tim
416 1604 749 1674 obliviscitur
792 1621 913 1688 quis
963 1603 1119 1687 paulo
1155 1627 1277 1672 ante
1317 1617 1517 1679 fuerat,
1551 1617 1828 1667 immemor

262 1708 469 1769 subito,
499 1708 649 1775 quasi
679 1708 730 1760 in
758 1707 1074 1761 alienatione
1094 1706 1263 1758 insani
1295 1704 1504 1771 capitis,
1535 1702 1660 1771 quid
1682 1702 1826 1755 dixe-

263 1795 375 1848 rit?
410 1794 544 1849 Huic
587 1803 783 1858 autem,
813 1796 899 1849 cui
941 1802 1124 1847 auctor
1153 1793 1347 1846 dudum
1385 1791 1651 1845 exstiterit
1679 1787 1827 1843 testi-

263 1883 459 1946 monii,
510 1884 783 1937 causativo
829 1882 938 1935 litis
966 1881 1230 1950 opposito,
1279 1881 1558 1934 verborum
1592 1876 1826 1932 adversis

1921 740 1986 780 ex
2013 736 2164 780 utero
2189 734 2537 780 sacrosancta:
2561 725 2748 778 matris
2767 724 3016 778 Ecclesia
3036 733 3281 794 tanquam
3304 731 3460 780 abero

1924 815 2062 869 tivus
2093 821 2214 868 ante
2237 813 2370 868 lueis
2388 811 2699 880 projiciatur
2726 813 3112 879 crepusculum.

2533 920 2755 976 CAPUT
2792 919 2859 974 Χ.

1957 1013 2208 1066 Paulinus
2233 1026 2337 1065 non
2366 1010 2582 1064 intendit
2618 1009 2867 1061 discutere
2905 1022 2995 1062 cor
3022 1017 3068 1062 et
3098 1008 3424 1062 intentioni-ut

2434 1077 2645 1140 Felicis,
2670 1077 2757 1130 sed
2784 1077 2951 1129 verba.

1993 1166 2102 1221 Hoc
2114 1175 2317 1230 autem,
2331 1169 2471 1235 quod
2487 1165 2639 1234 quasi
2650 1164 2884 1218 mordaci
2901 1164 3270 1218 transcurrisse
3283 1179 3367 1218 me
3384 1179 3462 1218 rc-

1922 1271 2216 1326 cognoscor
2233 1270 2496 1318 sermone,
2516 1271 2620 1309 non
2635 1254 2879 1309 veritatis
2899 1254 3094 1316 studio,
3115 1254 3205 1306 sed
3223 1255 3459 1308 necessi-

1924 1347 2314 1414 tatis-impulsu,
2333 1361 2450 1414 qua:
2470 1347 2536 1400 ab
2562 1361 2625 1399 eo
2645 1346 2778 1399 bene
2799 1345 3135 1413 pronuntiata
3158 1353 3298 1407 sunt,
3321 1342 3464 1398 dele-

1921 1428 2126 1502 gavis‘se
2144 1433 2382 1502 praedixi.
2406 1432 2520 1486 Non
2551 1433 2856 1486 intentando
2882 1433 3092 1486 interim
3117 1431 3310 1500 ingessi
3332 1429 3461 1502 [.tl.,

1922 1522 2188 1593 ingrcssi],
2212 1523 2372 1576 veluti
2399 1523 2470 1576 ita
2501 1527 2558 1575 se
2578 1523 2774 1576 certius
2800 1524 3048 1586 habeant,
3076 1522 3167 1576 sed
3197 1530 3256 1576 ut
3289 1521 3465 1588 conje~

1923 1621 2192 1665 cturarum
2213 1610 2342 1681 [Αι.,
2363 1611 2815 1682 coniecturalium]
2839 1611 3207 1679 disputationis
3244 1611 3359 1679 ejus
3391 1613 3466 1666 ita

1923 1699 2050 1752 mihi
2065 1700 2267 1766 opinari
2285 1691 2804 1768 qualitas-persuasit.
2818 1697 3076 1752 Cancrum
3089 1699 3179 1752 Dei
3203 1699 3366 1752 solius
3383 1706 3466 1752 est

1924 1787 2105 1840 intime
2125 1788 2459 1856 cogitationis
2485 1803 2676 1842 arcana
2703 1788 2905 1841 rimari.
2925 1788 3041 1857 Ipse
3061 1788 3199 1842 enim
3219 1798 3300 1842 est
3317 1803 3466 1842 scru-

1923 1881 2061 1926 tator
2082 1889 2266 1928 renum
2287 1885 2341 1928 et
2373 1875 2640 1937 cordium,
2681 1876 3160 1944 cogitationumque
3187 1876 3460 1931 discretor.

261 1968 593 2036 refragatius
616 1967 966 2037 intorquendo
989 1967 1204 2036 spiculis
1225 1966 1558 2021 contradicit.
1589 1964 1655 2016 Et
1681 1961 1822 2031 quod
1855 1957 1894 2013 Β
1922 1959 2171 2014 Nostrum
2201 1971 2286 2015 est
2308 1963 2448 2016 enim
2471 1963 2649 2016 videre
2677 1963 2730 2015 in
2755 1962 2888 2017 facie
2911 1963 3031 2017 :Dei
3059 1972 3231 2017 autem
3261 1973 3467 2018 utrum-

260 2059 320 2112 in
350 2066 602 2126 promptu
644 2068 805 2111 recta:
844 2057 965 2110 ﬁdei
1006 2056 1275 2124 proprium
1319 2054 1640 2122 delegavisse
1665 2037 1821 2120 puta-

259 2147 429 2200 batur
454 2146 746 2208 oraculum,
780 2161 844 2199 ac
883 2145 926 2198 si
964 2144 1181 2197 alterius
1207 2153 1260 2198 et
1287 2158 1391 2196 non
1418 2158 1526 2196 suae
1552 2142 1824 2195 conscien-

269 2238 365 2290 tia
389 2251 544 2306 opus,
575 2237 758 2290 durius
799 2242 919 2303 post
949 2233 1213 2287 modicum
1238 2225 1552 2285 furibundus
1595 2228 1819 2296 abjurat.

260 2326 354 2378 Ait
375 2327 550 2379 enim:
574 2324 630 2378 Si
658 2332 854 2387 autem,
879 2331 937 2376 ut
957 2338 1050 2376 vos
1069 2321 1247 2385 vultis,
1286 2322 1445 2374 homo
1469 2329 1769 2387 assumptus
1793 2335 1822 2371 a

258 2413 406 2468 Filio
421 2414 538 2477 Dei,
552 2428 672 2467 mox
700 2427 729 2466 a
749 2411 1090 2479 conceptione
1106 2409 1376 2477 virginalis
1391 2408 1524 2460 uteri
1541 2418 1825 2475 conceptus

257 2513 347 2557 est
371 2503 512 2556 Deus
531 2512 581 2557 et
605 2516 763 2555 verus
789 2509 942 2554 natus
959 2507 1040 2554 est
1060 2501 1218 2564 Deus,
1240 2499 1503 2568 quomodo
1530 2499 1639 2568 ipse
1659 2500 1824 2554 Filius

256 2591 574 2659 prophetice
601 2590 665 2643 de
694 2590 980 2657 semetipso
1005 2589 1079 2642 ait
1104 2603 1119 2641 :
1149 2588 1216 2641 Et
1259 2605 1393 2641 nunc
1420 2589 1528 2641 haec
1569 2589 1691 2640 dicit
1719 2588 1825 2641 Do-

189 2699 192 2701 λ
257 2677 460 2739 minus,
486 2675 717 2744 formans
742 2693 820 2730 me
845 2693 908 2728 ex
929 2684 1074 2729 utero
1090 2692 1289 2729 servum
1310 2675 1406 2728 sibi
1428 2674 1562 2744 (Isa.
1579 2690 1726 2737 χιιι,
1748 2675 1826 2745 5)?

259 2767 328 2820 Et
358 2780 569 2829 rursus,
597 2781 724 2833 qua,
755 2767 948 2834 inquit,
974 2767 1292 2820 auctoritate
1331 2767 1490 2819 homo
1525 2765 1827 2818 Dominicns

258 2870 328 2909 ex
351 2862 510 2908 utero
537 2855 724 2908 matris
745 2869 902 2908 verus
935 2855 1072 2909 Deus
1099 2865 1402 2922 conceptus,
1431 2861 1484 2908 et
1507 2868 1664 2908 verus
1689 2854 1825 2907 Deus

257 2952 425 2997 natus
449 2958 481 2996 a
515 2944 666 2998 vobis
689 2943 1027 3012 prmdicatur,
1054 2959 1174 2997 cum
1216 2943 1284 2997 sit
1324 2951 1510 2996 natura
1537 2956 1694 2995 verus
1729 2943 1824 2995 bo-

259 3047 372 3095 mo,
402 3040 459 3084 et
492 3045 588 3098 per
612 3033 790 3084 omnia
831 3031 1074 3086 subditus
1109 3032 1250 3086 Deo?
1274 3031 1412 3098 Quid
1454 3032 1638 3101 plura?
1679 3031 1731 3084 in
1758 3046 1822 3085 eo

257 3135 435 3189 usque
468 3135 565 3188 per
602 3120 894 3175 sententias
935 3121 1132 3176 diversi
1174 3123 1383 3193 generis
1407 3121 1820 3190 disputationum

255 3211 492 3278 ﬁguram
532 3209 820 3277 perducere
868 3209 1099 3275 festinat,
1131 3218 1391 3279 quatenus
1432 3218 1487 3264 et
1518 3210 1819 3279 adoptivum

261 3302 356 3355 Dei
383 3301 584 3355 Filium
605 3307 659 3353 et
684 3300 1096 3368 nuncupativum
1119 3314 1240 3353 cum
1255 3299 1639 3368 Deum'perdit'o
1659 3300 1823 3353 cordo

261 3393 490 3446 definiat
531 3410 543 3443 :
587 3391 737 3459 quasi
787 3384 998 3458 purum
1029 3403 1465 3457 communemque
1512 3388 1812 3448 hominem,

259 3481 346 3535 cui
397 3480 527 3532 fidei
578 3478 923 3547 prmrogativa
955 3478 1120 3546 gratis
1165 3476 1456 3538 confertur,
1499 3482 1688 3546 cuique
1724 3490 1818 3544 per

262 3570 540 3622 lavacrum
583 3568 1015 3635 regenerationis,
1047 3568 1114 3620 ab
1146 3569 1329 3623 eodem
1369 3568 1463 3623 Dei
1492 3567 1627 3623 Filio
1665 3568 1820 3621 datur

262 3666 526 3726 potestas,
561 3663 618 3708 ut
651 3663 704 3708 et
725 3657 1001 3723 adoptivus
1027 3657 1095 3709 sit
1122 3657 1214 3709 Dei
1253 3657 1417 3709 Filius
1447 3657 1680 3724 gratuito
1704 3670 1817 3708 mu-

262 3759 415 3808 nere,
464 3751 519 3795 et
566 3743 955 3810 nuncupativus
1000 3744 1138 3796 Deus
1185 3743 1358 3796 divina
1397 3744 1579 3810 utique
1621 3756 1819 3810 praeve-

263 3833 446 3885 niente
489 3831 659 3899 gratia
696 3843 764 3883 ex
803 3838 1054 3898 provectu
1103 3830 1370 3899 religionis
1408 3829 1703 3882 efﬁciatur?
1741 3829 1818 3882 Ex

264 3935 371 3988 quo
395 3917 566 3986 igitur
595 3925 702 3970 tam
740 3915 942 3970 fribulze
978 3914 1223 3988 [frivolae]
1252 3915 1621 3984 disputationis
1659 3913 1820 3968 affatu

265 4009 381 4063 luce
430 4005 635 4061 clarius
679 4005 1115 4060 animadvertitur
1161 4014 1214 4058 et
1259 4004 1539 4074 singularis
1581 4019 1820 4072 persona:

264 4094 584 4166 mysterium
615 4092 668 4154 in
697 4091 948 4146 dualitate
999 4092 1204 4146 numeri
1237 4091 1528 4169 decrevisse
1561 4090 1678 4161 [Am
1715 4090 1820 4143 dis-

265 4183 535 4240 crevisse?
565 4181 608 4251 ],
662 4181 910 4235 unionem
945 4181 1107 4236 divini
1149 4181 1375 4234 nominis
1414 4194 1508 4248 per
1546 4179 1819 4232 dissidium

265 4276 488 4345 pluralis
523 4271 731 4326 numeri
771 4273 1105 4326 convincitur
1141 4286 1429 4325 resecasse.
1457 4270 1603 4324 Licet
1628 4270 1732 4332 ille,
1769 4277 1822 4334 et

265 4380 385 4418 cum
409 4364 532 4418 hac
574 4362 647 4415 ita
677 4361 913 4415 severius
942 4361 1189 4424 habeant,
1216 4371 1353 4426 saepe
1385 4367 1560 4411 tamen
1583 4359 1822 4410 verbote-

265 4471 364 4511 nus
407 4456 477 4509 ab
529 4454 615 4508 his
653 4451 898 4506 falsitatis
941 4459 1094 4504 scuto
1132 4457 1359 4505 conatur
1385 4447 1682 4502 defendere.
1711 4446 1822 4500 Hoc

265 4553 363 4607 est,
399 4557 686 4612 personas,
717 4541 810 4605 ait,
858 4555 965 4602 non
1001 4539 1213 4593 divido:
1239 4546 1456 4591 naturas
1496 4550 1713 4604 prorsus
1741 4535 1819 4588 di-
1845 4567 1894 4625 υ

266 4631 499 4701 stinguo.
531 4629 636 4683 Sed
661 4643 781 4682 cum
811 4641 1068 4680 excursare
1094 4640 1151 4677 se
1190 4625 1256 4679 ab
1297 4625 1396 4677 hac
1437 4625 1624 4676 nititur
1659 4637 1816 4683 noxa,

264 4729 320 4780 ct
340 4731 521 4774 tamen
547 4717 876 4786 frequentius
897 4715 948 4769 id
972 4729 1128 4785 agere
1146 4728 1212 4767 ex
1231 4713 1458 4785 propriis
1482 4711 1820 4766 nihilominus

268 4819 443 4880 potest
487 4807 692 4862 revinci
732 4790 1071 4866 commentis;
1106 4802 1332 4858 duorum
1365 4807 1684 4870 quapropter
1713 4798 1820 4852 cri-

270 4901 490 4962 minum,
521 4895 648 4950 facti
677 4895 876 4950 scilicet
904 4905 958 4948 et
991 4893 1248 4949 mendacii
1290 4898 1444 4957 rcus',
1471 4889 1600 4958 justi
1636 4890 1818 4958 iudicii

269 4967 563 5048 sanctione,
601 4992 842 5039 cessante
871 4983 1121 5041 nimirum
1160 4983 1382 5052 ambage
1407 4982 1706 5042 dubietatis,
1733 4982 1815 5035 des

272 5077 522 5130 cernitur.
557 5073 728 5136 Unde,
771 5072 824 5127 in
851 5081 1051 5140 quanto
1079 5071 1361 5126 admodum
1390 5069 1609 5138 intelligi
1643 5071 1817 5132 datur,

270 5176 323 5222 ct
344 5166 594 5228 instantia
640 5178 819 5218 rerum
851 5162 1077 5233 produnt
1097 5162 1312 5224 indicia,
1361 5175 1463 5215 non
1489 5159 1662 5214 studio
1687 5160 1820 5213 veri-

276 5256 394 5311 tatis
419 5253 646 5324 objectis
681 5261 906 5307 conatur
929 5251 1157 5322 querelis
1193 5251 1475 5314 obsistere,
1505 5248 1597 5302 sed
1631 5248 1819 5301 timore

340 5395 366 5423 ι
403 5385 666 5464 Audacter
696 5369 986 5464 dissiganti:
1029 5382 1256 5464 Yerbum
1299 5381 1401 5464 hoc
1438 5391 1815 5464 occasui-mna,

278 5464 372 5507 nec
395 5453 588 5515 media,
633 5464 732 5504 nec
756 5447 934 5503 intima
959 5447 1218 5506 Latinitas
1246 5464 1331 5503 me
1356 5449 1525 5502 docet.
1555 5447 1712 5501 Forte
1736 5463 1820 5500 er-

280 5532 365 5588 ror
383 5521 681 5588 scribarum
701 5532 799 5588 pro
822 5517 1068 5588 litiganti,
1094 5517 1176 5588 vel
1199 5517 1541 5588 investiganti,
1555 5517 1655 5588 vel
1669 5515 1820 5588 d‘ssi-

280 5532 365 5573 ror
383 5532 681 5574 scribarum
684 5532 799 5640 fpro
822 5532 1068 5587 iurganti,
1094 5532 1176 5571 vel
1199 5532 1541 5588 inveuigamt,
1567 5532 1646 5570 vel
1669 5532 1814 5569 (1.888-

279 5585 428 5652 denti,
473 5588 561 5644 vel
587 5586 712 5656 qui,
759 5587 949 5641 simile.
997 5585 1253 5656 Equidem
1304 5587 1484 5639 malim
1531 5585 1814 5656 dissidenti,

280 5651 993 5728 quod’magisfvitiatoverho
1011 5651 1250 5728 accedat,
1273 5663 1337 5728 et_
1348 5662 1578 5728 mentem
1595 5651 1815 5728 Paulini,

280 5720 644 5792 exprobrantis
666 5723 978 5792 divisionem
1003 5723 1199 5778 Christi
1231 5723 1284 5775 in
1310 5723 1473 5776 illium
1514 5720 1817 5791 adoptivum

283 5798 334 5844 et
349 5791 614 5861 proprium
642 5791 828 5855 Felici,
851 5793 1067 5860 propius
1093 5792 1378 5860 contingat.

628 5902 895 5960 PsrnoL.
938 5901 1155 5958 XCIX.

1923 2063 2043 2116 que,
2074 2049 2126 2102 in
2157 2047 2290 2102 facie
2317 2057 2369 2102 et
2399 2050 2451 2102 in
2487 2050 2665 2103 corde.
2698 2051 3070 2104 Verumtamen
3099 2052 3220 2120 quia
3243 2066 3340 2119 per
3358 2053 3468 2106 oris

1922 2141 2135 2203 ostium,
2159 2141 2456 2210 linguaeque
2490 2139 2634 2193 clave
2670 2149 2970 2204 reserante,
3003 2141 3218 2195 latentia
3246 2157 3466 2210 quaeque

1924 2230 2254 2284 internarum
2268 2231 2531 2284 viscerum
2551 2239 2752 2283 secreta
2769 2244 2905 2298 saepe
2918 2230 2974 2283 s‘e
2988 2231 3218 2299 produnt
3233 2232 3284 2285 in
3299 2235 3395 2301 pul‘
3407 2235 3466 2286 li-

1923 2315 2060 2379 cum,
2081 2331 2186 2372 non
2203 2318 2269 2372 ab
2290 2333 2348 2371 re
2363 2318 2515 2387 106
2535 2318 2829 2372 existimari
2852 2325 3042 2385 potest,
3065 2319 3110 2373 si
3135 2333 3218 2382 ea,
3241 2335 3358 2389 quae
3380 2337 3468 2375 ex-

1924 2407 2305 2460 trinsecuslate
2324 2414 2524 2474 patent,
2551 2406 2766 2459 humani
2789 2406 2984 2476 ingenii
3002 2407 3291 2474 capacitate
3309 2410 3467 2466 rebus

1922 2495 2157 2555 involuta
2180 2495 2460 2561 ambiguis,
2491 2494 2669 2547 subtili
2696 2494 2845 2548 lance
2874 2495 3165 2549 examinari
3190 2506 3464 2565 cogantur.

1922 2580 2145 2636 Omissis
2184 2595 2312 2650 ergo
2342 2569 2564 2634 occultis
2593 2581 2971 2649 cogitationum
3015 2584 3470 2654 medullarumque

1924 2672 2160 2733 secretis,
2175 2671 2450 2725 audiamus
2468 2685 2608 2723 nunc
2626 2683 2742 2738 quas
2765 2684 2859 2738 per
2890 2671 3097 2724 aurium
3119 2681 3358 2739 patentes
3385 2672 3469 2740 ja-

1921 2777 2056 2816 uuas
2075 2762 2142 2816 ad
2161 2760 2503 2816 secretarium
2518 2775 2634 2814 sese
2649 2770 2843 2814 nostra
2855 2761 3048 2814 mentis
3073 2761 3462 2817 trans-fundunt.

2523 2875 2746 2931 CAPUT
2783 2872 2867 2930 XI.

1920 2964 2099 3036 Docet]
2126 2963 2510 3036 elic_em_i_r_t_ale
2552 2965 2739 3036 sentire
2781 2964 2846 3036 de
2870 2963 2996 3027 Deo,
3023 2965 3264 3036 pejusque
3304 2964 3465 3036 loqui,

2048 3034 2320 3087 dividendo
2355 3032 2546 3085 Filium
2575 3033 2630 3084 in
2656 3034 2919 3100 proprium
2947 3042 2993 3084 et
3022 3032 3333 3101 adoptivum.

1985 3123 2044 3178 In
2069 3125 2274 3179 duobus
2293 3123 2454 3192 igitur
2480 3121 2769 3190 vocabulis,
2797 3121 2995 3189 proprii
3035 3122 3238 3176 scilicet
3264 3131 3317 3176 et
3340 3125 3468 3178 ado~

1909 3213 2070 3282 ‘ptivi,
2097 3214 2314 3280 verique
2349 3221 2403 3266 et
2445 3211 2785 3279 nuncupativi
2813 3211 2930 3290 Dei,
2955 3212 3169 3265 unicum
3195 3213 3467 3267 eumdemo

1918 3315 2022 3371 que
2048 3302 2142 3355 Dei
2173 3301 2367 3355 Filium
2391 3301 2626 3362 dividere
2653 3299 2827 3355 fronte
2864 3301 3316 3369 impudentissima
3359 3319 3464 3359 non

1917 3389 2193 3444 formidat:
2214 3387 2488 3456 disputans
2507 3390 2759 3442 audacter
2783 3389 3055 3457 dissiganti
3082 3402 3106 3428 α
3136 3391 3199 3444 de
3223 3392 3330 3446 Deo
3349 3407 3466 3446 cor-

1918 3481 2001 3543 de,
2047 3478 2178 3532 nihil
2219 3477 2455 3546 pendens
2493 3492 2653 3544 quam
2699 3477 2768 3530 sit
2809 3478 3161 3546 periculosum
3205 3495 3464 3550 quamque

1918 3567 2154 3622 terribile
2187 3568 2251 3620 de
2271 3566 2378 3620 Deo
2401 3566 2612 3635 indigne
2639 3567 2799 3620 etiam
2829 3567 3040 3629 sentire,
3075 3578 3270 3636 quanto
3297 3573 3467 3640 magis

1917 3654 2223 3708 indecenter
2246 3653 2456 3708 incauta
2480 3649 2752 3722 disputare
2777 3654 3074 3709 locutione?
3099 3655 3363 3724 Scriptum
3383 3667 3466 3712 est

1914 3742 2057 3794 enim
2082 3741 2312 3794 :Altiora
2338 3750 2387 3794 te
2415 3757 2478 3795 ne
2500 3743 2786 3810 qutrsien's,
2811 3753 2857 3794 et
2875 3743 3092 3811 fortiora
3117 3755 3164 3797 te
3185 3762 3246 3798 ne
3264 3756 3466 3800 scruta-

1914 3837 1999 3882 tus
2037 3828 2230 3897 fueris;
2276 3830 2364 3884 sed
2411 3846 2526 3899 qua:
2564 3831 2802 3900 prmeepit
2843 3831 2932 3882 tibi
2961 3829 3120 3893 Deus,
3167 3832 3259 3884 illa
3298 3835 3464 3902 cogita

1916 3933 2112 3986 semper
2138 3917 2331 3988 (Eccle.
2372 3934 2453 3981 ιη,
2483 3917 2593 3989 9:2).
2638 3917 2772 3972 Hinc
2799 3919 2993 3972 etenim
3040 3920 3104 3973 de
3141 3921 3465 3975 moderatius

1917 4011 2229 4074 temperato,
2275 4013 2329 4059 et
2372 4006 2436 4060 de
2479 4007 2788 4060 effrenatius
2828 4008 3086 4075 praecipiti
3120 4023 3304 4062 rursus
3334 4009 3463 4063 serio

1916 4101 2065 4162 ptum
2093 4103 2172 4148 est
2201 4112 2211 4146 :
2239 4093 2340 4158 Qui
2385 4095 2586 4162 fortiter
2620 4104 2810 4162 premet
2853 4101 3009 4148 ubera
3048 4096 3116 4148 ad
3158 4096 3460 4150 eliciendum

1917 4185 2021 4244 tac,
2066 4182 2303 4251 exprimit
2352 4182 2588 4252 butyrum
2617 4199 2635 4236 :
2665 4192 2714 4235 et
2741 4183 2828 4252 qui
2870 4184 3180 4237 vehementer
3212 4187 3460 4256 emungit,

1916 4268 2054 4322 elicit
2088 4270 2388 4338 sanguinem
2416 4269 2592 4340 (Prov.
2627 4286 2752 4333 xxx,
2798 4271 2907 4341 53).
2942 4271 3174 4342 DeniQue
3221 4274 3332 4343 ipsa
3368 4275 3461 4328 Dei

1917 4357 2090 4412 Patris
2134 4357 2410 4424 sapientia,
2456 4359 2894 4427 quemadmodum
2920 4361 3234 4428 evangelicis
3279 4377 3459 4417 sacra-

1917 4447 2024 4503 tius
2068 4446 2378 4500 instruimur
2420 4447 2768 4510 documentis,
2815 4463 2934 4502 eum
2981 4448 3459 4518 blasphemantium

1918 4535 2217 4590 Judteorum
2237 4537 2582 4590 intolerabilia
2604 4537 2864 4604 patienter
2881 4539 3116 4593 convicia
3133 4540 3456 4608 pertulisset,

1921 4625 2159 4678 veritatis
2189 4634 2362 4679 tamen
2409 4625 2766 4679 testimonium
2795 4626 3005 4680 silentio
3044 4628 3298 4697 supprimi
3327 4628 3457 4701 [ΑΛ.

1921 4713 2174 4785 supremi]
2205 4714 2412 4768 Veritas
2463 4714 2680 4768 minime
2712 4712 2988 4780 judicavit.
3015 4715 3104 4770 Ait
3140 4717 3279 4770 enim
3310 4717 3457 4787 :Ego

1919 4803 2227 4855 dtrmoninm
2257 4818 2358 4856 non
2383 4803 2560 4866 habeo,
2591 4802 2680 4855 sed
2704 4803 2986 4873 honoriﬁco
3021 4803 3224 4858 Patrem
3266 4822 3456 4868 meum,

1919 4899 1964 4944 et
1991 4907 2072 4944 vos
2098 4891 2439 4944 inltonorastis
2470 4905 2551 4942 me
2587 4889 2765 4961 (Joau.
2800 4907 2914 4953 vm,
2944 4892 3054 4962 49).
3081 4892 3460 4949 Conviciabano

1921 4989 2005 5033 tur
2033 4995 2219 5034 rursus
2235 4979 2398 5034 Judaei
2425 4980 2667 5046 Domino,
2699 4983 2852 5036 sicuti
2874 4981 3166 5038 illustribus
3183 4985 3458 5039 verissime

1919 5069 2236 5138 evangelicis
2282 5069 2579 5124 declaratur
2618 5071 2896 5144 prteconiis
2935 5071 3192 5140 prurienti
3238 5087 3305 5127 ex
3343 5071 3460 5143 ejus

1917 5172 2010 5211 ore
2057 5172 2186 5211 aure
2232 5157 2482 5212 melliiluo
2513 5159 2539 5198 δ
2565 5159 2912 5228 suscipientes
2953 5161 3190 5234 auditum
3235 5176 3250 5216 :
3290 5161 3458 5216 Inita

1917 5248 2234 5330 bonaiopera
2263 5257 2500 5316 operatus
2526 5264 2641 5301 sum
2664 5249 2823 5314 vobis,
2849 5259 3054 5320 propter
3071 5251 3209 5323 quod
3235 5267 3360 5323 opus
3378 5269 3458 5306 me

1989 5382 2017 5423 δ
2051 5379 2136 5435 Ea:
2158 5380 2270 5449 ejus
2293 5395 2381 5434 ore
2403 5396 2529 5434 aure
2553 5380 2818 5450 melliﬂuo.
2842 5379 3050 5450 Primus
3075 5382 3246 5438 editor
3267 5382 3456 5450 horum

1917 5451 2170 5506 librorum
2207 5451 2259 5502 in
2300 5449 2534 5520 margine
2565 5449 2805 5520 reposuit
2835 5449 2875 5504 f.
2904 5451 3171 5520 mlliﬂua,
3200 5449 3275 5504 rel
3294 5451 3460 5506 melli—

1915 5522 2098 5588 ﬂuum,
2136 5531 2325 5588 nempe
2351 5518 2438 5572 vel
2466 5533 2590 5572 aure
2629 5518 2902 5588 melliﬂua,
2933 5518 3014 5572 vel
3044 5518 3289 5588 auditum
3332 5519 3460 5588 mel-

1917 5585 2137 5667 tinuum.
2166 5585 2322 5667 Iliiliil
2360 5594 2546 5667 tamen
2584 5585 2802 5667 necesse
2828 5598 2909 5643 est
2936 5595 3164 5667 mutare.
3194 5587 3288 5641 Est
3314 5587 3455 5667 enim

1917 5653 2258 5733 transpositio
2284 5654 2493 5724 quidem
2519 5669 2624 5709 non
2663 5653 2818 5711 facile
2843 5655 3131 5727 probanda,
3159 5669 3347 5712 sensus
3371 5665 3452 5708 ta-

1917 5737 2039 5803 men
2076 5731 2298 5803 Integer,
2328 5723 2379 5776 id
2404 5724 2760 5803 estlpfurieuti
2801 5740 2925 5776 aure
2958 5725 3284 5793 suscipientes
3307 5720 3458 5777 andi.

1917 5801 2024 5844 tum
2049 5807 2112 5844 ea:
2136 5790 2246 5859 ejus
2277 5807 2362 5844 ore
2385 5790 2645 5860 melli/luo.

2928 5901 2998 5957 12
