4174 6426
687 461 791 547 ses

1587 461 1641 515 S.
1683 458 1948 517 PAULINI
1989 459 2441 518 PATRIARCILE
2483 465 2957 532 AQUILEIENSIS

3789 474 3893 527 56$

686 571 964 642 lapidatis.’
997 570 1121 635 Nos,
1147 570 1406 640 inquiunt,
1449 571 1510 625 de
1551 571 1680 625 bona
1710 587 1858 639 opere
1888 589 1988 625 non
2013 581 2060 625 te
2086 571 2220 639 lapi-
2250 578 2292 632 Α
2321 586 2480 639 quam
2527 573 2744 628 rationis
2784 575 3152 644 possibilitate,
3176 578 3472 646 personalis
3515 580 3654 636 unio
3687 587 3894 651 recepit

657 662 889 724 “damus,
919 660 1005 713 sed
1031 659 1092 712 de
1125 658 1457 728 blasphemia,
1487 669 1534 712 et
1563 661 1684 728 quia
1705 669 1761 712 tu
1804 676 1918 713 cum
1962 661 2032 713 sis
2072 660 2222 712 homo

682 749 814 818 facis
835 750 1150 817 temetipsum
1176 748 1336 801 Deum
1365 749 1541 818 (Joan.
1566 764 1620 814 ι,
1648 750 1736 813 52,
1767 750 1876 820 55).
1905 749 2054 804 Unde
2076 759 2129 803 et
2156 750 2223 804 ab

681 838 864 892 eodem
891 837 1212 905 evangelista
1261 839 1510 892 continuo
1554 853 1713 892 causa
1756 839 2006 900 redditur,
2037 855 2223 906 quam-

673 925 861 978 obrem
885 921 1053 978 Judmi
1089 924 1282 979 vellent
1321 940 1440 978 eum
1484 925 1802 988 interﬁcere,
1825 942 1944 981 cum
1983 929 2225 994 protinus

678 1011 1037 1067 subinfertur:
1071 1012 1366 1081 Propterea,
1395 1013 1488 1076 ait,
1519 1024 1544 1052 ι
1576 1013 1749 1065 Judcri
1774 1015 2068 1081 attinebant
2106 1032 2223 1068 eum

675 1100 978 1168 interﬁcere,
1005 1101 1246 1169 quoniam
1282 1098 1477 1152 Filium
1518 1098 1618 1153 Dot'
1639 1116 1692 1154 se
1731 1101 1946 1166 dicebat,
1969 1091 2250 1172 (nun

676 1207 730 1243 sc
755 1190 949 1259 faciens
980 1189 1083 1242 Deo
1106 1188 1281 1259 (Joan.
1316 1205 1367 1252 v,
1396 1189 1500 1258 18).

1261 1277 1482 1332 CAPUT
1519 1278 1627 1330 XII.

661 1364 828 1418 Felix
851 1380 948 1446 par
969 1365 1167 1445 Iudicis
1194 1374 1240 1444 et
1267 1366 1388 1416 Aria
1411 1365 1876 1446 infert‘divisionem
1903 1385 1957 1446 in
1978 1385 2216 1446 persona,

733 1443 791 1553 ei:
819 1434 1162 1551 colufusionem
1189 1435 1241 1484 in
1267 1435 1464 1486 naturis
1496 1433 1617 1513 Filii
1654 1435 1780 1497 Dei;
1804 1439 1946 1506 quod
1978 1433 2218 1504 reprobat

793 1519 859 1554 au
885 1517 1018 1554 mus.

739 1588 923 1651 Porro,
958 1602 1078 1641 cum
1117 1588 1215 1641 iste
1243 1589 1323 1640 vir
1345 1589 1498 1642 anilis
1535 1589 1727 1643 fabulae
1745 1589 1880 1657 juris
1919 1592 1983 1645 de
2010 1609 2116 1661 quo
2143 1593 2220 1648 lo-

658 1679 884 1746 ‘quimur
908 1676 975 1745 (si
1001 1685 1177 1730 tamen
1207 1677 1286 1728 vir
1317 1677 1418 1730 dici
1458 1680 1663 1743 debeat,
1711 1681 1801 1748 qui
1831 1697 1934 1735 non
1970 1684 2215 1747 viriliter,

649 1766 764 1820 'scd
804 1765 1070 1818 enerviter
1108 1765 1237 1831 agit)
1268 1765 1542 1818 Dominum
1569 1766 1751 1822 Jesum
1800 1769 2068 1825 Christum
2097 1773 2215 1827 ideo

661 1868 775 1906 non
804 1866 988 1904 verum
1013 1850 1106 1904 Dei
1135 1851 1324 1904 Filium
1351 1868 1636 1922 verumque
1667 1856 1828 1909 Deum
1870 1858 2214 1926 incptissimis
2242 1885 2287 1943 Β

628 1989 630 1994 ,
664 1960 776 1998 non
818 1953 1030 1998 veretur
1055 1943 1433 1998 assertionibus
1460 1946 1760 2013 profanare,
1789 1962 1852 2001 eo
1877 1950 2017 2016 quod
2056 1965 2214 2004 verus

671 2033 829 2086 homo
849 2045 877 2082 a
906 2031 1059 2084 Verbi
1088 2031 1179 2085 Dei
1217 2047 1438 2100 persona
1467 2029 1774 2102 absumptus
1811 2037 1862 2088 in
1892 2037 2214 2104 plenitudine

667 2119 886 2187 integra:
919 2120 1162 2173 humana:
1205 2130 1406 2174 natune
1437 2120 1766 2174 ineﬁ‘ahiliter
1789 2138 1818 2174 a
1850 2124 2001 2177 nobis
2039 2126 2210 2178 credi-

668 2220 755 2263 tur
777 2219 830 2264 et
853 2207 1174 2278 pradicatur
1203 2224 1217 2261 :
1248 2210 1298 2261 in
1327 2209 1469 2264 nullo
1497 2211 1678 2277 procul
1713 2211 1872 2266 dubio
1911 2214 1979 2268 ob
2008 2214 2107 2267 hoc
2135 2215 2215 2268 di—

665 2312 811 2354 stare
851 2316 880 2353 a
906 2298 1125 2354 Iudaica
1155 2298 1372 2368 perﬁdia
1411 2297 1708 2354 denotatur.
1742 2301 1874 2354 Nam
1911 2304 2010 2356 etsi
2040 2305 2214 2359 verbis

667 2391 804 2454 aliis,
845 2404 952 2442 non
979 2396 1152 2441 tamen
1183 2388 1285 2441 alia
1330 2388 1496 2441 utitur
1523 2390 1697 2443 eordis
1743 2391 1883 2444 noxii
1931 2393 2208 2459 pravitate.

665 2476 877 2531 Judaeus
915 2490 1142 2544 namque
1182 2476 1344 2529 dicit:
1379 2476 1456 2529 Tu
1486 2492 1605 2529 cum
1647 2477 1719 2530 sis
1762 2479 1937 2541 homo,
1978 2478 2110 2534 facis
2140 2489 2215 2534 te-

668 2566 950 2633 metipsum
977 2565 1161 2617 Deum.
1192 2563 1482 2618 Haereticus
1500 2580 1720 2632 prors::s
1758 2569 2070 2636 redargutus
2097 2571 2171 2622 ait
2197 2587 2208 2621 :

666 2653 798 2709 Cum
836 2654 907 2708 sit
942 2653 1101 2706 homo
1129 2661 1182 2706 et
1225 2653 1466 2706 subditus
1511 2653 1636 2717 Deo,
1688 2669 1791 2706 non
1841 2664 2013 2722 potest
2057 2670 2216 2710 verus

663 2745 822 2807 Deus,
861 2753 1125 2808 verusque
1163 2740 1305 2793 credi
1353 2739 1517 2794 Filius
1559 2742 1669 2794 Dei.
1718 2743 1864 2796 Licet
1907 2744 2216 2812 proﬁteatur

666 2833 981 2900 aliquando,
1027 2830 1179 2898 quasi
1221 2843 1317 2898 per
1341 2830 1636 2896 dissidium,
1672 2831 1940 2886 Christum
1972 2851 2035 2888 ex
2064 2843 2216 2902 parte

664 2934 848 2974 verum
876 2918 1041 2972 Deum
1067 2931 1353 2985 verumque
1383 2918 1474 2970 Dei
1501 2918 1710 2984 Filium,
1744 2927 1796 2974 et
1824 2937 1886 2975 ex
1914 2933 2065 2989 parte
2091 2924 2216 2977 ado-

663 3013 862 3081 ptivum
892 3009 1056 3064 ﬁlium
1084 3017 1138 3064 et
1164 3011 1574 3079 nuncupativum
1600 3013 1763 3065 Deum
1793 3032 1804 3064 :
1837 3013 2016 3068 ferula:
2037 3018 2063 3054 ι)
2087 3019 2214 3084 quin

663 3102 862 3168 potius,
893 3108 951 3152 ut
981 3113 1157 3152 rerum
1187 3098 1456 3164 qualitatis
1498 3097 1748 3152 informat
1789 3099 1991 3166 relatio,
2026 3104 2216 3158 timore

2285 684 2288 686 ν
2324 662 2640 728 sectionem;
2671 664 2791 731 quia
2823 665 2899 718 sic
2937 673 3018 720 est
3057 665 3304 738 humana:
3350 676 3558 724 naturas
3607 670 3894 724 inenarra-

2319 749 2412 803 bili
2435 751 2662 819 quodam
2691 753 2846 805 modo
2885 754 3074 809 divinae
3102 755 3527 824 inseparabiliter
3550 761 3706 813 unita
3732 771 3896 814 natu-

2321 851 2418 902 rae,
2448 837 2628 906 sicque
2657 839 3011 895 inaestimabili
3056 843 3498 912 consideratione,
3535 846 3697 913 juxta
3744 852 3895 919 quod

2319 939 2420 995 pax
2448 925 2538 978 Dei
2564 927 2827 994 praecellet
2863 944 3073 984 omnem
3118 931 3465 999 inteHectum,
3497 937 3629 992 sola:
3671 939 3893 1008 cognita

2319 1008 2571 1066 ineffabili
2602 1013 2894 1085 Trinitati),
2921 1027 3316 1088 contemperata
3346 1031 3428 1077 est
3451 1025 3700 1081 luunana:
3725 1037 3894 1082 natu-

2316 1114 2410 1164 ra,
2438 1111 2700 1170 quatenus
2728 1120 2826 1159 nec
2866 1118 3174 1163 naturarum
3213 1113 3472 1178 confusio,
3508 1131 3608 1169 nec
3659 1124 3891 1169 natura-

2319 1204 2435 1242 rum
2466 1205 2695 1258 unquam
2721 1192 2826 1246 ullo
2851 1195 3010 1249 modo
3037 1197 3227 1253 divisio
3251 1201 3580 1267 suspicetur;
3605 1204 3699 1257 sed
3730 1205 3890 1258 salva

2317 1277 2637 1343 proprietate
2668 1281 2942 1349 utriusque
2967 1284 3204 1340 irrefusa:
3230 1295 3282 1340 et
3304 1285 3645 1345 intransfusa:
3671 1304 3694 1331 ε
3723 1302 3889 1348 natu-

2317 1377 2411 1426 rae,
2451 1364 2501 1415 in
2546 1380 2648 1417 una
2676 1366 2766 1419 Dei
2797 1369 3144 1441 hominisque
3189 1385 3433 1441 persona,
3462 1393 3563 1432 nec
3589 1379 3736 1435 Deus
3784 1398 3891 1436 un-

2317 1461 2474 1512 quam
2503 1449 2753 1504 credatur
2777 1434 2890 1507 sine
2915 1449 3146 1521 honiine,
3171 1474 3329 1526 quem
3356 1463 3630 1530 suscipere
3659 1467 3728 1520 ab
3766 1468 3892 1537 ipso

2315 1533 2573 1587 duntaxat
2610 1547 2861 1607 conceptu
2897 1541 3142 1612 dignatus
3168 1556 3249 1600 est
3273 1549 3549 1618 virginalis
3581 1555 3750 1618 uteri;
3786 1533 3892 1610 nec

2316 1621 2473 1676 homo
2508 1624 2622 1677 sine
2651 1625 2780 1689 Deo,
2801 1629 2895 1694 qui
2923 1645 3043 1684 mox
3076 1634 3142 1684 ab
3171 1634 3283 1700 ipsa
3314 1639 3664 1705 conceptione
3699 1643 3888 1712 virgi-

2315 1711 2448 1765 nalis
2477 1714 2667 1779 vulvm,
2715 1715 2945 1785 Spiritus
2975 1724 3143 1776 sancti
3191 1727 3359 1792 gratia
3414 1727 3774 1796 fecundante,
3812 1711 3887 1786 fin

2313 1799 2478 1852 Deum
2506 1813 2806 1871 assumptus
2833 1808 3103 1863 verissime
3124 1813 3450 1878 prtedieatur
3473 1829 3486 1867 :
3517 1817 3802 1881 Quatenus
3831 1830 3890 1872 et

2319 1891 2458 1944 Deus
2492 1903 2705 1961 propter
2730 1906 3028 1966 susceptum
3056 1901 3347 1967 hominem,
3388 1914 3444 1957 et
3474 1906 3636 1959 homo
3660 1920 3888 1978 prop!er

2316 1983 2689 2050 suscipientem
2717 1985 2904 2052 Deum,
2946 2002 3011 2040 ex
3037 1999 3262 2059 utroque
3289 2001 3343 2044 et
3371 1993 3424 2045 in
3459 1994 3690 2063 utroque
3715 2012 3886 2050 verus

2312 2069 2452 2124 Deus
2471 2071 2732 2140 verusque
2745 2074 2922 2137 homo,
2941 2090 3075 2128 unus
3090 2077 3333 2145 idemque
3344 2079 3611 2145 Christus,
3629 2083 3882 2150 unigeni-

2314 2168 2397 2213 tus
2420 2162 2511 2214 Dei
2533 2164 2865 2230 hominisque
2880 2165 3066 2229 Filius,
3084 2182 3344 2235 verusque
3361 2170 3518 2233 Dens,
3545 2172 3594 2223 in
3612 2171 3770 2239 cujus
3787 2190 3884 2226 no—

2314 2248 2454 2301 mine
2475 2249 2788 2321 cmlestium,
2809 2254 3139 2306 terrestrium
3174 2264 3227 2308 et
3242 2256 3569 2330 infernorum
3591 2276 3730 2328 genu
3755 2279 3884 2316 cur-

2313 2345 2484 2399 vatur,
2520 2339 2586 2391 ab
2621 2340 2762 2392 omni
2793 2341 2990 2410 lingua,
3016 2341 3168 2411 juxta
3193 2347 3552 2413 Apostolicam
3584 2353 3793 2413 tubam,
3831 2355 3882 2406 in

2312 2423 2476 2492 gloria
2505 2439 2622 2480 esse
2645 2426 2736 2479 Dei
2761 2427 2931 2482 Patris
2956 2430 3272 2486 confiteatur
3297 2433 3512 2503 (Philip.
3533 2429 3597 2501 it,
3639 2439 3724 2503 i0,
3767 2443 3879 2511 ll).

2885 2515 3108 2572 CAPUT
3149 2517 3280 2574 Xlll.

2314 2600 2427 2652 Etsi
2452 2601 2595 2654 aliud
2616 2618 2705 2678 per
2723 2605 2859 2678 quod
2885 2605 3037 2678 Deus,
3062 2618 3108 2660 et
3133 2611 3275 2662 aliud
3300 2629 3391 2678 per
3407 2617 3546 2678 quod
3569 2619 3745 2678 homo,
3774 2636 3880 2672 non

2439 2679 2608 2722 tamen
2634 2672 2768 2723 alius
2792 2672 3045 2737 Christus,
3073 2677 3161 2728 sed
3187 2672 3382 2746 semper
3405 2672 3546 2736 Deus
3569 2672 3745 2737 homo.

2382 2754 2512 2808 Cum
2538 2771 2665 2826 ergo
2693 2758 2812 2813 dico
2833 2799 2847 2824 ,
2894 2760 3027 2815 Deus
3058 2781 3235 2828 verus,
3281 2769 3507 2822 et‘homo
3541 2788 3716 2835 verus,
3770 2792 3879 2829 non

2315 2845 2446 2899 duas
2483 2847 2572 2901 Dei
2613 2849 2947 2922 hominisque
2983 2869 3239 2923 personas
3274 2861 3498 2926 deﬁnio,
3539 2865 3633 2918 sed
3672 2867 3726 2918 in
3770 2884 3880 2922 una

2317 2933 2406 2986 Dei
2436 2950 2661 3002 persona
2689 2949 2970 3010 utrumque
2994 2984 3006 3007 ,
3056 2945 3220 2999 Deum
3261 2949 3463 3004 scilicet
3495 2953 3882 3026 hominemque

2317 3023 2587 3077 conﬁteor.
2619 3027 2855 3096 Denique
2892 3047 2995 3084 non
3025 3042 3105 3086 est
3132 3035 3267 3088 alius
3294 3035 3538 3093 Christus
3571 3041 3742 3104 Deus,
3780 3023 3881 3098 {et

2319 3112 2454 3166 alius
2487 3112 2732 3168 Christus
2775 3118 2949 3171 homo.
2987 3120 3092 3198 (Est
3133 3124 3286 3189 plane
3329 3125 3470 3179 aliud
3510 3129 3688 3194 pcr’id
3730 3136 3883 3198 quod

672 3197 890 3243 coactus
928 3201 1086 3255 quam
1132 3185 1369 3238 veritatis
1407 3184 1675 3252 judicatur
1721 3203 1901 3244 amore
1950 3193 2217 3258 devictus;
2245 3197 2294 3261 α
2324 3198 2463 3252 Deus
2494 3208 2613 3264 est,
2655 3212 2707 3254 et
2742 3203 2882 3258 aliud
2907 3195 3002 3274 per
3031 3209 3082 3262 id
3109 3184 3246 3276 quod
3273 3211 3466 3276 homo;
3510 3184 3615 3268 sed
3652 3184 3765 3270 non
3794 3220 3884 3273 est

675 3276 1003 3345 permiscens
1045 3273 1225 3341 utique
1267 3272 1403 3326 inter
1451 3275 1572 3327 trita
1611 3273 1813 3345 [Fors.,
1856 3278 1989 3350 triti]
2029 3282 2219 3334 veneni

676 3363 863 3431 pocula
890 3359 1152 3415 modicum
1174 3359 1300 3428 quid
1337 3359 1530 3426 mellis,
1563 3370 1824 3430 quatenus
1852 3365 2080 3422 bibentis
2110 3366 2221 3420 fan-

662 3465 780 3506 cem
828 3449 1073 3504 simulato
1135 3447 1370 3502 suaviter
1420 3449 1636 3504 deludat
1682 3451 1933 3519 pestifera
1994 3455 2214 3509 dulcedo

663 3555 883 3610 sapore;
936 3541 1212 3596 mmulator
1262 3556 1358 3610 per
1409 3543 1586 3596 omnia
1635 3552 1869 3612 paterna:
1916 3547 2216 3610 traditionis

668 3629 922 3693 existens,
948 3628 1321 3699 falsissimique
1347 3632 1608 3701 dogmatis
1639 3634 1826 3689 cultor.
1873 3635 2003 3700 Nam
2031 3638 2212 3705 Arius,

667 3719 737 3775 de
776 3719 930 3789 cujus
975 3719 1075 3774 iste
1101 3719 1439 3776 descendisse
1468 3722 1752 3777 ramnifera
1784 3724 1956 3795 [Deest
1989 3728 2212 3794 verbum,

667 3817 791 3877 puta
825 3809 1022 3872 radice,
1045 3809 1267 3876 origine,
1297 3808 1421 3879 etc.]
1448 3820 1693 3877 patenter
1716 3813 1947 3878 videtur,
1974 3831 2094 3868 cum
2121 3817 2215 3870 Dei

668 3899 836 3952 lilium
879 3897 1184 3966 adoptivum
1229 3906 1282 3951 et
1322 3907 1621 3952 creaturam
1664 3915 1783 3956 esse
1828 3902 2063 3958 ﬁrmaret
2093 3917 2113 3943 ο
2148 3906 2215 3959 ad

669 3988 1035 4057 decipiendum
1083 3997 1258 4042 tamen
1317 3988 1637 4056 simplicium
1690 3999 1928 4056 mentes,
1985 3993 2216 4063 ﬁngebat

667 4077 866 4146 aliquid
893 4077 1044 4146 quasi
1067 4077 1251 4131 eximii
1275 4077 1483 4132 decoris
1503 4079 1708 4146 insigne
1733 4097 1744 4132 :
1767 4081 2213 4146 excellentiorem,

672 4165 825 4234 10']
853 4164 881 4203 ά
922 4180 1028 4218 non
1079 4172 1410 4228 creatorem,
1469 4167 1672 4220 cunctis
1730 4182 1851 4221 eum
1902 4169 2218 4238 praeferebat

669 4253 950 4307 creaturis.
981 4251 1084 4306 Sed
1117 4253 1366 4320 quoniam
1392 4267 1528 4306 unus
1553 4261 1634 4306 est
1658 4253 1901 4311 Christus
1921 4257 2012 4312 Dei
2043 4259 2216 4313 homi-

668 4342 856 4409 nisque
897 4341 1084 4405 Filins,
1118 4350 1172 4396 et
1217 4343 1396 4395 unitas
1438 4341 1491 4394 in
1536 4351 1717 4410 partes
1760 4360 1863 4398 non
1905 4348 2222 4402 rescinditur

673 4434 1029 4500 (nequaquam
1053 4432 1194 4486 enim
1230 4447 1365 4486 unus
1411 4433 1570 4487 dividi
1597 4441 1790 4501 potest,
1837 4436 2082 4506 nullaque
2124 4455 2221 4492 un-

744 4571 768 4634 ξι
809 4558 1107 4628 PrOpterea,
1132 4559 1439 4634 ait,_Judwi.
1485 4559 1860 4634 Hic__Paulinus
1901 4581 2005 4618 non
2037 4569 2217 4634 verba,

673 4627 859 4681 saltem
903 4627 1108 4699 exacte,
1155 4629 1247 4699 sed
1281 4643 1494 4688 sensum
1540 4630 1752 4698 allegat,
1802 4635 1891 4699 qui
1939 4645 2021 4688 est
2066 4627 2219 4691 Joan;

672 4710 790 4763 cap.
817 4711 866 4775 v,
897 4711 948 4748 v.
992 4697 1078 4758 48;
1123 4697 1496 4775 verl‘iaautem
1537 4697 1701 4751 sunt:
1736 4717 1754 4775 ς
1793 4697 2070 4775 Propterea
2099 4722 2220 4775 ergo
2271 4710 2279 4719 '

672 4765 966 4836 quterebarit
989 4781 1103 4816 eum
1127 4765 1300 4836 Judafi
1326 4765 1630 4831 interﬁcere,
1659 4769 1779 4836 quia
1810 4765 1911 4834 non
1933 4773 2096 4827 solum
2119 4765 2223 4828 s51-

672 4831 1142 4906 ocbat_sabbatum,
1188 4832 1350 4906 sedQet
1377 4844 1571 4906 patrem
1614 4831 1766 4906 suum
1809 4831 2005 4892 dicebat
2033 4842 2217 4906 Deum,

672 4899 922 4971 mattulam
949 4915 1004 4971 se
1037 4898 1237 4971 faciens
1257 4898 1384 4951 Deo.
1419 4921 1435 4950 ι
1467 4900 1581 4954 Non
1616 4903 1772 4971 igitur
1796 4909 2036 4961 continuo
2063 4898 2220 4964 causa

676 4966 934 5040 redditur,
957 4966 1024 5040 id‘
1039 4976 1121 5022 est
1143 4968 1326 5040 eodem
1355 4983 1470 5036 cup.
1503 4966 1708 5024 decimo
1729 4975 1874 5040 prius
1904 4977 2083 5031 allato.
2116 4979 2218 5032 Sed

675 5027 1356 5110 interfectionismeditatze
1398 5027 1556 5092 eausa
1601 5048 1683 5092 est
1727 5027 1850 5109 cap,
1891 5027 2094 5110 quinto.
2119 5027 2220 5102 iis:

677 5113 973 5186 rumtamen
1005 5104 1553 5186 intqntio_{ud_zpornm
1581 5104 2088 5186 utrobiqueeadem.
2168 5165 2188 5186 ,ι

748 5172 775 5212 δ
802 5171 933 5246 dee
959 5180 1069 5226 not.
1099 5175 1150 5226 in
1179 5172 1206 5243 δ
1235 5172 1319 5246 li,
1348 5175 1426 5227 lit.
1458 5191 1486 5227 a
1511 5177 1699 5230 concil.
1731 5171 1960 5246 Forojul.
1985 5227 1994 5237 .
2036 5244 2047 5246 μ
2167 5184 2172 5189 ’

749 5248 771 5278 ο
804 5238 1104 5314 Creaturant
1132 5238 1248 5314 esse?
1266 5241 1494 5314 ﬁrmaret
1512 5284 1524 5306 ,
1553 5259 1648 5312 pro
1675 5238 1967 5314 aﬂirma'ret.
2007 5244 2220 5304 Tacitus

677 5309 780 5364 hoc
801 5310 1022 5383 verbum
1054 5310 1209 5383 simili
1237 5312 1530 5383 intentione
1553 5309 1831 5383 usurpavit
1860 5317 1951 5370 lib.
1980 5335 1997 5372 ι
2025 5319 2216 5371 Annal.

678 5391 796 5456 cap.
814 5378 912 5454 89:
935 5395 955 5456 ξ
976 5377 1052 5432 De
1074 5378 1299 5456 comitiis
1321 5377 1705 5456 consularibus,
1725 5400 1840 5456 quae
1862 5395 1971 5439 tum
1993 5389 2220 5456 primum

680 5445 770 5498 illo
781 5445 1026 5522 principe
1051 5461 1114 5501 ac
1137 5446 1384 5516 deinceps
1408 5448 1577 5514 fuere,
1600 5445 2222 5526 vixquidquam'ﬁrmare

680 5526 870 5565 IUSIID.
903 5531 920 5561 ι

750 5579 1254 5653 ιξ-Επειιεηεὶοροεηι,
1284 5599 1384 5636 non
1414 5596 1714 5642 creatorem.
1744 5590 1941 5653 Alludit
1969 5595 2222 5652 doctrinae

686 5647 1345 5746 intimasse
1369 5653 1596 5746 eam.
1622 5647 2222 5746 “,‘iA'exindmést’E

687 5716 1030 5787 Ep'phanium
1058 5716 1354 5787 haeresi'69,
1390 5716 1534 5776 num.
1565 5725 1616 5792 7,
1646 5728 1696 5781 in
1723 5745 1826 5798 qua
1853 5740 2004 5786 vocat
2029 5716 2222 5790 Filqu

2253 4518 2300 4578 D

2317 3286 2451 3341 alius
2477 3287 2740 3355 Christus,
2771 3293 2908 3348 sicut
2936 3296 3140 3350 dictum
3159 3308 3260 3363 est,
3285 3309 3341 3354 et
3370 3301 3502 3357 alius
3528 3303 3707 3359 homo.
3741 3306 3881 3361 Illud

2317 3377 2383 3428 ad
2413 3389 2720 3440 naturarum
2751 3382 3124 3439 discretionem
3159 3375 3391 3454 pertinet
3417 3393 3556 3458 quod
3594 3396 3831 3462 prtemisi
3864 3410 3890 3448 :'

2319 3462 2420 3515 hoc
2479 3464 2544 3517 ad
2595 3467 2852 3522 unitatem
2914 3486 3152 3539 persona:
3199 3477 3339 3542 quod
3389 3479 3666 3533 subintuli.
3742 3483 3884 3536 Nam

2319 3553 2762 3619 quemadmodum
2792 3558 2846 3611 in
2877 3562 3130 3628 mysterio
3156 3572 3352 3617 sancta:
3380 3565 3658 3622 Trinitatis
3711 3571 3882 3626 trium

2317 3657 2665 3712 personarum
2694 3647 2942 3704 discretio
2971 3653 3068 3706 EIet
3110 3653 3264 3707 unius
3307 3653 3650 3726 ejusdemque
3688 3676 3886 3716 essen—

2319 3732 2460 3801 tialis
2486 3734 2666 3804 gloria:
2696 3737 3029 3806 inseparabili
3064 3742 3358 3808 majestate,
3381 3761 3485 3800 non
3513 3754 3622 3801 tres
3647 3749 3751 3813 Dii,
3784 3753 3886 3805 sed

2318 3837 2456 3876 unus
2483 3825 2719 3878 creditur
2741 3827 2914 3880 Deus:
2947 3829 3023 3882 ita
3062 3844 3092 3882 e
3133 3831 3342 3888 diverso
3381 3835 3435 3888 in
3473 3837 3884 3906 dispensatione

2317 3909 2391 3977 pii
2420 3918 2476 3963 et
2503 3913 2679 3981 magni
2700 3917 3014 3991 sacramenti
3039 3919 3344 3976 mediatoris
3372 3923 3464 3977 Dei
3494 3934 3547 3978 et
3574 3926 3882 3993 hominum,

2319 3998 2552 4053 hominis
2594 3988 2790 4056 Christi
2831 4001 2978 4086 Iesu,
3023 4007 3246 4062 duarum
3293 4011 3557 4066 veraciter
3600 4015 3884 4072 distinctio

2319 4100 2653 4158 naturarum,
2673 4101 2726 4146 et
2754 4095 2910 4148 unius
2933 4109 3172 4163 persona:
3197 4100 3456 4169 professio
3479 4105 3742 4171 veritatis,
3768 4124 3882 4164 non

2323 4181 2454 4234 duos
2483 4181 2636 4244 ﬁlios,
2679 4181 2762 4235 vel
2802 4183 2936 4237 duos
2977 4183 3132 4252 Deos,
3174 4194 3266 4241 aut
3306 4189 3436 4244 duos
3459 4190 3737 4260 Christus,
3783 4199 3882 4251 sed

2321 4285 2485 4323 unum
2510 4272 2858 4340 eumdemque
2885 4272 3153 4329 Christum
3181 4276 3360 4332 Jesum
3388 4295 3454 4334 ex
3482 4293 3709 4352 utraque
3745 4296 3800 4340 et
3824 4289 3883 4341 in

2320 4370 2549 4429 utraque
2577 4371 2765 4416 natura
2791 4402 2804 4425 ,
2835 4379 3018 4417 verum
3063 4375 3116 4419 et
3160 4369 3487 4438 unigenitum
3517 4373 3610 4427 Dei
3642 4375 3836 4431 Filium
3863 4421 3879 4442 ,

2324 4465 2506 4503 verum
2535 4460 2588 4504 et
2613 4452 3026 4520 omnipotentem
3055 4455 3217 4509 Deum
3239 4497 3254 4521 ,
3300 4460 3604 4527 apostolica:
3631 4465 3758 4520 ﬁdei
3790 4482 3879 4520 re-

2333 4597 2350 4628 ‹
2383 4578 2786 4658 perfectam_l_)ei
2815 4585 3248 4658 creatpram,_sed
3279 4602 3382 4641 non
3410 4597 3662 4658 tanquam
3697 4610 3880 4651 rerum

2323 4656 2623 4702 creatarum
2649 4649 2875 4732 aliquam
2899 4652 3107 4732 :"l'etum
3137 4654 3339 4732 itidem,
3368 4658 3461 4711 sed
3486 4649 3593 4712 non
3622 4649 3882 4732 tanquam

2323 4731 2484 4798 unum
2513 4731 2542 4769 e
2576 4719 2798 4796 exteris.
2827 4739 2848 4770 ι
2901 4719 3032 4774 [line
3057 4725 3200 4798 venit
3235 4719 3542 4798 intuentem
3573 4719 3835 4798 suspicari
3863 4775 3881 4797 ,

2323 4783 2544 4838 fortasse
2581 4787 2750 4853 prima
2794 4803 2951 4842 manu
2989 4791 3244 4858 scriptum
3276 4792 3438 4848 fuisse
3460 4783 3880 4856 excellentioreis;

2322 4862 2610 4926 creaturam
2637 4858 2832 4910 cunctis
2859 4858 3160 4926 praferebat
3188 4865 3457 4916 creaturis.

2396 4932 2418 4958 ο
2445 4920 2763 5002 Irrefusteet
2791 4920 3144 5002 intransfusae,
3169 4928 3221 5002 id
3247 4940 3350 5002 est,
3380 4948 3482 4986 non
3511 4932 3726 5002 refuse,
3775 4955 3880 4994 rum

2321 4989 2618 5064 transfusa,
2643 4992 2848 5046 scilicet
2877 5009 2974 5064 nec
2993 4989 3091 5049 Dei
3119 4998 3172 5050 in
3202 4989 3491 5063 hominem,
3517 4989 3616 5057 nec
3644 4989 3881 5064 hominis

2321 5060 2374 5137 in
2406 5059 2567 5113 Deum
2603 5070 2822 5143 uatum.
2872 5061 3085 5118 Additio
3112 5066 3255 5120 enim
3287 5059 3560 5134 particula:
3593 5073 3654 5126 in
3690 5059 3875 5143 saepis:

2320 5127 2453 5195 sime
2483 5136 2656 5195 negat.
3287 5127 3303 5134 “
3611 5177 3617 5182 .

2396 5193 2414 5231 ί
2448 5193 2668 5268 Noriest
2696 5196 2832 5268 alius
2855 5197 3088 5268 Christus
3111 5201 3267 5265 Deus,
3297 5215 3401 5261 etc.
3447 5205 3588 5263 Idem
3623 5210 3787 5265 habet
3821 5216 3877 5268 in

2323 5261 2687 5347 Sacrosyllabo
2713 5265 2820 5347 ᾖξε
2839 5267 2963 5347 fide
2984 5269 3054 5323 ibi
3076 5261 3352 5347 notam'lit.
3378 5261 3493 5347 get
3514 5261 3637 5345 quas
3644 5261 3883 5347 pidici-1';

2319 5345 2533 5416 musaea
2556 5333 2814 5388 Vinceiitii
2835 5335 3130 5416 Lirinensis
3155 5333 3604 5416 commonitprﬂ,
3785 5333 3877 5406 i9.

2395 5399 3003 5476 {frium-personarum
3049 5408 3306 5463 discretio.
3361 5399 3881 5476 Videtur'debui—sse

2320 5469 2481 5524 scribi
2495 5470 2564 5549 oin
2589 5469 3104 5554 trium'personarurn
3131 5478 3456 5554 discretione,
3479 5483 3606 5554 quia
3629 5469 3882 5554 sequuti;

2320 5547 2368 5616 et
2417 5539 2587 5619 unius_
2614 5539 3005 5619 ejusdemque...
3041 5545 3392 5619 'inseparabili
3427 5539 3727 5619 majestate:
3783 5539 3880 5611 γέἰ

2322 5607 2365 5685 si
2398 5607 2678 5687 tenendum
2708 5607 2968 5687 discretio,
2994 5607 3351 5687 reponendum
3378 5607 3741 5687 inseparabilis
3767 5607 3880 5677 nu;

2312 5674 2854 5798 jestai.‘Altenttrum
2874 5674 3176 5738 neCess'ariO
3194 5674 3586 5755 corrigendum,
3608 5699 3665 5743 ut
3685 5674 3878 5749 sensus

2322 5757 2448 5798 cons
2474 5758 2500 5798 e

2322 5757 2500 5798 εοιιειε
