4174 6430
284 524 400 591 365

955 529 1228 591 CONTRA
1262 531 1554 588 FELICEM
1593 526 2131 586 URGELLITANUM
2167 514 2343 581 Lium
2381 528 2464 580 ιιι.
2504 556 2572 566 -
2607 522 2733 581 LIB.
2777 518 2816 580 ι.

3392 527 3500 582 566

271 640 410 710 gula
434 649 490 694 et
516 639 676 695 corde
700 640 846 695 credi
874 641 1154 695 sinceriter
1181 639 1397 708 instigat
1439 638 1507 693 ad
1544 622 1807 705 justitiam
1826 673 1841 696 ,
1872 637 1918 691 Α
1944 631 2157 698 phetam
2186 631 2417 685 dicitur:
2453 630 2529 683 Tu
2558 636 2727 684 autem
2757 631 2894 684 idem
2929 633 3034 700 ipse
3064 645 3139 693 es,
3177 640 3226 685 et
3257 632 3382 687 anni
3417 636 3496 687 tui

274 739 337 785 et
375 743 473 784 ore
513 729 751 798 proﬁteri
790 715 1077 784 salubriter
1104 729 1293 784 incitat
1319 728 1387 783 ad
1413 727 1637 782 salutem
1667 723 1842 797 (Roin.

274 820 342 878 x,
366 816 479 887 10).
513 818 801 873 Sciendum
825 834 1056 888 namque
1080 827 1181 885 est,
1202 818 1329 888 quia
1350 832 1456 873 non
1482 812 1583 871 fuit
1604 815 1848 871 Christus

275 906 519 975 primum
567 906 866 961 communis
902 920 1185 975 purusque
1231 912 1519 973 conceptus
1561 902 1644 956 vel
1694 910 1848 954 natus

274 993 469 1058 homo,
495 1006 551 1049 et
577 997 913 1064 postmodum
942 996 1095 1067 Deus.
1114 994 1167 1049 in
1194 1009 1281 1059 eo,
1318 985 1763 1063 quemadmodum
1794 992 1846 1045 iu

273 1082 522 1152 quolibet
558 1084 969 1154 prophetarum,
1015 1099 1079 1138 ex
1108 1084 1246 1139 dono
1273 1083 1459 1154 gratiae
1486 1081 1842 1146 habitaverit;

273 1172 381 1225 sed
403 1173 461 1227 in
482 1172 597 1243 ipso
626 1173 796 1228 sancti
819 1165 1049 1241 Spiritus
1074 1180 1354 1241 conceptu,
1373 1173 1530 1226 beata
1553 1183 1579 1211 ιι
1602 1169 1848 1224 videlicet

269 1260 489 1315 viscera
536 1260 804 1316 inviolata
830 1261 1066 1329 Virginis
1112 1275 1294 1315 veram
1341 1259 1519 1315 carnis
1564 1253 1848 1339 materiam.

269 1349 660 1411 ministrantia,
693 1365 726 1404 a
751 1349 1047 1404 Verho'Dei
1077 1349 1130 1403 in
1158 1348 1273 1417 ipso
1300 1348 1662 1417 conccptionis
1688 1360 1844 1400 exor-

267 1438 368 1494 dio
394 1439 736 1495 inell‘abiliter
761 1439 1029 1498 nascendo
1067 1447 1385 1509 susceptus;
1431 1452 1497 1492 ex
1533 1452 1640 1507 quo
1683 1438 1842 1491 homo

266 1526 441 1594 capit
467 1541 588 1581 esse
613 1542 717 1580 una
744 1541 971 1596 persona
998 1541 1117 1581 cum
1150 1526 1277 1591 Deo,
1305 1540 1516 1594 semper
1542 1525 1844 1593 unigenitus

268 1615 369 1668 Dei
406 1614 577 1670 Filius
611 1623 666 1669 et
695 1630 855 1670 verus
881 1616 1024 1670 Deus
1068 1622 1121 1670 et
1167 1614 1304 1680 fuit,
1353 1624 1407 1669 et
1452 1624 1573 1680 est,
1622 1625 1685 1669 et.
1719 1616 1838 1670 erit.

263 1700 540 1768 Quoniam
566 1690 691 1758 cum
717 1721 749 1759 a
778 1719 905 1759 vero
933 1704 1028 1759 Dei
1055 1704 1189 1759 Filio
1217 1713 1271 1759 ct
1296 1720 1424 1760 vero
1451 1706 1559 1759 Deo
1586 1708 1842 1761 essentia-

262 1788 399 1848 liter
426 1794 480 1847 in
510 1795 881 1865 singularitate
905 1810 1177 1864 personae,
1223 1796 1348 1851 licet
1372 1795 1836 1863 inconfusibiliter,

264 1886 343 1938 sit
369 1896 679 1956 assumptus
708 1889 868 1942 homo
896 1904 1053 1943 verus
1079 1887 1173 1942 Dei
1203 1888 1389 1954 Filius,
1417 1898 1470 1943 et
1493 1903 1651 1944 verus
1677 1890 1834 1953 Deus,

262 1976 477 2045 absque
525 1977 631 2031 ulla
678 1978 964 2033 dubietatis
997 1977 1297 2047 palpatione
1322 1979 1349 2019 δ
1372 1979 1608 2033 creditur
1643 1988 1698 2033 et
1747 1981 1839 2033 ad—
1867 1960 1913 2014 υ

261 2074 475 2120 oratur.
509 2066 625 2143 Non
652 2068 795 2122 enim
823 2069 1109 2136 assumpsit
1129 2060 1311 2132 homo,
1333 2069 1423 2135 qui
1445 2069 1677 2122 nondum
1701 2077 1851 2131 erat,

262 2156 474 2220 Deum;
514 2157 608 2211 sed
635 2156 775 2211 Deus
805 2158 1160 2224 sempiternus
1187 2158 1434 2226 dignatus
1459 2165 1541 2209 est
1568 2157 1840 2209 hominem

261 2243 545 2313 suscipere
572 2244 956 2313 temporaliter,
987 2259 1147 2314 quem
1173 2259 1327 2298 suum
1352 2244 1626 2314 proprium
1651 2245 1836 2324 singu-

262 2332 457 2385 lariter
479 2330 627 2387 fecit.
1602 2326 1607 2331 (

856 2420 1082 2477 CAPUT
1121 2420 1255 2479 XIV.

270 2506 503 2562 Verbum
539 2526 642 2564 non
671 2506 926 2563 ntutattim
960 2510 1015 2563 in
1050 2525 1298 2573 carnem;
1350 2525 1452 2562 non
1496 2508 1797 2563 divisionem
1820 2550 1834 2573 ,

659 2595 760 2632 non
791 2579 1197 2632 commistionem
1225 2594 1457 2648 passum.

331 2679 575 2742 Verbum
617 2686 781 2756 igitur
809 2687 942 2751 Dei,
988 2686 1130 2755 quod
1161 2701 1290 2742 caro
1318 2684 1517 2740 factum
1544 2694 1628 2741 est
1654 2685 1832 2756 (Joan.

256 2778 301 2838 ι,
334 2773 453 2844 id),
484 2775 588 2829 hoc
612 2783 697 2829 cst
724 2775 885 2829 homo
914 2774 1086 2827 factus
1111 2781 1220 2837 est,
1265 2789 1371 2828 non
1401 2781 1487 2827 est
1515 2780 1751 2827 mutatus
1781 2774 1836 2826 in

253 2880 508 2931 carnem,
538 2859 634 2919 sed
659 2878 806 2928 caro,
836 2879 957 2932 qum
985 2880 1015 2916 a
1044 2863 1220 2918 Verbo
1252 2859 1345 2917 Dei
1388 2860 1726 2917 ineﬁ‘abiliter
1750 2870 1837 2917 as;

254 2965 478 3026 sumpta
522 2963 639 3020 est,
684 2955 900 3025 prepria
926 2954 1087 3009 Verbi
1124 2954 1217 3007 Dei
1248 2968 1375 3007 caro
1405 2953 1458 3006 in
1488 2953 1834 3021 concipiendo

256 3040 407 3102 facta
431 3055 555 3101 est:
595 3046 648 3100 in
678 3053 825 3099 tanta
849 3045 1101 3099 nimirum
1130 3043 1382 3098 societate
1410 3042 1601 3096 divina:
1630 3050 1833 3096 natura:

257 3136 433 3200 unita,
467 3143 531 3189 ut
557 3148 658 3188 nec
685 3133 876 3197 divisa,
906 3145 1008 3186 nec
1042 3130 1331 3199 permista,
1360 3129 1475 3184 sine
1502 3129 1607 3183 line
1634 3129 1687 3182 in
1716 3130 1834 3184 uni-

260 3232 370 3278 tate
392 3221 697 3293 personalis
723 3221 975 3275 credatur
996 3217 1224 3272 unionis.
1258 3215 1528 3285 Scriptum
1549 3224 1631 3270 est
1655 3217 1796 3270 enim
1812 3254 1828 3279 ,

260 3280 417 3379 Quod
446 3310 589 3365 Deus
620 3308 913 3379 conjunxit,
950 3308 1103 3360 homo
1131 3318 1235 3359 non
1259 3280 1457 3375 separet
1475 3303 1692 3375 (Matth.
1718 3314 1829 3369 xix,
1855 3280 1901 3341 ο

257 3400 372 3469 εδ).
412 3401 557 3455 Deus
584 3399 839 3453 nimirum
864 3391 1140 3463 conjunxit
1164 3394 1379 3448 sibimet
1407 3392 1832 3460 inseparabiliter

257 3490 316 3545 in
344 3490 592 3544 thalamo
619 3487 896 3558 virginalis
936 3486 1074 3540 uteri
1113 3485 1400 3539 humanam
1440 3492 1685 3537 naturam
1708 3524 1722 3548 ,
1766 3484 1832 3538 de

260 3594 368 3648 quo
396 3586 659 3647 tanquam
685 3590 913 3648 sponsus
935 3573 1217 3644 processit,
1239 3580 1294 3626 et
1313 3570 1571 3626 exultavit
1597 3580 1657 3625 ut
1684 3571 1837 3641 gigas

258 3667 330 3720 ad
373 3667 705 3722 currendam
745 3666 885 3719 viam
933 3662 1104 3733 (Psal.
1133 3677 1289 3727 xvm,
1317 3659 1411 3731 6):
1455 3671 1511 3716 et
1551 3661 1833 3715 haereticus

261 3749 562 3827 impietatis
588 3754 808 3810 dissidio
832 3753 1020 3806 nititur
1044 3758 1164 3806 eam
1204 3765 1236 3803 a
1275 3764 1386 3805 sua:
1424 3744 1580 3817 avelli
1614 3749 1833 3803 unitatis

264 3848 579 3903 insertione.
613 3843 832 3899 Debuit
876 3854 1004 3912 ergo
1049 3842 1210 3896 homo
1256 3838 1308 3894 in
1339 3839 1509 3894 Deum
1550 3838 1827 3908 prolicere,

260 3939 387 4009 quia
415 3936 576 3991 valde
600 3935 777 4005 eguit,
818 3942 880 3988 ut
916 3933 1220 4003 proficeret.
1269 3930 1384 3985 Non
1412 3931 1636 3986 decebat
1664 3932 1831 3985 Deum

264 4024 317 4081 in
347 4026 569 4082 homine
595 4025 846 4087 deiicere,
874 4023 967 4091 qui
994 4036 1094 4075 nec
1121 4029 1465 4099 augmentum
1494 4019 1833 4090 perfectionis

266 4110 485 4188 recepit,
516 4131 619 4171 nec
645 4112 950 4170 detrimenti
976 4111 1085 4166 ullo
1112 4112 1270 4166 modo
1297 4111 1498 4180 patitur
1524 4111 1832 4197 diminutio-

267 4221 416 4275 nem;
466 4206 571 4262 sed
614 4208 825 4276 Semper
851 4203 994 4259 idem
1028 4210 1111 4259 est
1141 4201 1286 4272 quod
1311 4210 1428 4269 est;
1468 4201 1554 4257 cui
1581 4212 1679 4271 per
1704 4202 1832 4257 Pro-

333 4352 359 4379 ι
387 4338 555 4393 Beata
576 4338 836 4390 viscera...
864 4334 1231 4388 ministrantia.
1267 4331 1616 4389 Grammatici
1640 4335 1833 4391 vellent

270 4398 426 4462 beatis
472 4402 1302 4487 uisceribus...ministrantibus,
1352 4403 1414 4487 ill
1455 4418 1581 4487 casu
1626 4404 1834 4487 scilicet

269 4492 424 4560 quem
467 4476 658 4560 dicunt
695 4473 978 4554 ablativum
1016 4469 1327 4553 absolutum.
1382 4469 1487 4527 Sed
1533 4471 1637 4528 hoc
1683 4471 1834 4529 fami-

272 4547 396 4627 liare
426 4544 593 4615 los
626 4542 868 4607 Paulino.
923 4541 1015 4597 Sic
1057 4549 1112 4596 et
1149 4541 1303 4596 initio
1342 4556 1461 4612 cap.
1496 4540 1563 4595 15
1589 4557 1724 4612 seq.,
1776 4552 1832 4599 et

270 4616 685 4750 δψὺιιίέιιμίε
711 4679 1025 4750 palpatione.
1072 4678 1157 4734 An
1175 4677 1526 4750 palpitatione
1544 4681 1571 4734 .9
1611 4682 1830 4738 Utrum-

270 4753 350 4807 vis
372 4754 529 4807 bene.
566 4748 819 4819 Nam'qui
844 4749 1077 4819 dubitat,
1096 4748 1221 4818 quia
1250 4748 1317 4819 in
1330 4748 1537 4804 diversa
1563 4761 1829 4818 movetur,

271 4821 526 4891 palpitare
536 4816 764 4875 videtur:
779 4818 983 4874 Seneca
1004 4816 1226 4875 iuuere.
1240 4816 1502 4885 (Emam
1523 4818 1623 4876 708
1638 4829 1692 4875 et
1706 4816 1830 4888 709,

274 4900 373 4947 act.
398 4905 459 4948 nl
481 4904 500 4945 :

352 5006 359 5012 .
416 5010 417 5015 η
802 4957 867 5009 Et
888 4970 971 5016 cor
992 4958 1251 5007 attonitum
1270 4956 1403 5016 salit,

388 5019 726 5082 Paridemque
747 5015 970 5081 trepidus
991 5017 1189 5080 palpitat
1209 5019 1347 5067 venis
1362 5018 1521 5080 jecur.
1555 5059 1571 5075 .

274 5095 485 5173 insuper
505 5101 603 5173 qui
630 5100 837 5173 dubitat
857 5100 1178 5173 quandoque
1202 5099 1401 5173 palpat.
1433 5097 1524 5173 Sic
1546 5098 1833 5173 lsaac_pa1_

276 5181 362 5239 pat
392 5167 591 5236 Iacob,
638 5167 893 5225 dubitans
926 5183 1055 5239 num
1084 5167 1340 5239 ipse’sit',
1384 5181 1451 5222 an
1476 5167 1648 5239 Esau,
1692 5167 1829 5227 Cen.

279 5237 436 5307 ixvn,
462 5242 558 5295 22.
608 5238 701 5295 Sic
729 5239 985 5293 Dominus
1010 5237 1167 5293 Jesus
1199 5238 1266 5293 ad
1293 5252 1508 5292 omnem
1543 5238 1832 5295 dubitatio—

279 5325 391 5364 nem
423 5313 488 5367 de
516 5309 749 5365 veritate
775 5307 1344 5377 suaz'resurrectionis‘
1364 5322 1408 5377 ag
1432 5307 1708 5377 discipulis
1735 5308 1832 5365 eli-

281 5379 580 5447 minandum
611 5379 787 5442 dixit,
826 5378 954 5433 Luc.
983 5391 1129 5447 xxiv,
1158 5375 1267 5430 59:
1309 5374 1526 5447 Palpate
1561 5374 1609 5430 et
1646 5377 1827 5433 videte.

283 5444 405 5503 llinc
432 5449 484 5503 in
518 5447 862 5519 proverbium
902 5446 1033 5519 abiit
1062 5445 1298 5519 ψηλᾳγτῑν
1335 5447 1388 5500 is
1409 5444 1733 5519 ζῷῄσκὸτῳ,
1776 5449 1831 5504 id

280 5523 374 5579 est,
392 5514 549 5574 munit
571 5526 772 5573 tentare
799 5517 855 5570 in
880 5514 1120 5569 tenebris.
1150 5514 1405 5570 Erasmus
1421 5514 1559 5570 Chil.
1581 5514 1827 5581 tIt,'cent.

281 5594 348 5637 vn
364 5625 386 5656 ,_
404 5602 458 5639 ιι.
485 5587 592 5643 59:
635 5605 656 5639 ι
697 5586 957 5656 Dicuntur
990 5583 1083 5653 qui
1126 5598 1241 5656 rem
1284 5584 1529 5656 obscuris
1566 5588 1833 5656 vestigant

281 5652 608 5725 geniecturis.
635 5673 656 5707 ι
696 5653 951 5725 Exempla
975 5660 1101 5708 sunt
1118 5652 1492 5723 Aristophanis
1521 5655 1573 5709 in
1596 5652 1758 5723 Pace,
1778 5667 1833 5712 et

284 5717 506 5782 Platonis
530 5728 586 5782 in
613 5717 896 5779 Phaedone.

348 5803 369 5829 ε
411 5793 577 5863 senex
621 5795 716 5856 iste
754 5792 1019 5848 exinanita
1046 5792 1294 5863 furiosius
1338 5795 1570 5851 delerare
1620 5796 1827 5850 canitie.

288 5856 413 5933 Ergo
441 5861 586 5921 Felix
632 5872 857 5921 matura:
890 5872 1007 5917 erat
1040 5856 1241 5934 aetatis;
1283 5879 1455 5936 neque
1496 5864 1639 5921 enim
1691 5866 1833 5921 cani-

1948 737 2051 774 non
2067 721 2301 788 deﬁcient
2323 718 2492 792 (Psal.
2515 721 2708 791 cr,28).
2745 723 2811 776 Et
2832 723 2957 777 illud
2987 737 3003 775 :
3032 721 3136 788 Qui
3159 733 3232 777 est
3256 726 3393 779 misit
3418 740 3499 779 me

1947 807 2015 858 ad
2045 823 2171 871 vos;
2204 816 2258 861 et
2281 809 2624 878 rursus:Ego
2654 827 2767 863 sum
2795 811 2883 879 qui
2907 827 3024 863 sum
3054 811 3247 883 (Exod.
3272 798 3492 885 1",”).

1946 896 2126 967 Neque
2155 900 2295 952 enim
2327 900 2718 968 dispensatione
2757 901 2827 968 pii
2869 909 2923 954 et
2964 904 3138 971 magni
3178 906 3498 958 sacramenti

1944 1004 2172 1058 persona
2199 990 2289 1044 Dei
2314 1005 2593 1059 personam
2618 991 2849 1045 hominis
2870 993 3122 1061 suscepit,
3150 994 3243 1048 sed
3268 1008 3498 1061 persona

1946 1078 2105 1132 Verbi
2133 1079 2473 1151 sempiterna,
2505 1094 2608 1133 una
2634 1078 2879 1133 videlicet
2909 1081 2974 1135 de
3001 1080 3282 1145 Trinitate,
3306 1097 3500 1138 secun-

1944 1167 2068 1220 dum
2098 1157 2238 1236 quod
2266 1168 2603 1237 semetipsum
2628 1168 2939 1234 exinanivit,
2969 1173 3201 1239 suscepit
3227 1179 3496 1241 tempora-

1942 1256 2064 1311 liter
2091 1258 2313 1313 formam
2341 1260 2516 1324 servi,
2562 1259 2671 1329 hoc,
2698 1268 2778 1315 est
2816 1250 3058 1316 naturam
3089 1263 3337 1317 hominis.
3387 1263 3497 1319 Nec

1941 1363 2007 1403 ex
2037 1348 2343 1404 diversitate
2369 1363 2717 1419 personarum
2752 1350 2892 1405 facta
2934 1358 3016 1406 est
3056 1351 3297 1407 confusio
3338 1356 3494 1409 unius

1941 1453 2208 1506 personae;
2242 1440 2334 1494 sed
2358 1448 2703 1508 permanente
2727 1441 2955 1497 discreta
2983 1443 3204 1499 veritate
3230 1453 3496 1500 utrarum-

1942 1542 2043 1595 que
2069 1535 2400 1591 naturarum,
2420 1528 2560 1585 facta
2587 1537 2669 1583 est
2696 1530 2921 1586 indivisa
2948 1542 3001 1587 et
3031 1533 3306 1589 inconfusa
3328 1537 3494 1593 socie-

1943 1627 2026 1671 tas
2051 1618 2347 1672 essentialis
2374 1618 2428 1672 in
2454 1618 2647 1673 unione
2672 1634 2933 1688 personre.

2528 1731 2754 1789 CAPUT
2791 1735 2908 1790 XV.
3272 1768 3295 1797 ε

1943 1818 2136 1893 Probat
2178 1820 2435 1893 Paulinus
2476 1838 2540 1877 ea:
2574 1823 2817 1893 Apostolo
2856 1822 3133 1889 Christum
3162 1827 3208 1880 Γ
3212 1830 3359 1884 ilium
3395 1832 3494 1886 Dei

2007 1900 2066 1962 e_l_
2082 1890 2303 1962 hominis
2329 1907 2350 1944 :.
2378 1890 3003 1962 alioquin'nuncupativa,
3040 1913 3141 1951 non
3177 1915 3293 1951 vera
3330 1912 3495 1955 mater

2012 1956 2185 2030 Maria
2218 1960 2435 2013 dicenda
2458 2000 2472 2025 ,
2495 1956 2630 2030 'qua:
2658 1956 2831 2015 tamen
2856 1978 2967 2017 vere
2992 1956 3157 2019 Deum
3185 1969 3491 2023 altissimum

2008 2027 2200 2093 genuit.

2008 2133 2133 2189 lituo
2169 2135 2242 2189 ita
2285 2151 2343 2191 se
2381 2138 2631 2192 habentia
2661 2138 2792 2211 [Pro
2823 2140 2914 2196 His
2942 2144 3014 2198 ita
3043 2159 3101 2199 se
3132 2147 3488 2223 habentibus],

1938 2222 2239 2292 apostolicis
2264 2227 2424 2279 etiam
2452 2226 2750 2295 huiusmodi
2785 2231 2998 2287 collatio
3026 2236 3249 2291 rationis
3272 2249 3493 2306 praesta-

1937 2313 2096 2368 bilius
2123 2317 2317 2383 poterit
2348 2320 2670 2387 argumentis
2699 2318 2891 2375 fulciri.
2933 2321 3066 2387 Hoc,
3088 2324 3277 2394 inquit,
3308 2332 3490 2383 sentite

1937 2404 1989 2457 in
2018 2405 2156 2460 vobis
2191 2408 2327 2475 quod
2364 2418 2412 2461 et
2450 2408 2504 2462 in
2537 2407 2739 2463 Christo
2767 2409 2914 2465 Iesu.
2969 2407 3070 2477 Qui
3097 2430 3214 2468 cum
3234 2417 3293 2483 in
3320 2418 3489 2486 {arma

1938 2496 2032 2551 Dei
2058 2511 2205 2564 esset,
2233 2515 2336 2553 non
2362 2502 2597 2571 rapinam
2624 2503 2903 2558 arbitratus
2931 2514 3003 2559 est
3030 2522 3138 2560 esse
3162 2524 3215 2561 se
3243 2509 3489 2579 (aqualem

1936 2587 2076 2650 Deo;
2111 2589 2201 2641 sed
2235 2592 2561 2658 semetipsum
2594 2593 2892 2657 exinanieit,
2927 2593 3153 2662 formam
3188 2599 3320 2651 servi
3352 2601 3492 2653 acri:-

1933 2679 2098 2747 piens,
2140 2679 2196 2731 in
2236 2678 2627 2733 similitudinem
2670 2665 2934 2734 hominum
2981 2682 3172 2748 factus,
3219 2697 3268 2739 et
3311 2688 3491 2745 habitu

1934 2766 2166 2820 inventus
2192 2776 2246 2818 ut
2270 2767 2421 2820 homo
2447 2766 2663 2839 (Philip.
2688 2778 2750 2833 ιι,
2775 2768 2807 2823 5
2827 2769 2979 2841 seq.).
3010 2770 3067 2824 in
3094 2775 3307 2829 nomine
3328 2776 3487 2847 igitur

1933 2852 2131 2912 Christi
2158 2852 2283 2909 Jesu
2312 2870 2538 2924 persona
2563 2858 2820 2926 unigeniti
2846 2875 2859 2911 :
2902 2861 2955 2914 in
2987 2859 3158 2916 forma
3188 2844 3370 2921 autem
3395 2844 3487 2924 Dei

1934 2941 2208 3011 formaque
2254 2945 2393 2998 servi
2442 2956 2789 3017 utrarumque
2836 2951 3130 3019 preprietas
3172 2953 3490 3012 deserititur

1931 3039 2265 3085 naturarum.
2322 3032 2452 3087 Nam
2502 3036 2547 3088 si
2595 3050 2700 3089 non
2728 3037 2863 3090 infla
2903 3037 3033 3109 [Pro
3061 3041 3222 3114 intra]
3256 3044 3488 3113 virginea

1931 3121 2158 3185 viscera,
2192 3128 2250 3174 ut
2279 3121 2377 3176 iste
2405 3121 2613 3189 dissipit
2638 3121 2769 3193 [Pro
2800 3124 3013 3197 desipit]
3045 3128 3343 3194 hmreticus,
3366 3133 3487 3186 uni-

1933 3210 2142 3280 genitus
2168 3210 2262 3265 Dei
2287 3209 2474 3275 Filius,
2503 3212 2855 3281 sempiternus
2883 3228 2949 3267 ex
2977 3214 3152 3281 Patre,
3184 3220 3490 3287 temporalis

1930 3313 1999 3354 ex
2029 3307 2219 3364 matre,
2249 3300 2530 3355 mdiﬁcavit
2562 3301 2666 3356 sibi
2695 3302 2939 3368 domum,
2978 3304 3079 3359 hoc
3107 3315 3219 3372 est,
3257 3308 3487 3364 humana

1931 3403 1989 3443 se
2014 3389 2291 3443 verissime
2315 3399 2505 3444 natura
2531 3391 2760 3456 vestivit,
2786 3404 3106 3462 permanens
3131 3397 3192 3452 id
3209 3402 3350 3469 quod
3373 3409 3491 3456 erat

1930 3473 2379 3530 incommutabilis
2412 3477 2580 3543 Deus,
2610 3490 2676 3532 ex
2712 3489 2867 3536 utero
2904 3483 3231 3541 intemerata:
3266 3488 3490 3559 Virginis

1930 3567 2122 3621 matris
2158 3575 2411 3635 tanquam
2455 3572 2963 3637 sponsumproccssit
2999 3573 3062 3627 de
3102 3577 3335 3633 thalamo
3367 3595 3489 3646 suo,

1930 3663 1985 3710 et
2025 3656 2139 3725 ipsa
2177 3657 2495 3711 venerabilis
2523 3658 2686 3729 Virgo
2734 3674 2838 3715 non
2883 3662 3062 3731 genuit
3105 3678 3289 3720 verum
3316 3667 3485 3725 Deum

1932 3763 2221 3817 verumque
2248 3748 2519 3803 hominem
2549 3749 2603 3803 in
2629 3750 2993 3821 singularitate
3020 3755 3176 3811 unius
3208 3771 3483 3826 personas:

1931 3839 2004 3892 ita
2035 3847 2093 3892 ut
2118 3852 2225 3893 non
2253 3838 2324 3893 sit
2357 3838 2491 3893 alter
2514 3838 2761 3896 Christus
2795 3842 2955 3907 Deus,
2998 3853 3053 3898 et
3085 3846 3220 3901 alter
3244 3848 3489 3909 Christus

1929 3929 2108 3993 homo,
2132 3929 2226 3983 sed
2250 3946 2387 3985 unus
2414 3931 2676 4002 idemque,
2700 3934 2837 4003 sicut
2861 3935 3052 4007 saepius
3076 3939 3354 4007 repetitum
3380 3952 3485 4008 est,

1930 4023 2071 4078 Deus
2099 4024 2288 4088 homo;
2324 4033 2379 4079 et
2405 4030 2511 4079 non
2538 4037 2622 4081 est
2650 4028 2763 4098 ipse
2792 4032 3073 4101 templum,
3108 4035 3217 4103 ipse
3252 4046 3307 4092 et
3333 4039 3486 4094 habi-

1930 4120 2071 4167 tator
2100 4112 2313 4182 templi,
2346 4122 2407 4167 ut
2439 4128 2599 4168 senex
2633 4115 2735 4172 iste
2764 4118 3032 4174 exinanita
3058 4110 3312 4180 furiosius
3338 4128 3484 4183 dele-

1932 4217 2051 4258 rare
2076 4213 2098 4243 ο
2127 4203 2324 4259 canitie
2369 4217 2475 4259 non
2520 4204 2843 4278 ambigitur;
2897 4217 2990 4263 aut
3036 4226 3141 4267 non
3184 4223 3269 4268 est
3300 4226 3487 4300 partus

1931 4333 2059 4417 tiem
2098 4335 2383 4417 exprobrat
2416 4342 2650 4417 tantum,
2686 4353 2805 4408 qua:
2843 4341 3157 4411 quandoque
3179 4352 3231 4401 et
3260 4349 3485 4417 vegetio-

1930 4403 2086 4479 ribus
2124 4403 2318 4479 evenit,
2370 4406 2555 4461 sed'et
2598 4403 2921 4479 senectutem
2973 4403 3181 4479 canam,
3219 4417 3303 4471 cui
3325 4403 3487 4475 "solet

1929 4468 2090 4549 objici
2118 4473 2622 4549 mentissensusque
2644 4476 2888 4543 defectio,
2911 4495 3014 4549 qua
3036 4468 3243 4539 nihil'in
3262 4468 3485 4543 senibus-

1934 4540 2280 4610 frequentius.
2306 4543 2439 4598 llinc
2464 4540 2714 4599 Paulinus
2741 4560 2844 4602 non
2873 4540 2945 4603 ab
2970 4563 3026 4604 re
3053 4551 3182 4607 dicit
3218 4540 3485 4611 exinanita

1856 4610 1911 4670 Β
1934 4611 2123 4690 canitie
2142 4626 2168 4690 _:
2192 4612 2457 4690 exinanire
2479 4614 2622 4690 enim
2668 4623 2747 4690 est
2762 4617 2933 4690 inane
2954 4618 3182 4687 reddere,
3213 4610 3484 4690 evacuate,

1934 4681 2075 4761 quod
2123 4680 2720 4761 de.\:etulo_insipienti,
2761 4685 2932 4761 inanis
2958 4680 3233 4761 [vacuique
3278 4680 3487 4750 cerebri

1932 4750 2133 4825 optime
2160 4749 2372 4825 dicitur.
2399 4749 2644 4806 Delerare
2669 4766 2845 4825 autem
2886 4757 3053 4812 habet
3069 4749 3337 4825 Paulinus,
3378 4749 3483 4819 non

1930 4818 2183 4883 delirare;
2220 4822 2404 4890 eadem
2450 4830 2624 4874 tamen
2666 4824 3068 4890 significatione,
3097 4843 3198 4884 nec
3230 4818 3486 4887 Paulinus

1932 4889 2249 4969 auctoritate
2282 4889 2606 4969 destituitur.
2639 4889 2879 4945 Delerare
2903 4889 3109 4969 Nonius
3126 4899 3194 4952 de
3227 4902 3482 4969 propriet.

1930 4972 2094 5037 serm.
2129 4968 2341 5037 semper
2374 4959 2577 5037 scribit,
2623 4969 2678 5014 et
2708 4963 2949 5037 exempla
2984 4965 3207 5037 profert,
3227 4959 3359 5037 'quti:
3384 4972 3485 5027 hoc

1933 5026 2070 5095 idem
2100 5025 2434 5081 conﬁrmant.
2463 5026 2724 5095 Delerare,
2747 5032 2842 5095 ait,
2862 5025 2940 5087 Est
2958 5025 3023 5087 de
3052 5025 3481 5095 recto-dccedere.

1931 5094 2065 5173 Cera
2088 5104 2349 5173 autemest
2379 5096 2525 5165 [ossa
2550 5108 2685 5173 recta
2711 5094 2833 5169 ante,
2862 5112 3041 5173 contra
3079 5119 3230 5173 agros
3267 5094 3484 5165 tuendos

1930 5164 2159 5247 ducitur,
2190 5167 2316 5247 et_in
2342 5164 2495 5247 quam
2536 5164 2871 5247 uligojerrar
2897 5164 3154 5247 decurrat.
3190 5164 3486 5247 Conﬁrmat

1930 5236 2337 5311 auctoritatibus
2364 5235 2662 5311 Pomponii;
2691 5237 2896 5311 Lucilii,
2927 5237 3095 5311 Plauti
3127 5242 3278 5311 cujus
3318 5255 3402 5301 est
3428 5248 3482 5303 in

1930 5304 2297 5384 Amphitrione
2325 5304 2662 5384 bucellatum
2693 5323 2705 5357 :
2733 5305 3121 5384 pelerqt‘uxor.
3154 5304 3232 5384 Et
3271 5316 3483 5384 quidem

1930 5378 1974 5433 si
1998 5375 2257 5457 atii-meis
2285 5374 2715 5457 radicibus-rein“
2732 5376 3127 5457 investigamus,
3152 5374 3306 5457 λῆροὲ
3333 5400 3484 5457 nugax

1930 5454 2073 5509 sunt,
2095 5444 2321 5521 ineptias,
2356 5442 2479 5497 hinc
2520 5453 2575 5521 et
2597 5442 2951 5521 deliramenta
2973 5463 2993 5502 :
3019 5442 3124 5503 non
3154 5442 3239 5506 es't
3254 5442 3485 5521 agricul—

1931 5523 2065 5570 tura:
2090 5513 2329 5586 verbum,
2356 5521 2415 5586 ut
2439 5514 2581 5586 apud
2596 5513 2843 5586 Latinos;
2868 5523 2921 5570 et
2944 5530 3041 5586 per
3064 5539 3097 5579 η
3120 5536 3223 5575 non
3255 5513 3487 5578 εἶα-ξιξ.

1930 5597 2016 5641 tur
2036 5600 2055 5636 :
2079 5584 2218 5639 unde
2242 5583 2289 5638 si
2304 5598 2331 5636 a
2349 5582 2534 5638 Graeco
2555 5582 2701 5639 fonte
2718 5583 2928 5639 derives
2944 5582 3175 5642 delerare
3202 5590 3485 5647 dicendum

1929 5655 2051 5709 erit.
2079 5652 2183 5711 Sed
2216 5652 2388 5707 Latini
2424 5650 2647 5707 delirare
2684 5669 2804 5709 cum
2828 5655 3081 5719 scribant,
3113 5675 3132 5708 ι
3163 5668 3216 5713 et
3243 5659 3369 5714 liras
3396 5677 3484 5715 ru-

1931 5724 2052 5780 s.ici
2075 5731 2262 5778 vocent
2284 5736 2473 5791 porcas
2493 5738 2613 5777 cum
2639 5723 2719 5779 sic
2746 5735 2951 5778 aratum
2974 5734 3075 5790 est,
3101 5735 3159 5782 ut
3196 5730 3333 5782 inter
3353 5730 3486 5785 duos

1934 5794 2091 5849 latius
2110 5793 2366 5847 distantes
2392 5792 2570 5847 sulcos
2591 5792 2795 5847 medius
2814 5794 3057 5850 cumulus
3083 5797 3277 5851 siccam
3305 5798 3483 5853 sedem

1931 5864 2213 5924 frumentis
2234 5863 2516 5931 praebeat,»
2549 5870 2604 5916 ιιι
2628 5863 3086 5919 habcholutnella
3114 5867 3176 5920 de
3207 5865 3269 5920 li.
3303 5867 3363 5920 [ι.
3390 5867 3483 5923 lib.
