4174 6464
828 417 945 497 ssi

1755 421 1812 474 S.
1851 421 2119 477 PAULINI
2157 423 2613 479 PATRIARCHAE
2652 424 3116 492 AQUILEIENSIS

3913 17 4174 210 της-ιι

3907 435 4017 491 δθε

830 493 1062 613 Virginis
1090 527 1250 581 divini
1272 493 1509 584 nominis
1533 529 1815 598 gloriosum
1839 570 1854 594 ,
1900 532 2038 598 quod
2079 531 2360 613 Apostolus
2387 533 2438 591 Α
2466 530 2638 584 buerit
2660 529 2970 598 Salvatoris.
2993 532 3370 589 Plenitudiucm
3387 536 3480 607 [sic
3500 558 3518 595 .-
3535 557 3603 593 au
3624 534 3956 607 plenitudine
3968 539 4021 609 τι

830 608 1076 686 maguum
1106 617 1315 684 pietatis
1341 625 1717 670 commemorat
1743 625 2126 671 sacramentum
2153 617 2202 687 (ι
2229 603 2359 670 Tim.

749 749 752 752 .
831 719 913 765 ιιι,
945 701 1060 771 16);
1111 716 1215 769 quo
1260 716 1383 770 ergo
1426 713 1578 770 pacto
1622 703 1877 756 catholica
1908 703 2140 756 Ecclesia
2173 719 2275 756 una
2310 703 2363 755 in

785 855 789 859 _
833 800 941 847 toto
959 793 1087 846 orbe
1107 801 1364 845 terrarum
1386 791 1594 856 diffusa,
1613 793 1820 845 Leatam
1835 791 2102 858 Virginem
2125 790 2359 853 Mariam,

831 880 981 935 dulce
1008 879 1135 933 mihi
1166 888 1220 932 et
1242 879 1538 933 venerabile
1564 894 1774 943 nomen,
1807 878 2134 943 Theotpcon,
2159 879 2260 932 hoc
2283 886 2366 933 est

830 969 922 1023 Dei
954 967 1265 1036 genitricem
1295 968 1458 1022 libera
1495 966 1806 1036 publicaque
1830 981 1958 1021 voce
1993 967 2231 1022 conﬁteri
2259 983 2362 1023 non

829 1058 1035 1113 cessat?
1065 1056 1122 1110 Si
1151 1057 1312 1127 igitur
1334 1058 1744 1123 nuncupatimm
1769 1063 1821 1109 et
1845 1071 1947 1110 non
1969 1070 2150 1108 verum
2179 1056 2361 1119 Deum,

830 1160 887 1204 ut
919 1151 1088 1205 insani
1121 1149 1309 1217 capitis
1332 1148 1411 1201 vir
1435 1148 1534 1201 iste
1569 1147 1717 1200 fauce
1752 1147 2025 1216 despumat
2058 1144 2363 1212 falsissima,

827 1255 895 1294 ex
921 1248 1073 1293 utero
1095 1252 1220 1291 vera
1248 1245 1414 1290 mater
1439 1235 1636 1306 genuit,
1668 1235 1810 1288 illum
1837 1233 2076 1288 videlicet
2097 1234 2366 1287 eumdcm-
2391 1247 2428 1275 ι

827 1341 960 1394 que,
1001 1326 1092 1394 qui
1123 1332 1246 1379 ante
1274 1323 1547 1378 luciferum
1575 1337 1640 1377 ex
1673 1333 1892 1393 paterno
1920 1331 2088 1386 utero,
2127 1324 2226 1376 hoc
2261 1330 2362 1385 est,

829 1430 896 1468 ex
926 1414 1098 1468 Patris
1127 1414 1354 1468 essentia
1387 1413 1500 1467 sine
1537 1411 1687 1466 initio
1716 1413 1944 1482 genitus,
1968 1425 2283 1481 permanens
2312 1411 2365 1464 id

828 1523 1037 1578 semper
1060 1511 1200 1578 quod
1224 1519 1373 1563 erat:
1403 1509 1665 1578 quomodo
1690 1522 1814 1562 vera
1840 1507 1932 1561 Dei
1957 1506 2185 1576 genitrix
2210 1505 2363 1558 beata

829 1599 988 1669 Virgo
1028 1601 1261 1653 omnium
1306 1586 1681 1652 catholicorum
1711 1597 1986 1650 verissimo
2027 1595 2364 1650 conﬁtebitur

824 1688 958 1743 ore?
996 1687 1280 1741 Fateantur
1305 1701 1521 1740 necesse
1549 1695 1630 1740 est
1655 1685 1885 1740 haeretici
1911 1699 2027 1738 eam
2056 1683 2366 1752 nuncupati-

798 1803 802 1806 ~
827 1791 945 1847 vam
970 1775 1296 1845 genitricem,
1327 1775 1372 1828 si
1398 1774 1763 1844 nuncupativa:
1783 1775 1852 1828 ab
1879 1774 1956 1828 eis
1980 1773 2250 1843 putabitur
2272 1787 2364 1842 ge-

2465 615 2720 682 siquidem
2765 617 2926 670 divini
2964 612 3168 688 saporis
3221 619 3503 677 refectione
3543 625 3788 688 satiatus,
3837 635 4018 681 totum

2464 702 2644 755 orbem
2679 711 2934 758 terrarum
2963 707 3273 775 evangelieis
3313 710 3565 764 institutis
3605 713 3862 767 doctrinae
3900 729 4023 768 suae

2463 787 2676 842 ﬁumina
2693 782 3037 858 redundavit;
3063 795 3223 849 misso
3259 796 3482 866 denique
3509 798 3628 854 ﬁdei
3653 799 3810 854 oculo
3834 801 3903 854 ad
3935 800 4022 855 di-

2463 877 2698 932 vinitatis
2741 878 3065 935 altitudinem
3111 887 3580 954 contemplandam,
3609 889 3753 942 dicat
3790 890 3923 957 quid
3960 891 4018 943 in

2461 965 2722 1033 principio
2750 976 2882 1031 erat,
2911 975 3001 1022 aut
3028 970 3116 1024 ubi
3137 980 3271 1036 erat,
3299 982 3390 1026 aut
3417 975 3541 1042 quid
3581 983 3715 1029 erat.
3761 976 3828 1029 In
3864 971 4017 1046 prin—

2463 1054 2622 1122 cipio,
2664 1054 2863 1121 inquit,
2908 1067 3017 1109 erat
3074 1056 3312 1123 Verbum,
3353 1070 3402 1114 et
3453 1060 3668 1116 Verbum
3711 1074 3822 1117 erat
3867 1067 4020 1135 apud

2463 1140 2648 1205 Deum,
2691 1151 2738 1194 et
2774 1143 2916 1196 Deus.
2942 1155 3050 1197 erat
3085 1144 3319 1201 Verbum.
3369 1149 3479 1202 Hoc
3507 1163 3615 1204 erat
3653 1155 3712 1206 in
3755 1141 4020 1225 principio

2463 1230 2600 1297 apud
2628 1230 2813 1283 Deum.
2841 1230 3028 1285 Omnia
3053 1250 3142 1302 per
3166 1236 3330 1304 ipsum
3359 1235 3495 1303 facta
3521 1248 3661 1304 sunt,
3690 1251 3737 1292 et
3763 1244 3873 1295 sine
3901 1244 4021 1311 ipso

2462 1315 2654 1384 factum
2672 1314 2742 1372 est
2764 1319 2892 1373 nihil
2905 1321 3080 1390 (Joan.
3107 1325 3181 1386 1,1
3211 1323 3361 1394 δρψ).
3387 1325 3677 1395 Subjungat
3699 1329 3861 1383 etiam
3881 1332 4021 1399 quid

2463 1407 2563 1460 hoc
2597 1408 2848 1474 Verbum,
2871 1411 3010 1479 quod
3039 1411 3174 1467 Deus
3198 1408 3314 1467 erat
3337 1421 3509 1478 etest,
3531 1431 3627 1484 pro
3646 1417 3800 1471 nobis
3827 1418 4022 1488 digna-

2463 1501 2549 1550 tus
2573 1505 2653 1551 est
2691 1497 2825 1562 ﬁeri,
2855 1499 2917 1552 Et
2955 1497 3190 1565 Verbum,
3227 1502 3488 1572 inquiens,
3532 1522 3651 1558 caro
3687 1507 3886 1575 factum
3916 1519 4015 1572 est,

2460 1593 2510 1638 et
2535 1584 2777 1640 habitavit
2805 1587 2860 1640 in
2885 1589 3046 1642 nobis.
3080 1589 3190 1644 Hoc
3228 1600 3328 1656 est,
3359 1592 3494 1646 Deus
3519 1593 3677 1647 homo
3707 1595 3883 1648 factus
3908 1605 4018 1660 est,

2461 1688 2776 1744 permanens
2813 1676 2869 1729 id
2902 1679 3252 1745 sempiternus
3296 1679 3435 1748 quod
3480 1689 3629 1734 erat:
3652 1681 4019 1751 Prosequatur

2460 1765 2632 1818 adhuc
2651 1765 2803 1833 cujus
2821 1766 3002 1834 glorim
3019 1768 3247 1823 Verbum
3271 1785 3394 1824 caro
3410 1770 3601 1826 factum
3623 1776 4014 1840 permanserit:

827 1842 995 1918 nitrix‘
1021 1863 1202 1931 prolis.
1248 1861 1513 1936 Catholica
1554 1842 1676 1914 vero
1711 1869 1868 1930 atque
1905 1842 2188 1928 apostolica
2228 1859 2359 1913 ﬁdes
2389 1842 2439 1901 Β
2465 1845 2532 1904 Et
2560 1853 2796 1928 ιῗίάίνηαεν
2827 1854 2920 1917 ait,
2947 1854 3163 1924 θῖονίαπι
3189 1857 3317 1926 eius,
3341 1858 3556 1926 9ίονία⁷η
3582 1863 3731 1928 qua“
3760 1863 4018 1931 ιέηίθεηίη

767 1998 770 2005 ,
813 1966 1009 2006 ‘verum
1040 1953 1235 2016 Deum,
1263 1965 1547 2018 verumque
1576 1951 1666 2018 qui
1735 1959 1889 2003 natus
1915 1958 2024 2013 est,
2059 1949 2324 2002 hominem
2345 1987 2360 2011 ,

762 2076 765 2079 -
828 2055 1140 2110 veramque,
1177 2057 1294 2110 quae
1327 2043 1538 2110 genuit,
1581 2041 1674 2094 Dei
1709 2041 2051 2111 genitricem,
2101 2039 2264 2093 Deum
2311 2046 2365 2092 et

829 2130 1114 2195 hominem,
1153 2146 1255 2184 non
1293 2131 1441 2193 duos,
1473 2130 1565 2184 sed
1593 2146 1754 2184 unum
1784 2143 1962 2182 verum
1990 2129 2364 2198 propriumque

829 2221 919 2276 Dei
961 2220 1186 2275 Filium:
1237 2236 1334 2274 nec
1377 2221 1525 2281 duos,
1554 2220 1645 2274 sed
1680 2234 1840 2272 unum
1873 2233 2156 2287 verumque
2198 2219 2362 2272 Deum

825 2311 1003 2366 Jesum
1027 2312 1294 2365 Christum
1325 2311 1601 2364 Dominum
1627 2318 1862 2364 nostrum
1897 2318 1951 2365 et
1978 2310 2216 2365 confessa
2251 2318 2364 2375 est,

824 2409 881 2455 et
926 2400 1225 2463 conﬁtetur,
1279 2409 1333 2452 et
1376 2407 1570 2453 aeterna
1615 2398 1949 2452 conﬁtebitur
1989 2397 2376 2466 perpetuitate.,

827 2490 984 2544 Beata
1008 2504 1214 2560 quoque
1240 2490 1506 2544 Elisabeth
1541 2490 1738 2558 repleta
1764 2489 1961 2558 Spiritu
1983 2499 2167 2544 sancto
2188 2489 2364 2543 excla-

717 2605 732 2618 ~
826 2581 990 2634 mavit
1009 2581 1219 2634 dicens:
1246 2577 1394 2633 Unde
1417 2580 1512 2632 hoc
1534 2581 1680 2642 mihi,
1705 2589 1760 2632 ut
1783 2580 1948 2632 veniat
1975 2587 2137 2631 mater
2156 2578 2363 2630 Domini

826 2672 922 2724 mei
961 2670 1032 2724 ad
1066 2687 1144 2724 me
1171 2670 1324 2741 (Luc.
1351 2686 1390 2733 ι,
1419 2669 1549 2738 45)ἳ
1588 2669 1860 2724 Veraciter
1887 2682 2116 2736 namque
2144 2681 2366 2723 venera-

823 2759 946 2832 bilis
972 2759 1130 2828 Virgo
1159 2767 1213 2812 et
1238 2757 1429 2811 ancilla
1453 2766 1507 2810 et
1531 2766 1698 2810 mater
1722 2766 1803 2811 est
1819 2756 2033 2832 Domini
2052 2796 2066 2821 ,
2115 2757 2366 2824 quoniam

791 2866 793 2874 ι
829 2823 984 2913 ιόθ
1013 2845 1149 2897 Deus
1181 2845 1353 2898 omnis
1381 2845 1558 2914 carnis
1581 2845 1670 2917 qui
1704 2830 1900 2919 ereavit
1925 2859 2044 2898 eam
2069 2884 2082 2908 ,
2133 2844 2243 2912 ipse
2286 2845 2365 2898 di-

825 2941 1014 3002 gnatus
1045 2943 1126 2988 est
1152 2935 1300 2990 nasci
1328 2949 1394 2989 ex
1415 2924 1507 2989 ea.
1540 2936 1629 2989 Ait
1655 2937 1795 2990 enim
1831 2936 1942 3003 ipsa
1977 2937 2040 2989 ad
2078 2935 2320 3002 angelum
2349 2950 2366 2988 :

823 3020 957 3075 Ecce
979 3023 1166 3084 ancilla
1187 3023 1414 3086 Domini,
1436 3026 1691 3093 contingat
1717 3025 1840 3076 mihi
1861 3025 2136 3077 secundum
2163 3024 2365 3077 verbum

823 3120 970 3162 tuum
999 3111 1183 3182 (lbid.,
1212 3112 1321 3180 58).
1347 3105 1575 3180 Angelus
1601 3112 1794 3179 quippe
1812 3125 1930 3163 eam
1956 3110 2211 3164 Altissimi
2242 3110 2362 3164 Filii
2389 3147 2438 3212 ε

823 3201 1131 3271 genitricem
1158 3202 1402 3268 praedixit
1427 3219 1439 3253 :
1475 3201 1586 3267 ipsa
1613 3215 1669 3254 se
1691 3199 1948 3254 Altissimi
1975 3199 2092 3257 Filii
2121 3200 2366 3255 ancillam

824 3290 1094 3344 humiliter
1119 3291 1418 3345 conﬁtetur.
1476 3291 1608 3344 Huic
1636 3291 1832 3344 etenim
1873 3289 2110 3360 angelico
2151 3290 2366 3346 oraculo

763 3373 768 3378 ’
825 3378 1128 3432 Davidicum
1149 3380 1470 3434 concordare
1488 3394 1592 3431 non
1606 3379 2035 3445 inconvenienter
2045 3380 2365 3446 prmeouium

823 3465 1233 3521 demonstratur.
1284 3465 1471 3531 Mater,
1517 3467 1715 3533 inquit,
1761 3465 1890 3519 Sion
1915 3465 2080 3519 dicit:
2117 3464 2284 3517 Homo
2317 3474 2365 3518 et

822 3555 972 3608 homo
1000 3565 1170 3617 natus,
1198 3554 1272 3608 uel
1297 3554 1463 3622 factus
1491 3563 1563 3607 est
1593 3556 1648 3607 in
1673 3570 1765 3617 ea;
1794 3565 1841 3606 et
1865 3554 1970 3623 ipse
1993 3553 2225 3622 fundarit
2253 3569 2365 3606 eam

822 3644 1114 3700 Altissimus
1137 3643 1304 3715 (Psal.
1331 3659 1546 3709 unvr,
1564 3643 1619 3708 5,
1642 3660 1708 3697 ex
1723 3641 1911 3713 LXX).
1933 3635 2057 3712 ipse
2081 3660 2184 3698 non
2209 3643 2369 3708 alius,

823 3733 915 3800 qui
942 3731 1111 3787 factus
1140 3741 1222 3786 est
1256 3733 1309 3786 in
1338 3746 1402 3786 ea
1426 3747 1492 3785 ex
1519 3733 1720 3786 semine
1746 3732 1910 3784 David
1935 3733 2221 3786 secundum
2249 3749 2366 3809 car-

793 3883 797 3888 ,
823 3833 967 3882 nem,
999 3821 1110 3887 ipse
1138 3819 1374 3872 fundavit
1401 3833 1518 3871 eam
1545 3818 1848 3872 Altissimus
1873 3820 1923 3872 in
1950 3829 2225 3874 aeternum.
2258 3823 2366 3875 An-

823 3905 971 3975 gelus
1000 3904 1227 3974 denique
1260 3903 1530 3974 Altissimi.
1554 3903 1740 3958 Filium
1765 3945 1780 3970 ,
1826 3901 2080 3974 propheta
2116 3903 2364 3962 nimirum

825 3996 1138 4050 altissimum
1185 3995 1354 4064 ipsum
1400 3990 1796 4050 commemorat.
1849 3997 2107 4062 Quoniam
2151 3997 2363 4066 quidem

824 4085 962 4138 sicut
994 4084 1134 4140 Deus
1162 4083 1338 4148 Pater,
1374 4085 1514 4138 Deus
1541 4083 1728 4148 Filius,
1747 4089 1828 4139 ita
1858 4086 2160 4142 Altissimus
2186 4087 2360 4152 Pater,

823 4172 1129 4227 Altissimus
1162 4171 1328 4226 Filius
1362 4173 1692 4239 praedicatur.
1727 4173 2019 4229 Conciuunt
2045 4186 2365 4247 quapropter

825 4261 1038 4315 sibimet
1062 4260 1225 4315 Vetus
1263 4276 1325 4316 ac
1363 4260 1561 4315 Novum
1591 4261 2015 4326 Testamentum,
2063 4267 2364 4334 quia'unus

825 4346 1068 4415 idemque
1095 4347 1333 4417 Spiritus
1349 4349 1564 4403 sanctus
1591 4355 1776 4403 auctor
1809 4356 1891 4403 est
1920 4342 2179 4408 mirabilis
2216 4363 2363 4408 utro-

826 4451 1069 4505 rumque.

1401 4525 1622 4581 CAPUT
1659 4528 1792 4582 XVI.
2241 4596 2244 4598 γ

826 4610 1039 4668 Collatis
1065 4613 1290 4692 :loannis
1317 4624 1365 4668 et
1390 4614 1543 4692 Pauli
1570 4619 1904 4692 testimoniis,
1932 4619 2123 4676 Christi
2149 4621 2366 4692 gloriam

972 4697 978 4709 ί
1024 4685 1096 4735 ait
1125 4698 1232 4736 esse
1263 4693 1374 4738 uere
1404 4682 1532 4738 Filii
1560 4686 1675 4752 Dei,
1703 4703 1804 4741 non
1825 4682 2167 4760 nu’ncupativi:

895 4788 1211 4858 Requiratur
1249 4792 1406 4860 igitur
1437 4794 1656 4874 dilectus
1691 4799 1777 4851 ille
1805 4801 2115 4870 discipulus,
2159 4809 2249 4874 qui
2301 4810 2366 4864 de

827 4879 942 4945 ipso
985 4879 1252 4946 sapientiae
1295 4878 1441 4935 fonte
1503 4883 1839 4956 singulariter
1897 4891 2133 4948 scientia:
2191 4893 2366 4950 hausit

828 4963 1044 5031 ﬂuenta,
1088 4981 1207 5020 cum
1251 4969 1502 5026 iactante
1529 4973 1770 5028 convivio
1807 4991 1964 5044 super
1992 4973 2175 5046 pectus
2212 4997 2364 5037 recu-

830 5115 891 5170 ιι,
916 5111 1034 5170 cap.
1063 5097 1137 5170 4,_
1163 5107 1217 5152 et
1243 5116 1265 5148 τ
1295 5098 1457 5155 boves
1501 5100 1658 5156 [ξι-ατε
1699 5103 1956 5170 dicantur,
2000 5120 2119 5161 cum
2160 5109 2366 5166 tabellis

829 5165 1020 5220 additis
1057 5166 1140 5228 ,ad
1198 5181 1463 5221 vomerem
1515 5170 1670 5222 simul
1727 5182 1778 5225 et
1825 5165 1995 5227 satum
2040 5165 2364 5232 frumentum

828 5235 1078 5312 operiunt
1104 5233 1156 5312 in
1189 5237 1380 5312 porcis,
1427 5246 1481 5290 et
1505 5238 1732 5312 sulcant
1769 5239 1955 5312 fossas,
1982 5243 2365 5312 quoipluvialis

830 5297 969 5381 aqua
998 5297 1291 5381 delabatur,
1327 5324 1344 5354 ι
1370 5297 1442 5381 ut
1470 5305 1660 5381 ait};
1681 5297 1847 5381 Varro
1872 5297 1953 5381 De
2072 5297 2363 5381 ιζηιὼῗίζ

829 5384 880 5438 e.
903 5369 993 5432 29,
1026 5385 1090 5422 ex
1114 5370 1309 5436 Aldina
1344 5371 1468 5426 edit.
1505 5373 1656 5438 1535,
1691 5375 1849 5430 dunia
1897 5377 1955 5430 ﬁt
1992 5377 2143 5433 Nonii
2167 5369 2362 5438 lectio:

829 5437 1089 5516 Cancrum
1130 5447 1184 5516 e_t
1207 5440 1313 5516 '_qui
1351 5439 1597 5516 deierare,
1637 5437 1692 5497 et
1731 5446 1819 5512 qui
1868 5445 2088 5516 delirare
2130 5437 2366 5506 scribunt

829 5505 1020 5585 Graeci,
1037 5505 1326 5585 .lsatinique
1350 5509 1602 5565 translate
1642 5505 1894 5582 usurpant
1914 5521 2012 5585 pro
2032 5505 2284 5585 insanire,
2311 5505 2365 5575 et

832 5575 896 5627 tle
938 5575 1380 5654 senibusuuibus
1417 5592 1525 5647 prae
1558 5589 1719 5654 astate
1760 5575 2218 5654 mens:imminuta
2261 5575 2361 5654 est,

831 5645 979 5719 quasi
1007 5645 1276 5719 proprium
1321 5645 1517 5719 dicunt.
1558 5645 1868 5719 Plutarchus
1891 5651 1984 5719 De
2019 5645 2360 5719 liberisiedu;

830 5710 1020 5763 sanctis
1038 5711 1191 5778 paulo
1226 5722 1348 5768 ante
1391 5715 1546 5768 ﬁnem
1581 5718 1740 5772 verba
1780 5717 2106 5775 adulatorum
2137 5710 2362 5790 Menas

2386 4467 2436 4526 ι)
2463 4451 2614 4520 cipes,
2651 4454 2751 4506 sive
2777 4461 3044 4522 potestates
3087 4472 3107 4510 :

2462 1956 2496 1992 a
2522 1939 2696 2004 Patre,
2715 1941 3140 2012 plenumgran'te
3170 1954 3229 2014 et
3273 1947 3514 2000 veritatis.
3541 1948 3596 2000 ιι]
3627 1964 3728 2017 qua
3757 1950 4017 2003 nimirum

2461 2027 2624 2096 gloria
2670 2027 2935 2084 Christum
2980 2029 3160 2088 Iesum
3219 2034 3429 2087 intuens
3480 2034 3768 2090 exaltatum
3830 2037 4021 2092 doctor

2463 2117 2719 2171 mirabilis
2747 2120 2856 2172 ait:
2889 2118 3067 2174 Omnis
3101 2120 3278 2191 lingua
3316 2123 3638 2192 confiteatur,
3678 2129 3801 2195 quia
3835 2127 4021 2180 Domi-

2464 2221 2559 2259 nus
2583 2206 2733 2260 Jcsus
2759 2207 2992 2263 Christus
3013 2213 3064 2264 in
3087 2212 3252 2282 gloria
3279 2225 3349 2267 est
3385 2215 3476 2268 Dei
3504 2217 3675 2270 Patris
3705 2217 3931 2289 (Philip.
3957 2235 4017 2283 ιι,

2466 2291 2574 2362 Η).
2635 2293 2886 2350 Eamdem
2947 2313 3173 2367 namque
3219 2301 3470 2369 gloriam,
3520 2319 3675 2372 quam
3735 2322 3765 2359 a
3817 2307 4017 2367 Patre.

2463 2379 2753 2438 coteternus
2787 2381 2950 2451 P3tri,
2992 2388 3299 2458 priusquam
3345 2390 3568 2447 mundus
3617 2394 3786 2459 ﬁeret,
3834 2398 4021 2467 unige-

2463 2471 2606 2526 nitus
2632 2473 2816 2528 habuit
2836 2475 3020 2540 Filius,
3052 2478 3383 2548 Evangelista
3413 2481 3604 2537 habere
3633 2485 3864 2539 Verbum
3888 2502 4020 2541 caro

2465 2558 2682 2626 factum,
2719 2565 2932 2630 plenum
2958 2563 3140 2634 gratiae
3178 2577 3230 2622 et
3274 2572 3534 2635 veritatis,
3561 2587 3676 2625 sese
3704 2575 3903 2629 vidisse
3943 2587 4022 2631 te-

2465 2656 2652 2702 statur.
2684 2649 2876 2706 Plenus
2903 2654 3083 2721 utique
3105 2656 3286 2724 gratia:
3326 2665 3379 2709 et
3423 2661 3661 2714 veritatis
3707 2663 3871 2727 Deus,
3901 2665 4020 2732 ple-

2466 2754 2667 2807 nusque
2707 2742 3023 2808 perdocetur
3064 2746 3237 2799 homo.
3281 2747 3394 2813 Quo
3423 2763 3547 2819 ergo
3573 2740 3749 2819 pacto,
3782 2769 3817 2807 o
3849 2741 4021 2808 haere-

2467 2827 2590 2892 tice,
2622 2830 2859 2885 Verbum
2880 2847 3004 2888 caro
3035 2833 3252 2902 factum,
3283 2839 3382 2892 hoc
3409 2849 3508 2902 est,
3551 2841 3713 2894 Deum
3742 2844 4016 2900 hominem

2464 2916 2680 2981 factum,
2709 2919 2924 2976 alterius
2948 2923 3147 2992 glorim,
3179 2926 3228 2978 id
3257 2928 3357 2990 est‘,
3385 2929 3614 2996 adoptivi
3656 2939 3710 2986 et
3744 2948 4025 3002 nuncupa-

2467 3005 2559 3058 tivi
2581 3009 2845 3064 somniare
2866 3026 3052 3065 somno
3075 3014 3344 3070 mortifero
3367 3019 3659 3084 praesumis,
3687 3035 3808 3074 cum
3837 3025 4020 3078 tantus

2467 3097 2735 3164 apostolus
2777 3098 2996 3168 gloriam
3040 3101 3174 3169 ejus,
3217 3104 3436 3172 gloriam
3483 3109 3634 3174 quasi
3676 3109 4008 3180 unigenitia

2467 3183 2623 3241 Patre
2655 3187 2866 3256 plenum
2901 3192 3082 3259 gratia:
3122 3199 3176 3245 et
3215 3195 3450 3249 veritatis
3488 3212 3546 3251 se
3592 3199 3776 3267 utique
3821 3202 4021 3256 vidisse

2465 3273 2824 3343 gloriabatur?
2870 3278 2942 3332 De
2988 3295 3091 3348 qua
3138 3281 3374 3349 profecto
3418 3282 3742 3354 plenitudine
3783 3273 4020 3344 Joannes

2463 3361 2625 3414 etiam
2648 3362 2881 3432 Baptista
2902 3374 3238 3434 protestatur,
3269 3370 3450 3425 dicens
3475 3390 3489 3425 :
3516 3373 3583 3425 Et
3607 3377 3668 3428 de
3694 3375 4021 3444 plenitudine

2464 3450 2577 3518 ejus
2598 3467 2688 3504 nos
2710 3468 2883 3506 omnes
2903 3457 3188 3524 accepimus
3212 3461 3429 3526 gratiam
3453 3477 3545 3529 pro
3564 3464 3752 3530 gratia,
3782 3467 3909 3534 quia
3937 3457 4019 3520 (ei:

2463 3555 2554 3608 per
2582 3539 2809 3610 Moysem
2837 3559 2939 3596 non
2960 3544 3120 3612 facta,
3143 3547 3230 3599 sed
3254 3547 3377 3600 data
3403 3558 3510 3613 est;
3541 3551 3710 3619 gratia
3750 3564 3799 3605 et
3829 3558 4019 3609 ueritas

2461 3644 2551 3698 per
2575 3629 2754 3684 Iesum
2781 3626 3039 3686 Christum
3061 3634 3200 3703 facta
3227 3646 3301 3690 est
3324 3637 3502 3707 (Joau.
3531 3656 3569 3704 ι,
3595 3640 3700 3713 16).

2935 3741 3090 3811 110
3111 3731 3344 3798 CAPUT
3386 3746 3540 3800 xvn.

2463 3826 2644 3907 Aquit
2677 3819 2920 3907 Felicem
2971 3832 3051 3907 de_
3082 3845 3314 3907 corrupto
3371 3835 3480 3890 loco
3537 3838 3814 3907 Apostoli;
3869 3846 4019 3900 docet

2558 3895 2776 3948 hristum
2801 3898 2861 3949 in
2879 3901 3085 3968 propria
3109 3895 3260 3955 carne
3291 3919 3517 3972 passum,
3548 3895 3820 3975 sepultum,

2531 4007 2677 4062 lianc
2714 4008 2876 4076 igitur
2897 4008 3188 4066 divinitatis
3207 4004 3580 4081 plenitudinem
3622 4017 4015 4093 Paulusegre-

2462 4097 2578 4166 gius
2598 4099 2913 4166 praedicator
2935 4101 2986 4153 in
3010 4103 3298 4158 mediatore
3319 4103 3409 4158 Dei
3431 4113 3485 4159 et
3503 4108 3775 4162 hominum
3797 4097 4017 4170 homine

2460 4185 2672 4242 Christo
2689 4203 2807 4242 cum
2835 4189 3134 4259 inspiceret,
3151 4207 3252 4246 non
3278 4193 3482 4248 celavit.
3506 4197 3594 4250 Ait
3613 4196 3752 4253 enim
3776 4217 3795 4253 :
3823 4201 3884 4255 In
3901 4205 4013 4274 ipso

2460 4276 2665 4329 condita
2692 4286 2811 4330 sunt
2841 4279 3074 4332 universa
3117 4281 3170 4333 in
3207 4281 3343 4336 malis
3371 4293 3416 4335 et
3452 4285 3506 4337 in
3531 4294 3692 4352 terra,
3717 4290 3941 4345 visibilia
3966 4303 4016 4346 et

2460 4363 2730 4417 invisibilia
2755 4379 2772 4417 :
2797 4366 2900 4418 siue
2927 4367 3115 4433 throni,
3144 4369 3245 4422 sive
3281 4370 3685 4438 dominationes,
3726 4377 3832 4430 sine
3867 4381 4019 4448 prin-

3148 4459 3318 4512 omnia
3359 4475 3448 4528 per
3490 4462 3674 4529 ipsum,
3702 4473 3750 4517 et
3802 4467 3858 4520 in
3902 4469 4015 4537 ipso

2465 4551 2636 4594 creata
2664 4551 2823 4612 sunt,
2849 4552 2898 4596 et
2935 4545 3040 4614 ipse
3071 4553 3146 4598 est
3170 4555 3285 4600 ante
3324 4557 3590 4614 omnes,’et
3615 4554 3787 4607 omnia
3815 4556 3869 4608 in
3901 4557 4013 4630 ipso

2465 4638 2695 4683 constant
2722 4629 2940 4699 (Coloss.
2962 4649 3010 4704 ι,
3038 4631 3236 4700 l6)..Et
3261 4642 3381 4702 post
3401 4637 3668 4703 paululum
3699 4658 3712 4692 :
3749 4640 4012 4708 Quoniam

2463 4717 2519 4769 in
2559 4719 2668 4786 ipso
2720 4719 3022 4788 complacuit
3063 4737 3260 4775 omnem
3311 4721 3676 4792 plenitudinem
3722 4728 4012 4788 divinitatis

2463 4806 2749 4860 inhabitare
2774 4809 3122 4877 corporaliter,
3150 4819 3196 4863 et
3223 4827 3314 4879 per
3334 4824 3449 4865 eum
3481 4815 3804 4870 reconciliari
3832 4822 4010 4874 omnia

2464 4897 2517 4948 in
2541 4896 2686 4967 ipso:
2707 4897 2986 4965 paciﬁcans
3003 4914 3093 4968 per
3111 4900 3415 4968 sanguinem
3430 4903 3594 4956 crucis
3625 4887 3738 4971 ejus
3765 4907 3872 4959 sive
3891 4924 4010 4978 qua

2463 4987 2516 5040 in
2537 4984 2672 5040 ctelis
2686 4996 2825 5052 sunt,
2839 4990 2938 5041 sive
2956 5003 3069 5056 quia
3088 4990 3146 5041 in
3162 4991 3313 5043 terris
3327 4979 3508 5059 (Ibid;
3528 4991 3630 5061 l9).
3648 4980 4000 5065 neminiseor,

2463 5119 2907 5188 corrumpentium
2943 5117 3234 5188 proferens,
3265 5123 3343 5175 sic
3387 5122 3524 5181 inter
3565 5135 3752 5179 catera
3804 5129 3998 5185 habet:

2469 5205 2487 5237 ι
2518 5184 3046 5255 QuidAPauismiuus
3082 5184 3270 5246 curare
3316 5191 3549 5255 debetis?
3583 5195 4002 5255 Senedelirus

2463 5262 2563 5330 est.
2593 5275 2611 5305 ι
2635 5253 2816 5309 Graece
2843 5264 3128 5330 npovblnpo;
3164 5259 3319 5326 quod
3346 5253 3499 5330 tltng
3526 5261 3592 5316 ad
3615 5262 3833 5330 verbum
3865 5253 4002 5324 dice;

2463 5329 2609 5395 retur
2647 5339 2758 5395 uno
2795 5326 2990 5376 sciocco
3039 5334 3330 5395 attempato,
3361 5326 3565 5382 Tullius
3608 5345 3646 5382 ιι
3707 5329 3772 5384 de
3827 5332 3998 5387 Orat:

2469 5409 2487 5440 ι
2523 5391 2616 5444 llic
2647 5389 2841 5446 Pmnus
2878 5407 2981 5446 non
3013 5389 3207 5460 optime
3246 5389 3446 5459 Crtece,
3496 5397 3586 5450 sed
3629 5407 3804 5453 tamen
3841 5399 4006 5457 liber-.-

2463 5460 2792 5536 respondisse
2831 5459 2996 5536 fertur
3023 5459 3349 5536 {inuitasse
3377 5464 3564 5536 deliros
3589 5482 3732 5536 senes
3759 5482 3902 5536 saepe
3927 5469 4008 5522 vi-

2463 5527 2631 5598 disse;
2684 5529 2774 5582 sed
2824 5527 2988 5598 magis
3033 5545 3188 5597 quam
3232 5531 3476 5586 Phormio
3519 5533 3759 5586 deliraret
3806 5527 4006 5591 vidisse

2461 5596 2743 5669 neminem.
2775 5616 2792 5647 ι
2823 5596 3294 5669 Sic'aeieri._1utc
3333 5614 3479 5669 ergo,
3505 5601 3722 5655 delirum
3770 5602 4003 5659 Felicem

2458 5659 2735 5786 ﬁglinum
2758 5667 3044 5737 redarguit,
3075 5667 3232 5723 veluti
3261 5659 3438 5723 senem
3457 5668 3660 5723 fatuum
3681 5681 3734 5724 et
3757 5672 4004 5727 insons»-
