  <div class='ocr_page' id='page_1' title='image "/cluster/home/n/w/nwhite01/storage/ocr_20150623/99-100/uc1.31175006946845/194.png"; bbox 0 0 4174 6432; ppageno 0'>
   <div class='ocr_carea' id='block_1_1' title="bbox 284 504 388 557">
    <p class='ocr_par' dir='ltr' id='par_1_1' title="bbox 284 504 388 557">
     <span class='ocr_line' id='line_1_1' title="bbox 284 504 388 557; baseline 0 -2"><span class='ocrx_word' id='word_1_1' title='bbox 284 504 388 557; x_wconf 69' lang='lat'><strong>339</strong></span> 
     </span>
    </p>
   </div>
   <div class='ocr_carea' id='block_1_2' title="bbox 956 496 2804 573">
    <p class='ocr_par' dir='ltr' id='par_1_2' title="bbox 956 496 2804 573">
     <span class='ocr_line' id='line_1_2' title="bbox 956 496 2804 573; baseline 0.001 -15"><span class='ocrx_word' id='word_1_2' title='bbox 956 503 1225 559; x_wconf 74' lang='lat' dir='ltr'><strong>CONTRA</strong></span> <span class='ocrx_word' id='word_1_3' title='bbox 1262 501 1553 573; x_wconf 71' lang='lat' dir='ltr'><strong>FELICEM</strong></span> <span class='ocrx_word' id='word_1_4' title='bbox 1598 496 2126 556; x_wconf 77' lang='lat' dir='ltr'><strong>URGELLITANUM</strong></span> <span class='ocrx_word' id='word_1_5' title='bbox 2162 502 2338 557; x_wconf 81' lang='lat' dir='ltr'><strong>LIBRI</strong></span> <span class='ocrx_word' id='word_1_6' title='bbox 2374 500 2460 558; x_wconf 86' lang='lat' dir='ltr'><strong>Ill.</strong></span> <span class='ocrx_word' id='word_1_7' title='bbox 2497 533 2567 545; x_wconf 90' lang='lat'><strong>—</strong></span> <span class='ocrx_word' id='word_1_8' title='bbox 2604 505 2728 559; x_wconf 85' lang='lat' dir='ltr'><strong>LIB.</strong></span> <span class='ocrx_word' id='word_1_9' title='bbox 2765 507 2804 571; x_wconf 73' lang='grc' dir='ltr'><strong>Ι.</strong></span> 
     </span>
    </p>
   </div>
   <div class='ocr_carea' id='block_1_3' title="bbox 3363 508 3479 560">
    <p class='ocr_par' dir='ltr' id='par_1_3' title="bbox 3363 508 3479 560">
     <span class='ocr_line' id='line_1_3' title="bbox 3363 508 3479 560; baseline 0 -1"><span class='ocrx_word' id='word_1_10' title='bbox 3363 508 3479 560; x_wconf 73' lang='grc' dir='ltr'><strong>3ἷο-</strong></span> 
     </span>
    </p>
   </div>
   <div class='ocr_carea' id='block_1_4' title="bbox 286 602 3467 685">
    <p class='ocr_par' dir='ltr' id='par_1_4' title="bbox 286 602 3467 685">
     <span class='ocr_line' id='line_1_4' title="bbox 286 602 3467 685; baseline 0.002 -20"><span class='ocrx_word' id='word_1_11' title='bbox 286 622 338 665; x_wconf 91' lang='lat' dir='ltr'><strong>ut</strong></span> <span class='ocrx_word' id='word_1_12' title='bbox 360 622 505 680; x_wconf 75' lang='lat' dir='ltr'><strong>puto,</strong></span> <span class='ocrx_word' id='word_1_13' title='bbox 537 614 640 669; x_wconf 91' lang='lat' dir='ltr'><strong>hoc</strong></span> <span class='ocrx_word' id='word_1_14' title='bbox 657 610 848 682; x_wconf 79' lang='lat' dir='ltr'><strong>legisse</strong></span> <span class='ocrx_word' id='word_1_15' title='bbox 873 626 958 665; x_wconf 88' lang='lat' dir='ltr'><strong>me</strong></span> <span class='ocrx_word' id='word_1_16' title='bbox 986 612 1088 665; x_wconf 89' lang='lat' dir='ltr'><strong>tuis</strong></span> <span class='ocrx_word' id='word_1_17' title='bbox 1130 609 1274 679; x_wconf 88' lang='lat' dir='ltr'><strong>tein</strong></span> <span class='ocrx_word' id='word_1_18' title='bbox 1299 608 1612 664; x_wconf 90' lang='lat' dir='ltr'><strong>commentis</strong></span> <span class='ocrx_word' id='word_1_19' title='bbox 1636 616 1661 646; x_wconf 74' lang='grc'><strong>⁸</strong></span> <span class='ocrx_word' id='word_1_20' title='bbox 1701 619 1825 674; x_wconf 83' lang='lat' dir='ltr'><strong>apo-</strong></span> <span class='ocrx_word' id='word_1_21' title='bbox 1853 606 1898 662; x_wconf 90' lang='lat' dir='ltr'><strong>A</strong></span> <span class='ocrx_word' id='word_1_22' title='bbox 1932 602 2065 669; x_wconf 77' lang='lat' dir='ltr'><strong>Nam</strong></span> <span class='ocrx_word' id='word_1_23' title='bbox 2090 609 2183 661; x_wconf 88' lang='lat' dir='ltr'><strong>etsi</strong></span> <span class='ocrx_word' id='word_1_24' title='bbox 2204 619 2432 674; x_wconf 74' lang='lat' dir='ltr'><strong>mortuus</strong></span> <span class='ocrx_word' id='word_1_25' title='bbox 2457 620 2549 671; x_wconf 87' lang='lat' dir='ltr'><strong>est,</strong></span> <span class='ocrx_word' id='word_1_26' title='bbox 2578 611 2748 679; x_wconf 91' lang='lat' dir='ltr'><strong>inquit</strong></span> <span class='ocrx_word' id='word_1_27' title='bbox 2770 612 3059 680; x_wconf 77' lang='lat' dir='ltr'><strong>apostolus,</strong></span> <span class='ocrx_word' id='word_1_28' title='bbox 3085 630 3149 675; x_wconf 68' lang='lat' dir='ltr'><strong>es;</strong></span> <span class='ocrx_word' id='word_1_29' title='bbox 3169 615 3467 685; x_wconf 76' lang='lat' dir='ltr'><strong>inﬁrmitate</strong></span> 
     </span>
    </p>
   </div>
   <div class='ocr_carea' id='block_1_5' title="bbox 282 692 1828 761">
    <p class='ocr_par' dir='ltr' id='par_1_5' title="bbox 282 692 1828 761">
     <span class='ocr_line' id='line_1_5' title="bbox 282 692 1828 761; baseline -0.005 -7"><span class='ocrx_word' id='word_1_30' title='bbox 282 700 529 757; x_wconf 72' lang='lat' dir='ltr'><strong>stolicum</strong></span> <span class='ocrx_word' id='word_1_31' title='bbox 554 700 840 755; x_wconf 86' lang='lat' dir='ltr'><strong>inseruisse</strong></span> <span class='ocrx_word' id='word_1_32' title='bbox 862 698 1244 761; x_wconf 85' lang='lat' dir='ltr'><strong>testimonium;</strong></span> <span class='ocrx_word' id='word_1_33' title='bbox 1272 698 1366 752; x_wconf 89' lang='lat' dir='ltr'><strong>sed</strong></span> <span class='ocrx_word' id='word_1_34' title='bbox 1384 696 1550 750; x_wconf 90' lang='lat' dir='ltr'><strong>moris</strong></span> <span class='ocrx_word' id='word_1_35' title='bbox 1582 695 1659 748; x_wconf 89' lang='lat' dir='ltr'><strong>tui</strong></span> <span class='ocrx_word' id='word_1_36' title='bbox 1686 692 1828 747; x_wconf 88' lang='lat' dir='ltr'><strong>calli-</strong></span> 
     </span>
    </p>
   </div>
   <div class='ocr_carea' id='block_1_6' title="bbox 284 784 1825 860">
    <p class='ocr_par' dir='ltr' id='par_1_6' title="bbox 284 784 1825 860">
     <span class='ocr_line' id='line_1_6' title="bbox 284 784 1825 860; baseline -0.006 -15"><span class='ocrx_word' id='word_1_37' title='bbox 284 792 502 846; x_wconf 84' lang='lat' dir='ltr'><strong>ditatem</strong></span> <span class='ocrx_word' id='word_1_38' title='bbox 537 789 944 860; x_wconf 88' lang='lat' dir='ltr'><strong>deprehenderis</strong></span> <span class='ocrx_word' id='word_1_39' title='bbox 981 789 1253 858; x_wconf 83' lang='lat' dir='ltr'><strong>perspicue</strong></span> <span class='ocrx_word' id='word_1_40' title='bbox 1294 802 1407 841; x_wconf 90' lang='lat' dir='ltr'><strong>non</strong></span> <span class='ocrx_word' id='word_1_41' title='bbox 1437 786 1728 853; x_wconf 87' lang='lat' dir='ltr'><strong>abdicasse.</strong></span> <span class='ocrx_word' id='word_1_42' title='bbox 1768 784 1825 837; x_wconf 91' lang='lat' dir='ltr'><strong>in</strong></span> 
     </span>
    </p>
   </div>
   <div class='ocr_carea' id='block_1_7' title="bbox 283 869 1827 946">
    <p class='ocr_par' dir='ltr' id='par_1_7' title="bbox 283 869 1827 946">
     <span class='ocr_line' id='line_1_7' title="bbox 283 869 1827 946; baseline -0.005 -16"><span class='ocrx_word' id='word_1_43' title='bbox 283 879 397 946; x_wconf 88' lang='lat' dir='ltr'><strong>ipso</strong></span> <span class='ocrx_word' id='word_1_44' title='bbox 421 890 651 945; x_wconf 85' lang='lat' dir='ltr'><strong>namque</strong></span> <span class='ocrx_word' id='word_1_45' title='bbox 679 873 942 945; x_wconf 87' lang='lat' dir='ltr'><strong>proﬁteris</strong></span> <span class='ocrx_word' id='word_1_46' title='bbox 971 873 1280 944; x_wconf 82' lang='lat' dir='ltr'><strong>Apostolum</strong></span> <span class='ocrx_word' id='word_1_47' title='bbox 1307 886 1518 927; x_wconf 85' lang='lat' dir='ltr'><strong>omnem</strong></span> <span class='ocrx_word' id='word_1_48' title='bbox 1554 869 1827 940; x_wconf 80' lang='lat' dir='ltr'><strong>plenitudi—</strong></span> 
     </span>
    </p>
   </div>
   <div class='ocr_carea' id='block_1_8' title="bbox 280 948 1825 1027">
    <p class='ocr_par' dir='ltr' id='par_1_8' title="bbox 280 948 1825 1027">
     <span class='ocr_line' id='line_1_8' title="bbox 280 948 1825 1027; baseline -0.01 -4"><span class='ocrx_word' id='word_1_49' title='bbox 280 980 402 1023; x_wconf 85' lang='lat' dir='ltr'><strong>nem</strong></span> <span class='ocrx_word' id='word_1_50' title='bbox 426 964 718 1020; x_wconf 75' lang='lat' dir='ltr'><strong>divinitatis</strong></span> <span class='ocrx_word' id='word_1_51' title='bbox 752 964 991 1020; x_wconf 85' lang='lat' dir='ltr'><strong>habitare</strong></span> <span class='ocrx_word' id='word_1_52' title='bbox 1022 961 1236 1027; x_wconf 79' lang='lat' dir='ltr'><strong>dixisse,</strong></span> <span class='ocrx_word' id='word_1_53' title='bbox 1278 948 1368 1015; x_wconf 80' lang='lat' dir='ltr'><strong>sed</strong></span> <span class='ocrx_word' id='word_1_54' title='bbox 1414 956 1742 1027; x_wconf 77' lang='lat' dir='ltr'><strong>corporaliter</strong></span> <span class='ocrx_word' id='word_1_55' title='bbox 1772 956 1825 1009; x_wconf 91' lang='lat' dir='ltr'><strong>in</strong></span> 
     </span>
    </p>
   </div>
   <div class='ocr_carea' id='block_1_9' title="bbox 277 1044 1821 1123">
    <p class='ocr_par' dir='ltr' id='par_1_9' title="bbox 277 1044 1821 1123">
     <span class='ocr_line' id='line_1_9' title="bbox 277 1044 1821 1123; baseline -0.007 -15"><span class='ocrx_word' id='word_1_56' title='bbox 277 1069 343 1108; x_wconf 87' lang='lat' dir='ltr'><strong>eo</strong></span> <span class='ocrx_word' id='word_1_57' title='bbox 380 1047 621 1109; x_wconf 73' lang='lat' dir='ltr'><strong>habitare</strong></span> <span class='ocrx_word' id='word_1_58' title='bbox 662 1051 894 1123; x_wconf 69' lang='lat' dir='ltr'><strong>perﬁdia:</strong></span> <span class='ocrx_word' id='word_1_59' title='bbox 928 1051 1162 1114; x_wconf 80' lang='lat' dir='ltr'><strong>incidere</strong></span> <span class='ocrx_word' id='word_1_60' title='bbox 1200 1064 1304 1104; x_wconf 88' lang='lat' dir='ltr'><strong>non</strong></span> <span class='ocrx_word' id='word_1_61' title='bbox 1342 1064 1400 1103; x_wconf 85' lang='lat' dir='ltr'><strong>es</strong></span> <span class='ocrx_word' id='word_1_62' title='bbox 1442 1047 1642 1100; x_wconf 82' lang='lat' dir='ltr'><strong>veritus</strong></span> <span class='ocrx_word' id='word_1_63' title='bbox 1683 1044 1821 1099; x_wconf 80' lang='lat' dir='ltr'><strong>scal-</strong></span> 
     </span>
    </p>
   </div>
   <div class='ocr_carea' id='block_1_10' title="bbox 277 1133 1823 1211">
    <p class='ocr_par' dir='ltr' id='par_1_10' title="bbox 277 1133 1823 1211">
     <span class='ocr_line' id='line_1_10' title="bbox 277 1133 1823 1211; baseline -0.006 -17"><span class='ocrx_word' id='word_1_64' title='bbox 277 1141 415 1208; x_wconf 87' lang='lat' dir='ltr'><strong>pello</strong></span> <span class='ocrx_word' id='word_1_65' title='bbox 440 1157 455 1205; x_wconf 89' lang='lat'><strong>;</strong></span> <span class='ocrx_word' id='word_1_66' title='bbox 482 1141 635 1209; x_wconf 89' lang='lat' dir='ltr'><strong>quasi</strong></span> <span class='ocrx_word' id='word_1_67' title='bbox 681 1140 1042 1201; x_wconf 84' lang='lat' dir='ltr'><strong>minuscaute</strong></span> <span class='ocrx_word' id='word_1_68' title='bbox 1080 1137 1363 1206; x_wconf 70' lang='lat' dir='ltr'><strong>Apostolus</strong></span> <span class='ocrx_word' id='word_1_69' title='bbox 1401 1133 1738 1211; x_wconf 77' lang='lat' dir='ltr'><strong>corporaliter</strong></span> <span class='ocrx_word' id='word_1_70' title='bbox 1757 1146 1823 1185; x_wconf 90' lang='lat' dir='ltr'><strong>ex</strong></span> 
     </span>
    </p>
   </div>
   <div class='ocr_carea' id='block_1_11' title="bbox 278 1220 1824 1298">
    <p class='ocr_par' dir='ltr' id='par_1_11' title="bbox 278 1220 1824 1298">
     <span class='ocr_line' id='line_1_11' title="bbox 278 1220 1824 1298; baseline -0.006 -17"><span class='ocrx_word' id='word_1_71' title='bbox 278 1226 549 1298; x_wconf 80' lang='lat' dir='ltr'><strong>superﬂuo</strong></span> <span class='ocrx_word' id='word_1_72' title='bbox 573 1228 879 1283; x_wconf 85' lang='lat' dir='ltr'><strong>addidisset.</strong></span> <span class='ocrx_word' id='word_1_73' title='bbox 908 1225 1155 1296; x_wconf 84' lang='lat' dir='ltr'><strong>Nunquid</strong></span> <span class='ocrx_word' id='word_1_74' title='bbox 1183 1238 1278 1278; x_wconf 80' lang='lat' dir='ltr'><strong>vas</strong></span> <span class='ocrx_word' id='word_1_75' title='bbox 1318 1224 1404 1278; x_wconf 91' lang='lat' dir='ltr'><strong>ille</strong></span> <span class='ocrx_word' id='word_1_76' title='bbox 1444 1221 1739 1285; x_wconf 75' lang='lat' dir='ltr'><strong>electionis,</strong></span> <span class='ocrx_word' id='word_1_77' title='bbox 1769 1220 1824 1271; x_wconf 90' lang='lat' dir='ltr'><strong>in</strong></span> 
     </span>
    </p>
   </div>
   <div class='ocr_carea' id='block_1_12' title="bbox 278 1307 1823 1386">
    <p class='ocr_par' dir='ltr' id='par_1_12' title="bbox 278 1307 1823 1386">
     <span class='ocr_line' id='line_1_12' title="bbox 278 1307 1823 1386; baseline -0.009 -13"><span class='ocrx_word' id='word_1_78' title='bbox 278 1333 385 1386; x_wconf 86' lang='lat' dir='ltr'><strong>quo</strong></span> <span class='ocrx_word' id='word_1_79' title='bbox 407 1316 654 1375; x_wconf 83' lang='lat' dir='ltr'><strong>Christus</strong></span> <span class='ocrx_word' id='word_1_80' title='bbox 682 1316 1005 1385; x_wconf 85' lang='lat' dir='ltr'><strong>loquebatur,</strong></span> <span class='ocrx_word' id='word_1_81' title='bbox 1037 1314 1239 1369; x_wconf 88' lang='lat' dir='ltr'><strong>inscius</strong></span> <span class='ocrx_word' id='word_1_82' title='bbox 1273 1319 1386 1368; x_wconf 77' lang='lat' dir='ltr'><strong>erat</strong></span> <span class='ocrx_word' id='word_1_83' title='bbox 1426 1326 1523 1365; x_wconf 91' lang='lat' dir='ltr'><strong>cur</strong></span> <span class='ocrx_word' id='word_1_84' title='bbox 1564 1307 1823 1364; x_wconf 87' lang='lat' dir='ltr'><strong>addiderit</strong></span> 
     </span>
    </p>
   </div>
   <div class='ocr_carea' id='block_1_13' title="bbox 277 1398 1820 1476">
    <p class='ocr_par' dir='ltr' id='par_1_13' title="bbox 277 1398 1820 1476">
     <span class='ocr_line' id='line_1_13' title="bbox 277 1398 1820 1476; baseline -0.008 -16"><span class='ocrx_word' id='word_1_85' title='bbox 277 1406 652 1476; x_wconf 77' lang='lat' dir='ltr'><strong>corporaliter?</strong></span> <span class='ocrx_word' id='word_1_86' title='bbox 679 1405 850 1460; x_wconf 86' lang='lat' dir='ltr'><strong>Absit.</strong></span> <span class='ocrx_word' id='word_1_87' title='bbox 880 1404 991 1459; x_wconf 81' lang='lat' dir='ltr'><strong>Non</strong></span> <span class='ocrx_word' id='word_1_88' title='bbox 1032 1404 1171 1473; x_wconf 90' lang='lat' dir='ltr'><strong>quod</strong></span> <span class='ocrx_word' id='word_1_89' title='bbox 1198 1402 1423 1470; x_wconf 40' lang='lat' dir='ltr'><strong>quilibet,</strong></span> <span class='ocrx_word' id='word_1_90' title='bbox 1442 1398 1820 1459; x_wconf 86' lang='lat' dir='ltr'><strong>catholicorum</strong></span> 
     </span>
    </p>
   </div>
   <div class='ocr_carea' id='block_1_14' title="bbox 277 1488 1819 1565">
    <p class='ocr_par' dir='ltr' id='par_1_14' title="bbox 277 1488 1819 1565">
     <span class='ocr_line' id='line_1_14' title="bbox 277 1488 1819 1565; baseline -0.008 -14"><span class='ocrx_word' id='word_1_91' title='bbox 277 1509 466 1551; x_wconf 82' lang='lat' dir='ltr'><strong>sanum</strong></span> <span class='ocrx_word' id='word_1_92' title='bbox 492 1495 701 1562; x_wconf 83' lang='lat' dir='ltr'><strong>sapiens</strong></span> <span class='ocrx_word' id='word_1_93' title='bbox 727 1500 833 1546; x_wconf 88' lang='lat' dir='ltr'><strong>tam</strong></span> <span class='ocrx_word' id='word_1_94' title='bbox 853 1491 1137 1565; x_wconf 71' lang='lat' dir='ltr'><strong>vanissime</strong></span> <span class='ocrx_word' id='word_1_95' title='bbox 1162 1491 1419 1559; x_wconf 84' lang='lat' dir='ltr'><strong>dissipiat,</strong></span> <span class='ocrx_word' id='word_1_96' title='bbox 1444 1497 1503 1543; x_wconf 91' lang='lat' dir='ltr'><strong>ut</strong></span> <span class='ocrx_word' id='word_1_97' title='bbox 1531 1489 1585 1543; x_wconf 89' lang='lat' dir='ltr'><strong>in</strong></span> <span class='ocrx_word' id='word_1_98' title='bbox 1606 1488 1709 1547; x_wconf 87' lang='lat' dir='ltr'><strong>illa</strong></span> <span class='ocrx_word' id='word_1_99' title='bbox 1737 1488 1819 1540; x_wconf 81' lang='lat' dir='ltr'><strong>in-</strong></span> 
     </span>
    </p>
   </div>
   <div class='ocr_carea' id='block_1_15' title="bbox 276 1569 1821 1657">
    <p class='ocr_par' dir='ltr' id='par_1_15' title="bbox 276 1569 1821 1657">
     <span class='ocr_line' id='line_1_15' title="bbox 276 1569 1821 1657; baseline -0.005 -19"><span class='ocrx_word' id='word_1_100' title='bbox 276 1584 493 1648; x_wconf 77' lang='lat' dir='ltr'><strong>visibili,</strong></span> <span class='ocrx_word' id='word_1_101' title='bbox 541 1569 862 1652; x_wconf 86' lang='lat' dir='ltr'><strong>impalpabili</strong></span> <span class='ocrx_word' id='word_1_102' title='bbox 887 1590 943 1637; x_wconf 88' lang='lat' dir='ltr'><strong>et</strong></span> <span class='ocrx_word' id='word_1_103' title='bbox 976 1578 1486 1657; x_wconf 83' lang='lat' dir='ltr'><strong>incomprehensibili</strong></span> <span class='ocrx_word' id='word_1_104' title='bbox 1530 1577 1821 1632; x_wconf 85' lang='lat' dir='ltr'><strong>divinitatis</strong></span> 
     </span>
    </p>
   </div>
   <div class='ocr_carea' id='block_1_16' title="bbox 276 1658 1816 1746">
    <p class='ocr_par' dir='ltr' id='par_1_16' title="bbox 276 1658 1816 1746">
     <span class='ocr_line' id='line_1_16' title="bbox 276 1658 1816 1746; baseline -0.006 -18"><span class='ocrx_word' id='word_1_105' title='bbox 276 1684 470 1728; x_wconf 87' lang='lat' dir='ltr'><strong>natura</strong></span> <span class='ocrx_word' id='word_1_106' title='bbox 512 1670 786 1743; x_wconf 81' lang='lat' dir='ltr'><strong>corporale</strong></span> <span class='ocrx_word' id='word_1_107' title='bbox 829 1671 1025 1740; x_wconf 89' lang='lat' dir='ltr'><strong>aliquid</strong></span> <span class='ocrx_word' id='word_1_108' title='bbox 1069 1658 1152 1724; x_wconf 86' lang='lat' dir='ltr'><strong>vel</strong></span> <span class='ocrx_word' id='word_1_109' title='bbox 1194 1668 1453 1746; x_wconf 82' lang='lat' dir='ltr'><strong>palpabile</strong></span> <span class='ocrx_word' id='word_1_110' title='bbox 1494 1667 1816 1736; x_wconf 86' lang='lat' dir='ltr'><strong>suspicetur;</strong></span> 
     </span>
    </p>
   </div>
   <div class='ocr_carea' id='block_1_17' title="bbox 276 1746 1822 1831">
    <p class='ocr_par' dir='ltr' id='par_1_17' title="bbox 276 1746 1822 1831">
     <span class='ocr_line' id='line_1_17' title="bbox 276 1746 1822 1831; baseline -0.003 -14"><span class='ocrx_word' id='word_1_111' title='bbox 276 1762 369 1817; x_wconf 86' lang='lat' dir='ltr'><strong>sed</strong></span> <span class='ocrx_word' id='word_1_112' title='bbox 384 1763 519 1831; x_wconf 80' lang='lat' dir='ltr'><strong>quia</strong></span> <span class='ocrx_word' id='word_1_113' title='bbox 551 1746 831 1818; x_wconf 71' lang='lat' dir='ltr'><strong>irteﬁ‘abills</strong></span> <span class='ocrx_word' id='word_1_114' title='bbox 855 1760 1144 1816; x_wconf 74' lang='lat' dir='ltr'><strong>divinitatis</strong></span> <span class='ocrx_word' id='word_1_115' title='bbox 1181 1768 1369 1830; x_wconf 82' lang='lat' dir='ltr'><strong>natura</strong></span> <span class='ocrx_word' id='word_1_116' title='bbox 1396 1758 1725 1829; x_wconf 85' lang='lat' dir='ltr'><strong>corporalem</strong></span> <span class='ocrx_word' id='word_1_117' title='bbox 1763 1772 1822 1813; x_wconf 87' lang='lat' dir='ltr'><strong>se</strong></span> 
     </span>
    </p>
   </div>
   <div class='ocr_carea' id='block_1_18' title="bbox 276 1848 1822 1918">
    <p class='ocr_par' dir='ltr' id='par_1_18' title="bbox 276 1848 1822 1918">
     <span class='ocr_line' id='line_1_18' title="bbox 276 1848 1822 1918; baseline -0.001 -18"><span class='ocrx_word' id='word_1_118' title='bbox 276 1849 474 1904; x_wconf 78' lang='lat' dir='ltr'><strong>vestire</strong></span> <span class='ocrx_word' id='word_1_119' title='bbox 498 1848 757 1905; x_wconf 79' lang='lat' dir='ltr'><strong>veraciter</strong></span> <span class='ocrx_word' id='word_1_120' title='bbox 785 1848 998 1918; x_wconf 79' lang='lat' dir='ltr'><strong>dignata</strong></span> <span class='ocrx_word' id='word_1_121' title='bbox 1026 1855 1109 1917; x_wconf 88' lang='lat' dir='ltr'><strong>est</strong></span> <span class='ocrx_word' id='word_1_122' title='bbox 1134 1848 1415 1903; x_wconf 84' lang='lat' dir='ltr'><strong>humanam</strong></span> <span class='ocrx_word' id='word_1_123' title='bbox 1459 1854 1723 1910; x_wconf 86' lang='lat' dir='ltr'><strong>naturam,</strong></span> <span class='ocrx_word' id='word_1_124' title='bbox 1758 1860 1822 1900; x_wconf 90' lang='lat' dir='ltr'><strong>ac</strong></span> 
     </span>
    </p>
   </div>
   <div class='ocr_carea' id='block_1_19' title="bbox 275 1935 1817 2007">
    <p class='ocr_par' dir='ltr' id='par_1_19' title="bbox 275 1935 1817 2007">
     <span class='ocr_line' id='line_1_19' title="bbox 275 1935 1817 2007; baseline -0.004 -15"><span class='ocrx_word' id='word_1_125' title='bbox 275 1953 371 2007; x_wconf 83' lang='lat' dir='ltr'><strong>per</strong></span> <span class='ocrx_word' id='word_1_126' title='bbox 415 1936 520 1992; x_wconf 91' lang='lat' dir='ltr'><strong>hoc</strong></span> <span class='ocrx_word' id='word_1_127' title='bbox 556 1936 845 1991; x_wconf 86' lang='lat' dir='ltr'><strong>humanum</strong></span> <span class='ocrx_word' id='word_1_128' title='bbox 878 1951 1103 2006; x_wconf 85' lang='lat' dir='ltr'><strong>corpus,</strong></span> <span class='ocrx_word' id='word_1_129' title='bbox 1131 1937 1286 2003; x_wconf 78' lang='lat' dir='ltr'><strong>quod</strong></span> <span class='ocrx_word' id='word_1_130' title='bbox 1330 1935 1632 2003; x_wconf 80' lang='lat' dir='ltr'><strong>assumpsit,</strong></span> <span class='ocrx_word' id='word_1_131' title='bbox 1663 1948 1817 1987; x_wconf 90' lang='lat' dir='ltr'><strong>suum</strong></span> 
     </span>
    </p>
   </div>
   <div class='ocr_carea' id='block_1_20' title="bbox 275 2024 1821 2095">
    <p class='ocr_par' dir='ltr' id='par_1_20' title="bbox 275 2024 1821 2095">
     <span class='ocr_line' id='line_1_20' title="bbox 275 2024 1821 2095; baseline -0.003 -14"><span class='ocrx_word' id='word_1_132' title='bbox 275 2027 549 2095; x_wconf 83' lang='lat' dir='ltr'><strong>proprium</strong></span> <span class='ocrx_word' id='word_1_133' title='bbox 586 2024 752 2081; x_wconf 79' lang='lat' dir='ltr'><strong>fecit:</strong></span> <span class='ocrx_word' id='word_1_134' title='bbox 783 2033 842 2081; x_wconf 90' lang='lat' dir='ltr'><strong>ut</strong></span> <span class='ocrx_word' id='word_1_135' title='bbox 884 2026 973 2093; x_wconf 90' lang='lat' dir='ltr'><strong>qui</strong></span> <span class='ocrx_word' id='word_1_136' title='bbox 1018 2024 1304 2080; x_wconf 88' lang='lat' dir='ltr'><strong>secundum</strong></span> <span class='ocrx_word' id='word_1_137' title='bbox 1350 2039 1435 2088; x_wconf 91' lang='lat' dir='ltr'><strong>se,</strong></span> <span class='ocrx_word' id='word_1_138' title='bbox 1474 2024 1576 2079; x_wconf 87' lang='lat' dir='ltr'><strong>hoc</strong></span> <span class='ocrx_word' id='word_1_139' title='bbox 1615 2031 1698 2077; x_wconf 88' lang='lat' dir='ltr'><strong>est</strong></span> <span class='ocrx_word' id='word_1_140' title='bbox 1725 2036 1821 2091; x_wconf 88' lang='lat' dir='ltr'><strong>per</strong></span> 
     </span>
    </p>
   </div>
   <div class='ocr_carea' id='block_1_21' title="bbox 276 2112 1819 2186">
    <p class='ocr_par' dir='ltr' id='par_1_21' title="bbox 276 2112 1819 2186">
     <span class='ocr_line' id='line_1_21' title="bbox 276 2112 1819 2186; baseline -0.001 -15"><span class='ocrx_word' id='word_1_141' title='bbox 276 2117 328 2171; x_wconf 81' lang='lat' dir='ltr'><strong>id</strong></span> <span class='ocrx_word' id='word_1_142' title='bbox 359 2118 504 2186; x_wconf 80' lang='lat' dir='ltr'><strong>quod</strong></span> <span class='ocrx_word' id='word_1_143' title='bbox 541 2115 775 2171; x_wconf 85' lang='lat' dir='ltr'><strong>divinum</strong></span> <span class='ocrx_word' id='word_1_144' title='bbox 819 2123 921 2178; x_wconf 88' lang='lat' dir='ltr'><strong>est,</strong></span> <span class='ocrx_word' id='word_1_145' title='bbox 961 2129 1062 2169; x_wconf 89' lang='lat' dir='ltr'><strong>nec</strong></span> <span class='ocrx_word' id='word_1_146' title='bbox 1087 2112 1273 2178; x_wconf 84' lang='lat' dir='ltr'><strong>videri,</strong></span> <span class='ocrx_word' id='word_1_147' title='bbox 1311 2129 1421 2168; x_wconf 82' lang='lat' dir='ltr'><strong>nec</strong></span> <span class='ocrx_word' id='word_1_148' title='bbox 1456 2113 1678 2183; x_wconf 75' lang='lat' dir='ltr'><strong>palpari,</strong></span> <span class='ocrx_word' id='word_1_149' title='bbox 1722 2126 1819 2169; x_wconf 86' lang='lat' dir='ltr'><strong>nec</strong></span> 
     </span>
    </p>
   </div>
   <div class='ocr_carea' id='block_1_22' title="bbox 273 2203 1817 2274">
    <p class='ocr_par' dir='ltr' id='par_1_22' title="bbox 273 2203 1817 2274">
     <span class='ocr_line' id='line_1_22' title="bbox 273 2203 1817 2274; baseline 0 -15"><span class='ocrx_word' id='word_1_150' title='bbox 273 2206 451 2273; x_wconf 83' lang='lat' dir='ltr'><strong>subdi,</strong></span> <span class='ocrx_word' id='word_1_151' title='bbox 477 2220 578 2265; x_wconf 88' lang='lat' dir='ltr'><strong>nec</strong></span> <span class='ocrx_word' id='word_1_152' title='bbox 602 2207 731 2274; x_wconf 86' lang='lat' dir='ltr'><strong>pati,</strong></span> <span class='ocrx_word' id='word_1_153' title='bbox 759 2219 857 2260; x_wconf 90' lang='lat' dir='ltr'><strong>nec</strong></span> <span class='ocrx_word' id='word_1_154' title='bbox 875 2205 1030 2269; x_wconf 84' lang='lat' dir='ltr'><strong>mori,</strong></span> <span class='ocrx_word' id='word_1_155' title='bbox 1054 2220 1153 2260; x_wconf 88' lang='lat' dir='ltr'><strong>nec</strong></span> <span class='ocrx_word' id='word_1_156' title='bbox 1174 2205 1219 2259; x_wconf 89' lang='lat' dir='ltr'><strong>si</strong></span> <span class='ocrx_word' id='word_1_157' title='bbox 1244 2203 1372 2274; x_wconf 79' lang='lat' dir='ltr'><strong>quid</strong></span> <span class='ocrx_word' id='word_1_158' title='bbox 1399 2204 1542 2259; x_wconf 85' lang='lat' dir='ltr'><strong>aliud</strong></span> <span class='ocrx_word' id='word_1_159' title='bbox 1569 2203 1817 2271; x_wconf 52' lang='lat' dir='ltr'><strong>hujuscee.</strong></span> 
     </span>
    </p>
   </div>
   <div class='ocr_carea' id='block_1_23' title="bbox 273 2290 1819 2360">
    <p class='ocr_par' dir='ltr' id='par_1_23' title="bbox 273 2290 1819 2360">
     <span class='ocr_line' id='line_1_23' title="bbox 273 2290 1819 2360; baseline -0.001 -13"><span class='ocrx_word' id='word_1_160' title='bbox 273 2293 418 2349; x_wconf 82' lang='lat' dir='ltr'><strong>modi</strong></span> <span class='ocrx_word' id='word_1_161' title='bbox 438 2300 539 2355; x_wconf 86' lang='lat' dir='ltr'><strong>est,</strong></span> <span class='ocrx_word' id='word_1_162' title='bbox 580 2304 735 2360; x_wconf 85' lang='lat' dir='ltr'><strong>posse</strong></span> <span class='ocrx_word' id='word_1_163' title='bbox 764 2292 1060 2345; x_wconf 73' lang='lat' dir='ltr'><strong>nullatenus</strong></span> <span class='ocrx_word' id='word_1_164' title='bbox 1100 2291 1351 2354; x_wconf 77' lang='lat' dir='ltr'><strong>creditur,</strong></span> <span class='ocrx_word' id='word_1_165' title='bbox 1383 2290 1522 2358; x_wconf 75' lang='lat' dir='ltr'><strong>quod</strong></span> <span class='ocrx_word' id='word_1_166' title='bbox 1554 2290 1819 2345; x_wconf 80' lang='lat' dir='ltr'><strong>nefandis-</strong></span> 
     </span>
    </p>
   </div>
   <div class='ocr_carea' id='block_1_24' title="bbox 272 2378 1820 2452">
    <p class='ocr_par' dir='ltr' id='par_1_24' title="bbox 272 2378 1820 2452">
     <span class='ocr_line' id='line_1_24' title="bbox 272 2378 1820 2452; baseline -0.003 -17"><span class='ocrx_word' id='word_1_167' title='bbox 272 2382 469 2435; x_wconf 79' lang='lat' dir='ltr'><strong>simum</strong></span> <span class='ocrx_word' id='word_1_168' title='bbox 496 2380 599 2439; x_wconf 82' lang='lat' dir='ltr'><strong>hoc</strong></span> <span class='ocrx_word' id='word_1_169' title='bbox 633 2379 793 2433; x_wconf 89' lang='lat' dir='ltr'><strong>etiam</strong></span> <span class='ocrx_word' id='word_1_170' title='bbox 839 2379 1091 2447; x_wconf 83' lang='lat' dir='ltr'><strong>suspicari</strong></span> <span class='ocrx_word' id='word_1_171' title='bbox 1131 2378 1261 2446; x_wconf 84' lang='lat' dir='ltr'><strong>quis</strong></span> <span class='ocrx_word' id='word_1_172' title='bbox 1294 2378 1543 2447; x_wconf 77' lang='lat' dir='ltr'><strong>ambigat,</strong></span> <span class='ocrx_word' id='word_1_173' title='bbox 1572 2392 1681 2452; x_wconf 20' lang='lat' dir='ltr'><strong>per:</strong></span> <span class='ocrx_word' id='word_1_174' title='bbox 1708 2393 1820 2432; x_wconf 84' lang='lat' dir='ltr'><strong>cor-</strong></span> 
     </span>
    </p>
   </div>
   <div class='ocr_carea' id='block_1_25' title="bbox 272 2466 1821 2544">
    <p class='ocr_par' dir='ltr' id='par_1_25' title="bbox 272 2466 1821 2544">
     <span class='ocr_line' id='line_1_25' title="bbox 272 2466 1821 2544; baseline 0 -23"><span class='ocrx_word' id='word_1_175' title='bbox 272 2467 453 2535; x_wconf 87' lang='lat' dir='ltr'><strong>porale</strong></span> <span class='ocrx_word' id='word_1_176' title='bbox 483 2468 677 2537; x_wconf 80' lang='lat' dir='ltr'><strong>quippe</strong></span> <span class='ocrx_word' id='word_1_177' title='bbox 720 2467 1009 2544; x_wconf 77' lang='lat' dir='ltr'><strong>indumenti</strong></span> <span class='ocrx_word' id='word_1_178' title='bbox 1037 2466 1297 2537; x_wconf 79' lang='lat' dir='ltr'><strong>velamen,</strong></span> <span class='ocrx_word' id='word_1_179' title='bbox 1337 2467 1444 2521; x_wconf 85' lang='lat' dir='ltr'><strong>hoc</strong></span> <span class='ocrx_word' id='word_1_180' title='bbox 1469 2476 1557 2521; x_wconf 81' lang='lat' dir='ltr'><strong>est.</strong></span> <span class='ocrx_word' id='word_1_181' title='bbox 1578 2467 1821 2533; x_wconf 72' lang='lat' dir='ltr'><strong>incarna-</strong></span> 
     </span>
    </p>
   </div>
   <div class='ocr_carea' id='block_1_26' title="bbox 272 2555 1819 2625">
    <p class='ocr_par' dir='ltr' id='par_1_26' title="bbox 272 2555 1819 2625">
     <span class='ocr_line' id='line_1_26' title="bbox 272 2555 1819 2625; baseline -0.003 -14"><span class='ocrx_word' id='word_1_182' title='bbox 272 2556 433 2612; x_wconf 88' lang='lat' dir='ltr'><strong>tionis</strong></span> <span class='ocrx_word' id='word_1_183' title='bbox 481 2555 813 2625; x_wconf 86' lang='lat' dir='ltr'><strong>mystorium,</strong></span> <span class='ocrx_word' id='word_1_184' title='bbox 857 2555 1104 2624; x_wconf 79' lang='lat' dir='ltr'><strong>quoniam</strong></span> <span class='ocrx_word' id='word_1_185' title='bbox 1144 2562 1389 2623; x_wconf 87' lang='lat' dir='ltr'><strong>suscepta</strong></span> <span class='ocrx_word' id='word_1_186' title='bbox 1425 2569 1550 2609; x_wconf 89' lang='lat' dir='ltr'><strong>caro</strong></span> <span class='ocrx_word' id='word_1_187' title='bbox 1585 2569 1616 2608; x_wconf 90' lang='lat' dir='ltr'><strong>a</strong></span> <span class='ocrx_word' id='word_1_188' title='bbox 1646 2555 1819 2624; x_wconf 67' lang='lat' dir='ltr'><strong>Verbo</strong></span> 
     </span>
    </p>
   </div>
   <div class='ocr_carea' id='block_1_27' title="bbox 269 2644 1817 2718">
    <p class='ocr_par' dir='ltr' id='par_1_27' title="bbox 269 2644 1817 2718">
     <span class='ocr_line' id='line_1_27' title="bbox 269 2644 1817 2718; baseline -0.003 -17"><span class='ocrx_word' id='word_1_189' title='bbox 269 2648 491 2718; x_wconf 85' lang='lat' dir='ltr'><strong>propria</strong></span> <span class='ocrx_word' id='word_1_190' title='bbox 529 2647 688 2701; x_wconf 81' lang='lat' dir='ltr'><strong>Verbi</strong></span> <span class='ocrx_word' id='word_1_191' title='bbox 714 2653 796 2701; x_wconf 88' lang='lat' dir='ltr'><strong>est</strong></span> <span class='ocrx_word' id='word_1_192' title='bbox 816 2660 958 2709; x_wconf 88' lang='lat' dir='ltr'><strong>caro,</strong></span> <span class='ocrx_word' id='word_1_193' title='bbox 997 2653 1051 2701; x_wconf 90' lang='lat' dir='ltr'><strong>et</strong></span> <span class='ocrx_word' id='word_1_194' title='bbox 1088 2646 1251 2700; x_wconf 83' lang='lat' dir='ltr'><strong>videri</strong></span> <span class='ocrx_word' id='word_1_195' title='bbox 1294 2644 1588 2709; x_wconf 80' lang='lat' dir='ltr'><strong>invisibilis,</strong></span> <span class='ocrx_word' id='word_1_196' title='bbox 1628 2653 1682 2698; x_wconf 90' lang='lat' dir='ltr'><strong>et</strong></span> <span class='ocrx_word' id='word_1_197' title='bbox 1708 2644 1817 2714; x_wconf 85' lang='lat' dir='ltr'><strong>pati</strong></span> 
     </span>
    </p>
   </div>
   <div class='ocr_carea' id='block_1_28' title="bbox 270 2721 1819 2807">
    <p class='ocr_par' dir='ltr' id='par_1_28' title="bbox 270 2721 1819 2807">
     <span class='ocr_line' id='line_1_28' title="bbox 270 2721 1819 2807; baseline -0.004 -13"><span class='ocrx_word' id='word_1_198' title='bbox 270 2724 634 2807; x_wconf 75' lang='lat' dir='ltr'><strong>imppssibilis,</strong></span> <span class='ocrx_word' id='word_1_199' title='bbox 674 2741 728 2791; x_wconf 91' lang='lat' dir='ltr'><strong>et</strong></span> <span class='ocrx_word' id='word_1_200' title='bbox 768 2738 903 2790; x_wconf 87' lang='lat' dir='ltr'><strong>mori</strong></span> <span class='ocrx_word' id='word_1_201' title='bbox 942 2735 1273 2799; x_wconf 89' lang='lat' dir='ltr'><strong>immortalis,</strong></span> <span class='ocrx_word' id='word_1_202' title='bbox 1320 2736 1373 2789; x_wconf 88' lang='lat' dir='ltr'><strong>in</strong></span> <span class='ocrx_word' id='word_1_203' title='bbox 1408 2735 1620 2805; x_wconf 88' lang='lat' dir='ltr'><strong>propria</strong></span> <span class='ocrx_word' id='word_1_204' title='bbox 1658 2721 1819 2803; x_wconf 71' lang='lat' dir='ltr'><strong>carne</strong></span> 
     </span>
    </p>
   </div>
   <div class='ocr_carea' id='block_1_29' title="bbox 269 2823 1817 2897">
    <p class='ocr_par' dir='ltr' id='par_1_29' title="bbox 269 2823 1817 2897">
     <span class='ocr_line' id='line_1_29' title="bbox 269 2823 1817 2897; baseline -0.001 -20"><span class='ocrx_word' id='word_1_205' title='bbox 269 2839 427 2893; x_wconf 81' lang='lat' dir='ltr'><strong>posse</strong></span> <span class='ocrx_word' id='word_1_206' title='bbox 472 2823 775 2893; x_wconf 74' lang='lat' dir='ltr'><strong>apostolicis</strong></span> <span class='ocrx_word' id='word_1_207' title='bbox 812 2824 1137 2886; x_wconf 44' lang='lat' dir='ltr'><strong>instruimur.</strong></span> <span class='ocrx_word' id='word_1_208' title='bbox 1167 2824 1511 2897; x_wconf 76' lang='lat' dir='ltr'><strong>documentis.</strong></span> <span class='ocrx_word' id='word_1_209' title='bbox 1549 2824 1638 2876; x_wconf 88' lang='lat' dir='ltr'><strong>Ait</strong></span> <span class='ocrx_word' id='word_1_210' title='bbox 1676 2824 1817 2878; x_wconf 89' lang='lat' dir='ltr'><strong>enim</strong></span> 
     </span>
    </p>
   </div>
   <div class='ocr_carea' id='block_1_30' title="bbox 269 2910 1817 2983">
    <p class='ocr_par' dir='ltr' id='par_1_30' title="bbox 269 2910 1817 2983">
     <span class='ocr_line' id='line_1_30' title="bbox 269 2910 1817 2983; baseline 0.001 -18"><span class='ocrx_word' id='word_1_211' title='bbox 269 2914 475 2979; x_wconf 86' lang='lat' dir='ltr'><strong>primus</strong></span> <span class='ocrx_word' id='word_1_212' title='bbox 501 2919 683 2980; x_wconf 87' lang='lat' dir='ltr'><strong>pastor</strong></span> <span class='ocrx_word' id='word_1_213' title='bbox 706 2910 975 2973; x_wconf 57' lang='lat' dir='ltr'><strong>Ecclesia.</strong></span> <span class='ocrx_word' id='word_1_214' title='bbox 1003 2910 1203 2966; x_wconf 78' lang='lat' dir='ltr'><strong>Christo</strong></span> <span class='ocrx_word' id='word_1_215' title='bbox 1225 2923 1395 2971; x_wconf 82' lang='lat' dir='ltr'><strong>autem</strong></span> <span class='ocrx_word' id='word_1_216' title='bbox 1411 2913 1467 2965; x_wconf 84' lang='lat' dir='ltr'><strong>in</strong></span> <span class='ocrx_word' id='word_1_217' title='bbox 1492 2928 1644 2965; x_wconf 84' lang='lat' dir='ltr'><strong>carne</strong></span> <span class='ocrx_word' id='word_1_218' title='bbox 1668 2928 1817 2983; x_wconf 80' lang='lat' dir='ltr'><strong>passo</strong></span> 
     </span>
    </p>
   </div>
   <div class='ocr_carea' id='block_1_31' title="bbox 270 2988 1820 3067">
    <p class='ocr_par' dir='ltr' id='par_1_31' title="bbox 270 2988 1820 3067">
     <span class='ocr_line' id='line_1_31' title="bbox 270 2988 1820 3067; baseline -0.001 -14"><span class='ocrx_word' id='word_1_219' title='bbox 270 3000 323 3067; x_wconf 92' lang='lat' dir='ltr'><strong>(I</strong></span> <span class='ocrx_word' id='word_1_220' title='bbox 354 2999 473 3052; x_wconf 83' lang='lat' dir='ltr'><strong>Pet.</strong></span> <span class='ocrx_word' id='word_1_221' title='bbox 504 3014 576 3063; x_wconf 80' lang='lat' dir='ltr'><strong>iv,</strong></span> <span class='ocrx_word' id='word_1_222' title='bbox 605 2997 657 3066; x_wconf 78' lang='grc'><strong>1)</strong></span> <span class='ocrx_word' id='word_1_223' title='bbox 682 2998 774 3058; x_wconf 80' lang='grc' dir='ltr'><strong>;,ὶη</strong></span> <span class='ocrx_word' id='word_1_224' title='bbox 800 3012 959 3059; x_wconf 77' lang='lat' dir='ltr'><strong>came</strong></span> <span class='ocrx_word' id='word_1_225' title='bbox 987 2998 1169 3067; x_wconf 87' lang='lat' dir='ltr'><strong>utique</strong></span> <span class='ocrx_word' id='word_1_226' title='bbox 1200 3038 1213 3060; x_wconf 88' lang='lat'><strong>,</strong></span> <span class='ocrx_word' id='word_1_227' title='bbox 1238 3014 1343 3053; x_wconf 88' lang='lat' dir='ltr'><strong>non</strong></span> <span class='ocrx_word' id='word_1_228' title='bbox 1377 3014 1497 3052; x_wconf 87' lang='lat' dir='ltr'><strong>cum</strong></span> <span class='ocrx_word' id='word_1_229' title='bbox 1542 3013 1699 3052; x_wconf 85' lang='lat' dir='ltr'><strong>carne</strong></span> <span class='ocrx_word' id='word_1_230' title='bbox 1712 2988 1820 3063; x_wconf 41' lang='lat' dir='ltr'><strong>Idi-</strong></span> 
     </span>
    </p>
   </div>
   <div class='ocr_carea' id='block_1_32' title="bbox 269 3074 1820 3163">
    <p class='ocr_par' dir='ltr' id='par_1_32' title="bbox 269 3074 1820 3163">
     <span class='ocr_line' id='line_1_32' title="bbox 269 3074 1820 3163; baseline 0.005 -28"><span class='ocrx_word' id='word_1_231' title='bbox 269 3085 550 3139; x_wconf 89' lang='lat' dir='ltr'><strong>vinitatem</strong></span> <span class='ocrx_word' id='word_1_232' title='bbox 596 3099 941 3156; x_wconf 86' lang='lat' dir='ltr'><strong>compassam,</strong></span> <span class='ocrx_word' id='word_1_233' title='bbox 979 3101 1096 3154; x_wconf 62' lang='lat' dir='ltr'><strong>qua:</strong></span> <span class='ocrx_word' id='word_1_234' title='bbox 1122 3098 1283 3145; x_wconf 84' lang='lat' dir='ltr'><strong>extra</strong></span> <span class='ocrx_word' id='word_1_235' title='bbox 1314 3087 1613 3155; x_wconf 86' lang='lat' dir='ltr'><strong>passionem</strong></span> <span class='ocrx_word' id='word_1_236' title='bbox 1650 3074 1820 3163; x_wconf 72' lang='lat' dir='ltr'><strong>modis</strong></span> 
     </span>
    </p>
   </div>
   <div class='ocr_carea' id='block_1_33' title="bbox 1927 688 3320 773">
    <p class='ocr_par' dir='ltr' id='par_1_33' title="bbox 1927 688 3320 773">
     <span class='ocr_line' id='line_1_33' title="bbox 1927 688 3320 773; baseline 0.009 -29"><span class='ocrx_word' id='word_1_237' title='bbox 1927 688 2118 758; x_wconf 86' lang='lat' dir='ltr'><strong>nostra,</strong></span> <span class='ocrx_word' id='word_1_238' title='bbox 2140 696 2227 760; x_wconf 82' lang='lat' dir='ltr'><strong>sed</strong></span> <span class='ocrx_word' id='word_1_239' title='bbox 2252 697 2369 749; x_wconf 81' lang='lat' dir='ltr'><strong>vivit</strong></span> <span class='ocrx_word' id='word_1_240' title='bbox 2398 713 2461 750; x_wconf 80' lang='lat' dir='ltr'><strong>ea:</strong></span> <span class='ocrx_word' id='word_1_241' title='bbox 2480 699 2662 752; x_wconf 80' lang='lat' dir='ltr'><strong>virtute</strong></span> <span class='ocrx_word' id='word_1_242' title='bbox 2691 698 2787 751; x_wconf 81' lang='lat' dir='ltr'><strong>Dei</strong></span> <span class='ocrx_word' id='word_1_243' title='bbox 2820 697 2905 769; x_wconf 73' lang='lat' dir='ltr'><strong>(II</strong></span> <span class='ocrx_word' id='word_1_244' title='bbox 2927 699 3045 753; x_wconf 84' lang='lat' dir='ltr'><strong>Cor.</strong></span> <span class='ocrx_word' id='word_1_245' title='bbox 3071 716 3187 767; x_wconf 82' lang='lat' dir='ltr'><strong>xm,</strong></span> <span class='ocrx_word' id='word_1_246' title='bbox 3208 702 3320 773; x_wconf 68' lang='lat'><strong>£5).</strong></span> 
     </span>
    </p>
   </div>
   <div class='ocr_carea' id='block_1_34' title="bbox 2470 807 2908 864">
    <p class='ocr_par' dir='ltr' id='par_1_34' title="bbox 2470 807 2908 864">
     <span class='ocr_line' id='line_1_34' title="bbox 2470 807 2908 864; baseline 0.005 -2"><span class='ocrx_word' id='word_1_247' title='bbox 2470 807 2705 863; x_wconf 82' lang='lat' dir='ltr'><strong>CAPUT.</strong></span> <span class='ocrx_word' id='word_1_248' title='bbox 2733 810 2908 864; x_wconf 81' lang='lat' dir='ltr'><strong>XVIII.</strong></span> 
     </span>
    </p>
   </div>
   <div class='ocr_carea' id='block_1_35' title="bbox 2059 870 3321 951">
    <p class='ocr_par' dir='ltr' id='par_1_35' title="bbox 2059 870 3321 951">
     <span class='ocr_line' id='line_1_35' title="bbox 2059 870 3321 951; baseline 0.01 -26"><span class='ocrx_word' id='word_1_249' title='bbox 2059 870 2317 927; x_wconf 82' lang='lat' dir='ltr'><strong>Christum</strong></span> <span class='ocrx_word' id='word_1_250' title='bbox 2345 874 2616 947; x_wconf 78' lang='lat' dir='ltr'><strong>voluntate,</strong></span> <span class='ocrx_word' id='word_1_251' title='bbox 2650 894 2748 931; x_wconf 82' lang='lat' dir='ltr'><strong>non</strong></span> <span class='ocrx_word' id='word_1_252' title='bbox 2776 881 3070 936; x_wconf 74' lang='lat' dir='ltr'><strong>necessitate</strong></span> <span class='ocrx_word' id='word_1_253' title='bbox 3092 899 3321 951; x_wconf 82' lang='lat' dir='ltr'><strong>passum.</strong></span> 
     </span>
    </p>
   </div>
   <div class='ocr_carea' id='block_1_36' title="bbox 1936 952 3459 1049">
    <p class='ocr_par' dir='ltr' id='par_1_36' title="bbox 1936 952 3459 1049">
     <span class='ocr_line' id='line_1_36' title="bbox 1936 952 3459 1049; baseline 0.012 -38"><span class='ocrx_word' id='word_1_254' title='bbox 1936 1042 1941 1045; x_wconf 27' lang='lat'><em>‘</em></span> <span class='ocrx_word' id='word_1_255' title='bbox 1989 952 2114 1015; x_wconf 64' lang='lat' dir='ltr'><strong>llaec</strong></span> <span class='ocrx_word' id='word_1_256' title='bbox 2154 960 2313 1029; x_wconf 85' lang='lat' dir='ltr'><strong>igitur</strong></span> <span class='ocrx_word' id='word_1_257' title='bbox 2335 965 2509 1016; x_wconf 89' lang='lat' dir='ltr'><strong>omnia</strong></span> <span class='ocrx_word' id='word_1_258' title='bbox 2532 966 2745 1049; x_wconf 22' lang='lat' dir='ltr'><strong>&#39;pr0pria</strong></span> <span class='ocrx_word' id='word_1_259' title='bbox 2786 969 2885 1033; x_wconf 73' lang='lat' dir='ltr'><strong>pia:</strong></span> <span class='ocrx_word' id='word_1_260' title='bbox 2918 971 3236 1045; x_wconf 54' lang='lat' dir='ltr'><strong>tignationis</strong></span> <span class='ocrx_word' id='word_1_261' title='bbox 3277 974 3459 1039; x_wconf 84' lang='lat' dir='ltr'><strong>volun-</strong></span> 
     </span>
    </p>
   </div>
   <div class='ocr_carea' id='block_1_37' title="bbox 1922 1048 3461 1133">
    <p class='ocr_par' dir='ltr' id='par_1_37' title="bbox 1922 1048 3461 1133">
     <span class='ocr_line' id='line_1_37' title="bbox 1922 1048 3461 1133; baseline 0.012 -34"><span class='ocrx_word' id='word_1_262' title='bbox 1922 1048 2159 1133; x_wconf 84' lang='lat' dir='ltr'><strong>tariaque</strong></span> <span class='ocrx_word' id='word_1_263' title='bbox 2186 1059 2463 1116; x_wconf 81' lang='lat' dir='ltr'><strong>potestate,</strong></span> <span class='ocrx_word' id='word_1_264' title='bbox 2494 1068 2599 1105; x_wconf 91' lang='lat' dir='ltr'><strong>non</strong></span> <span class='ocrx_word' id='word_1_265' title='bbox 2645 1062 2856 1108; x_wconf 84' lang='lat' dir='ltr'><strong>coactus</strong></span> <span class='ocrx_word' id='word_1_266' title='bbox 2891 1059 3140 1113; x_wconf 87' lang='lat' dir='ltr'><strong>sustinuit</strong></span> <span class='ocrx_word' id='word_1_267' title='bbox 3178 1064 3461 1119; x_wconf 78' lang='lat' dir='ltr'><strong>necessita-</strong></span> 
     </span>
    </p>
   </div>
   <div class='ocr_carea' id='block_1_38' title="bbox 1920 1132 3536 1215">
    <p class='ocr_par' dir='ltr' id='par_1_38' title="bbox 1920 1132 3536 1215">
     <span class='ocr_line' id='line_1_38' title="bbox 1920 1132 3536 1215; baseline 0.012 -31"><span class='ocrx_word' id='word_1_268' title='bbox 1920 1137 2008 1184; x_wconf 87' lang='lat' dir='ltr'><strong>te:</strong></span> <span class='ocrx_word' id='word_1_269' title='bbox 2036 1132 2190 1205; x_wconf 76' lang='lat' dir='ltr'><strong>sicuti</strong></span> <span class='ocrx_word' id='word_1_270' title='bbox 2217 1134 2370 1204; x_wconf 88' lang='lat' dir='ltr'><strong>longe</strong></span> <span class='ocrx_word' id='word_1_271' title='bbox 2400 1144 2521 1190; x_wconf 83' lang='lat' dir='ltr'><strong>ante</strong></span> <span class='ocrx_word' id='word_1_272' title='bbox 2555 1152 2649 1205; x_wconf 81' lang='lat' dir='ltr'><strong>per</strong></span> <span class='ocrx_word' id='word_1_273' title='bbox 2675 1141 2981 1210; x_wconf 82' lang='lat' dir='ltr'><strong>prophetam</strong></span> <span class='ocrx_word' id='word_1_274' title='bbox 3010 1142 3151 1212; x_wconf 73' lang='lat' dir='ltr'><strong>Patri</strong></span> <span class='ocrx_word' id='word_1_275' title='bbox 3184 1148 3460 1215; x_wconf 87' lang='lat' dir='ltr'><strong>proﬁtetur</strong></span> <span class='ocrx_word' id='word_1_276' title='bbox 3533 1190 3536 1193; x_wconf 58' lang='grc' dir='ltr'><em>η</em></span> 
     </span>
    </p>
   </div>
   <div class='ocr_carea' id='block_1_39' title="bbox 1868 1220 3455 1309">
    <p class='ocr_par' dir='ltr' id='par_1_39' title="bbox 1868 1220 3455 1309">
     <span class='ocr_line' id='line_1_39' title="bbox 1868 1220 3455 1309; baseline 0.012 -36"><span class='ocrx_word' id='word_1_277' title='bbox 1868 1262 1876 1273; x_wconf 94' lang='grc'>.</span> <span class='ocrx_word' id='word_1_278' title='bbox 1918 1223 2099 1277; x_wconf 88' lang='lat' dir='ltr'><strong>dicens</strong></span> <span class='ocrx_word' id='word_1_279' title='bbox 2147 1240 2159 1274; x_wconf 88' lang='lat'><strong>:</strong></span> <span class='ocrx_word' id='word_1_280' title='bbox 2208 1220 2506 1290; x_wconf 78' lang='lat' dir='ltr'><strong>Voluntarie</strong></span> <span class='ocrx_word' id='word_1_281' title='bbox 2538 1230 2838 1296; x_wconf 76' lang='lat' dir='ltr'><strong>sacriﬁcabo</strong></span> <span class='ocrx_word' id='word_1_282' title='bbox 2882 1233 2974 1286; x_wconf 85' lang='lat' dir='ltr'><strong>tibi</strong></span> <span class='ocrx_word' id='word_1_283' title='bbox 3012 1233 3178 1303; x_wconf 72' lang='lat' dir='ltr'><strong>(Ptol.</strong></span> <span class='ocrx_word' id='word_1_284' title='bbox 3225 1253 3341 1304; x_wconf 77' lang='lat' dir='ltr'><strong>Lm,</strong></span> <span class='ocrx_word' id='word_1_285' title='bbox 3378 1238 3455 1309; x_wconf 88' lang='lat'><strong>8).</strong></span> 
     </span>
    </p>
   </div>
   <div class='ocr_carea' id='block_1_40' title="bbox 1919 1312 3485 1393">
    <p class='ocr_par' dir='ltr' id='par_1_40' title="bbox 1919 1312 3485 1393">
     <span class='ocr_line' id='line_1_40' title="bbox 1919 1312 3485 1393; baseline 0.01 -26"><span class='ocrx_word' id='word_1_286' title='bbox 1919 1313 1984 1367; x_wconf 85' lang='lat' dir='ltr'><strong>Et</strong></span> <span class='ocrx_word' id='word_1_287' title='bbox 2014 1312 2179 1367; x_wconf 90' lang='lat' dir='ltr'><strong>illud:</strong></span> <span class='ocrx_word' id='word_1_288' title='bbox 2204 1312 2269 1366; x_wconf 88' lang='lat' dir='ltr'><strong>Ut</strong></span> <span class='ocrx_word' id='word_1_289' title='bbox 2300 1315 2518 1383; x_wconf 79' lang='lat' dir='ltr'><strong>[acerem</strong></span> <span class='ocrx_word' id='word_1_290' title='bbox 2554 1318 2872 1393; x_wconf 67' lang='lat' dir='ltr'><strong>poluntatem</strong></span> <span class='ocrx_word' id='word_1_291' title='bbox 2892 1331 3076 1387; x_wconf 79' lang='lat' dir='ltr'><strong>tuam,</strong></span> <span class='ocrx_word' id='word_1_292' title='bbox 3125 1324 3261 1381; x_wconf 84' lang='lat' dir='ltr'><strong>Deus</strong></span> <span class='ocrx_word' id='word_1_293' title='bbox 3293 1342 3454 1393; x_wconf 76' lang='lat' dir='ltr'><strong>meus,</strong></span> <span class='ocrx_word' id='word_1_294' title='bbox 3478 1352 3485 1371; x_wconf 70' lang='grc' dir='ltr'><em>ν</em></span> 
     </span>
    </p>
   </div>
   <div class='ocr_carea' id='block_1_41' title="bbox 1918 1394 3458 1475">
    <p class='ocr_par' dir='ltr' id='par_1_41' title="bbox 1918 1394 3458 1475">
     <span class='ocr_line' id='line_1_41' title="bbox 1918 1394 3458 1475; baseline 0.008 -21"><span class='ocrx_word' id='word_1_295' title='bbox 1918 1400 2053 1454; x_wconf 71' lang='lat' dir='ltr'><strong>colu:</strong></span> <span class='ocrx_word' id='word_1_296' title='bbox 2084 1399 2252 1471; x_wconf 84' lang='lat' dir='ltr'><strong>(Psal.</strong></span> <span class='ocrx_word' id='word_1_297' title='bbox 2279 1416 2459 1466; x_wconf 80' lang='lat' dir='ltr'><strong>xxxix,</strong></span> <span class='ocrx_word' id='word_1_298' title='bbox 2487 1404 2562 1472; x_wconf 89' lang='lat'><strong>9).</strong></span> <span class='ocrx_word' id='word_1_299' title='bbox 2596 1403 2727 1469; x_wconf 87' lang='lat' dir='ltr'><strong>Quia</strong></span> <span class='ocrx_word' id='word_1_300' title='bbox 2756 1394 2990 1475; x_wconf 81' lang='lat' dir='ltr'><strong>voluisti,</strong></span> <span class='ocrx_word' id='word_1_301' title='bbox 3020 1424 3053 1463; x_wconf 88' lang='grc' dir='ltr'>ο</span> <span class='ocrx_word' id='word_1_302' title='bbox 3090 1410 3309 1468; x_wconf 82' lang='lat' dir='ltr'><strong>Domine</strong></span> <span class='ocrx_word' id='word_1_303' title='bbox 3332 1411 3458 1475; x_wconf 84' lang='lat' dir='ltr'><strong>Jesn</strong></span> 
     </span>
    </p>
   </div>
   <div class='ocr_carea' id='block_1_42' title="bbox 1918 1485 3462 1561">
    <p class='ocr_par' dir='ltr' id='par_1_42' title="bbox 1918 1485 3462 1561">
     <span class='ocr_line' id='line_1_42' title="bbox 1918 1485 3462 1561; baseline 0.006 -18"><span class='ocrx_word' id='word_1_304' title='bbox 1918 1485 2147 1551; x_wconf 89' lang='lat' dir='ltr'><strong>Christe,</strong></span> <span class='ocrx_word' id='word_1_305' title='bbox 2187 1488 2363 1545; x_wconf 81' lang='lat' dir='ltr'><strong>omnia</strong></span> <span class='ocrx_word' id='word_1_306' title='bbox 2402 1488 2515 1543; x_wconf 61' lang='lat' dir='ltr'><strong>haec</strong></span> <span class='ocrx_word' id='word_1_307' title='bbox 2558 1489 2757 1555; x_wconf 82' lang='lat' dir='ltr'><strong>fecisti;</strong></span> <span class='ocrx_word' id='word_1_308' title='bbox 2795 1494 3041 1561; x_wconf 88' lang='lat' dir='ltr'><strong>quoniam</strong></span> <span class='ocrx_word' id='word_1_309' title='bbox 3072 1511 3193 1551; x_wconf 89' lang='lat' dir='ltr'><strong>cum</strong></span> <span class='ocrx_word' id='word_1_310' title='bbox 3219 1499 3462 1555; x_wconf 74' lang='lat' dir='ltr'><strong>sis-Deus</strong></span> 
     </span>
    </p>
   </div>
   <div class='ocr_carea' id='block_1_43' title="bbox 1917 1575 3459 1656">
    <p class='ocr_par' dir='ltr' id='par_1_43' title="bbox 1917 1575 3459 1656">
     <span class='ocr_line' id='line_1_43' title="bbox 1917 1575 3459 1656; baseline 0.01 -29"><span class='ocrx_word' id='word_1_311' title='bbox 1917 1575 2268 1643; x_wconf 87' lang='lat' dir='ltr'><strong>omnipotens,</strong></span> <span class='ocrx_word' id='word_1_312' title='bbox 2296 1591 2396 1645; x_wconf 87' lang='lat' dir='ltr'><strong>non</strong></span> <span class='ocrx_word' id='word_1_313' title='bbox 2426 1587 2506 1656; x_wconf 79' lang='lat' dir='ltr'><strong>est</strong></span> <span class='ocrx_word' id='word_1_314' title='bbox 2533 1578 2623 1631; x_wconf 89' lang='lat' dir='ltr'><strong>tibi</strong></span> <span class='ocrx_word' id='word_1_315' title='bbox 2657 1576 2863 1633; x_wconf 82' lang='lat' dir='ltr'><strong>dilﬁcile</strong></span> <span class='ocrx_word' id='word_1_316' title='bbox 2885 1595 3041 1636; x_wconf 89' lang='lat' dir='ltr'><strong>omne</strong></span> <span class='ocrx_word' id='word_1_317' title='bbox 3067 1584 3305 1652; x_wconf 76' lang='lat' dir='ltr'><strong>verbum.</strong></span> <span class='ocrx_word' id='word_1_318' title='bbox 3346 1586 3459 1643; x_wconf 81' lang='lat' dir='ltr'><strong>Hoc</strong></span> 
     </span>
    </p>
   </div>
   <div class='ocr_carea' id='block_1_44' title="bbox 1917 1664 3457 1741">
    <p class='ocr_par' dir='ltr' id='par_1_44' title="bbox 1917 1664 3457 1741">
     <span class='ocr_line' id='line_1_44' title="bbox 1917 1664 3457 1741; baseline 0.008 -25"><span class='ocrx_word' id='word_1_319' title='bbox 1917 1670 2000 1717; x_wconf 88' lang='lat' dir='ltr'><strong>est</strong></span> <span class='ocrx_word' id='word_1_320' title='bbox 2025 1664 2164 1717; x_wconf 90' lang='lat' dir='ltr'><strong>enim</strong></span> <span class='ocrx_word' id='word_1_321' title='bbox 2197 1664 2296 1741; x_wconf 85' lang='lat' dir='ltr'><strong>sibi</strong></span> <span class='ocrx_word' id='word_1_322' title='bbox 2325 1664 2459 1719; x_wconf 87' lang='lat' dir='ltr'><strong>velle</strong></span> <span class='ocrx_word' id='word_1_323' title='bbox 2501 1667 2639 1733; x_wconf 87' lang='lat' dir='ltr'><strong>quod</strong></span> <span class='ocrx_word' id='word_1_324' title='bbox 2678 1681 2862 1736; x_wconf 86' lang='lat' dir='ltr'><strong>posse;</strong></span> <span class='ocrx_word' id='word_1_325' title='bbox 2903 1669 2968 1725; x_wconf 86' lang='lat' dir='ltr'><strong>de</strong></span> <span class='ocrx_word' id='word_1_326' title='bbox 2996 1678 3048 1723; x_wconf 91' lang='lat' dir='ltr'><strong>te</strong></span> <span class='ocrx_word' id='word_1_327' title='bbox 3073 1686 3300 1740; x_wconf 84' lang='lat' dir='ltr'><strong>namque</strong></span> <span class='ocrx_word' id='word_1_328' title='bbox 3325 1675 3457 1728; x_wconf 89' lang='lat' dir='ltr'><strong>scri-</strong></span> 
     </span>
    </p>
   </div>
   <div class='ocr_carea' id='block_1_45' title="bbox 1916 1746 3457 1833">
    <p class='ocr_par' dir='ltr' id='par_1_45' title="bbox 1916 1746 3457 1833">
     <span class='ocr_line' id='line_1_45' title="bbox 1916 1746 3457 1833; baseline 0.007 -30"><span class='ocrx_word' id='word_1_329' title='bbox 1916 1758 2063 1819; x_wconf 89' lang='lat' dir='ltr'><strong>ptum</strong></span> <span class='ocrx_word' id='word_1_330' title='bbox 2098 1750 2287 1822; x_wconf 86' lang='lat' dir='ltr'><strong>legisse</strong></span> <span class='ocrx_word' id='word_1_331' title='bbox 2326 1766 2434 1826; x_wconf 38' lang='lat' dir='ltr'><strong>me‘</strong></span> <span class='ocrx_word' id='word_1_332' title='bbox 2454 1753 2706 1821; x_wconf 87' lang='lat' dir='ltr'><strong>proﬁteor</strong></span> <span class='ocrx_word' id='word_1_333' title='bbox 2735 1772 2749 1807; x_wconf 91' lang='lat'><strong>:</strong></span> <span class='ocrx_word' id='word_1_334' title='bbox 2784 1753 2965 1810; x_wconf 86' lang='lat' dir='ltr'><strong>Subest</strong></span> <span class='ocrx_word' id='word_1_335' title='bbox 2996 1756 3105 1822; x_wconf 90' lang='lat' dir='ltr'><strong>tibi,</strong></span> <span class='ocrx_word' id='word_1_336' title='bbox 3145 1757 3219 1811; x_wconf 88' lang='lat' dir='ltr'><strong>ait</strong></span> <span class='ocrx_word' id='word_1_337' title='bbox 3244 1746 3457 1833; x_wconf 75' lang='lat' dir='ltr'><strong>quidam</strong></span> 
     </span>
    </p>
   </div>
   <div class='ocr_carea' id='block_1_46' title="bbox 1920 1838 3537 1923">
    <p class='ocr_par' dir='ltr' id='par_1_46' title="bbox 1920 1838 3537 1923">
     <span class='ocr_line' id='line_1_46' title="bbox 1920 1838 3537 1923; baseline 0.008 -31"><span class='ocrx_word' id='word_1_338' title='bbox 1920 1840 2147 1909; x_wconf 84' lang='lat' dir='ltr'><strong>sapiens.</strong></span> <span class='ocrx_word' id='word_1_339' title='bbox 2172 1842 2341 1894; x_wconf 83' lang='lat' dir='ltr'><strong>omnia</strong></span> <span class='ocrx_word' id='word_1_340' title='bbox 2365 1857 2510 1911; x_wconf 80' lang='lat' dir='ltr'><strong>posse</strong></span> <span class='ocrx_word' id='word_1_341' title='bbox 2548 1843 2684 1911; x_wconf 72' lang='lat' dir='ltr'><strong>quod</strong></span> <span class='ocrx_word' id='word_1_342' title='bbox 2708 1843 2828 1898; x_wconf 75' lang='lat' dir='ltr'><strong>retis</strong></span> <span class='ocrx_word' id='word_1_343' title='bbox 2857 1844 3005 1915; x_wconf 70' lang='grc' dir='ltr'><strong>(δαν.</strong></span> <span class='ocrx_word' id='word_1_344' title='bbox 3038 1863 3135 1911; x_wconf 86' lang='lat' dir='ltr'><strong>xu,</strong></span> <span class='ocrx_word' id='word_1_345' title='bbox 3165 1838 3271 1919; x_wconf 80' lang='lat' dir='ltr'><strong>i8).</strong></span> <span class='ocrx_word' id='word_1_346' title='bbox 3304 1850 3453 1923; x_wconf 89' lang='grc' dir='ltr'><strong>ιιι</strong></span> <span class='ocrx_word' id='word_1_347' title='bbox 3532 1838 3537 1843; x_wconf 59' lang='grc'><em>’</em></span> 
     </span>
    </p>
   </div>
   <div class='ocr_carea' id='block_1_47' title="bbox 1847 1916 3455 2006">
    <p class='ocr_par' dir='ltr' id='par_1_47' title="bbox 1847 1916 3455 2006">
     <span class='ocr_line' id='line_1_47' title="bbox 1847 1916 3455 2006; baseline 0.009 -24"><span class='ocrx_word' id='word_1_348' title='bbox 1847 1916 1891 1975; x_wconf 76' lang='grc' dir='ltr'><strong>Β</strong></span> <span class='ocrx_word' id='word_1_349' title='bbox 1918 1929 1993 1984; x_wconf 90' lang='lat' dir='ltr'><strong>De</strong></span> <span class='ocrx_word' id='word_1_350' title='bbox 2019 1938 2069 1984; x_wconf 92' lang='lat' dir='ltr'><strong>te</strong></span> <span class='ocrx_word' id='word_1_351' title='bbox 2095 1942 2321 1998; x_wconf 88' lang='lat' dir='ltr'><strong>namque</strong></span> <span class='ocrx_word' id='word_1_352' title='bbox 2364 1930 2693 1999; x_wconf 86' lang='lat' dir='ltr'><strong>cantiloquus</strong></span> <span class='ocrx_word' id='word_1_353' title='bbox 2736 1932 2904 1988; x_wconf 89' lang='lat' dir='ltr'><strong>David</strong></span> <span class='ocrx_word' id='word_1_354' title='bbox 2942 1937 3197 2004; x_wconf 83' lang='lat' dir='ltr'><strong>propheta</strong></span> 
     </span>
    </p>
   </div>
   <div class='ocr_carea' id='block_1_48' title="bbox 1915 2020 3456 2100">
    <p class='ocr_par' dir='ltr' id='par_1_48' title="bbox 1915 2020 3456 2100">
     <span class='ocr_line' id='line_1_48' title="bbox 1915 2020 3456 2100; baseline 0.005 -25"><span class='ocrx_word' id='word_1_355' title='bbox 1915 2020 2138 2075; x_wconf 88' lang='lat' dir='ltr'><strong>dicens:</strong></span> <span class='ocrx_word' id='word_1_356' title='bbox 2172 2020 2359 2086; x_wconf 76' lang='lat' dir='ltr'><strong>Omnia</strong></span> <span class='ocrx_word' id='word_1_357' title='bbox 2408 2036 2721 2092; x_wconf 66' lang='lat' dir='ltr'><strong>quiscunque</strong></span> <span class='ocrx_word' id='word_1_358' title='bbox 2761 2022 2915 2076; x_wconf 74' lang='lat' dir='ltr'><strong>voluit</strong></span> <span class='ocrx_word' id='word_1_359' title='bbox 2948 2024 3199 2080; x_wconf 75' lang='lat' dir='ltr'><strong>Dominus</strong></span> <span class='ocrx_word' id='word_1_360' title='bbox 3239 2028 3356 2100; x_wconf 80' lang='lat' dir='ltr'><strong>fecit</strong></span> <span class='ocrx_word' id='word_1_361' title='bbox 3401 2029 3456 2081; x_wconf 87' lang='lat' dir='ltr'><strong>in</strong></span> 
     </span>
    </p>
   </div>
   <div class='ocr_carea' id='block_1_49' title="bbox 1915 2106 3449 2182">
    <p class='ocr_par' dir='ltr' id='par_1_49' title="bbox 1915 2106 3449 2182">
     <span class='ocr_line' id='line_1_49' title="bbox 1915 2106 3449 2182; baseline 0.004 -21"><span class='ocrx_word' id='word_1_362' title='bbox 1915 2106 2039 2161; x_wconf 72' lang='lat' dir='ltr'><strong>calo</strong></span> <span class='ocrx_word' id='word_1_363' title='bbox 2067 2115 2116 2159; x_wconf 88' lang='lat' dir='ltr'><strong>et</strong></span> <span class='ocrx_word' id='word_1_364' title='bbox 2137 2107 2193 2159; x_wconf 83' lang='lat' dir='ltr'><strong>in</strong></span> <span class='ocrx_word' id='word_1_365' title='bbox 2209 2115 2377 2178; x_wconf 83' lang='lat' dir='ltr'><strong>terra;</strong></span> <span class='ocrx_word' id='word_1_366' title='bbox 2407 2108 2465 2173; x_wconf 75' lang='lat' dir='ltr'><strong>in</strong></span> <span class='ocrx_word' id='word_1_367' title='bbox 2485 2109 2619 2163; x_wconf 85' lang='lat' dir='ltr'><strong>mari</strong></span> <span class='ocrx_word' id='word_1_368' title='bbox 2658 2117 2705 2161; x_wconf 87' lang='lat' dir='ltr'><strong>et</strong></span> <span class='ocrx_word' id='word_1_369' title='bbox 2729 2110 2783 2162; x_wconf 86' lang='lat' dir='ltr'><strong>in</strong></span> <span class='ocrx_word' id='word_1_370' title='bbox 2807 2110 3037 2166; x_wconf 77' lang='lat' dir='ltr'><strong>omnibus</strong></span> <span class='ocrx_word' id='word_1_371' title='bbox 3064 2112 3257 2182; x_wconf 81' lang='lat' dir='ltr'><strong>abyssis</strong></span> <span class='ocrx_word' id='word_1_372' title='bbox 3281 2112 3449 2182; x_wconf 89' lang='lat' dir='ltr'><strong>(Psal.</strong></span> 
     </span>
    </p>
   </div>
   <div class='ocr_carea' id='block_1_50' title="bbox 1914 2188 3450 2271">
    <p class='ocr_par' dir='ltr' id='par_1_50' title="bbox 1914 2188 3450 2271">
     <span class='ocr_line' id='line_1_50' title="bbox 1914 2188 3450 2271; baseline 0.005 -22"><span class='ocrx_word' id='word_1_373' title='bbox 1914 2209 2128 2259; x_wconf 82' lang='lat' dir='ltr'><strong>cxxxtv,</strong></span> <span class='ocrx_word' id='word_1_374' title='bbox 2158 2194 2233 2264; x_wconf 88' lang='grc'><strong>6).</strong></span> <span class='ocrx_word' id='word_1_375' title='bbox 2276 2194 2480 2271; x_wconf 34' lang='lat' dir='ltr'><strong>Sancto.</strong></span> <span class='ocrx_word' id='word_1_376' title='bbox 2514 2188 2668 2249; x_wconf 63' lang='grc' dir='ltr'><strong>ωσι</strong></span> <span class='ocrx_word' id='word_1_377' title='bbox 2708 2196 3101 2271; x_wconf 75' lang='lat' dir='ltr'><strong>repleti&#39;omnes</strong></span> <span class='ocrx_word' id='word_1_378' title='bbox 3138 2202 3205 2256; x_wconf 86' lang='lat' dir='ltr'><strong>ab</strong></span> <span class='ocrx_word' id='word_1_379' title='bbox 3243 2200 3450 2270; x_wconf 84' lang='lat' dir='ltr'><strong>origine</strong></span> 
     </span>
    </p>
   </div>
   <div class='ocr_carea' id='block_1_51' title="bbox 1914 2282 3453 2363">
    <p class='ocr_par' dir='ltr' id='par_1_51' title="bbox 1914 2282 3453 2363">
     <span class='ocr_line' id='line_1_51' title="bbox 1914 2282 3453 2363; baseline 0.005 -27"><span class='ocrx_word' id='word_1_380' title='bbox 1914 2282 2095 2341; x_wconf 85' lang='lat' dir='ltr'><strong>mundi</strong></span> <span class='ocrx_word' id='word_1_381' title='bbox 2126 2282 2461 2352; x_wconf 69' lang='lat' dir='ltr'><strong>patriarchte,</strong></span> <span class='ocrx_word' id='word_1_382' title='bbox 2488 2282 2777 2351; x_wconf 62' lang='lat' dir='ltr'><strong>prophetae,</strong></span> <span class='ocrx_word' id='word_1_383' title='bbox 2816 2285 3173 2363; x_wconf 58' lang='lat' dir='ltr'><strong>evangelista,</strong></span> <span class='ocrx_word' id='word_1_384' title='bbox 3207 2287 3453 2357; x_wconf 87' lang='lat' dir='ltr'><strong>apostoli,</strong></span> 
     </span>
    </p>
   </div>
   <div class='ocr_carea' id='block_1_52' title="bbox 1908 2373 3461 2442">
    <p class='ocr_par' dir='ltr' id='par_1_52' title="bbox 1908 2373 3461 2442">
     <span class='ocr_line' id='line_1_52' title="bbox 1908 2373 3461 2442; baseline 0.003 -15"><span class='ocrx_word' id='word_1_385' title='bbox 1908 2373 2196 2442; x_wconf 87' lang='lat' dir='ltr'><strong>cunctique</strong></span> <span class='ocrx_word' id='word_1_386' title='bbox 2228 2373 2474 2428; x_wconf 85' lang='lat' dir='ltr'><strong>catholici</strong></span> <span class='ocrx_word' id='word_1_387' title='bbox 2504 2374 2602 2429; x_wconf 85' lang='lat' dir='ltr'><strong>viri</strong></span> <span class='ocrx_word' id='word_1_388' title='bbox 2643 2374 2999 2430; x_wconf 88' lang='lat' dir='ltr'><strong>testimonium</strong></span> <span class='ocrx_word' id='word_1_389' title='bbox 3041 2376 3106 2430; x_wconf 90' lang='lat' dir='ltr'><strong>de</strong></span> <span class='ocrx_word' id='word_1_390' title='bbox 3143 2383 3194 2433; x_wconf 84' lang='lat' dir='ltr'><strong>te</strong></span> <span class='ocrx_word' id='word_1_391' title='bbox 3217 2377 3461 2432; x_wconf 83' lang='lat' dir='ltr'><strong>veritatis</strong></span> 
     </span>
    </p>
   </div>
   <div class='ocr_carea' id='block_1_53' title="bbox 1914 2464 3455 2532">
    <p class='ocr_par' dir='ltr' id='par_1_53' title="bbox 1914 2464 3455 2532">
     <span class='ocr_line' id='line_1_53' title="bbox 1914 2464 3455 2532; baseline 0.004 -15"><span class='ocrx_word' id='word_1_392' title='bbox 1914 2464 2259 2532; x_wconf 76' lang='lat' dir='ltr'><strong>perliibuisse,</strong></span> <span class='ocrx_word' id='word_1_393' title='bbox 2292 2464 2629 2520; x_wconf 80' lang='lat' dir='ltr'><strong>fundamento</strong></span> <span class='ocrx_word' id='word_1_394' title='bbox 2668 2466 2928 2523; x_wconf 70' lang='lat' dir='ltr'><strong>inviolata:</strong></span> <span class='ocrx_word' id='word_1_395' title='bbox 2958 2467 3112 2527; x_wconf 88' lang='lat' dir='ltr'><strong>innisi</strong></span> <span class='ocrx_word' id='word_1_396' title='bbox 3143 2468 3261 2525; x_wconf 90' lang='lat' dir='ltr'><strong>ﬁdei</strong></span> <span class='ocrx_word' id='word_1_397' title='bbox 3290 2468 3455 2523; x_wconf 87' lang='lat' dir='ltr'><strong>ﬁrmi-</strong></span> 
     </span>
    </p>
   </div>
   <div class='ocr_carea' id='block_1_54' title="bbox 1915 2551 3455 2625">
    <p class='ocr_par' dir='ltr' id='par_1_54' title="bbox 1915 2551 3455 2625">
     <span class='ocr_line' id='line_1_54' title="bbox 1915 2551 3455 2625; baseline 0.004 -20"><span class='ocrx_word' id='word_1_398' title='bbox 1915 2557 1997 2605; x_wconf 87' lang='lat' dir='ltr'><strong>ter</strong></span> <span class='ocrx_word' id='word_1_399' title='bbox 2040 2551 2382 2606; x_wconf 86' lang='lat' dir='ltr'><strong>retinemus:</strong></span> <span class='ocrx_word' id='word_1_400' title='bbox 2423 2566 2644 2619; x_wconf 87' lang='lat' dir='ltr'><strong>quorum</strong></span> <span class='ocrx_word' id='word_1_401' title='bbox 2696 2553 2906 2621; x_wconf 84' lang='lat' dir='ltr'><strong>quidem</strong></span> <span class='ocrx_word' id='word_1_402' title='bbox 2948 2555 3152 2610; x_wconf 89' lang='lat' dir='ltr'><strong>collatis</strong></span> <span class='ocrx_word' id='word_1_403' title='bbox 3196 2558 3455 2625; x_wconf 67' lang='lat' dir='ltr'><strong>praesidiis</strong></span> 
     </span>
    </p>
   </div>
   <div class='ocr_carea' id='block_1_55' title="bbox 1915 2640 3452 2715">
    <p class='ocr_par' dir='ltr' id='par_1_55' title="bbox 1915 2640 3452 2715">
     <span class='ocr_line' id='line_1_55' title="bbox 1915 2640 3452 2715; baseline 0.003 -20"><span class='ocrx_word' id='word_1_404' title='bbox 1915 2648 2096 2695; x_wconf 88' lang='lat' dir='ltr'><strong>nostra</strong></span> <span class='ocrx_word' id='word_1_405' title='bbox 2143 2647 2267 2696; x_wconf 86' lang='lat' dir='ltr'><strong>sunt</strong></span> <span class='ocrx_word' id='word_1_406' title='bbox 2324 2640 2666 2696; x_wconf 88' lang='lat' dir='ltr'><strong>nihilominus</strong></span> <span class='ocrx_word' id='word_1_407' title='bbox 2726 2642 3136 2710; x_wconf 88' lang='lat' dir='ltr'><strong>disputationum</strong></span> <span class='ocrx_word' id='word_1_408' title='bbox 3193 2645 3452 2715; x_wconf 87' lang='lat' dir='ltr'><strong>colloquia</strong></span> 
     </span>
    </p>
   </div>
   <div class='ocr_carea' id='block_1_56' title="bbox 1915 2724 3453 2810">
    <p class='ocr_par' dir='ltr' id='par_1_56' title="bbox 1915 2724 3453 2810">
     <span class='ocr_line' id='line_1_56' title="bbox 1915 2724 3453 2810; baseline 0.003 -28"><span class='ocrx_word' id='word_1_409' title='bbox 1915 2724 2195 2785; x_wconf 79' lang='lat' dir='ltr'><strong>fulcienda.</strong></span> <span class='ocrx_word' id='word_1_410' title='bbox 2222 2728 2354 2784; x_wconf 84' lang='lat' dir='ltr'><strong>Nam</strong></span> <span class='ocrx_word' id='word_1_411' title='bbox 2394 2736 2453 2802; x_wconf 83' lang='lat' dir='ltr'><strong>ut</strong></span> <span class='ocrx_word' id='word_1_412' title='bbox 2480 2728 2644 2783; x_wconf 86' lang='lat' dir='ltr'><strong>multa</strong></span> <span class='ocrx_word' id='word_1_413' title='bbox 2677 2729 2743 2783; x_wconf 91' lang='lat' dir='ltr'><strong>de</strong></span> <span class='ocrx_word' id='word_1_414' title='bbox 2768 2729 2852 2785; x_wconf 89' lang='lat' dir='ltr'><strong>his</strong></span> <span class='ocrx_word' id='word_1_415' title='bbox 2888 2738 2941 2808; x_wconf 88' lang='lat' dir='ltr'><strong>et</strong></span> <span class='ocrx_word' id='word_1_416' title='bbox 2992 2728 3194 2810; x_wconf 81' lang='lat' dir='ltr'><strong>inﬁnita</strong></span> <span class='ocrx_word' id='word_1_417' title='bbox 3234 2740 3453 2800; x_wconf 63' lang='lat' dir='ltr'><strong>prseter-</strong></span> 
     </span>
    </p>
   </div>
   <div class='ocr_carea' id='block_1_57' title="bbox 1914 2820 3449 2889">
    <p class='ocr_par' dir='ltr' id='par_1_57' title="bbox 1914 2820 3449 2889">
     <span class='ocr_line' id='line_1_57' title="bbox 1914 2820 3449 2889; baseline 0.003 -16"><span class='ocrx_word' id='word_1_418' title='bbox 1914 2835 2053 2885; x_wconf 78' lang='lat' dir='ltr'><strong>eam,</strong></span> <span class='ocrx_word' id='word_1_419' title='bbox 2082 2822 2205 2889; x_wconf 85' lang='lat' dir='ltr'><strong>quia</strong></span> <span class='ocrx_word' id='word_1_420' title='bbox 2232 2824 2331 2874; x_wconf 85' lang='lat' dir='ltr'><strong>nec</strong></span> <span class='ocrx_word' id='word_1_421' title='bbox 2356 2828 2495 2875; x_wconf 85' lang='lat' dir='ltr'><strong>totus</strong></span> <span class='ocrx_word' id='word_1_422' title='bbox 2528 2834 2638 2884; x_wconf 88' lang='lat' dir='ltr'><strong>eos,</strong></span> <span class='ocrx_word' id='word_1_423' title='bbox 2673 2821 2763 2888; x_wconf 91' lang='lat' dir='ltr'><strong>qui</strong></span> <span class='ocrx_word' id='word_1_424' title='bbox 2806 2820 3069 2879; x_wconf 83' lang='lat' dir='ltr'><strong>scribendi</strong></span> <span class='ocrx_word' id='word_1_425' title='bbox 3096 2832 3247 2876; x_wconf 89' lang='lat' dir='ltr'><strong>erant</strong></span> <span class='ocrx_word' id='word_1_426' title='bbox 3281 2823 3347 2877; x_wconf 88' lang='lat' dir='ltr'><strong>de</strong></span> <span class='ocrx_word' id='word_1_427' title='bbox 3378 2832 3449 2888; x_wconf 88' lang='lat' dir='ltr'><strong>te,</strong></span> 
     </span>
    </p>
   </div>
   <div class='ocr_carea' id='block_1_58' title="bbox 1915 2902 3456 2980">
    <p class='ocr_par' dir='ltr' id='par_1_58' title="bbox 1915 2902 3456 2980">
     <span class='ocr_line' id='line_1_58' title="bbox 1915 2902 3456 2980; baseline 0.003 -16"><span class='ocrx_word' id='word_1_428' title='bbox 1915 2909 2141 2964; x_wconf 86' lang='lat' dir='ltr'><strong>mundus</strong></span> <span class='ocrx_word' id='word_1_429' title='bbox 2170 2902 2283 2980; x_wconf 85' lang='lat' dir='ltr'><strong>[pro</strong></span> <span class='ocrx_word' id='word_1_430' title='bbox 2330 2906 2606 2979; x_wconf 85' lang='lat' dir='ltr'><strong>mundum]</strong></span> <span class='ocrx_word' id='word_1_431' title='bbox 2642 2922 2830 2977; x_wconf 85' lang='lat' dir='ltr'><strong>capere</strong></span> <span class='ocrx_word' id='word_1_432' title='bbox 2854 2923 3029 2977; x_wconf 87' lang='lat' dir='ltr'><strong>posse,</strong></span> <span class='ocrx_word' id='word_1_433' title='bbox 3076 2912 3301 2967; x_wconf 85' lang='lat' dir='ltr'><strong>dilectus</strong></span> <span class='ocrx_word' id='word_1_434' title='bbox 3332 2920 3456 2968; x_wconf 88' lang='lat' dir='ltr'><strong>tuus</strong></span> 
     </span>
    </p>
   </div>
   <div class='ocr_carea' id='block_1_59' title="bbox 1915 2997 3493 3069">
    <p class='ocr_par' dir='ltr' id='par_1_59' title="bbox 1915 2997 3493 3069">
     <span class='ocr_line' id='line_1_59' title="bbox 1915 2997 3493 3069; baseline 0.001 -16"><span class='ocrx_word' id='word_1_435' title='bbox 1915 3008 2235 3069; x_wconf 68' lang='lat' dir='ltr'><strong>protestantur</strong></span> <span class='ocrx_word' id='word_1_436' title='bbox 2255 2998 2559 3067; x_wconf 78' lang='lat' dir='ltr'><strong>discipulus,</strong></span> <span class='ocrx_word' id='word_1_437' title='bbox 2590 2998 2751 3052; x_wconf 90' lang='lat' dir='ltr'><strong>libros</strong></span> <span class='ocrx_word' id='word_1_438' title='bbox 2779 2997 2956 3067; x_wconf 83' lang='lat' dir='ltr'><strong>(Joan.</strong></span> <span class='ocrx_word' id='word_1_439' title='bbox 2985 3014 3093 3061; x_wconf 73' lang='lat' dir='ltr'><strong>xxi,</strong></span> <span class='ocrx_word' id='word_1_440' title='bbox 3124 2999 3213 3069; x_wconf 74' lang='lat'><strong>25)</strong></span> <span class='ocrx_word' id='word_1_441' title='bbox 3243 3014 3257 3052; x_wconf 92' lang='lat'><strong>:</strong></span> <span class='ocrx_word' id='word_1_442' title='bbox 3285 3014 3453 3068; x_wconf 83' lang='lat' dir='ltr'><strong>pauca</strong></span> <span class='ocrx_word' id='word_1_443' title='bbox 3490 3052 3493 3055; x_wconf 44' lang='grc' dir='ltr'>η</span> 
     </span>
    </p>
   </div>
   <div class='ocr_carea' id='block_1_60' title="bbox 1918 3085 3505 3158">
    <p class='ocr_par' dir='ltr' id='par_1_60' title="bbox 1918 3085 3505 3158">
     <span class='ocr_line' id='line_1_60' title="bbox 1918 3085 3505 3158; baseline 0.001 -16"><span class='ocrx_word' id='word_1_444' title='bbox 1918 3101 2043 3157; x_wconf 89' lang='lat' dir='ltr'><strong>ergo</strong></span> <span class='ocrx_word' id='word_1_445' title='bbox 2079 3101 2145 3141; x_wconf 86' lang='lat' dir='ltr'><strong>ex</strong></span> <span class='ocrx_word' id='word_1_446' title='bbox 2185 3086 2383 3151; x_wconf 83' lang='lat' dir='ltr'><strong>multis,</strong></span> <span class='ocrx_word' id='word_1_447' title='bbox 2425 3085 2576 3154; x_wconf 81' lang='lat' dir='ltr'><strong>juxta</strong></span> <span class='ocrx_word' id='word_1_448' title='bbox 2616 3087 2937 3156; x_wconf 85' lang='lat' dir='ltr'><strong>paupertatis</strong></span> <span class='ocrx_word' id='word_1_449' title='bbox 2984 3102 3114 3142; x_wconf 75' lang='lat' dir='ltr'><strong>mea:</strong></span> <span class='ocrx_word' id='word_1_450' title='bbox 3161 3088 3456 3158; x_wconf 61' lang='lat' dir='ltr'><strong>inta&#39;lligen-</strong></span> <span class='ocrx_word' id='word_1_451' title='bbox 3499 3139 3505 3147; x_wconf 84' lang='lat'><strong>,</strong></span> 
     </span>
    </p>
   </div>
   <div class='ocr_carea' id='block_1_61' title="bbox 269 3174 3455 3249">
    <p class='ocr_par' dir='ltr' id='par_1_61' title="bbox 269 3174 3455 3249">
     <span class='ocr_line' id='line_1_61' title="bbox 269 3174 3455 3249; baseline 0 -18"><span class='ocrx_word' id='word_1_452' title='bbox 269 3177 522 3231; x_wconf 89' lang='lat' dir='ltr'><strong>omnibus</strong></span> <span class='ocrx_word' id='word_1_453' title='bbox 568 3184 790 3231; x_wconf 89' lang='lat' dir='ltr'><strong>constat.</strong></span> <span class='ocrx_word' id='word_1_454' title='bbox 841 3176 945 3232; x_wconf 88' lang='lat' dir='ltr'><strong>Sed</strong></span> <span class='ocrx_word' id='word_1_455' title='bbox 971 3179 1218 3247; x_wconf 89' lang='lat' dir='ltr'><strong>quoniam</strong></span> <span class='ocrx_word' id='word_1_456' title='bbox 1254 3179 1465 3249; x_wconf 89' lang='lat' dir='ltr'><strong>propria</strong></span> <span class='ocrx_word' id='word_1_457' title='bbox 1494 3178 1653 3234; x_wconf 85' lang='lat' dir='ltr'><strong>Verbi</strong></span> <span class='ocrx_word' id='word_1_458' title='bbox 1694 3174 1820 3247; x_wconf 69' lang='lat' dir='ltr'><strong>caro</strong></span> <span class='ocrx_word' id='word_1_459' title='bbox 1844 3220 1891 3249; x_wconf 61' lang='grc' dir='ltr'><strong><em>η</em></strong></span> <span class='ocrx_word' id='word_1_460' title='bbox 1920 3176 2069 3240; x_wconf 86' lang='lat' dir='ltr'><strong>tiam,</strong></span> <span class='ocrx_word' id='word_1_461' title='bbox 2108 3183 2163 3231; x_wconf 89' lang='lat' dir='ltr'><strong>te</strong></span> <span class='ocrx_word' id='word_1_462' title='bbox 2200 3176 2383 3244; x_wconf 91' lang='lat' dir='ltr'><strong>utique</strong></span> <span class='ocrx_word' id='word_1_463' title='bbox 2422 3176 2653 3246; x_wconf 87' lang='lat' dir='ltr'><strong>gratuito</strong></span> <span class='ocrx_word' id='word_1_464' title='bbox 2682 3189 2899 3229; x_wconf 89' lang='lat' dir='ltr'><strong>munere</strong></span> <span class='ocrx_word' id='word_1_465' title='bbox 2926 3174 3200 3246; x_wconf 77' lang='lat' dir='ltr'><strong>largiente,</strong></span> <span class='ocrx_word' id='word_1_466' title='bbox 3228 3191 3291 3231; x_wconf 90' lang='lat' dir='ltr'><strong>ea</strong></span> <span class='ocrx_word' id='word_1_467' title='bbox 3315 3177 3455 3232; x_wconf 90' lang='lat' dir='ltr'><strong>vide-</strong></span> 
     </span>
    </p>
   </div>
   <div class='ocr_carea' id='block_1_62' title="bbox 269 3268 1822 3337">
    <p class='ocr_par' dir='ltr' id='par_1_62' title="bbox 269 3268 1822 3337">
     <span class='ocr_line' id='line_1_62' title="bbox 269 3268 1822 3337; baseline -0.003 -11"><span class='ocrx_word' id='word_1_468' title='bbox 269 3277 384 3325; x_wconf 86' lang='lat' dir='ltr'><strong>erat</strong></span> <span class='ocrx_word' id='word_1_469' title='bbox 409 3282 536 3337; x_wconf 70' lang='lat' dir='ltr'><strong>quae</strong></span> <span class='ocrx_word' id='word_1_470' title='bbox 581 3283 735 3336; x_wconf 87' lang='lat' dir='ltr'><strong>passa</strong></span> <span class='ocrx_word' id='word_1_471' title='bbox 770 3276 870 3331; x_wconf 89' lang='lat' dir='ltr'><strong>est,</strong></span> <span class='ocrx_word' id='word_1_472' title='bbox 919 3268 1005 3322; x_wconf 89' lang='lat' dir='ltr'><strong>ille</strong></span> <span class='ocrx_word' id='word_1_473' title='bbox 1050 3268 1232 3336; x_wconf 84' lang='lat' dir='ltr'><strong>utique</strong></span> <span class='ocrx_word' id='word_1_474' title='bbox 1264 3283 1453 3337; x_wconf 84' lang='lat' dir='ltr'><strong>passus</strong></span> <span class='ocrx_word' id='word_1_475' title='bbox 1478 3274 1822 3336; x_wconf 77' lang='lat' dir='ltr'><strong>mortuusque</strong></span> 
     </span>
    </p>
   </div>
   <div class='ocr_carea' id='block_1_63' title="bbox 269 3356 1823 3426">
    <p class='ocr_par' dir='ltr' id='par_1_63' title="bbox 269 3356 1823 3426">
     <span class='ocr_line' id='line_1_63' title="bbox 269 3356 1823 3426; baseline -0.001 -13"><span class='ocrx_word' id='word_1_476' title='bbox 269 3358 487 3421; x_wconf 82' lang='lat' dir='ltr'><strong>dicitur,</strong></span> <span class='ocrx_word' id='word_1_477' title='bbox 525 3356 681 3423; x_wconf 85' lang='lat' dir='ltr'><strong>cujus</strong></span> <span class='ocrx_word' id='word_1_478' title='bbox 721 3358 932 3426; x_wconf 89' lang='lat' dir='ltr'><strong>propria</strong></span> <span class='ocrx_word' id='word_1_479' title='bbox 978 3371 1103 3410; x_wconf 89' lang='lat' dir='ltr'><strong>caro</strong></span> <span class='ocrx_word' id='word_1_480' title='bbox 1147 3371 1300 3425; x_wconf 89' lang='lat' dir='ltr'><strong>passa</strong></span> <span class='ocrx_word' id='word_1_481' title='bbox 1347 3365 1401 3411; x_wconf 91' lang='lat' dir='ltr'><strong>et</strong></span> <span class='ocrx_word' id='word_1_482' title='bbox 1449 3364 1656 3410; x_wconf 91' lang='lat' dir='ltr'><strong>mortua</strong></span> <span class='ocrx_word' id='word_1_483' title='bbox 1706 3372 1823 3412; x_wconf 88' lang='lat' dir='ltr'><strong>esse</strong></span> 
     </span>
    </p>
   </div>
   <div class='ocr_carea' id='block_1_64' title="bbox 268 3444 1825 3515">
    <p class='ocr_par' dir='ltr' id='par_1_64' title="bbox 268 3444 1825 3515">
     <span class='ocr_line' id='line_1_64' title="bbox 268 3444 1825 3515; baseline 0 -17"><span class='ocrx_word' id='word_1_484' title='bbox 268 3446 658 3515; x_wconf 65' lang='lat' dir='ltr'><strong>perhibemus</strong></span> <span class='ocrx_word' id='word_1_485' title='bbox 680 3460 782 3514; x_wconf 92' lang='lat' dir='ltr'><strong>qua</strong></span> <span class='ocrx_word' id='word_1_486' title='bbox 812 3460 1080 3514; x_wconf 89' lang='lat' dir='ltr'><strong>nunquam</strong></span> <span class='ocrx_word' id='word_1_487' title='bbox 1100 3452 1221 3513; x_wconf 91' lang='lat' dir='ltr'><strong>post</strong></span> <span class='ocrx_word' id='word_1_488' title='bbox 1247 3444 1624 3512; x_wconf 84' lang='lat' dir='ltr'><strong>assumptionis</strong></span> <span class='ocrx_word' id='word_1_489' title='bbox 1652 3459 1825 3498; x_wconf 89' lang='lat' dir='ltr'><strong>sacra-</strong></span> 
     </span>
    </p>
   </div>
   <div class='ocr_carea' id='block_1_65' title="bbox 270 3524 1823 3606">
    <p class='ocr_par' dir='ltr' id='par_1_65' title="bbox 270 3524 1823 3606">
     <span class='ocr_line' id='line_1_65' title="bbox 270 3524 1823 3606; baseline -0.001 -18"><span class='ocrx_word' id='word_1_490' title='bbox 270 3543 513 3588; x_wconf 86' lang='lat' dir='ltr'><strong>mentum</strong></span> <span class='ocrx_word' id='word_1_491' title='bbox 544 3533 886 3604; x_wconf 85' lang='lat' dir='ltr'><strong>impassibilis</strong></span> <span class='ocrx_word' id='word_1_492' title='bbox 927 3541 981 3587; x_wconf 88' lang='lat' dir='ltr'><strong>et</strong></span> <span class='ocrx_word' id='word_1_493' title='bbox 998 3524 1403 3587; x_wconf 39' lang='lat' dir='ltr'><strong>&#39;indemutabilis</strong></span> <span class='ocrx_word' id='word_1_494' title='bbox 1428 3540 1670 3606; x_wconf 85' lang='lat' dir='ltr'><strong>separata</strong></span> <span class='ocrx_word' id='word_1_495' title='bbox 1697 3532 1823 3587; x_wconf 70' lang='lat' dir='ltr'><strong>divi~</strong></span> 
     </span>
    </p>
   </div>
   <div class='ocr_carea' id='block_1_66' title="bbox 270 3619 1825 3690">
    <p class='ocr_par' dir='ltr' id='par_1_66' title="bbox 270 3619 1825 3690">
     <span class='ocr_line' id='line_1_66' title="bbox 270 3619 1825 3690; baseline -0.001 -15"><span class='ocrx_word' id='word_1_496' title='bbox 270 3623 409 3676; x_wconf 73' lang='lat' dir='ltr'><strong>nitas</strong></span> <span class='ocrx_word' id='word_1_497' title='bbox 437 3622 777 3690; x_wconf 67' lang='lat' dir='ltr'><strong>pradicatur.</strong></span> <span class='ocrx_word' id='word_1_498' title='bbox 806 3621 883 3675; x_wconf 88' lang='lat' dir='ltr'><strong>Ac</strong></span> <span class='ocrx_word' id='word_1_499' title='bbox 909 3635 1004 3689; x_wconf 92' lang='lat' dir='ltr'><strong>per</strong></span> <span class='ocrx_word' id='word_1_500' title='bbox 1043 3622 1146 3677; x_wconf 85' lang='lat' dir='ltr'><strong>hoc</strong></span> <span class='ocrx_word' id='word_1_501' title='bbox 1186 3621 1426 3675; x_wconf 84' lang='lat' dir='ltr'><strong>Christus</strong></span> <span class='ocrx_word' id='word_1_502' title='bbox 1449 3619 1602 3674; x_wconf 81' lang='lat' dir='ltr'><strong>Jesus</strong></span> <span class='ocrx_word' id='word_1_503' title='bbox 1626 3627 1680 3673; x_wconf 91' lang='lat' dir='ltr'><strong>et</strong></span> <span class='ocrx_word' id='word_1_504' title='bbox 1702 3634 1825 3689; x_wconf 88' lang='lat' dir='ltr'><strong>pas-</strong></span> 
     </span>
    </p>
   </div>
   <div class='ocr_carea' id='block_1_67' title="bbox 270 3708 1820 3777">
    <p class='ocr_par' dir='ltr' id='par_1_67' title="bbox 270 3708 1820 3777">
     <span class='ocr_line' id='line_1_67' title="bbox 270 3708 1820 3777; baseline 0.001 -14"><span class='ocrx_word' id='word_1_505' title='bbox 270 3724 380 3775; x_wconf 85' lang='lat' dir='ltr'><strong>sus,</strong></span> <span class='ocrx_word' id='word_1_506' title='bbox 407 3719 464 3765; x_wconf 90' lang='lat' dir='ltr'><strong>et</strong></span> <span class='ocrx_word' id='word_1_507' title='bbox 482 3718 747 3771; x_wconf 83' lang='lat' dir='ltr'><strong>mortuus,</strong></span> <span class='ocrx_word' id='word_1_508' title='bbox 758 3717 811 3762; x_wconf 91' lang='lat' dir='ltr'><strong>et</strong></span> <span class='ocrx_word' id='word_1_509' title='bbox 829 3709 1147 3777; x_wconf 80' lang='lat' dir='ltr'><strong>sepultus,et</strong></span> <span class='ocrx_word' id='word_1_510' title='bbox 1164 3710 1517 3763; x_wconf 81' lang='lat' dir='ltr'><strong>resurrexisse</strong></span> <span class='ocrx_word' id='word_1_511' title='bbox 1536 3708 1820 3764; x_wconf 87' lang='lat' dir='ltr'><strong>secundum</strong></span> 
     </span>
    </p>
   </div>
   <div class='ocr_carea' id='block_1_68' title="bbox 271 3795 1822 3867">
    <p class='ocr_par' dir='ltr' id='par_1_68' title="bbox 271 3795 1822 3867">
     <span class='ocr_line' id='line_1_68' title="bbox 271 3795 1822 3867; baseline 0.001 -16"><span class='ocrx_word' id='word_1_512' title='bbox 271 3796 598 3865; x_wconf 86' lang='lat' dir='ltr'><strong>Scripturas,</strong></span> <span class='ocrx_word' id='word_1_513' title='bbox 621 3797 715 3851; x_wconf 88' lang='lat' dir='ltr'><strong>Dei</strong></span> <span class='ocrx_word' id='word_1_514' title='bbox 734 3796 896 3851; x_wconf 82' lang='lat' dir='ltr'><strong>Filius</strong></span> <span class='ocrx_word' id='word_1_515' title='bbox 906 3797 1166 3854; x_wconf 83' lang='lat' dir='ltr'><strong>veraciter</strong></span> <span class='ocrx_word' id='word_1_516' title='bbox 1182 3798 1496 3865; x_wconf 89' lang='lat' dir='ltr'><strong>declaratur.</strong></span> <span class='ocrx_word' id='word_1_517' title='bbox 1509 3795 1664 3852; x_wconf 79' lang='lat' dir='ltr'><strong>Juxta</strong></span> <span class='ocrx_word' id='word_1_518' title='bbox 1685 3798 1822 3867; x_wconf 91' lang='lat' dir='ltr'><strong>quod</strong></span> 
     </span>
    </p>
   </div>
   <div class='ocr_carea' id='block_1_69' title="bbox 270 3886 1822 3955">
    <p class='ocr_par' dir='ltr' id='par_1_69' title="bbox 270 3886 1822 3955">
     <span class='ocr_line' id='line_1_69' title="bbox 270 3886 1822 3955; baseline 0.001 -17"><span class='ocrx_word' id='word_1_519' title='bbox 270 3886 521 3939; x_wconf 87' lang='lat' dir='ltr'><strong>omnibus</strong></span> <span class='ocrx_word' id='word_1_520' title='bbox 564 3893 946 3954; x_wconf 87' lang='lat' dir='ltr'><strong>consequenter</strong></span> <span class='ocrx_word' id='word_1_521' title='bbox 997 3886 1259 3942; x_wconf 85' lang='lat' dir='ltr'><strong>Ecclesiis.</strong></span> <span class='ocrx_word' id='word_1_522' title='bbox 1296 3887 1563 3955; x_wconf 77' lang='lat' dir='ltr'><strong>apbstolus</strong></span> <span class='ocrx_word' id='word_1_523' title='bbox 1608 3887 1822 3941; x_wconf 84' lang='lat' dir='ltr'><strong>tradidit</strong></span> 
     </span>
    </p>
   </div>
   <div class='ocr_carea' id='block_1_70' title="bbox 270 3972 1823 4036">
    <p class='ocr_par' dir='ltr' id='par_1_70' title="bbox 270 3972 1823 4036">
     <span class='ocr_line' id='line_1_70' title="bbox 270 3972 1823 4036; baseline 0.003 -11"><span class='ocrx_word' id='word_1_524' title='bbox 270 3972 498 4036; x_wconf 78' lang='lat' dir='ltr'><strong>Paulus,</strong></span> <span class='ocrx_word' id='word_1_525' title='bbox 554 3979 610 4027; x_wconf 91' lang='lat' dir='ltr'><strong>et</strong></span> <span class='ocrx_word' id='word_1_526' title='bbox 661 3974 941 4027; x_wconf 80' lang='lat' dir='ltr'><strong>venerandi</strong></span> <span class='ocrx_word' id='word_1_527' title='bbox 990 3973 1191 4028; x_wconf 70' lang='lat' dir='ltr'><strong>Nicaeni</strong></span> <span class='ocrx_word' id='word_1_528' title='bbox 1241 3976 1451 4031; x_wconf 89' lang='lat' dir='ltr'><strong>concilii</strong></span> <span class='ocrx_word' id='word_1_529' title='bbox 1506 3976 1823 4031; x_wconf 75' lang='lat' dir='ltr'><strong>inviolabilis</strong></span> 
     </span>
    </p>
   </div>
   <div class='ocr_carea' id='block_1_71' title="bbox 271 4060 1820 4133">
    <p class='ocr_par' dir='ltr' id='par_1_71' title="bbox 271 4060 1820 4133">
     <span class='ocr_line' id='line_1_71' title="bbox 271 4060 1820 4133; baseline 0.003 -19"><span class='ocrx_word' id='word_1_530' title='bbox 271 4060 497 4130; x_wconf 81' lang='lat' dir='ltr'><strong>symboli</strong></span> <span class='ocrx_word' id='word_1_531' title='bbox 531 4060 805 4115; x_wconf 86' lang='lat' dir='ltr'><strong>notissima</strong></span> <span class='ocrx_word' id='word_1_532' title='bbox 830 4063 1067 4119; x_wconf 83' lang='lat' dir='ltr'><strong>omnium</strong></span> <span class='ocrx_word' id='word_1_533' title='bbox 1094 4062 1473 4117; x_wconf 85' lang='lat' dir='ltr'><strong>catholicorum</strong></span> <span class='ocrx_word' id='word_1_534' title='bbox 1493 4063 1673 4131; x_wconf 88' lang='lat' dir='ltr'><strong>regula</strong></span> <span class='ocrx_word' id='word_1_535' title='bbox 1698 4078 1820 4133; x_wconf 80' lang='lat' dir='ltr'><strong>pro-</strong></span> 
     </span>
    </p>
   </div>
   <div class='ocr_carea' id='block_1_72' title="bbox 272 4148 1821 4222">
    <p class='ocr_par' dir='ltr' id='par_1_72' title="bbox 272 4148 1821 4222">
     <span class='ocr_line' id='line_1_72' title="bbox 272 4148 1821 4222; baseline 0.002 -18"><span class='ocrx_word' id='word_1_536' title='bbox 272 4159 519 4204; x_wconf 89' lang='lat' dir='ltr'><strong>testatur.</strong></span> <span class='ocrx_word' id='word_1_537' title='bbox 572 4148 706 4204; x_wconf 83' lang='lat' dir='ltr'><strong>Nam</strong></span> <span class='ocrx_word' id='word_1_538' title='bbox 744 4158 797 4203; x_wconf 91' lang='lat' dir='ltr'><strong>et</strong></span> <span class='ocrx_word' id='word_1_539' title='bbox 832 4151 1099 4206; x_wconf 83' lang='lat' dir='ltr'><strong>hominem</strong></span> <span class='ocrx_word' id='word_1_540' title='bbox 1140 4167 1322 4206; x_wconf 86' lang='lat' dir='ltr'><strong>verum</strong></span> <span class='ocrx_word' id='word_1_541' title='bbox 1368 4153 1691 4222; x_wconf 87' lang='lat' dir='ltr'><strong>unigenitum</strong></span> <span class='ocrx_word' id='word_1_542' title='bbox 1729 4154 1821 4209; x_wconf 89' lang='lat' dir='ltr'><strong>Dei</strong></span> 
     </span>
    </p>
   </div>
   <div class='ocr_carea' id='block_1_73' title="bbox 271 4234 1820 4305">
    <p class='ocr_par' dir='ltr' id='par_1_73' title="bbox 271 4234 1820 4305">
     <span class='ocr_line' id='line_1_73' title="bbox 271 4234 1820 4305; baseline 0.004 -17"><span class='ocrx_word' id='word_1_543' title='bbox 271 4235 485 4301; x_wconf 73' lang='lat' dir='ltr'><strong>Filium,</strong></span> <span class='ocrx_word' id='word_1_544' title='bbox 512 4234 716 4289; x_wconf 77' lang='lat' dir='ltr'><strong>factum</strong></span> <span class='ocrx_word' id='word_1_545' title='bbox 743 4245 1028 4305; x_wconf 85' lang='lat' dir='ltr'><strong>natumque</strong></span> <span class='ocrx_word' id='word_1_546' title='bbox 1052 4238 1117 4290; x_wconf 93' lang='lat' dir='ltr'><strong>de</strong></span> <span class='ocrx_word' id='word_1_547' title='bbox 1142 4237 1340 4305; x_wconf 89' lang='lat' dir='ltr'><strong>Spiritu</strong></span> <span class='ocrx_word' id='word_1_548' title='bbox 1367 4248 1551 4293; x_wconf 89' lang='lat' dir='ltr'><strong>sancto</strong></span> <span class='ocrx_word' id='word_1_549' title='bbox 1570 4248 1630 4292; x_wconf 87' lang='lat' dir='ltr'><strong>et</strong></span> <span class='ocrx_word' id='word_1_550' title='bbox 1660 4240 1820 4294; x_wconf 75' lang='lat' dir='ltr'><strong>Maria</strong></span> 
     </span>
    </p>
   </div>
   <div class='ocr_carea' id='block_1_74' title="bbox 271 4325 1822 4395">
    <p class='ocr_par' dir='ltr' id='par_1_74' title="bbox 271 4325 1822 4395">
     <span class='ocr_line' id='line_1_74' title="bbox 271 4325 1822 4395; baseline 0.003 -18"><span class='ocrx_word' id='word_1_551' title='bbox 271 4326 497 4395; x_wconf 80' lang='lat' dir='ltr'><strong>virgine,</strong></span> <span class='ocrx_word' id='word_1_552' title='bbox 526 4338 687 4394; x_wconf 88' lang='lat' dir='ltr'><strong>quem</strong></span> <span class='ocrx_word' id='word_1_553' title='bbox 728 4340 791 4379; x_wconf 81' lang='lat' dir='ltr'><strong>ex</strong></span> <span class='ocrx_word' id='word_1_554' title='bbox 832 4325 985 4379; x_wconf 86' lang='lat' dir='ltr'><strong>Patre</strong></span> <span class='ocrx_word' id='word_1_555' title='bbox 1014 4334 1135 4380; x_wconf 81' lang='lat' dir='ltr'><strong>ante</strong></span> <span class='ocrx_word' id='word_1_556' title='bbox 1178 4326 1356 4379; x_wconf 87' lang='lat' dir='ltr'><strong>omnia</strong></span> <span class='ocrx_word' id='word_1_557' title='bbox 1397 4327 1586 4381; x_wconf 68' lang='lat' dir='ltr'><strong>stneula</strong></span> <span class='ocrx_word' id='word_1_558' title='bbox 1620 4342 1725 4382; x_wconf 90' lang='lat' dir='ltr'><strong>non</strong></span> <span class='ocrx_word' id='word_1_559' title='bbox 1751 4325 1822 4381; x_wconf 82' lang='lat' dir='ltr'><strong>la-</strong></span> 
     </span>
    </p>
   </div>
   <div class='ocr_carea' id='block_1_75' title="bbox 272 4413 1824 4485">
    <p class='ocr_par' dir='ltr' id='par_1_75' title="bbox 272 4413 1824 4485">
     <span class='ocr_line' id='line_1_75' title="bbox 272 4413 1824 4485; baseline 0.002 -18"><span class='ocrx_word' id='word_1_560' title='bbox 272 4422 436 4476; x_wconf 84' lang='lat' dir='ltr'><strong>etum,</strong></span> <span class='ocrx_word' id='word_1_561' title='bbox 478 4414 579 4469; x_wconf 83' lang='lat' dir='ltr'><strong>sed</strong></span> <span class='ocrx_word' id='word_1_562' title='bbox 626 4413 860 4482; x_wconf 84' lang='lat' dir='ltr'><strong>genitum</strong></span> <span class='ocrx_word' id='word_1_563' title='bbox 904 4413 1226 4468; x_wconf 86' lang='lat' dir='ltr'><strong>conﬁtetur:</strong></span> <span class='ocrx_word' id='word_1_564' title='bbox 1257 4414 1430 4482; x_wconf 87' lang='lat' dir='ltr'><strong>ipsum</strong></span> <span class='ocrx_word' id='word_1_565' title='bbox 1477 4417 1824 4485; x_wconf 79' lang='lat' dir='ltr'><strong>eamdemque</strong></span> 
     </span>
    </p>
   </div>
   <div class='ocr_carea' id='block_1_76' title="bbox 1844 3220 1894 3284">
    <p class='ocr_par' dir='ltr' id='par_1_76' title="bbox 1844 3220 1894 3284">
     <span class='ocr_line' id='line_1_76' title="bbox 1844 3220 1894 3284; baseline 0 0"><span class='ocrx_word' id='word_1_566' title='bbox 1844 3220 1894 3284; x_wconf 78' lang='grc' dir='ltr'>Ο</span> 
     </span>
    </p>
   </div>
   <div class='ocr_carea' id='block_1_77' title="bbox 1921 3260 3455 3337">
    <p class='ocr_par' dir='ltr' id='par_1_77' title="bbox 1921 3260 3455 3337">
     <span class='ocr_line' id='line_1_77' title="bbox 1921 3260 3455 3337; baseline 0 -20"><span class='ocrx_word' id='word_1_567' title='bbox 1921 3264 2046 3318; x_wconf 89' lang='lat' dir='ltr'><strong>licet</strong></span> <span class='ocrx_word' id='word_1_568' title='bbox 2063 3277 2181 3332; x_wconf 71' lang='lat' dir='ltr'><strong>qua:</strong></span> <span class='ocrx_word' id='word_1_569' title='bbox 2208 3262 2275 3316; x_wconf 90' lang='lat' dir='ltr'><strong>ad</strong></span> <span class='ocrx_word' id='word_1_570' title='bbox 2309 3261 2463 3331; x_wconf 81' lang='lat' dir='ltr'><strong>hujus</strong></span> <span class='ocrx_word' id='word_1_571' title='bbox 2501 3270 2806 3337; x_wconf 80' lang='lat' dir='ltr'><strong>exspectare</strong></span> <span class='ocrx_word' id='word_1_572' title='bbox 2835 3262 2945 3333; x_wconf 88' lang='lat' dir='ltr'><strong>[pro</strong></span> <span class='ocrx_word' id='word_1_573' title='bbox 2980 3260 3238 3333; x_wconf 88' lang='lat' dir='ltr'><strong>spectare]</strong></span> <span class='ocrx_word' id='word_1_574' title='bbox 3263 3264 3455 3332; x_wconf 82' lang='lat' dir='ltr'><strong>negotii</strong></span> 
     </span>
    </p>
   </div>
   <div class='ocr_carea' id='block_1_78' title="bbox 1922 3341 3456 3430">
    <p class='ocr_par' dir='ltr' id='par_1_78' title="bbox 1922 3341 3456 3430">
     <span class='ocr_line' id='line_1_78' title="bbox 1922 3341 3456 3430; baseline -0.001 -23"><span class='ocrx_word' id='word_1_575' title='bbox 1922 3353 2209 3408; x_wconf 88' lang='lat' dir='ltr'><strong>advertitur</strong></span> <span class='ocrx_word' id='word_1_576' title='bbox 2242 3341 2567 3420; x_wconf 81' lang='lat' dir='ltr'><strong>qualitatem,</strong></span> <span class='ocrx_word' id='word_1_577' title='bbox 2610 3352 2730 3405; x_wconf 92' lang='lat' dir='ltr'><strong>huic</strong></span> <span class='ocrx_word' id='word_1_578' title='bbox 2755 3352 2900 3420; x_wconf 83' lang='lat' dir='ltr'><strong>Operi</strong></span> <span class='ocrx_word' id='word_1_579' title='bbox 2942 3352 3184 3418; x_wconf 83' lang='lat' dir='ltr'><strong>quamvis</strong></span> <span class='ocrx_word' id='word_1_580' title='bbox 3210 3353 3357 3430; x_wconf 82' lang='lat' dir='ltr'><strong>pigro</strong></span> <span class='ocrx_word' id='word_1_581' title='bbox 3384 3353 3456 3407; x_wconf 89' lang='lat' dir='ltr'><strong>di-</strong></span> 
     </span>
    </p>
   </div>
   <div class='ocr_carea' id='block_1_79' title="bbox 1920 3439 2568 3512">
    <p class='ocr_par' dir='ltr' id='par_1_79' title="bbox 1920 3439 2568 3512">
     <span class='ocr_line' id='line_1_79' title="bbox 1920 3439 2568 3512; baseline -0.009 -15"><span class='ocrx_word' id='word_1_582' title='bbox 1920 3450 2136 3512; x_wconf 83' lang='lat' dir='ltr'><strong>gerente</strong></span> <span class='ocrx_word' id='word_1_583' title='bbox 2160 3440 2389 3495; x_wconf 88' lang='lat' dir='ltr'><strong>inseram</strong></span> <span class='ocrx_word' id='word_1_584' title='bbox 2416 3439 2568 3509; x_wconf 86' lang='lat' dir='ltr'><strong>stylo.</strong></span> 
     </span>
    </p>
   </div>
   <div class='ocr_carea' id='block_1_80' title="bbox 2478 3550 2871 3607">
    <p class='ocr_par' dir='ltr' id='par_1_80' title="bbox 2478 3550 2871 3607">
     <span class='ocr_line' id='line_1_80' title="bbox 2478 3550 2871 3607; baseline -0.008 0"><span class='ocrx_word' id='word_1_585' title='bbox 2478 3551 2698 3607; x_wconf 83' lang='lat' dir='ltr'><strong>CAPUT</strong></span> <span class='ocrx_word' id='word_1_586' title='bbox 2735 3550 2871 3605; x_wconf 72' lang='lat' dir='ltr'><strong>XIX.</strong></span> 
     </span>
    </p>
   </div>
   <div class='ocr_carea' id='block_1_81' title="bbox 1922 3602 3452 3720">
    <p class='ocr_par' dir='ltr' id='par_1_81' title="bbox 1922 3602 3452 3720">
     <span class='ocr_line' id='line_1_81' title="bbox 1922 3602 3452 3720; baseline 0.001 -28"><span class='ocrx_word' id='word_1_587' title='bbox 1922 3639 2233 3720; x_wconf 76' lang='lat' dir='ltr'><strong>Testimonia</strong></span> <span class='ocrx_word' id='word_1_588' title='bbox 2253 3602 2889 3720; x_wconf 48' lang='lat' dir='ltr'><strong>prophetis</strong></span> <span class='ocrx_word' id='word_1_589' title='bbox 2919 3656 3020 3693; x_wconf 83' lang='lat' dir='ltr'><strong>non</strong></span> <span class='ocrx_word' id='word_1_590' title='bbox 3044 3640 3269 3719; x_wconf 68' lang='lat' dir='ltr'><strong>divisum</strong></span> <span class='ocrx_word' id='word_1_591' title='bbox 3304 3640 3452 3694; x_wconf 85' lang='lat' dir='ltr'><strong>Chri-</strong></span> 
     </span>
    </p>
   </div>
   <div class='ocr_carea' id='block_1_82' title="bbox 2169 3716 3256 3776">
    <p class='ocr_par' dir='ltr' id='par_1_82' title="bbox 2169 3716 3256 3776">
     <span class='ocr_line' id='line_1_82' title="bbox 2169 3716 3256 3776; baseline 0.001 -16"><span class='ocrx_word' id='word_1_592' title='bbox 2169 3716 2301 3760; x_wconf 71' lang='lat' dir='ltr'><strong>stum</strong></span> <span class='ocrx_word' id='word_1_593' title='bbox 2328 3716 2381 3759; x_wconf 84' lang='lat' dir='ltr'><strong>in</strong></span> <span class='ocrx_word' id='word_1_594' title='bbox 2414 3716 2808 3775; x_wconf 75' lang='lat' dir='ltr'><strong>nuncupatioum</strong></span> <span class='ocrx_word' id='word_1_595' title='bbox 2829 3716 2875 3759; x_wconf 87' lang='lat' dir='ltr'><strong>et</strong></span> <span class='ocrx_word' id='word_1_596' title='bbox 2900 3716 3182 3776; x_wconf 81' lang='lat' dir='ltr'><strong>proprium.</strong></span> <span class='ocrx_word' id='word_1_597' title='bbox 3252 3770 3256 3775; x_wconf 29' lang='grc' dir='ltr'><strong>Ι</strong></span> 
     </span>
    </p>
   </div>
   <div class='ocr_carea' id='block_1_83' title="bbox 1989 3792 3449 3866">
    <p class='ocr_par' dir='ltr' id='par_1_83' title="bbox 1989 3792 3449 3866">
     <span class='ocr_line' id='line_1_83' title="bbox 1989 3792 3449 3866; baseline 0.003 -19"><span class='ocrx_word' id='word_1_598' title='bbox 1989 3793 2154 3848; x_wconf 87' lang='lat' dir='ltr'><strong>David</strong></span> <span class='ocrx_word' id='word_1_599' title='bbox 2178 3792 2337 3863; x_wconf 89' lang='lat' dir='ltr'><strong>igitur</strong></span> <span class='ocrx_word' id='word_1_600' title='bbox 2356 3794 2645 3866; x_wconf 73' lang='lat' dir='ltr'><strong>praecipuus</strong></span> <span class='ocrx_word' id='word_1_601' title='bbox 2682 3794 3075 3863; x_wconf 88' lang='lat' dir='ltr'><strong>prophetarum,</strong></span> <span class='ocrx_word' id='word_1_602' title='bbox 3097 3804 3331 3863; x_wconf 74' lang='lat' dir='ltr'><strong>paterna:</strong></span> <span class='ocrx_word' id='word_1_603' title='bbox 3356 3812 3449 3851; x_wconf 84' lang='lat' dir='ltr'><strong>vo—</strong></span> 
     </span>
    </p>
   </div>
   <div class='ocr_carea' id='block_1_84' title="bbox 1918 3880 3449 3951">
    <p class='ocr_par' dir='ltr' id='par_1_84' title="bbox 1918 3880 3449 3951">
     <span class='ocr_line' id='line_1_84' title="bbox 1918 3880 3449 3951; baseline 0.002 -15"><span class='ocrx_word' id='word_1_604' title='bbox 1918 3881 1996 3936; x_wconf 89' lang='lat' dir='ltr'><strong>cis</strong></span> <span class='ocrx_word' id='word_1_605' title='bbox 2026 3880 2248 3951; x_wconf 79' lang='lat' dir='ltr'><strong>fnngens</strong></span> <span class='ocrx_word' id='word_1_606' title='bbox 2278 3882 2526 3945; x_wconf 82' lang='lat' dir='ltr'><strong>oﬁicium,</strong></span> <span class='ocrx_word' id='word_1_607' title='bbox 2553 3882 2674 3949; x_wconf 86' lang='lat' dir='ltr'><strong>quia</strong></span> <span class='ocrx_word' id='word_1_608' title='bbox 2701 3882 2768 3935; x_wconf 89' lang='lat' dir='ltr'><strong>ab</strong></span> <span class='ocrx_word' id='word_1_609' title='bbox 2807 3890 3007 3936; x_wconf 59' lang='lat' dir='ltr'><strong>aeterno</strong></span> <span class='ocrx_word' id='word_1_610' title='bbox 3031 3882 3188 3936; x_wconf 84' lang='lat' dir='ltr'><strong>Patre</strong></span> <span class='ocrx_word' id='word_1_611' title='bbox 3231 3893 3449 3939; x_wconf 69' lang='lat' dir='ltr'><strong>coaeter-</strong></span> 
     </span>
    </p>
   </div>
   <div class='ocr_carea' id='block_1_85' title="bbox 1919 3970 3451 4044">
    <p class='ocr_par' dir='ltr' id='par_1_85' title="bbox 1919 3970 3451 4044">
     <span class='ocr_line' id='line_1_85' title="bbox 1919 3970 3451 4044; baseline 0.005 -21"><span class='ocrx_word' id='word_1_612' title='bbox 1919 3985 2018 4023; x_wconf 89' lang='lat' dir='ltr'><strong>nus</strong></span> <span class='ocrx_word' id='word_1_613' title='bbox 2047 3978 2104 4023; x_wconf 90' lang='lat' dir='ltr'><strong>tu</strong></span> <span class='ocrx_word' id='word_1_614' title='bbox 2132 3978 2259 4025; x_wconf 87' lang='lat' dir='ltr'><strong>ante</strong></span> <span class='ocrx_word' id='word_1_615' title='bbox 2290 3970 2480 4024; x_wconf 70' lang='lat' dir='ltr'><strong>saecula</strong></span> <span class='ocrx_word' id='word_1_616' title='bbox 2503 3978 2557 4024; x_wconf 90' lang='lat' dir='ltr'><strong>et</strong></span> <span class='ocrx_word' id='word_1_617' title='bbox 2598 3972 2711 4024; x_wconf 90' lang='lat' dir='ltr'><strong>sine</strong></span> <span class='ocrx_word' id='word_1_618' title='bbox 2733 3972 2883 4025; x_wconf 88' lang='lat' dir='ltr'><strong>initio</strong></span> <span class='ocrx_word' id='word_1_619' title='bbox 2911 3971 3244 4027; x_wconf 86' lang='lat' dir='ltr'><strong>inell‘abiliter</strong></span> <span class='ocrx_word' id='word_1_620' title='bbox 3269 3989 3328 4028; x_wconf 91' lang='lat' dir='ltr'><strong>es</strong></span> <span class='ocrx_word' id='word_1_621' title='bbox 3363 3990 3451 4044; x_wconf 87' lang='lat' dir='ltr'><strong>ge-</strong></span> 
     </span>
    </p>
   </div>
   <div class='ocr_carea' id='block_1_86' title="bbox 1918 4058 3452 4130">
    <p class='ocr_par' dir='ltr' id='par_1_86' title="bbox 1918 4058 3452 4130">
     <span class='ocr_line' id='line_1_86' title="bbox 1918 4058 3452 4130; baseline 0.003 -16"><span class='ocrx_word' id='word_1_622' title='bbox 1918 4060 2061 4114; x_wconf 88' lang='lat' dir='ltr'><strong>nitus</strong></span> <span class='ocrx_word' id='word_1_623' title='bbox 2084 4059 2269 4123; x_wconf 86' lang='lat' dir='ltr'><strong>Filius,</strong></span> <span class='ocrx_word' id='word_1_624' title='bbox 2292 4059 2369 4113; x_wconf 89' lang='lat' dir='ltr'><strong>sic</strong></span> <span class='ocrx_word' id='word_1_625' title='bbox 2393 4059 2467 4111; x_wconf 89' lang='lat' dir='ltr'><strong>ait</strong></span> <span class='ocrx_word' id='word_1_626' title='bbox 2496 4073 2509 4111; x_wconf 93' lang='lat'><strong>:</strong></span> <span class='ocrx_word' id='word_1_627' title='bbox 2536 4058 2720 4117; x_wconf 80' lang='lat' dir='ltr'><strong>Tecum</strong></span> <span class='ocrx_word' id='word_1_628' title='bbox 2740 4062 3044 4130; x_wconf 79' lang='lat' dir='ltr'><strong>principium</strong></span> <span class='ocrx_word' id='word_1_629' title='bbox 3068 4064 3122 4115; x_wconf 85' lang='lat' dir='ltr'><strong>in</strong></span> <span class='ocrx_word' id='word_1_630' title='bbox 3149 4064 3231 4117; x_wconf 86' lang='lat' dir='ltr'><strong>die</strong></span> <span class='ocrx_word' id='word_1_631' title='bbox 3252 4066 3452 4121; x_wconf 71' lang='lat' dir='ltr'><strong>virtutis</strong></span> 
     </span>
    </p>
   </div>
   <div class='ocr_carea' id='block_1_87' title="bbox 1918 4147 3545 4220">
    <p class='ocr_par' dir='ltr' id='par_1_87' title="bbox 1918 4147 3545 4220">
     <span class='ocr_line' id='line_1_87' title="bbox 1918 4147 3545 4220; baseline 0.002 -19"><span class='ocrx_word' id='word_1_632' title='bbox 1918 4158 2040 4213; x_wconf 75' lang='lat' dir='ltr'><strong>tute,</strong></span> <span class='ocrx_word' id='word_1_633' title='bbox 2069 4150 2124 4201; x_wconf 89' lang='lat' dir='ltr'><strong>in</strong></span> <span class='ocrx_word' id='word_1_634' title='bbox 2142 4147 2492 4217; x_wconf 77' lang='lat' dir='ltr'><strong>splendoribus</strong></span> <span class='ocrx_word' id='word_1_635' title='bbox 2525 4158 2838 4212; x_wconf 83' lang='lat' dir='ltr'><strong>sanctorum,</strong></span> <span class='ocrx_word' id='word_1_636' title='bbox 2866 4166 2929 4202; x_wconf 76' lang='lat' dir='ltr'><strong>ea:</strong></span> <span class='ocrx_word' id='word_1_637' title='bbox 2961 4160 3105 4203; x_wconf 79' lang='lat' dir='ltr'><strong>utero</strong></span> <span class='ocrx_word' id='word_1_638' title='bbox 3141 4162 3257 4207; x_wconf 80' lang='lat' dir='ltr'><strong>ante</strong></span> <span class='ocrx_word' id='word_1_639' title='bbox 3278 4151 3451 4220; x_wconf 77' lang='lat' dir='ltr'><strong>lucife-</strong></span> <span class='ocrx_word' id='word_1_640' title='bbox 3544 4168 3545 4171; x_wconf 72' lang='lat'>‘</span> 
     </span>
    </p>
   </div>
   <div class='ocr_carea' id='block_1_88' title="bbox 1920 4236 3451 4309">
    <p class='ocr_par' dir='ltr' id='par_1_88' title="bbox 1920 4236 3451 4309">
     <span class='ocr_line' id='line_1_88' title="bbox 1920 4236 3451 4309; baseline 0.003 -20"><span class='ocrx_word' id='word_1_641' title='bbox 1920 4236 2043 4289; x_wconf 72' lang='lat' dir='ltr'><strong>tum</strong></span> <span class='ocrx_word' id='word_1_642' title='bbox 2062 4238 2213 4307; x_wconf 72' lang='lat' dir='ltr'><strong>geniti</strong></span> <span class='ocrx_word' id='word_1_643' title='bbox 2236 4246 2285 4290; x_wconf 87' lang='lat' dir='ltr'><strong>te</strong></span> <span class='ocrx_word' id='word_1_644' title='bbox 2307 4237 2474 4307; x_wconf 83' lang='lat' dir='ltr'><strong>(Psal.</strong></span> <span class='ocrx_word' id='word_1_645' title='bbox 2494 4253 2604 4302; x_wconf 68' lang='lat' dir='ltr'><strong>cxx,</strong></span> <span class='ocrx_word' id='word_1_646' title='bbox 2624 4238 2699 4307; x_wconf 76' lang='lat'><strong>3).</strong></span> <span class='ocrx_word' id='word_1_647' title='bbox 2724 4238 2789 4299; x_wconf 79' lang='lat' dir='ltr'><strong>Et</strong></span> <span class='ocrx_word' id='word_1_648' title='bbox 2808 4240 3057 4306; x_wconf 90' lang='lat' dir='ltr'><strong>quoniam</strong></span> <span class='ocrx_word' id='word_1_649' title='bbox 3087 4248 3143 4292; x_wconf 94' lang='lat' dir='ltr'><strong>tu</strong></span> <span class='ocrx_word' id='word_1_650' title='bbox 3167 4240 3307 4293; x_wconf 85' lang='lat' dir='ltr'><strong>idem</strong></span> <span class='ocrx_word' id='word_1_651' title='bbox 3339 4242 3451 4309; x_wconf 88' lang='lat' dir='ltr'><strong>ipse</strong></span> 
     </span>
    </p>
   </div>
   <div class='ocr_carea' id='block_1_89' title="bbox 1920 4314 3561 4397">
    <p class='ocr_par' dir='ltr' id='par_1_89' title="bbox 1920 4314 3561 4397">
     <span class='ocr_line' id='line_1_89' title="bbox 1920 4314 3561 4397; baseline 0.001 -13"><span class='ocrx_word' id='word_1_652' title='bbox 1920 4329 2209 4384; x_wconf 85' lang='lat' dir='ltr'><strong>secundum</strong></span> <span class='ocrx_word' id='word_1_653' title='bbox 2258 4328 2699 4397; x_wconf 87' lang='lat' dir='ltr'><strong>dispensationem</strong></span> <span class='ocrx_word' id='word_1_654' title='bbox 2749 4339 3032 4397; x_wconf 64' lang='lat' dir='ltr'><strong>assumptis</strong></span> <span class='ocrx_word' id='word_1_655' title='bbox 3075 4330 3451 4385; x_wconf 83' lang='lat' dir='ltr'><strong>incarnationis</strong></span> <span class='ocrx_word' id='word_1_656' title='bbox 3555 4314 3561 4323; x_wconf 57' lang='grc'><strong>’</strong></span> 
     </span>
    </p>
   </div>
   <div class='ocr_carea' id='block_1_90' title="bbox 1922 4417 3454 4491">
    <p class='ocr_par' dir='ltr' id='par_1_90' title="bbox 1922 4417 3454 4491">
     <span class='ocr_line' id='line_1_90' title="bbox 1922 4417 3454 4491; baseline -0.001 -16"><span class='ocrx_word' id='word_1_657' title='bbox 1922 4420 2169 4485; x_wconf 85' lang='lat' dir='ltr'><strong>sacerdos</strong></span> <span class='ocrx_word' id='word_1_658' title='bbox 2194 4432 2292 4485; x_wconf 86' lang='lat' dir='ltr'><strong>pro</strong></span> <span class='ocrx_word' id='word_1_659' title='bbox 2319 4418 2493 4482; x_wconf 87' lang='lat' dir='ltr'><strong>nobis,</strong></span> <span class='ocrx_word' id='word_1_660' title='bbox 2516 4417 2713 4471; x_wconf 82' lang='lat' dir='ltr'><strong>oblatio</strong></span> <span class='ocrx_word' id='word_1_661' title='bbox 2736 4424 2790 4471; x_wconf 88' lang='lat' dir='ltr'><strong>et</strong></span> <span class='ocrx_word' id='word_1_662' title='bbox 2819 4418 2992 4472; x_wconf 87' lang='lat' dir='ltr'><strong>hostia</strong></span> <span class='ocrx_word' id='word_1_663' title='bbox 3024 4420 3075 4473; x_wconf 91' lang='lat' dir='ltr'><strong>in</strong></span> <span class='ocrx_word' id='word_1_664' title='bbox 3106 4420 3454 4491; x_wconf 40' lang='lat' dir='ltr'><strong>odorem‘Deo</strong></span> 
     </span>
    </p>
   </div>
   <div class='ocr_carea' id='block_1_91' title="bbox 271 4502 3431 4586">
    <p class='ocr_par' dir='ltr' id='par_1_91' title="bbox 271 4502 3431 4586">
     <span class='ocr_line' id='line_1_91' title="bbox 271 4502 3431 4586; baseline 0.001 -30"><span class='ocrx_word' id='word_1_665' title='bbox 271 4510 487 4571; x_wconf 86' lang='lat' dir='ltr'><strong>propter</strong></span> <span class='ocrx_word' id='word_1_666' title='bbox 510 4502 639 4566; x_wconf 62' lang='lat' dir='ltr'><strong>nos,</strong></span> <span class='ocrx_word' id='word_1_667' title='bbox 662 4509 999 4572; x_wconf 83' lang='lat' dir='ltr'><strong>nostramque</strong></span> <span class='ocrx_word' id='word_1_668' title='bbox 1040 4503 1349 4557; x_wconf 79' lang='lat' dir='ltr'><strong>cruciﬁxum</strong></span> <span class='ocrx_word' id='word_1_669' title='bbox 1391 4505 1488 4561; x_wconf 83' lang='lat' dir='ltr'><strong>sub</strong></span> <span class='ocrx_word' id='word_1_670' title='bbox 1514 4503 1700 4560; x_wconf 82' lang='lat' dir='ltr'><strong>Pontio</strong></span> <span class='ocrx_word' id='word_1_671' title='bbox 1737 4505 1823 4558; x_wconf 84' lang='lat' dir='ltr'><strong>Pi-</strong></span> <span class='ocrx_word' id='word_1_672' title='bbox 1849 4528 1897 4586; x_wconf 75' lang='grc' dir='ltr'>ι)</span> <span class='ocrx_word' id='word_1_673' title='bbox 1922 4506 2196 4559; x_wconf 83' lang='lat' dir='ltr'><strong>suavitatis</strong></span> <span class='ocrx_word' id='word_1_674' title='bbox 2216 4504 2330 4558; x_wconf 72' lang='lat' dir='ltr'><strong>ﬁeri</strong></span> <span class='ocrx_word' id='word_1_675' title='bbox 2356 4504 2601 4577; x_wconf 77' lang='lat' dir='ltr'><strong>dignatus</strong></span> <span class='ocrx_word' id='word_1_676' title='bbox 2618 4519 2693 4567; x_wconf 91' lang='lat' dir='ltr'><strong>es,</strong></span> <span class='ocrx_word' id='word_1_677' title='bbox 2720 4506 2969 4559; x_wconf 89' lang='lat' dir='ltr'><strong>continuo</strong></span> <span class='ocrx_word' id='word_1_678' title='bbox 2995 4504 3264 4571; x_wconf 75' lang='lat' dir='ltr'><strong>subiunxit</strong></span> <span class='ocrx_word' id='word_1_679' title='bbox 3296 4522 3309 4557; x_wconf 91' lang='lat'><strong>:</strong></span> <span class='ocrx_word' id='word_1_680' title='bbox 3356 4506 3431 4559; x_wconf 76' lang='lat' dir='ltr'><strong>1a</strong></span> 
     </span>
    </p>
   </div>
   <div class='ocr_carea' id='block_1_92' title="bbox 272 4587 1823 4657">
    <p class='ocr_par' dir='ltr' id='par_1_92' title="bbox 272 4587 1823 4657">
     <span class='ocr_line' id='line_1_92' title="bbox 272 4587 1823 4657; baseline 0.001 -14"><span class='ocrx_word' id='word_1_681' title='bbox 272 4587 376 4643; x_wconf 83' lang='lat' dir='ltr'><strong>lato</strong></span> <span class='ocrx_word' id='word_1_682' title='bbox 395 4589 651 4651; x_wconf 85' lang='lat' dir='ltr'><strong>salutem,</strong></span> <span class='ocrx_word' id='word_1_683' title='bbox 673 4602 892 4655; x_wconf 82' lang='lat' dir='ltr'><strong>passum</strong></span> <span class='ocrx_word' id='word_1_684' title='bbox 921 4597 975 4641; x_wconf 85' lang='lat' dir='ltr'><strong>et</strong></span> <span class='ocrx_word' id='word_1_685' title='bbox 1009 4589 1299 4657; x_wconf 87' lang='lat' dir='ltr'><strong>sepultum,</strong></span> <span class='ocrx_word' id='word_1_686' title='bbox 1346 4602 1409 4644; x_wconf 84' lang='lat' dir='ltr'><strong>ac</strong></span> <span class='ocrx_word' id='word_1_687' title='bbox 1446 4591 1599 4646; x_wconf 84' lang='lat' dir='ltr'><strong>tertia</strong></span> <span class='ocrx_word' id='word_1_688' title='bbox 1628 4590 1712 4643; x_wconf 84' lang='lat' dir='ltr'><strong>die</strong></span> <span class='ocrx_word' id='word_1_689' title='bbox 1738 4604 1823 4644; x_wconf 91' lang='lat' dir='ltr'><strong>re-</strong></span> 
     </span>
    </p>
   </div>
   <div class='ocr_carea' id='block_1_93' title="bbox 274 4679 1819 4743">
    <p class='ocr_par' dir='ltr' id='par_1_93' title="bbox 274 4679 1819 4743">
     <span class='ocr_line' id='line_1_93' title="bbox 274 4679 1819 4743; baseline 0.001 -10"><span class='ocrx_word' id='word_1_690' title='bbox 274 4680 571 4735; x_wconf 86' lang='lat' dir='ltr'><strong>surrexisse</strong></span> <span class='ocrx_word' id='word_1_691' title='bbox 606 4679 783 4733; x_wconf 88' lang='lat' dir='ltr'><strong>vivum</strong></span> <span class='ocrx_word' id='word_1_692' title='bbox 816 4694 845 4734; x_wconf 90' lang='lat' dir='ltr'><strong>a</strong></span> <span class='ocrx_word' id='word_1_693' title='bbox 886 4681 1128 4743; x_wconf 88' lang='lat' dir='ltr'><strong>mortuis,</strong></span> <span class='ocrx_word' id='word_1_694' title='bbox 1173 4680 1472 4734; x_wconf 86' lang='lat' dir='ltr'><strong>ascendisse</strong></span> <span class='ocrx_word' id='word_1_695' title='bbox 1513 4680 1567 4734; x_wconf 90' lang='lat' dir='ltr'><strong>in</strong></span> <span class='ocrx_word' id='word_1_696' title='bbox 1607 4680 1819 4743; x_wconf 69' lang='lat' dir='ltr'><strong>castum,</strong></span> 
     </span>
    </p>
   </div>
   <div class='ocr_carea' id='block_1_94' title="bbox 273 4766 1817 4838">
    <p class='ocr_par' dir='ltr' id='par_1_94' title="bbox 273 4766 1817 4838">
     <span class='ocr_line' id='line_1_94' title="bbox 273 4766 1817 4838; baseline 0.001 -17"><span class='ocrx_word' id='word_1_697' title='bbox 273 4767 454 4821; x_wconf 77' lang='lat' dir='ltr'><strong>sedere</strong></span> <span class='ocrx_word' id='word_1_698' title='bbox 501 4768 668 4821; x_wconf 81' lang='lat' dir='ltr'><strong>etiam</strong></span> <span class='ocrx_word' id='word_1_699' title='bbox 717 4768 785 4822; x_wconf 77' lang='lat' dir='ltr'><strong>ad</strong></span> <span class='ocrx_word' id='word_1_700' title='bbox 827 4766 1098 4823; x_wconf 84' lang='lat' dir='ltr'><strong>dexteram</strong></span> <span class='ocrx_word' id='word_1_701' title='bbox 1142 4770 1235 4823; x_wconf 89' lang='lat' dir='ltr'><strong>Dei</strong></span> <span class='ocrx_word' id='word_1_702' title='bbox 1288 4768 1566 4838; x_wconf 70' lang='lat' dir='ltr'><strong>proﬁtetur</strong></span> <span class='ocrx_word' id='word_1_703' title='bbox 1613 4768 1817 4831; x_wconf 84' lang='lat' dir='ltr'><strong>Patris,</strong></span> 
     </span>
    </p>
   </div>
   <div class='ocr_carea' id='block_1_95' title="bbox 275 4854 1822 4929">
    <p class='ocr_par' dir='ltr' id='par_1_95' title="bbox 275 4854 1822 4929">
     <span class='ocr_line' id='line_1_95' title="bbox 275 4854 1822 4929; baseline 0.004 -24"><span class='ocrx_word' id='word_1_704' title='bbox 275 4862 662 4922; x_wconf 82' lang='lat' dir='ltr'><strong>venturamqne</strong></span> <span class='ocrx_word' id='word_1_705' title='bbox 705 4865 825 4908; x_wconf 86' lang='lat' dir='ltr'><strong>cum</strong></span> <span class='ocrx_word' id='word_1_706' title='bbox 866 4854 1031 4923; x_wconf 85' lang='lat' dir='ltr'><strong>gloria</strong></span> <span class='ocrx_word' id='word_1_707' title='bbox 1076 4857 1223 4910; x_wconf 85' lang='lat' dir='ltr'><strong>vivos</strong></span> <span class='ocrx_word' id='word_1_708' title='bbox 1258 4863 1314 4910; x_wconf 90' lang='lat' dir='ltr'><strong>et</strong></span> <span class='ocrx_word' id='word_1_709' title='bbox 1360 4866 1597 4911; x_wconf 88' lang='lat' dir='ltr'><strong>mortuos</strong></span> <span class='ocrx_word' id='word_1_710' title='bbox 1641 4855 1822 4929; x_wconf 81' lang='lat' dir='ltr'><strong>[Forte</strong></span> 
     </span>
    </p>
   </div>
   <div class='ocr_carea' id='block_1_96' title="bbox 275 4938 1818 5013">
    <p class='ocr_par' dir='ltr' id='par_1_96' title="bbox 275 4938 1818 5013">
     <span class='ocr_line' id='line_1_96' title="bbox 275 4938 1818 5013; baseline 0.002 -18"><span class='ocrx_word' id='word_1_711' title='bbox 275 4942 408 4995; x_wconf 78' lang='lat' dir='ltr'><strong>deest</strong></span> <span class='ocrx_word' id='word_1_712' title='bbox 441 4941 533 5013; x_wconf 85' lang='lat' dir='ltr'><strong>ad]</strong></span> <span class='ocrx_word' id='word_1_713' title='bbox 560 4938 889 5009; x_wconf 76' lang='lat' dir='ltr'><strong>iudicandos.</strong></span> <span class='ocrx_word' id='word_1_714' title='bbox 926 4938 1024 5006; x_wconf 86' lang='lat' dir='ltr'><strong>Qui</strong></span> <span class='ocrx_word' id='word_1_715' title='bbox 1052 4943 1192 4996; x_wconf 90' lang='lat' dir='ltr'><strong>enim</strong></span> <span class='ocrx_word' id='word_1_716' title='bbox 1233 4944 1571 5011; x_wconf 66' lang='lat' dir='ltr'><strong>impassibilis</strong></span> <span class='ocrx_word' id='word_1_717' title='bbox 1616 4952 1671 4997; x_wconf 91' lang='lat' dir='ltr'><strong>et</strong></span> <span class='ocrx_word' id='word_1_718' title='bbox 1714 4947 1818 4998; x_wconf 81' lang='lat' dir='ltr'><strong>im-</strong></span> 
     </span>
    </p>
   </div>
   <div class='ocr_carea' id='block_1_97' title="bbox 277 5029 1819 5103">
    <p class='ocr_par' dir='ltr' id='par_1_97' title="bbox 277 5029 1819 5103">
     <span class='ocr_line' id='line_1_97' title="bbox 277 5029 1819 5103; baseline 0.001 -20"><span class='ocrx_word' id='word_1_719' title='bbox 277 5030 514 5084; x_wconf 85' lang='lat' dir='ltr'><strong>mortalis</strong></span> <span class='ocrx_word' id='word_1_720' title='bbox 540 5036 815 5103; x_wconf 83' lang='lat' dir='ltr'><strong>permanet</strong></span> <span class='ocrx_word' id='word_1_721' title='bbox 851 5044 911 5083; x_wconf 89' lang='lat' dir='ltr'><strong>ex</strong></span> <span class='ocrx_word' id='word_1_722' title='bbox 950 5029 1240 5091; x_wconf 81' lang='lat' dir='ltr'><strong>divinitate,</strong></span> <span class='ocrx_word' id='word_1_723' title='bbox 1271 5045 1457 5099; x_wconf 91' lang='lat' dir='ltr'><strong>passus</strong></span> <span class='ocrx_word' id='word_1_724' title='bbox 1503 5032 1640 5085; x_wconf 91' lang='lat' dir='ltr'><strong>idem</strong></span> <span class='ocrx_word' id='word_1_725' title='bbox 1688 5032 1819 5099; x_wconf 85' lang='lat' dir='ltr'><strong>ipse,</strong></span> 
     </span>
    </p>
   </div>
   <div class='ocr_carea' id='block_1_98' title="bbox 277 5118 1829 5188">
    <p class='ocr_par' dir='ltr' id='par_1_98' title="bbox 277 5118 1829 5188">
     <span class='ocr_line' id='line_1_98' title="bbox 277 5118 1829 5188; baseline 0.005 -18"><span class='ocrx_word' id='word_1_726' title='bbox 277 5125 329 5173; x_wconf 89' lang='lat' dir='ltr'><strong>et</strong></span> <span class='ocrx_word' id='word_1_727' title='bbox 376 5124 646 5178; x_wconf 87' lang='lat' dir='ltr'><strong>mortuus,</strong></span> <span class='ocrx_word' id='word_1_728' title='bbox 694 5132 757 5171; x_wconf 88' lang='lat' dir='ltr'><strong>ac</strong></span> <span class='ocrx_word' id='word_1_729' title='bbox 805 5118 1040 5188; x_wconf 88' lang='lat' dir='ltr'><strong>sepultus</strong></span> <span class='ocrx_word' id='word_1_730' title='bbox 1086 5119 1318 5174; x_wconf 88' lang='lat' dir='ltr'><strong>creditur</strong></span> <span class='ocrx_word' id='word_1_731' title='bbox 1360 5134 1429 5175; x_wconf 86' lang='lat' dir='ltr'><strong>ex</strong></span> <span class='ocrx_word' id='word_1_732' title='bbox 1471 5121 1829 5183; x_wconf 67' lang='lat' dir='ltr'><strong>humanitate.</strong></span> 
     </span>
    </p>
   </div>
   <div class='ocr_carea' id='block_1_99' title="bbox 343 5267 1807 5341">
    <p class='ocr_par' dir='ltr' id='par_1_99' title="bbox 343 5267 1807 5341">
     <span class='ocr_line' id='line_1_99' title="bbox 343 5267 1807 5341; baseline 0.001 -16"><span class='ocrx_word' id='word_1_733' title='bbox 343 5282 370 5312; x_wconf 75' lang='grc' dir='ltr'><strong>ι</strong></span> <span class='ocrx_word' id='word_1_734' title='bbox 398 5268 748 5341; x_wconf 73' lang='lat' dir='ltr'><strong>Apostolieum</strong></span> <span class='ocrx_word' id='word_1_735' title='bbox 769 5267 1042 5341; x_wconf 56' lang='lat' dir='ltr'><strong>inseruisse</strong></span> <span class='ocrx_word' id='word_1_736' title='bbox 1075 5269 1575 5341; x_wconf 69' lang='lat' dir='ltr'><strong>testimonium._Etsi</strong></span> <span class='ocrx_word' id='word_1_737' title='bbox 1599 5270 1807 5339; x_wconf 81' lang='lat' dir='ltr'><strong>Aposto</strong></span> 
     </span>
    </p>
   </div>
   <div class='ocr_carea' id='block_1_100' title="bbox 281 5335 1817 5413">
    <p class='ocr_par' dir='ltr' id='par_1_100' title="bbox 281 5335 1817 5413">
     <span class='ocr_line' id='line_1_100' title="bbox 281 5335 1817 5413; baseline 0 -20"><span class='ocrx_word' id='word_1_738' title='bbox 281 5338 359 5393; x_wconf 88' lang='lat' dir='ltr'><strong>lus</strong></span> <span class='ocrx_word' id='word_1_739' title='bbox 382 5335 454 5413; x_wconf 81' lang='lat' dir='ltr'><strong>_in</strong></span> <span class='ocrx_word' id='word_1_740' title='bbox 486 5347 640 5413; x_wconf 68' lang='lat' dir='ltr'><strong>textu</strong></span> <span class='ocrx_word' id='word_1_741' title='bbox 674 5335 896 5413; x_wconf 73' lang='lat' dir='ltr'><strong>allegato</strong></span> <span class='ocrx_word' id='word_1_742' title='bbox 924 5336 1139 5413; x_wconf 56' lang='lat' dir='ltr'><strong>lColqss.</strong></span> <span class='ocrx_word' id='word_1_743' title='bbox 1170 5352 1224 5413; x_wconf 81' lang='lat' dir='ltr'><strong>_t,</strong></span> <span class='ocrx_word' id='word_1_744' title='bbox 1270 5336 1354 5398; x_wconf 80' lang='lat' dir='ltr'><strong>i9,</strong></span> <span class='ocrx_word' id='word_1_745' title='bbox 1404 5337 1542 5413; x_wconf 76' lang='lat' dir='ltr'><strong>dicat</strong></span> <span class='ocrx_word' id='word_1_746' title='bbox 1580 5335 1817 5413; x_wconf 69' lang='lat' dir='ltr'><strong>tantum-</strong></span> 
     </span>
    </p>
   </div>
   <div class='ocr_carea' id='block_1_101' title="bbox 284 5402 1818 5473">
    <p class='ocr_par' dir='ltr' id='par_1_101' title="bbox 284 5402 1818 5473">
     <span class='ocr_line' id='line_1_101' title="bbox 284 5402 1818 5473; baseline 0.003 -14"><span class='ocrx_word' id='word_1_747' title='bbox 284 5408 432 5461; x_wconf 86' lang='lat' dir='ltr'><strong>modo</strong></span> <span class='ocrx_word' id='word_1_748' title='bbox 461 5424 474 5459; x_wconf 93' lang='lat'><strong>:</strong></span> <span class='ocrx_word' id='word_1_749' title='bbox 509 5404 647 5470; x_wconf 77' lang='lat' dir='ltr'><strong>Ostia</strong></span> <span class='ocrx_word' id='word_1_750' title='bbox 672 5405 727 5458; x_wconf 86' lang='lat' dir='ltr'><strong>in</strong></span> <span class='ocrx_word' id='word_1_751' title='bbox 761 5402 869 5467; x_wconf 80' lang='lat' dir='ltr'><strong>ipso</strong></span> <span class='ocrx_word' id='word_1_752' title='bbox 900 5402 1202 5470; x_wconf 66' lang='lat' dir='ltr'><strong>cbmptacult</strong></span> <span class='ocrx_word' id='word_1_753' title='bbox 1230 5420 1427 5473; x_wconf 85' lang='lat' dir='ltr'><strong>omnem</strong></span> <span class='ocrx_word' id='word_1_754' title='bbox 1458 5405 1818 5473; x_wconf 77' lang='lat' dir='ltr'><strong>plenitudinem</strong></span> 
     </span>
    </p>
   </div>
   <div class='ocr_carea' id='block_1_102' title="bbox 282 5472 1814 5543">
    <p class='ocr_par' dir='ltr' id='par_1_102' title="bbox 282 5472 1814 5543">
     <span class='ocr_line' id='line_1_102' title="bbox 282 5472 1814 5543; baseline 0.002 -17"><span class='ocrx_word' id='word_1_755' title='bbox 282 5475 600 5543; x_wconf 73' lang='lat' dir='ltr'><strong>inhabitare;</strong></span> <span class='ocrx_word' id='word_1_756' title='bbox 626 5481 858 5543; x_wconf 83' lang='lat' dir='ltr'><strong>attamen</strong></span> <span class='ocrx_word' id='word_1_757' title='bbox 888 5484 1002 5543; x_wconf 76' lang='lat' dir='ltr'><strong>cap.</strong></span> <span class='ocrx_word' id='word_1_758' title='bbox 1034 5485 1069 5522; x_wconf 85' lang='grc' dir='ltr'><strong>ιι</strong></span> <span class='ocrx_word' id='word_1_759' title='bbox 1098 5485 1235 5543; x_wconf 87' lang='lat' dir='ltr'><strong>seq..</strong></span> <span class='ocrx_word' id='word_1_760' title='bbox 1259 5487 1309 5543; x_wconf 88' lang='lat' dir='ltr'><strong>v_.</strong></span> <span class='ocrx_word' id='word_1_761' title='bbox 1336 5472 1386 5543; x_wconf 80' lang='lat'><strong>9,</strong></span> <span class='ocrx_word' id='word_1_762' title='bbox 1427 5488 1673 5543; x_wconf 77' lang='lat' dir='ltr'><strong>expresse</strong></span> <span class='ocrx_word' id='word_1_763' title='bbox 1702 5477 1774 5529; x_wconf 90' lang='lat' dir='ltr'><strong>ait</strong></span> <span class='ocrx_word' id='word_1_764' title='bbox 1802 5496 1814 5529; x_wconf 92' lang='lat'><strong>:</strong></span> 
     </span>
    </p>
   </div>
   <div class='ocr_carea' id='block_1_103' title="bbox 286 5539 1818 5616">
    <p class='ocr_par' dir='ltr' id='par_1_103' title="bbox 286 5539 1818 5616">
     <span class='ocr_line' id='line_1_103' title="bbox 286 5539 1818 5616; baseline 0.018 -45"><span class='ocrx_word' id='word_1_765' title='bbox 286 5541 535 5616; x_wconf 50' lang='lat' dir='ltr'><strong>Quom</strong></span> <span class='ocrx_word' id='word_1_766' title='bbox 553 5542 609 5593; x_wconf 70' lang='grc' dir='ltr'><strong>επ</strong></span> <span class='ocrx_word' id='word_1_767' title='bbox 635 5542 748 5616; x_wconf 56' lang='lat' dir='ltr'><strong>iam</strong></span> <span class='ocrx_word' id='word_1_768' title='bbox 776 5539 1026 5616; x_wconf 67' lang='lat' dir='ltr'><strong>inhabitat</strong></span> <span class='ocrx_word' id='word_1_769' title='bbox 1052 5539 1214 5616; x_wconf 69' lang='lat' dir='ltr'><strong>omnis</strong></span> <span class='ocrx_word' id='word_1_770' title='bbox 1249 5539 1510 5616; x_wconf 66' lang='lat' dir='ltr'><strong>plenitudo</strong></span> <span class='ocrx_word' id='word_1_771' title='bbox 1540 5542 1818 5616; x_wconf 74' lang='lat' dir='ltr'><strong>divinitatis</strong></span> 
     </span>
    </p>
   </div>
   <div class='ocr_carea' id='block_1_104' title="bbox 284 5606 1820 5748">
    <p class='ocr_par' dir='ltr' id='par_1_104' title="bbox 284 5606 1820 5748">
     <span class='ocr_line' id='line_1_104' title="bbox 284 5606 1820 5678; baseline 0.004 -17"><span class='ocrx_word' id='word_1_772' title='bbox 284 5609 626 5678; x_wconf 69' lang='lat' dir='ltr'><strong>corporaliter.</strong></span> <span class='ocrx_word' id='word_1_773' title='bbox 656 5606 807 5673; x_wconf 82' lang='lat' dir='ltr'><strong>Quod</strong></span> <span class='ocrx_word' id='word_1_774' title='bbox 827 5616 1007 5663; x_wconf 86' lang='lat' dir='ltr'><strong>autem</strong></span> <span class='ocrx_word' id='word_1_775' title='bbox 1027 5606 1131 5659; x_wconf 89' lang='lat' dir='ltr'><strong>sint</strong></span> <span class='ocrx_word' id='word_1_776' title='bbox 1162 5606 1273 5660; x_wconf 76' lang='lat' dir='ltr'><strong>htec</strong></span> <span class='ocrx_word' id='word_1_777' title='bbox 1300 5610 1459 5662; x_wconf 84' lang='lat' dir='ltr'><strong>verba</strong></span> <span class='ocrx_word' id='word_1_778' title='bbox 1485 5609 1737 5677; x_wconf 87' lang='lat' dir='ltr'><strong>Apostoli,</strong></span> <span class='ocrx_word' id='word_1_779' title='bbox 1766 5624 1820 5667; x_wconf 91' lang='lat' dir='ltr'><strong>et</strong></span> 
     </span>
     <span class='ocr_line' id='line_1_105' title="bbox 286 5674 1819 5748; baseline 0.002 -19"><span class='ocrx_word' id='word_1_780' title='bbox 286 5693 381 5732; x_wconf 91' lang='lat' dir='ltr'><strong>nou</strong></span> <span class='ocrx_word' id='word_1_781' title='bbox 405 5678 500 5731; x_wconf 78' lang='lat' dir='ltr'><strong>loci</strong></span> <span class='ocrx_word' id='word_1_782' title='bbox 529 5676 742 5748; x_wconf 81' lang='lat' dir='ltr'><strong>prioris,</strong></span> <span class='ocrx_word' id='word_1_783' title='bbox 766 5690 882 5742; x_wconf 77' lang='lat' dir='ltr'><strong>qua:</strong></span> <span class='ocrx_word' id='word_1_784' title='bbox 919 5676 1249 5748; x_wconf 77' lang='lat' dir='ltr'><strong>mutilaverat</strong></span> <span class='ocrx_word' id='word_1_785' title='bbox 1269 5674 1447 5748; x_wconf 60' lang='lat' dir='ltr'><strong>Felix,</strong></span> <span class='ocrx_word' id='word_1_786' title='bbox 1471 5686 1524 5748; x_wconf 81' lang='lat' dir='ltr'><strong>et</strong></span> <span class='ocrx_word' id='word_1_787' title='bbox 1546 5678 1819 5748; x_wconf 15' lang='lat' dir='ltr'><strong>deiquib‘ns</strong></span> 
     </span>
    </p>
   </div>
   <div class='ocr_carea' id='block_1_105' title="bbox 288 5743 1821 5815">
    <p class='ocr_par' dir='ltr' id='par_1_105' title="bbox 288 5743 1821 5815">
     <span class='ocr_line' id='line_1_106' title="bbox 288 5743 1821 5815; baseline 0.004 -17"><span class='ocrx_word' id='word_1_788' title='bbox 288 5786 301 5798; x_wconf 91' lang='lat'><strong>.</strong></span> <span class='ocrx_word' id='word_1_789' title='bbox 350 5749 505 5815; x_wconf 50' lang='lat' dir='ltr'><strong>ﬁtur</strong></span> <span class='ocrx_word' id='word_1_790' title='bbox 531 5743 799 5809; x_wconf 77' lang='lat' dir='ltr'><strong>Paulinus,</strong></span> <span class='ocrx_word' id='word_1_791' title='bbox 818 5744 1088 5797; x_wconf 81' lang='lat' dir='ltr'><strong>manifeste</strong></span> <span class='ocrx_word' id='word_1_792' title='bbox 1115 5743 1373 5798; x_wconf 80' lang='lat' dir='ltr'><strong>evincitur</strong></span> <span class='ocrx_word' id='word_1_793' title='bbox 1399 5759 1461 5798; x_wconf 85' lang='lat' dir='ltr'><strong>ex</strong></span> <span class='ocrx_word' id='word_1_794' title='bbox 1486 5746 1583 5801; x_wconf 89' lang='lat' dir='ltr'><strong>hoc</strong></span> <span class='ocrx_word' id='word_1_795' title='bbox 1613 5743 1821 5803; x_wconf 56' lang='lat' dir='ltr'><strong>Pirithoi</strong></span> 
     </span>
    </p>
   </div>
   <div class='ocr_carea' id='block_1_106' title="bbox 1926 4590 3470 4664">
    <p class='ocr_par' dir='ltr' id='par_1_106' title="bbox 1926 4590 3470 4664">
     <span class='ocr_line' id='line_1_107' title="bbox 1926 4590 3470 4664; baseline 0.003 -17"><span class='ocrx_word' id='word_1_796' title='bbox 1926 4595 2055 4649; x_wconf 77' lang='lat' dir='ltr'><strong>ravit</strong></span> <span class='ocrx_word' id='word_1_797' title='bbox 2078 4590 2357 4659; x_wconf 82' lang='lat' dir='ltr'><strong>Dominus,</strong></span> <span class='ocrx_word' id='word_1_798' title='bbox 2394 4611 2483 4647; x_wconf 86' lang='lat' dir='ltr'><strong>nec</strong></span> <span class='ocrx_word' id='word_1_799' title='bbox 2505 4612 2617 4648; x_wconf 84' lang='lat' dir='ltr'><strong>eum</strong></span> <span class='ocrx_word' id='word_1_800' title='bbox 2644 4596 2895 4664; x_wconf 73' lang='grc' dir='ltr'><strong>ρωηὶεεὺίι</strong></span> <span class='ocrx_word' id='word_1_801' title='bbox 2923 4610 2942 4647; x_wconf 92' lang='lat'><strong>:</strong></span> <span class='ocrx_word' id='word_1_802' title='bbox 2973 4593 3049 4647; x_wconf 85' lang='lat' dir='ltr'><strong>Tu</strong></span> <span class='ocrx_word' id='word_1_803' title='bbox 3076 4610 3127 4648; x_wconf 89' lang='lat' dir='ltr'><strong>es</strong></span> <span class='ocrx_word' id='word_1_804' title='bbox 3146 4596 3470 4653; x_wconf 80' lang='lat' dir='ltr'><strong>sacerdosin.</strong></span> 
     </span>
    </p>
   </div>
   <div class='ocr_carea' id='block_1_107' title="bbox 1920 4682 3457 4755">
    <p class='ocr_par' dir='ltr' id='par_1_107' title="bbox 1920 4682 3457 4755">
     <span class='ocr_line' id='line_1_108' title="bbox 1920 4682 3457 4755; baseline -0.001 -15"><span class='ocrx_word' id='word_1_805' title='bbox 1920 4696 2166 4743; x_wconf 65' lang='lat' dir='ltr'><strong>internum</strong></span> <span class='ocrx_word' id='word_1_806' title='bbox 2190 4685 2473 4745; x_wconf 74' lang='lat' dir='ltr'><strong>secundum</strong></span> <span class='ocrx_word' id='word_1_807' title='bbox 2492 4684 2723 4737; x_wconf 84' lang='lat' dir='ltr'><strong>ordinem</strong></span> <span class='ocrx_word' id='word_1_808' title='bbox 2748 4682 3116 4737; x_wconf 67' lang='lat' dir='ltr'><strong>Melchisedech</strong></span> <span class='ocrx_word' id='word_1_809' title='bbox 3160 4684 3348 4755; x_wconf 88' lang='lat' dir='ltr'><strong>(Ibid.,</strong></span> <span class='ocrx_word' id='word_1_810' title='bbox 3374 4685 3457 4755; x_wconf 67' lang='lat'><strong>4)..</strong></span> 
     </span>
    </p>
   </div>
   <div class='ocr_carea' id='block_1_108' title="bbox 1920 4775 3453 4844">
    <p class='ocr_par' dir='ltr' id='par_1_108' title="bbox 1920 4775 3453 4844">
     <span class='ocr_line' id='line_1_109' title="bbox 1920 4775 3453 4844; baseline 0.001 -14"><span class='ocrx_word' id='word_1_811' title='bbox 1920 4775 2023 4830; x_wconf 82' lang='lat' dir='ltr'><strong>Sed</strong></span> <span class='ocrx_word' id='word_1_812' title='bbox 2041 4784 2095 4830; x_wconf 88' lang='lat' dir='ltr'><strong>et</strong></span> <span class='ocrx_word' id='word_1_813' title='bbox 2112 4777 2234 4844; x_wconf 85' lang='lat' dir='ltr'><strong>quia</strong></span> <span class='ocrx_word' id='word_1_814' title='bbox 2254 4776 2471 4830; x_wconf 85' lang='lat' dir='ltr'><strong>calicem</strong></span> <span class='ocrx_word' id='word_1_815' title='bbox 2498 4776 2684 4829; x_wconf 88' lang='lat' dir='ltr'><strong>mortis</strong></span> <span class='ocrx_word' id='word_1_816' title='bbox 2697 4790 2794 4843; x_wconf 92' lang='lat' dir='ltr'><strong>pro</strong></span> <span class='ocrx_word' id='word_1_817' title='bbox 2814 4776 2982 4831; x_wconf 84' lang='lat' dir='ltr'><strong>salute</strong></span> <span class='ocrx_word' id='word_1_818' title='bbox 3004 4779 3182 4832; x_wconf 86' lang='lat' dir='ltr'><strong>mundi</strong></span> <span class='ocrx_word' id='word_1_819' title='bbox 3205 4779 3256 4833; x_wconf 86' lang='lat' dir='ltr'><strong>in</strong></span> <span class='ocrx_word' id='word_1_820' title='bbox 3285 4788 3453 4831; x_wconf 52' lang='lat' dir='ltr'><strong>trans.</strong></span> 
     </span>
    </p>
   </div>
   <div class='ocr_carea' id='block_1_109' title="bbox 1918 4861 3441 4931">
    <p class='ocr_par' dir='ltr' id='par_1_109' title="bbox 1918 4861 3441 4931">
     <span class='ocr_line' id='line_1_110' title="bbox 1918 4861 3441 4931; baseline 0 -14"><span class='ocrx_word' id='word_1_821' title='bbox 1918 4861 1996 4918; x_wconf 79' lang='lat' dir='ltr'><strong>itu</strong></span> <span class='ocrx_word' id='word_1_822' title='bbox 2018 4863 2198 4917; x_wconf 88' lang='lat' dir='ltr'><strong>bibere</strong></span> <span class='ocrx_word' id='word_1_823' title='bbox 2234 4877 2337 4916; x_wconf 91' lang='lat' dir='ltr'><strong>non</strong></span> <span class='ocrx_word' id='word_1_824' title='bbox 2371 4862 2588 4916; x_wconf 90' lang='lat' dir='ltr'><strong>renuisti</strong></span> <span class='ocrx_word' id='word_1_825' title='bbox 2612 4902 2627 4927; x_wconf 85' lang='lat'><strong>,</strong></span> <span class='ocrx_word' id='word_1_826' title='bbox 2648 4873 2772 4931; x_wconf 88' lang='lat' dir='ltr'><strong>post</strong></span> <span class='ocrx_word' id='word_1_827' title='bbox 2796 4863 3060 4916; x_wconf 87' lang='lat' dir='ltr'><strong>modicum</strong></span> <span class='ocrx_word' id='word_1_828' title='bbox 3082 4862 3441 4917; x_wconf 78' lang='lat' dir='ltr'><strong>subinfertur:</strong></span> 
     </span>
    </p>
   </div>
   <div class='ocr_carea' id='block_1_110' title="bbox 1919 4949 3453 5018">
    <p class='ocr_par' dir='ltr' id='par_1_110' title="bbox 1919 4949 3453 5018">
     <span class='ocr_line' id='line_1_111' title="bbox 1919 4949 3453 5018; baseline 0 -14"><span class='ocrx_word' id='word_1_829' title='bbox 1919 4951 1995 5005; x_wconf 91' lang='lat' dir='ltr'><strong>De</strong></span> <span class='ocrx_word' id='word_1_830' title='bbox 2041 4959 2261 5005; x_wconf 86' lang='lat' dir='ltr'><strong>torrente</strong></span> <span class='ocrx_word' id='word_1_831' title='bbox 2299 4951 2352 5004; x_wconf 86' lang='lat' dir='ltr'><strong>in</strong></span> <span class='ocrx_word' id='word_1_832' title='bbox 2387 4950 2467 5005; x_wconf 76' lang='lat' dir='ltr'><strong>ria</strong></span> <span class='ocrx_word' id='word_1_833' title='bbox 2504 4950 2664 5011; x_wconf 86' lang='lat' dir='ltr'><strong>bibet;</strong></span> <span class='ocrx_word' id='word_1_834' title='bbox 2712 4958 2975 5018; x_wconf 80' lang='lat' dir='ltr'><strong>propterea</strong></span> <span class='ocrx_word' id='word_1_835' title='bbox 3017 4949 3258 5002; x_wconf 75' lang='lat' dir='ltr'><strong>exaltabit</strong></span> <span class='ocrx_word' id='word_1_836' title='bbox 3304 4966 3453 5018; x_wconf 84' lang='lat' dir='ltr'><strong>caput</strong></span> 
     </span>
    </p>
   </div>
   <div class='ocr_carea' id='block_1_111' title="bbox 1920 5037 3454 5111">
    <p class='ocr_par' dir='ltr' id='par_1_111' title="bbox 1920 5037 3454 5111">
     <span class='ocr_line' id='line_1_112' title="bbox 1920 5037 3454 5111; baseline -0.002 -17"><span class='ocrx_word' id='word_1_837' title='bbox 1920 5038 2079 5111; x_wconf 82' lang='lat' dir='ltr'><strong>(Ibid.</strong></span> <span class='ocrx_word' id='word_1_838' title='bbox 2113 5040 2186 5108; x_wconf 87' lang='lat'><strong>7).</strong></span> <span class='ocrx_word' id='word_1_839' title='bbox 2231 5038 2363 5093; x_wconf 76' lang='grc' dir='ltr'><strong>Πίος</strong></span> <span class='ocrx_word' id='word_1_840' title='bbox 2405 5037 2535 5090; x_wconf 86' lang='lat' dir='ltr'><strong>alias</strong></span> <span class='ocrx_word' id='word_1_841' title='bbox 2575 5037 2640 5089; x_wconf 87' lang='lat' dir='ltr'><strong>de</strong></span> <span class='ocrx_word' id='word_1_842' title='bbox 2669 5037 2769 5091; x_wconf 89' lang='lat' dir='ltr'><strong>hoc</strong></span> <span class='ocrx_word' id='word_1_843' title='bbox 2817 5051 3007 5105; x_wconf 77' lang='lat' dir='ltr'><strong>magno</strong></span> <span class='ocrx_word' id='word_1_844' title='bbox 3026 5037 3237 5105; x_wconf 84' lang='lat' dir='ltr'><strong>pietatis</strong></span> <span class='ocrx_word' id='word_1_845' title='bbox 3276 5053 3454 5092; x_wconf 50' lang='lat' dir='ltr'><strong>sacra-</strong></span> 
     </span>
    </p>
   </div>
   <div class='ocr_carea' id='block_1_112' title="bbox 1918 5124 3450 5195">
    <p class='ocr_par' dir='ltr' id='par_1_112' title="bbox 1918 5124 3450 5195">
     <span class='ocr_line' id='line_1_113' title="bbox 1918 5124 3450 5195; baseline -0.005 -10"><span class='ocrx_word' id='word_1_846' title='bbox 1918 5138 2097 5189; x_wconf 81' lang='lat' dir='ltr'><strong>mento</strong></span> <span class='ocrx_word' id='word_1_847' title='bbox 2121 5129 2262 5183; x_wconf 89' lang='lat' dir='ltr'><strong>idem</strong></span> <span class='ocrx_word' id='word_1_848' title='bbox 2281 5128 2357 5181; x_wconf 90' lang='lat' dir='ltr'><strong>sic</strong></span> <span class='ocrx_word' id='word_1_849' title='bbox 2378 5126 2584 5180; x_wconf 89' lang='lat' dir='ltr'><strong>intonat</strong></span> <span class='ocrx_word' id='word_1_850' title='bbox 2609 5124 2872 5195; x_wconf 84' lang='lat' dir='ltr'><strong>Propheta</strong></span> <span class='ocrx_word' id='word_1_851' title='bbox 2899 5138 2915 5178; x_wconf 89' lang='lat'><strong>:</strong></span> <span class='ocrx_word' id='word_1_852' title='bbox 2948 5124 3119 5179; x_wconf 71' lang='lat' dir='ltr'><strong>later</strong></span> <span class='ocrx_word' id='word_1_853' title='bbox 3142 5124 3270 5181; x_wconf 84' lang='lat' dir='ltr'><strong>Sion</strong></span> <span class='ocrx_word' id='word_1_854' title='bbox 3293 5127 3450 5191; x_wconf 81' lang='lat' dir='ltr'><strong>dicit,</strong></span> 
     </span>
    </p>
   </div>
   <div class='ocr_carea' id='block_1_113' title="bbox 1917 5272 3463 5343">
    <p class='ocr_par' dir='ltr' id='par_1_113' title="bbox 1917 5272 3463 5343">
     <span class='ocr_line' id='line_1_114' title="bbox 1917 5272 3463 5343; baseline -0.005 -10"><span class='ocrx_word' id='word_1_855' title='bbox 1917 5275 2094 5333; x_wconf 72' lang='lat' dir='ltr'><strong>eﬂatu.</strong></span> <span class='ocrx_word' id='word_1_856' title='bbox 2128 5274 2193 5329; x_wconf 84' lang='lat' dir='ltr'><strong>In</strong></span> <span class='ocrx_word' id='word_1_857' title='bbox 2228 5275 2336 5343; x_wconf 83' lang='lat' dir='ltr'><strong>ipso</strong></span> <span class='ocrx_word' id='word_1_858' title='bbox 2371 5289 2585 5343; x_wconf 75' lang='lat' dir='ltr'><strong>namque</strong></span> <span class='ocrx_word' id='word_1_859' title='bbox 2624 5272 2876 5343; x_wconf 68' lang='lat' dir='ltr'><strong>proﬁteris</strong></span> <span class='ocrx_word' id='word_1_860' title='bbox 2916 5272 3212 5343; x_wconf 69' lang='lat' dir='ltr'><strong>Apouclttm</strong></span> <span class='ocrx_word' id='word_1_861' title='bbox 3252 5289 3463 5343; x_wconf 19' lang='lat' dir='ltr'><strong>omnem.</strong></span> 
     </span>
    </p>
   </div>
   <div class='ocr_carea' id='block_1_114' title="bbox 1917 5339 3452 5414">
    <p class='ocr_par' dir='ltr' id='par_1_114' title="bbox 1917 5339 3452 5414">
     <span class='ocr_line' id='line_1_115' title="bbox 1917 5339 3452 5414; baseline -0.001 -16"><span class='ocrx_word' id='word_1_862' title='bbox 1917 5339 2599 5414; x_wconf 68' lang='lat' dir='ltr'><strong>plenitudincmdivinitatis</strong></span> <span class='ocrx_word' id='word_1_863' title='bbox 2625 5339 2864 5414; x_wconf 76' lang='lat' dir='ltr'><strong>habitare</strong></span> <span class='ocrx_word' id='word_1_864' title='bbox 2904 5339 3119 5414; x_wconf 34' lang='lat' dir='ltr'><strong>(inisset</strong></span> <span class='ocrx_word' id='word_1_865' title='bbox 3140 5339 3262 5394; x_wconf 55' lang='lat' dir='ltr'><strong>Haec</strong></span> <span class='ocrx_word' id='word_1_866' title='bbox 3292 5342 3452 5414; x_wconf 75' lang='lat' dir='ltr'><strong>verba</strong></span> 
     </span>
    </p>
   </div>
   <div class='ocr_carea' id='block_1_115' title="bbox 1918 5399 3453 5478">
    <p class='ocr_par' dir='ltr' id='par_1_115' title="bbox 1918 5399 3453 5478">
     <span class='ocr_line' id='line_1_116' title="bbox 1918 5399 3453 5478; baseline -0.002 -14"><span class='ocrx_word' id='word_1_867' title='bbox 1918 5399 2175 5478; x_wconf 67' lang='lat' dir='ltr'><strong>plenitudo</strong></span> <span class='ocrx_word' id='word_1_868' title='bbox 2191 5399 2480 5478; x_wconf 68' lang='lat' dir='ltr'><strong>&#39;divinitatis</strong></span> <span class='ocrx_word' id='word_1_869' title='bbox 2504 5422 2607 5478; x_wconf 85' lang='lat' dir='ltr'><strong>non</strong></span> <span class='ocrx_word' id='word_1_870' title='bbox 2646 5415 2767 5478; x_wconf 77' lang='lat' dir='ltr'><strong>sunt</strong></span> <span class='ocrx_word' id='word_1_871' title='bbox 2787 5399 3009 5475; x_wconf 54' lang='lat' dir='ltr'><strong>prioris;</strong></span> <span class='ocrx_word' id='word_1_872' title='bbox 3030 5408 3123 5461; x_wconf 81' lang='lat' dir='ltr'><strong>sed</strong></span> <span class='ocrx_word' id='word_1_873' title='bbox 3137 5409 3453 5478; x_wconf 73' lang='lat' dir='ltr'><strong>posterioris</strong></span> 
     </span>
    </p>
   </div>
   <div class='ocr_carea' id='block_1_116' title="bbox 1920 5475 3449 5547">
    <p class='ocr_par' dir='ltr' id='par_1_116' title="bbox 1920 5475 3449 5547">
     <span class='ocr_line' id='line_1_117' title="bbox 1920 5475 3449 5547; baseline -0.003 -14"><span class='ocrx_word' id='word_1_874' title='bbox 1920 5475 2039 5541; x_wconf 87' lang='lat' dir='ltr'><strong>loci,</strong></span> <span class='ocrx_word' id='word_1_875' title='bbox 2071 5480 2123 5533; x_wconf 89' lang='lat' dir='ltr'><strong>in</strong></span> <span class='ocrx_word' id='word_1_876' title='bbox 2151 5479 2348 5547; x_wconf 13' lang='lat' dir='ltr'><strong>quoiab</strong></span> <span class='ocrx_word' id='word_1_877' title='bbox 2385 5476 2634 5547; x_wconf 58' lang='lat' dir='ltr'><strong>Apostolo</strong></span> <span class='ocrx_word' id='word_1_878' title='bbox 2664 5475 2871 5547; x_wconf 77' lang='lat' dir='ltr'><strong>additur</strong></span> <span class='ocrx_word' id='word_1_879' title='bbox 2913 5475 3261 5547; x_wconf 59' lang='lat' dir='ltr'><strong>corporaliter,</strong></span> <span class='ocrx_word' id='word_1_880' title='bbox 3286 5477 3449 5530; x_wconf 61' lang='lat' dir='ltr'><strong>omis-</strong></span> 
     </span>
    </p>
   </div>
   <div class='ocr_carea' id='block_1_117' title="bbox 1918 5541 3449 5627">
    <p class='ocr_par' dir='ltr' id='par_1_117' title="bbox 1918 5541 3449 5627">
     <span class='ocr_line' id='line_1_118' title="bbox 1918 5541 3449 5627; baseline -0.002 -25"><span class='ocrx_word' id='word_1_881' title='bbox 1918 5563 2033 5627; x_wconf 76' lang='lat' dir='ltr'><strong>sum</strong></span> <span class='ocrx_word' id='word_1_882' title='bbox 2066 5541 2487 5627; x_wconf 58' lang='lat' dir='ltr'><strong>rradd-lanter&#39;a</strong></span> <span class='ocrx_word' id='word_1_883' title='bbox 2518 5542 2709 5608; x_wconf 82' lang='lat' dir='ltr'><strong>Felice,</strong></span> <span class='ocrx_word' id='word_1_884' title='bbox 2747 5543 2883 5597; x_wconf 89' lang='lat' dir='ltr'><strong>unde</strong></span> <span class='ocrx_word' id='word_1_885' title='bbox 2916 5541 3036 5609; x_wconf 81' lang='lat' dir='ltr'><strong>jure</strong></span> <span class='ocrx_word' id='word_1_886' title='bbox 3062 5543 3328 5598; x_wconf 82' lang='lat' dir='ltr'><strong>aPaulino</strong></span> <span class='ocrx_word' id='word_1_887' title='bbox 3362 5558 3449 5599; x_wconf 81' lang='lat' dir='ltr'><strong>re-</strong></span> 
     </span>
    </p>
   </div>
   <div class='ocr_carea' id='block_1_118' title="bbox 1919 5617 3427 5759">
    <p class='ocr_par' dir='ltr' id='par_1_118' title="bbox 1919 5617 3427 5759">
     <span class='ocr_line' id='line_1_119' title="bbox 1919 5617 3427 5759; baseline 0.01 -38"><span class='ocrx_word' id='word_1_888' title='bbox 1919 5617 2368 5759; x_wconf 74' lang='lat' dir='ltr'><strong>deest</strong></span> <span class='ocrx_word' id='word_1_889' title='bbox 2389 5677 2606 5759; x_wconf 69' lang='lat' dir='ltr'><strong>Spiritu.</strong></span> <span class='ocrx_word' id='word_1_890' title='bbox 2635 5679 2851 5759; x_wconf 72' lang='lat' dir='ltr'><strong>insuper</strong></span> <span class='ocrx_word' id='word_1_891' title='bbox 2877 5678 3085 5747; x_wconf 85' lang='lat' dir='ltr'><strong>repletos</strong></span> <span class='ocrx_word' id='word_1_892' title='bbox 3103 5678 3427 5747; x_wconf 79' lang='lat' dir='ltr'><strong>patriarchas</strong></span> 
     </span>
    </p>
   </div>
   <div class='ocr_carea' id='block_1_119' title="bbox 1919 5746 2815 5820">
    <p class='ocr_par' dir='ltr' id='par_1_119' title="bbox 1919 5746 2815 5820">
     <span class='ocr_line' id='line_1_120' title="bbox 1919 5746 2815 5820; baseline -0.006 -18"><span class='ocrx_word' id='word_1_893' title='bbox 1919 5746 2202 5820; x_wconf 78' lang='lat' dir='ltr'><strong>prophetas.</strong></span> <span class='ocrx_word' id='word_1_894' title='bbox 2232 5756 2360 5813; x_wconf 61' lang='lat' dir='ltr'><strong>etc),</strong></span> <span class='ocrx_word' id='word_1_895' title='bbox 2383 5746 2495 5800; x_wconf 86' lang='lat' dir='ltr'><strong>erat</strong></span> <span class='ocrx_word' id='word_1_896' title='bbox 2522 5746 2815 5801; x_wconf 78' lang='lat' dir='ltr'><strong>dicendum.</strong></span> 
     </span>
    </p>
   </div>
  </div>
