4174 6458
283 471 389 528 373

947 470 1217 528 CONTRA
1255 473 1547 535 FELICEM
1585 477 2120 560 URGELLITANUM
2154 483 2329 538 LIBRI
2365 485 2447 538 lli.
2487 478 2556 528 4-
2595 487 2720 542 LlB.
2761 489 2801 543 Ι.

3377 495 3477 553 δ’ῑί

279 595 444 672 gnum
467 578 682 672 pietatis
694 588 1087 672 sacramentum
1099 580 1376 672 dividere-
1394 585 1682 672 coniector.
1708 585 1836 640 Sur-
1862 595 1909 651 Α
1939 598 1994 666 ut
2042 600 2188 646 tuum
2220 595 2380 648 veluti
2405 597 2700 665 sepulcrum
2733 609 2921 668 patens
2955 609 3141 672 guttur
3174 604 3482 664 intolerabl.

280 670 348 722 da
379 683 508 722 aure
553 666 657 738 [An
687 667 954 738 legendum
1002 670 1162 724 surda
1214 672 1390 726 auris?
1413 671 1433 743 ]
1459 674 1599 740 quod
1626 675 1825 735 dictum

279 762 364 808 est
387 793 403 818 ,
431 753 544 823 Ego
579 753 738 818 Deus,
761 762 810 807 et
856 771 958 812 non
991 765 1164 811 mutor
1183 795 1198 821 ,
1229 759 1430 814 auditui
1456 761 1657 829 praebet
1687 777 1827 816 mea-

279 851 415 898 tum.
453 841 570 896 Non
616 842 644 882 ιι
676 843 904 896 intentat
944 843 1060 897 illas
1107 860 1260 900 aures
1291 847 1722 902 inenarrabilium
1745 865 1830 904 sa.-

275 939 675 986 eramentorum
693 932 938 986 audiendi
959 935 1231 1003 mysteria,
1253 949 1385 1003 quas
1410 946 1481 1000 tu,
1513 940 1651 992 siem
1671 951 1828 992 evan-

275 1019 467 1088 gelista
488 1034 587 1076 nos
607 1019 804 1081 docuit,
821 1021 1016 1077 omnia
1030 1021 1300 1088 parabolis
1313 1031 1586 1080 eructares
1608 1027 1830 1080 abscon-

274 1109 388 1162 dita
421 1123 452 1161 a
475 1107 853 1163 constitutione
899 1109 1097 1172 mundi,
1128 1110 1437 1178 requirebas
1462 1111 1644 1166 dicens
1684 1130 1696 1165 :
1727 1112 1828 1176 Qui

273 1200 430 1255 habet
453 1216 606 1255 aures
632 1199 1079 1267 audiendi,audiat
1102 1201 1314 1271 (Matth.
1348 1219 1468 1269 xm,
1494 1204 1582 1269 35,
1609 1204 1700 1274 45)

871 1288 1091 1348 CAPUT
1131 1291 1248 1345 XX.

310 1356 550 1414 Christus
581 1357 831 1428 aliter’de
875 1357 1063 1479 Romi,
1091 1359 1242 1414 aliter
1259 1360 1320 1424 de
1343 1370 1506 1416 matre
1528 1365 1657 1432 used
1689 1380 1791 1422 non

987 1444 1020 1479 α
1061 1443 1138 1480 er.

342 1507 474 1579 Cur,
513 1529 547 1570 o
593 1514 792 1577 infelix,
822 1528 927 1568 non
966 1515 1119 1570 audis
1143 1517 1284 1583 quod
1319 1516 1412 1571 tibi
1447 1517 1678 1582 dicitur:
1711 1517 1825 1587 Ego

275 1603 418 1665 Deus
438 1613 486 1658 et
510 1620 613 1658 non
655 1605 859 1666 mutor;
881 1619 1042 1672 neque
1075 1606 1210 1658 enim
1233 1614 1306 1657 est
1331 1605 1466 1660 alius
1491 1615 1676 1676 prater
1707 1609 1830 1666 me?

269 1695 384 1748 Cur
414 1702 469 1748 te
498 1693 684 1750 fefellit
728 1693 902 1748 inanis
924 1694 1105 1764 gloria:
1137 1697 1352 1762 astutia,
1389 1707 1450 1751 ut
1494 1699 1769 1754 arbitreris
1799 1709 1822 1737 ο

271 1803 335 1841 es
360 1803 428 1842 eo
451 1803 555 1842 non
581 1795 633 1842 te
653 1802 808 1858 posse
834 1787 974 1843 ultro
991 1787 1260 1856 iudicialis
1288 1793 1528 1850 inhibere
1556 1793 1822 1859 vindicta,

269 1876 418 1944 quod
444 1891 628 1930 verum
652 1877 816 1930 Deum
840 1875 1086 1938 exPatre
1111 1894 1272 1941 unum
1295 1880 1642 1952 eamdemque
1668 1863 1823 1936 Chri-

1926 680 2030 740 lem
2057 695 2160 734 non
2182 685 2394 738 erubuit
2429 687 2680 740 exhalare
2701 687 2944 743 fetorem.

2415 794 2567 872 113
2604 795 2825 859 caper
2847 797 2985 852 xxr.

2063 877 2352 948 Exprobrat
2382 880 2427 932 F
2430 874 2545 934 elici
2570 893 2883 938 veternosum
2923 886 3336 940 obstinationem.

1995 967 2372 1038 Expergiseere
2403 970 2608 1024 tandem
2659 972 3050 1041 aliquandohsi
3095 973 3331 1030 funditus
3369 985 3471 1029 ιιοιι

1927 1071 1984 1109 es
2011 1055 2309 1142 defunctus,
2325 1067 2425 1112 eta
2452 1066 2637 1114 somno
2663 1055 2985 1116 inﬁdelitatis
3007 1071 3125 1143 post
3146 1072 3254 1126 tam
3282 1059 3474 1127 tumul-7

1926 1157 2078 1203 tuoso
2099 1150 2285 1220 evigila
2311 1152 2550 1219 pulsatus
2577 1151 2824 1205 clamore.
2863 1149 3146 1218 Quousque
3169 1152 3475 1220 crapulatus

1865 1228 1877 1235 ”
1925 1240 2159 1308 perﬁdiae
2191 1242 2379 1309 poculo
2404 1242 2582 1295 ursina
2610 1242 2635 1280 ά
2672 1249 2896 1296 stertere
2923 1257 3027 1295 non
3072 1241 3279 1295 desines
3310 1243 3478 1298 nare‘t

1925 1331 2067 1393 Jam,
2095 1333 2230 1385 enim
2270 1331 2432 1385 hiems
2482 1332 2710 1395 transiit,
2757 1331 2917 1384 imber
2948 1331 3112 1396 abiit,
3160 1339 3206 1384 et
3245 1331 3468 1385 recessit.

1927 1419 2189 1490 Egredere
2207 1435 2347 1484 nunc
2369 1419 2434 1474 de
2454 1420 2718 1486 tenebrosi
2743 1433 2966 1473 caverna
2994 1417 3244 1486 profundi
3274 1433 3289 1472 :
3319 1421 3474 1486 ﬂores

1927 1495 2275 1578 apparuerunt
2303 1509 2356 1562 in
2378 1517 2513 1573 terra
2538 1524 2681 1572 :_uo;r
2709 1508 2923 1560 turturis
2949 1507 3128 1559 audita
3153 1500 3225 1560 est
3253 1508 3308 1560 in
3335 1517 3475 1562 terra

1927 1581 2310 1667 nostra(Cant.
2341 1612 2398 1662 ιι,
2435 1597 2516 1659 ιι,
2551 1594 2835 1666 ιε).,Αι›ίίι
2867 1609 3076 1659 corvus,
3112 1603 3171 1648 ut
3217 1594 3376 1664 degat
3421 1598 3472 1650 in

1927 1685 2153 1739 ruinosis
2184 1702 2196 1737 :
2230 1699 2442 1740 reversa
2467 1694 2549 1741 est
2566 1683 2678 1752 jam
2719 1667 2959 1739 columba
2988 1686 3177 1760 pennis
3222 1683 3476 1752 deargen-

1928 1781 2036 1827 tata
2054 1772 2229 1836 ferens
2252 1789 2458 1828 ramum
2483 1775 2703 1828 virentis
2723 1774 2876 1829 olivte
2901 1759 3164 1837 adoream
3193 1770 3470 1840 (Gen.vnt,

1926 1863 2034 1934 ll).
2066 1863 2325 1919 Memento
2353 1864 2476 1932 quia
2506 1864 2572 1917 ad
2595 1879 2870 1931 vesperum
2900 1865 3201 1927 revertitur,
3229 1877 3296 1917 ne
3339 1862 3476 1918 forte

269 1974 415 2022 stum
444 1963 627 2022 Iesum
663 1965 942 2021 Dominum
988 1977 1260 2032 nostrum,
1281 1978 1344 2029 et,
1372 1970 1538 2031 Deum
1554 1933 1820 2032 'aututnas
1856 1933 1899 1991 Β

1856 1933 1899 1991 Β
1917 1933 2046 2017 dum
2088 1961 2143 2006 tu
2170 1967 2354 2007 somno
2380 1941 2617 2022 gravaris
2639 1951 2894 2019 perﬁdiae,
2920 1959 2974 2004 et
3011 1966 3228 2020 surgere
3265 1951 3474 2020 pigrita-

269 2056 694 2125 nuncupativum
729 2069 794 2110 ex
821 2056 1027 2112 matre?
1076 2057 1227 2134 quasi
1255 2056 1393 2134 alius
1419 2059 1489 2113 sit
1513 2059 1602 2127 qui
1627 2073 1693 2112 ex
1724 2056 1824 2112 Pa-

269 2153 370 2208 tre,
401 2155 457 2199 et
485 2144 624 2199 alius
656 2144 747 2213 qui
774 2153 1032 2198 ex-matre
1057 2161 1068 2196 :
1099 2133 1221 2208 cum
1245 2133 1544 2202 unusidem
1571 2145 1684 2214 ipse
1734 2160 1824 2200 ve-

273 2247 364 2286 rus
390 2232 534 2286 Deus
580 2245 844 2302 verusque
890 2231 980 2286 Dei
1027 2230 1212 2297 Filius,
1242 2241 1295 2286 et
1321 2241 1444 2286 ante
1482 2234 1672 2288 stecula
1710 2234 1825 2289 sine

270 2321 428 2376 initio
454 2321 521 2374 de
544 2319 799 2384 Patre,_et
815 2320 867 2372 in
901 2320 1006 2373 ﬁne
1030 2321 1343 2374 saeculorum
1385 2335 1491 2376 non
1527 2323 1682 2387 alius,
1731 2325 1826 2378 sed

265 2413 383 2479 ipse
405 2409 472 2462 de
494 2409 700 2475 virgine
731 2415 930 2460 matre:
964 2408 1100 2461 sicut
1124 2417 1181 2462 tu
1227 2409 1360 2477 ipse,
1389 2409 1697 2478 priusquam
1736 2428 1822 2465 ra-

273 2496 448 2563 piatur
488 2492 686 2548 bonum
731 2493 796 2546 de
832 2506 962 2562 agro
1014 2492 1245 2561 pectoris
1269 2495 1347 2547 tui
1369 2509 1571 2562 semen,
1603 2495 1826 2550 fructifi-

267 2565 393 2634 care
447 2566 592 2632 wue
640 2577 761 2632 ﬁdei
811 2592 1038 2632 messem
1073 2579 1298 2634 videris.
1343 2579 1512 2635 Aliter
1542 2589 1718 2638 tamen
1758 2583 1824 2638 de

267 2668 450 2733 Patre,
509 2668 666 2721 aliter
712 2682 862 2732 vero,
905 2668 998 2722 sed
1025 2683 1130 2724 non
1157 2668 1293 2723 alter
1311 2669 1549 2724 creditur
1572 2679 1728 2727 natus
1757 2672 1822 2726 de

265 2768 464 2816 matre.
498 2757 574 2810 De
601 2757 758 2810 Patre
802 2769 1032 2822 namque
1073 2756 1328 2826 simplicis
1362 2767 1585 2823 natum,
1613 2759 1679 2812 de
1716 2775 1823 2813 uno

268 2859 429 2909 unus,
460 2843 605 2898 Deus
655 2857 810 2897 verus
857 2843 922 2896 de
958 2843 1066 2896 Deo
1103 2857 1247 2896 vero.
1304 2843 1378 2897 De
1421 2852 1590 2898 matre
1636 2845 1824 2912 utique

267 2949 334 2986 ex
361 2941 597 3000 utraque
626 2941 835 2995 natura,
867 2931 1045 2984 divina
1078 2931 1282 2984 scilicet
1324 2940 1378 2984 et
1403 2933 1652 2996 humana,
1683 2933 1822 2989 Deus

267 3036 429 3076 verus
471 3029 529 3074 et
571 3019 730 3074 homo
755 3033 932 3072 verus.
962 3018 1076 3074 Non
1107 3020 1246 3074 Deus
1277 3028 1331 3073 et
1360 3022 1519 3078 homo
1549 3022 1654 3076 duo
1705 3022 1819 3089 lilii,

267 3109 348 3162 vel
385 3110 498 3163 duo
516 3107 630 3170 Dii,
662 3110 756 3162 sed
781 3107 910 3160 deus
939 3114 994 3161 et
1019 3107 1176 3167 homo
1204 3122 1360 3173 unus,
1390 3123 1652 3177 verasque
1683 3110 1822 3166 Deus

267 3201 448 3254 homo.
481 3198 598 3253 Non
626 3199 766 3252 enim
803 3187 1097 3268 assumptio
1126 3200 1430 3268 temporalis
1456 3210 1659 3256 natura:
1683 3217 1820 3270 prae-

263 3287 527 3358 judicavit
541 3288 618 3342 illi
633 3287 968 3356 sempiterna:
989 3287 1284 3354 divinaeque
1310 3297 1529 3354 naturae,
1552 3297 1610 3341 ut
1622 3290 1824 3352 autdu-

268 3376 498 3446 plicetur
511 3376 566 3436 in
583 3376 716 3430 duos
729 3375 863 3429 ﬁlios
887 3376 1159 3444 proprium
1192 3366 1396 3430 scilicet
1421 3385 1474 3429 et
1495 3376 1819 3446 adoptivum,

271 3473 328 3520 ut
355 3473 413 3518 tu
435 3464 702 3519 coniceris
731 3461 914 3536 [Forte
934 3462 1166 3535 conaris]
1197 3472 1436 3519 astruere
1463 3479 1476 3518 :
1503 3475 1594 3520 aut
1623 3469 1824 3522 rescin-

269 3557 428 3613 datur
448 3559 519 3614 ab
555 3573 696 3644 uno,
731 3558 831 3612 hoc
857 3565 939 3612 est
966 3559 1034 3612 ab
1061 3558 1256 3612 unione
1279 3573 1519 3627 persona:
1549 3576 1563 3624 ;
1610 3568 1702 3614 aut
1737 3561 1827 3630 de:

271 3656 508 3706 mutetur
522 3648 578 3700 in
603 3645 849 3709 alterum,
864 3646 964 3699 hoc
981 3653 1082 3713 est,
1105 3647 1158 3698 in
1191 3648 1609 3715 nuncupativum
1631 3648 1819 3711 Deum,

340 3787 364 3813 ι
389 3773 635 3852 Dividere
653 3773 932 3852 coniectur,
973 3771 1108 3827 forte
1141 3773 1434 3843 conjicitur,
1462 3773 1538 3828 vel
1569 3775 1824 3830 convinci-

272 3853 383 3905 tur;
420 3857 466 3893 sn
496 3855 606 3894 non
634 3856 802 3894 mavis
831 3853 1082 3905 conatur.

341 3911 367 3950 b
401 3908 529 3962 Non
559 3911 781 3962 intentat
826 3908 944 3961 illas
970 3925 1142 3962 aures.
1169 3908 1432 3964 Intentare
1457 3927 1599 3964 voces
1643 3921 1688 3964 et
1709 3927 1822 3962 ma-

273 3993 366 4033 nus
390 3992 490 4046 pro
523 3977 716 4046 minari
756 3985 802 4029 et
841 3992 1031 4046 manus
1050 3977 1282 4046 injicere,
1307 3980 1478 4032 habeo
1506 3978 1643 4046 apud
1671 3979 1822 4032 Taci-

279 4044 609 4100 tum‘Annal.
663 4044 756 4114 lib.
808 4060 900 4114 ιιι,
944 4059 992 4098 e.
1023 4044 1109 4114 ξιϐζ
1167 4045 1396 4100 Verbum
1434 4044 1575 4114 quod
1610 4048 1821 4100 auribus

277 4113 408 4233 lists].
437 4113 996 4181 commodeapplices.
1022 4112 1157 4167 Puto
1183 4114 1344 4182 igitur
1363 4112 1593 4183 positum
1620 4129 1718 4183 pro
1736 4117 1819 4172 irt-

293 4199 349 4232 en
389 4191 449 4232 ιε.

271 4191 449 4232 tendit.

341 4259 363 4287 ε
389 4247 458 4301 Ut
496 4248 856 4318 arbitreris-ea:
900 4264 958 4318 eo
1003 4257 1051 4301 te
1073 4264 1181 4318 non
1203 4266 1348 4317 posse
1369 4250 1503 4303 ultro
1546 4249 1818 4318 judicialis

274 4317 498 4396 inhibere
519 4316 794 4396 pindictw,
816 4317 972 4396 quod,
1017 4316 1350 4396 etc.‘Se‘nsus
1374 4316 1651 4396 obscurus,
1695 4319 1818 4396 quia

277 4385 662 4454 error‘videtur
687 4385 864 4454 verbis
892 4386 1082 4454 inesse,
1110 4385 1189 4437 An
1216 4385 1514 4454 legendum,
1562 4386 1697 4438 ultro
1727 4387 1820 4454 ju-

273 4451 711 4522 dicialiinhiberi
748 4454 1008 4522 vindicta?
1051 4452 1140 4507 Sic
1161 4451 1303 4506 enim
1339 4457 1615 4508 commode
1647 4451 1821 4522 perio-

276 4521 395 4588 dum
420 4520 659 4588 alioquin
686 4520 986 4588 implexam,
1025 4530 1079 4574 et
1122 4521 1341 4575 nimium
1379 4520 1674 4575 abstrusam
1728 4537 1820 4574 ex-

275 4585 641 4657 plicarem—Aut
682 4585 945 4657 arbitreris
987 4599 1034 4640 te
1069 4604 1171 4641 non
1209 4605 1356 4657 posse
1383 4589 1516 4642 ultro
1557 4589 1810 4657 inhiberi,

277 4653 382 4723 sive
410 4655 582 4710 vetari
621 4655 750 4723 quin
776 4653 1068 4709 doctrinam
1097 4653 1241 4708 tuam
1273 4655 1540 4722 edundas,
1565 4671 1595 4709 a
1615 4656 1816 4723 judicio

271 4715 552 4794 Ecclesia,
591 4715 659 4778 ea?
691 4740 770 4790 eo,
813 4723 949 4794 quod
974 4739 1147 4794 perunt
1174 4723 1356 4794 Deum,
1387 4715 1633 4789 etc.,'vel'
1652 4735 1705 4782 ut
1732 4742 1819 4778 ar-

279 4793 473 4845 bitreris
519 4801 570 4844 te
616 4808 721 4860 non
741 4791 887 4860 posse
930 4791 1064 4844 ultro
1084 4792 1355 4860 judicia/is
1388 4794 1614 4846 inhibere
1655 4793 1819 4846 vindi-

279 4869 354 4928 cta
372 4898 388 4922 ,
415 4875 516 4928 pro
540 4858 854 4928 judicialem
881 4858 1157 4928 uindictam
1178 4899 1193 4922 ,
1222 4860 1272 4912 id
1321 4868 1403 4913 est
1421 4861 1677 4927 judicium
1717 4861 1818 4911 Ec-

280 4927 445 4981 clesiae
472 4936 525 4982 te
545 4927 656 4980 non
684 4935 892 4989 vetare,
922 4927 1032 4996 sive
1062 4928 1153 4996 tibi
1176 4928 1488 4981 interdicere
1511 4942 1664 4996 posse
1692 4928 1817 4994 quin

279 5005 482 5064 eteae:
512 5011 581 5050 eo
606 4996 770 5064 quod,
793 5003 893 5049 etc.
920 4995 1069 5048 Alter
1095 4995 1282 5050 borum
1311 4995 1527 5064 videtur
1540 5010 1745 5050 sensus.

341 5062 366 5101 ἀ
393 5063 589 5116 Ursino
612 5062 822 5116 stertere
838 5079 939 5116 non
956 5063 1153 5116 desines
1177 5079 1318 5117 nare.
1346 5062 1569 5117 Stertere
1591 5073 1674 5118 est
1699 5064 1820 5117 dor-

281 5131 480 5184 miendo
510 5131 743 5199 ronchos
782 5133 1044 5194 emittere,
1073 5133 1211 5198 quod
1261 5132 1362 5185 nisi
1402 5131 1658 5199 profunde
1700 5133 1820 5184 dor-

285 5199 496 5266 mientes
523 5214 634 5252 non
669 5198 886 5252 faciunt.
920 5199 1054 5252 Dum
1097 5199 1306 5266 dormit,
1345 5198 1658 5264 ronchissat,
1689 5199 1821 5251 dixit

286 5265 505 5321 l'lautus.
535 5267 728 5322 Cicero
754 5266 844 5319 lib.
875 5267 1102 5334 nJAcad.
1133 5265 1320 5334 quaest.
1354 5268 1442 5334 qui
1469 5267 1714 5320 Lucullus
1740 5267 1820 5319 in-

285 5335 524 5390 scribitur
555 5353 569 5387 :
611 5333 718 5387 Per
735 5349 814 5386 tne
835 5329 1111 5403 vet'stertas
1139 5329 1272 5398 licet,
1305 5329 1467 5403 inquit
1506 5335 1815 5398 Carneades,

284 5416 378 5473 non
401 5403 549 5458 modo
581 5404 840 5473 quiescas,
864 5401 916 5455 id
946 5410 1027 5454 est
1055 5405 1244 5456 nedum
1297 5401 1556 5470 quiescas,
1581 5403 1677 5473 sed
1700 5403 1820 5456 dor-

287 5469 427 5542 mias,
460 5478 515 5524 et
553 5469 771 5540 quidem
819 5484 1094 5542 quousque
1138 5469 1351 5542 stertas,
1393 5480 1447 5525 et
1499 5470 1817 5524 ront'bisscs.

285 5536 423 5600 Quod
450 5536 698 5607 cum—per
725 5536 883 5607 nares
915 5540 1006 5607 ﬁat
1024 5577 1037 5599 ,
1064 5547 1118 5591 et
1160 5540 1280 5593 inde
1305 5542 1532 5594 roncbus
1564 5548 1734 5602 exeat,
1763 5549 1821 5592 ut

287 5612 435 5670 patet,
455 5615 508 5660 et
525 5605 703 5660 imiuit
731 5605 998 5661 Iuvenalis
1026 5614 1124 5660 sat.
1154 5607 1267 5671 |,_v.
1305 5607 1391 5676 57,

400 5695 576 5744 nactus
598 5701 652 5742 et
675 5695 733 5742 ad
754 5693 950 5742 calicem
977 5695 1181 5755 vigilanti
1202 5703 1409 5744 stertere
1435 5708 1578 5748 naso:

293 5777 482 5845 proprie
522 5777 656 5833 dixit
695 5774 946 5830 Paulinus
989 5786 1194 5830 stertere
1245 5793 1385 5829 mare.
1437 5776 1608 5842 Quare
1646 5787 1819 5832 autem

1925 2037 2020 2100 ris,
2039 2036 2366 2105 ingrediatur
2384 2052 2561 2092 arcam
2582 2037 2842 2100 columba,
2857 2036 3139 2104 clausoque
3161 2035 3293 2089 foris
3313 2037 3471 2100 ostio,

1924 2132 1982 2177 tu
2009 2138 2233 2193 evagare
2270 2125 2492 2192 incipias
2531 2124 2860 2178 errabundus
2910 2131 3030 2199 post
3078 2137 3316 2177 corvum.
3368 2122 3475 2175 Cur

1924 2213 2254 2266 nonsentis?
2289 2227 2376 2276 an,
2423 2200 2468 2266 Si
2517 2213 2700 2277 sentis,
2730 2213 2971 2280 stupidus
3018 2227 3260 2266 remanes
3309 2212 3472 2268 nimio

1925 2303 2196 2372 quatiente
2230 2303 2464 2358 terrore?
2516 2301 2686 2369 Quam
2742 2301 3045 2355 terribiliter
3094 2302 3470 2370 prophetarum

1927 2392 2176 2461 tonitrua,
2192 2399 2249 2445 ut
2264 2391 2676 2460 expergiscar-is;
2701 2391 2839 2444 inter
2863 2390 3100 2444 volantes
3129 2395 3474 2458 rorantesque

1923 2481 2214 2548 grassantis
2261 2481 2401 2534 aeris
2444 2480 2680 2543 nebulas,
2715 2480 2986 2534 altissimis
3015 2489 3250 2548 strepere
3274 2480 3471 2533 tumul-

1923 2567 2064 2622 tibus
2097 2582 2200 2621 non
2229 2568 2601 2636 requiescunt:
2633 2567 2857 2634 cmlique
2893 2567 3274 2635 scripturarum
3318 2567 3476 2635 spiri-

1925 2655 2016 2710 tali
2045 2656 2098 2709 in
2125 2655 2338 2710 cardine
2388 2671 2492 2725 quo
2547 2656 2842 2718 volvuntur,
2873 2655 3192 2725 cantiloquis
3248 2656 3472 2709 strident

1924 2745 2287 2808 concentibus,
2317 2745 2484 2798 dulcia
2509 2732 2827 2814 grandisono
2850 2743 3085 2798 carmina
3116 2742 3474 2798 modulamine

1924 2835 2167 2888 cantant!
2196 2833 2275 2885 An
2306 2832 2441 2888 forte
2464 2833 2658 2886 noxiali
2687 2833 2888 2886 vitiatis
2916 2833 3082 2886 oculis
3112 2831 3283 2897 fumo,
3310 2840 3362 2885 et
3403 2834 3473 2886 ob

1924 2923 2336 2992 idpalpantibus
2372 2921 2649 2992 palpebris,
2684 2935 2707 2962 ο
2735 2939 2915 2978 arcum
2945 2924 2998 2976 in
3036 2924 3120 2976 die
3144 2923 3334 2993 pluvia:
3367 2939 3471 2976 non

1923 3011 2069 3065 vales
2090 3012 2353 3080 depictum
2377 3013 2429 3064 in
2453 3013 2592 3066 nube
2611 3012 2876 3080 suspicere
2901 3011 3112 3082 (Ezech.
3144 3027 3180 3074 ι,
3207 3011 3295 3079 28)
3327 3025 3343 3064 :
3375 3028 3474 3066 nec

1924 3100 2274 3156 discurrentis
2302 3100 2701 3168 Evangeliorum
2728 3099 2943 3152 fulmina
2966 3098 3204 3152 coruscis
3226 3098 3472 3166 aquarios

1927 3188 2222 3243 transfusos
2253 3190 2414 3243 radiis
2441 3191 2646 3243 nimbos
2689 3189 2830 3242 nulla
2881 3189 2974 3242 tibi
3018 3188 3175 3245 datur
3220 3187 3470 3240 cernendi

1925 3276 2181 3332 facultas?
2206 3276 2288 3330 Nil
2316 3294 2442 3348 ergo
2465 3279 2676 3333 distasa
2699 3287 2920 3341 mortuo,
2946 3279 2989 3330 si
3010 3278 3121 3330 haec
3150 3277 3326 3330 omnia
3353 3292 3471 3343 quae

1925 3367 2192 3430 dicuntur,
2220 3368 2543 3421 insensibilia
2575 3367 2666 3420 tibi
2698 3368 2862 3420 videri
2899 3383 2964 3420 ex
3013 3369 3118 3420 tuis
3155 3368 3472 3437 quantocius

1922 3464 2171 3524 poterunt
2205 3456 2412 3511 indiciis
2439 3453 2734 3522 objiciendo
2770 3457 3001 3524 probari.
3047 3457 3233 3510 Doceri
3281 3472 3471 3524 nempe

1922 3544 2171 3598 facillime
2208 3553 2449 3613 poteras,
2475 3545 2521 3599 si
2560 3558 2740 3598 aurem
2791 3547 3025 3613 prtebcre
3055 3561 3160 3600 non
3188 3547 3470 3601 recusabas

1921 3633 2222 3702 benignam.

1919 3782 2100 3837 ursina
2127 3783 2286 3848 dicat,
2319 3783 2371 3837 in
2401 3797 2557 3838 causa
2578 3792 2679 3849 est,
2707 3786 2846 3852 quod
2880 3800 2999 3838 cum
3031 3787 3204 3841 hieme
3243 3787 3352 3840 ursi
3386 3803 3468 3840 se-

1920 3853 2110 3905 cedant
2130 3862 2185 3905 ct
2211 3853 2262 3904 in
2284 3855 2544 3920 specubus
2567 3869 2624 3906 se
2649 3855 2893 3914 condant,
2924 3873 2943 3903 ι
2971 3855 3156 3920 primis
3176 3856 3360 3908 diebus
3387 3857 3467 3908 bis

1920 3921 2152 3989 septenis
2175 3928 2280 3972 tam
2315 3922 2462 3987 gravi
2492 3937 2676 3974 somno
2696 3931 3028 3989 premuntur,
3062 3931 3118 3976 ut
3141 3938 3207 3975 ne.
3238 3923 3466 3977 vulneri-

1917 3988 2019 4041 bus
2041 3989 2252 4056 quidem
2275 3989 2494 4041 excitari
2521 3988 2737 4056 queant.
2766 3989 2913 4042 Tunc
2940 3991 3128 4043 mirum
3157 3992 3210 4044 in
3253 3992 3465 4045 modum

1919 4065 2136 4125 veterno
2170 4057 2538 4125 pinguescunt,
2579 4076 2596 4107 ι
2635 4058 2712 4111 uti
2743 4058 2927 4111 scribit
2964 4059 3164 4120 Plinius
3213 4060 3303 4112 lib.
3347 4075 3465 4123 vni,

1918 4139 2035 4192 cap.
2063 4124 2149 4177 36.
2171 4123 2321 4194 'Hinc
2349 4123 2615 4194 Iuvenalis
2638 4139 2906 4194 exponens
2944 4128 3090 4180 urbis
3134 4129 3465 4181 incommoda

1917 4193 2280 4260 provenientia
2330 4207 2392 4246 cx
2446 4193 2764 4247 clamoribus
2816 4197 3110 4260 pnesertim
3174 4195 3465 4248 mulionum

1919 4275 2330 4330 agasonumque,
2361 4263 2552 4330 quibus
2571 4261 2807 4328 iumenta
2837 4262 2917 4313 vel
2963 4263 3348 4316 recalcitrantia
3383 4264 3466 4316 vel

1919 4330 2068 4381 tarda
2086 4329 2151 4380 ad
2176 4344 2414 4400 gressum
2436 4331 2807 4382 cxcitabant'et
2831 4330 3207 4400 sollicitabant,
3229 4331 3465 4400 fugatum

1919 4412 2162 4467 somnum
2187 4399 2253 4467 ab
2282 4398 2448 4451 oculis
2472 4413 2653 4451 eorum
2687 4412 2912 4464 quoque,
2941 4399 3029 4466 qui
3055 4398 3465 4467 profundissinic

1920 4481 2014 4542 ceu
2046 4466 2155 4542 ursi
2196 4466 2334 4542 inter
2382 4474 2675 4542 terrestres,
2719 4467 3008 4542 plrocceque
3033 4466 3189 4542 inter
3233 4470 3464 4520 marinas

1851 4549 1895 4603 ι)
1919 4533 2058 4586 feras
2092 4533 2321 4586 dormire
2344 4533 2759 4598 consuevissent,
2783 4535 2854 4587 ita
2879 4533 3071 4588 cecinit
3098 4550 3112 4586 :

2340 4640 2397 4690 Et
2417 4645 2582 4690 stantis
2604 4645 2814 4690 convicta
2834 4643 3041 4690 mandrae

2040 4700 2254 4761 Eripiunt
2275 4714 2466 4750 somnos
2488 4713 2618 4759 urso,
2641 4703 2897 4761 vitulisque
2918 4706 3126 4752 marinis.

1920 4797 2050 4851 Vide
2066 4801 2281 4869 adeum
2308 4799 2476 4869 locum
2496 4800 2578 4869 lo.
2607 4801 2987 4869 Britannicum.

1991 4877 2014 4905 ε
2055 4866 2394 4939 Palpantibus
2416 4868 2701 4939 palpebris.
2728 4869 2809 4922 An
2847 4866 2901 4923 et
2931 4872 3015 4923 liic
3057 4871 3463 4939 palpitantibus!

1917 4943 1976 5004 ut
1999 4950 2154 5002 supra
2184 4949 2299 5003 cap.
2324 4937 2389 4990 15
2416 4937 2462 4988 δ.
2491 4937 2923 5004 Quandoquidem
2954 4937 3072 4992 cum
3097 4937 3239 4992 fumo
3267 4940 3460 4995 obfun-

1917 5003 2114 5077 dtmtur
2140 5005 2302 5077 oculi,
2333 5005 2594 5077 nictitant,
2630 5003 2942 5077 subsaliunt,
2971 5017 3023 5077 et
3053 5021 3171 5060 vere
3199 5008 3462 5077 palpebra!

1916 5072 2190 5144 palpitant.
2219 5072 2477 5127 Czeterum
2506 5074 2643 5140 ipsas
2670 5074 2952 5144 palpebras
2970 5076 3060 5144 alii
3085 5091 3112 5128 a
3138 5072 3461 5144 pttlpiiando,

1917 5140 2056 5213 quod
2083 5139 2248 5193 ferme
2276 5154 2486 5213 semper
2512 5139 2898 5213 tremulte'sint
2932 5161 2942 5194 :
2973 5143 3061 5196 alii
3102 5139 3147 5196 a'
3179 5139 3459 5213 palpando,

1919 5207 1984 5260 id
2015 5215 2099 5259 est
2150 5211 2510 5279 prtetentando
2546 5208 2774 5279 objecta,
2802 5212 3092 5276 deducunt;
3150 5207 3277 5266 naui
3327 5207 3463 5268 data:

1917 5283 2102 5346 sunt_t
2153 5291 2249 5329 ceu
2297 5275 2557 5344 quoddam
2615 5275 2806 5330 vadum
2856 5279 3020 5342 visus,
3051 5275 3104 5334 et
3158 5281 3465 5346 prominens

1918 5343 2520 5410 munimentum’contra
2567 5348 2899 5402 occursantia
2946 5343 3214 5410 animalia,
3260 5355 3312 5399 et
3362 5349 3463 5403 alia

1918 5409 2148 5484 fortuito
2185 5411 2510 5484 incidentia,_
2541 5434 2558 5464 ι
2607 5413 2680 5465 ait
2734 5415 2933 5468 Plinius
2978 5416 3068 5484 lib.
3124 5409 3206 5484 in,
3247 5430 3362 5484 cap.
3415 5422 3466 5474 3.

1900 5497 1942 5528 .t
1976 5478 2259 5551 Palpebras
2304 5482 2690 5551 pertYarroni
2718 5483 2913 5551 placuit
2937 5483 3131 5536 dicere.
3171 5478 3461 5537 Favorinus

1922 5562 2043 5620 vero
2076 5563 2169 5614 per
2204 5549 2231 5601 b
2261 5549 2530 5620 dixit.rAlii
2556 5549 2732 5604 dicunt
2763 5551 3027 5620 palpctras
3073 5567 3234 5620 genas
3281 5569 3293 5601 :

1920 5617 2110 5696 pebras
2157 5625 2331 5696 autem

2266 5552 2406 5602 dixit.
2429 5552 2530 5603 Alii
2556 5552 2732 5604 dicunt
2763 5552 3027 5620 palpctras
3073 5567 3234 5620 genas
3281 5569 3293 5601 :
3350 5552 3462 5617 pal-

2266 5631 2331 5694 gm
2379 5619 2510 5694 pilos
2555 5621 2713 5694 ipsos.
2765 5640 2782 5671 ι
2828 5619 3039 5694 Scuta-in
3081 5635 3156 5672 ar.
3201 5617 3458 5694 apudJu-

1921 5685 2133 5737 niannm
2184 5684 2407 5751 Maium,
2441 5688 2499 5740 ι’.
2548 5684 2818 5755 Ραιρριναο.
2879 5684 2982 5743 Sed
3027 5691 3136 5742 hace
3185 5684 3460 5745 occasione

1921 5754 2041 5806 data
2068 5753 2172 5808 sint
2201 5754 2355 5808 dicta.
