3926 6492
612 414 716 467 375

1168 513 1383 568 CAPUT
1419 512 1576 566 XXII.

617 605 920 658 Oscituntem
942 601 1440 668 Felicemredarguit
1465 601 1641 668 supine
1663 601 1973 668 ignorantem
1995 597 2135 664 diﬁ‘e-

827 670 1039 722 rentiam
1059 669 1191 720 inter
1217 676 1527 734 assumptum
1546 677 1591 719 et
1616 670 1928 736 adoptatum.

679 777 814 839 Non,
839 784 897 830 ut
921 776 1014 830 tibi
1041 775 1260 837 videtur,
1284 775 1382 829 hoc
1408 775 1488 828 est
1511 774 1773 841 adoptivus
1793 772 1929 841 quod
1965 781 2020 824 et
2055 787 2139 822 as-

613 877 866 934 sumptus,
891 880 982 920 seu
1006 864 1306 932 applicatus,
1331 864 1412 918 vel
1451 872 1638 916 cartera
1679 861 1994 929 huiusmodi,
2023 875 2139 927 quae

1501 409 1559 461 S.
1599 407 1865 460 PAULI.“
1906 406 2356 461 PATRIABCIL‘E
2395 406 2859 472 AQL’lLElENSlS

3677 400 3786 452 578

2155 514 2200 569 Α
2231 519 2280 564 te
2305 512 2495 565 ibidem
2522 513 2758 580 posuisse
2785 510 2885 563 hoc
2908 510 3082 572 modo,
3098 525 3194 563 [res
3224 525 3326 563 non
3363 511 3583 564 obsistit
3606 511 3782 562 anubi-

2231 612 2329 664 gua
2363 612 2376 649 :
2405 597 2473 650 Ut
2497 614 2858 667 cognoscamus
2886 614 3054 651 rerum
3082 597 3267 666 Deum,
3288 609 3332 651 et
3359 602 3523 653 simus
3563 602 3620 652 in
3665 617 3786 654 vero

2233 682 2372 736 Filio
2396 685 2508 751 ejus
2532 686 2654 737 Jesu
2690 684 2909 738 Christo.
2955 684 3056 737 Hic
3101 696 3174 738 est
3221 703 3365 740 verus
3403 686 3548 740 Deus
3589 699 3644 740 et
3680 692 3788 740 rita

2233 779 2422 822 a'terna
2449 770 2500 839 (Ι
2523 771 2678 824 Joan.
2705 787 2754 823 v.
2784 771 2894 840 20).
2938 773 3052 840 Ipse
3093 772 3302 824 demum
3335 774 3457 839 quia
3509 773 3722 827 dixerit
3772 790 3787 826 :

2234 857 2545 910 Advocatum
2570 859 2812 912 habemus
2854 861 2990 927 apud
3036 858 3240 931 Patrem
3284 860 3461 912 Jesum
3507 862 3790 925 Christum

619 967 708 1008 tuo
735 953 1037 1008 strematico
1067 963 1091 990 α
1142 953 1340 1020 digesta
1375 952 1512 1020 ston
1559 950 1819 1018 leguntur.
1871 951 2138 1017 Interrogo
2225 946 2427 1013 justum
2462 946 2620 1016 (Ibid.
2644 963 2702 1008 ιι,
2727 946 2800 1016 l).
2826 947 3133 1009 Advocatus,
3161 946 3260 1008 ais,
3286 947 3422 1000 idem
3451 958 3537 1003 est
3561 952 3714 1016 quod
3736 961 3792 1004 ct

617 1051 866 1108 praeterea
896 1042 938 1094 si
962 1056 1121 1094 unum
1149 1049 1231 1094 est
1267 1051 1553 1109 assumptus
1597 1049 1651 1094 et
1687 1041 1980 1103 advocatus,
2004 1055 2136 1108 quo-

616 1129 768 1182 modo
802 1127 966 1194 accipi
1001 1135 1188 1193 potest,
1219 1126 1357 1192 quod
1377 1127 1690 1194 evangelista
1731 1125 1995 1179 diabolum
2035 1126 2134 1179 Do-

615 1215 814 1266 minum
850 1214 1194 1280 assumpsisse
1241 1214 1295 1267 in
1352 1223 1583 1266 sanctam
1629 1214 1914 1277 civitatem,
1960 1213 2044 1266 vel
2087 1214 2140 1266 in

616 1310 846 1354 montem
880 1301 1117 1368 perhibet
1139 1301 1398 1356 excelsum
1430 1301 1636 1372 (Matt/1.
1668 1318 1725 1364 ιι,
1751 1301 1802 1365 5,
1834 1303 1921 1372 8)?
1952 1300 2009 1354 Si
2050 1301 2143 1355 ad-

615 1390 720 1442 huc
748 1390 960 1451 dormis,
983 1405 1085 1443 non
1111 1392 1305 1454 sentis;
1351 1392 1395 1444 si
1439 1391 1734 1460 evigilares,
1762 1391 1981 1445 forsitan
2030 1391 2142 1443 ani-

619 1479 998 1542 madverteres;
1043 1480 1286 1547 quoniam
1305 1495 1411 1532 non
1435 1481 1590 1532 datur
1624 1478 1869 1547 intelligi,
1895 1492 1995 1532 nec
2038 1477 2140 1531 ulla

614 1565 867 1631 permittit
899 1566 1254 1634 possibilitatis
1287 1567 1422 1619 ratio
1449 1566 1722 1634 suspicari,
1748 1565 1897 1633 quasi
1937 1563 2142 1631 adopti-

615 1667 736 1704 vum
764 1667 881 1707 eum
912 1653 1072 1706 filium
1107 1653 1324 1706 callidus
1352 1653 1436 1706 ille
1465 1668 1697 1722 serpens,
1719 1666 1873 1721 quem
1911 1661 2144 1707 tentatu-

617 1756 732 1793 rum
759 1742 787 1781 δ
807 1750 878 1802 et,
909 1742 951 1793 si
976 1742 1088 1794 ﬁeri
1113 1749 1302 1809 posset,
1331 1742 1670 1817 deceptorum
1693 1741 1910 1802 adierat,
1940 1741 1993 1793 in
2022 1755 2142 1792 san—

616 1837 754 1883 etam
783 1828 1043 1884 civitatem
1068 1829 1145 1882 vel
1180 1829 1232 1882 in
1273 1838 1501 1883 montem
1546 1829 1889 1896 assumpsisse
1939 1827 2142 1882 dicatur

617 1915 899 1987 excelsum.
936 1914 1188 1982 Similiter
1210 1925 1264 1970 et
1287 1917 1406 1983 quia
1433 1917 1713 1985 applicatus
1757 1930 1860 1968 non
1903 1923 1985 1968 est
2043 1915 2142 1968 hoc

618 2002 756 2069 quod
781 2010 832 2056 et
852 2003 1139 2071 adoptatus,
1166 2004 1432 2058 Dominica
1460 2019 1587 2058 voce
1623 2006 1688 2058 ad
1715 2005 1920 2058 beatum
1955 2001 2053 2057 Job
2079 2003 2143 2056 de

617 2089 800 2143 eodem
825 2089 1038 2157 antiquo
1059 2090 1205 2145 hoste
1228 2093 1526 2160 disputante
1551 2091 1844 2145 didicimus.
1869 2090 1998 2144 Nam
2023 2105 2142 2144 cum

619 2176 839 2244 mystice
885 2177 1133 2232 Dominus
1160 2187 1316 2247 caput
1355 2179 1478 2233 illud
1525 2181 1757 2234 omnium
1799 2180 2142 2247 reproborum

617 2275 670 2317 et
692 2266 938 2340 reprobus
953 2281 1135 2321 omnes
1157 2267 1269 2334 ejus
1289 2268 1494 2322 diversa
1518 2270 1749 2322 membra
1778 2269 2138 2336 distingueret,

618 2369 680 2406 ac
708 2353 961 2406 cerviCcm
993 2355 1244 2421 superbiae
1270 2355 1406 2409 illius
1443 2371 1550 2409 suae
1591 2354 1830 2424 frangere
1870 2354 2144 2422 potestatis

618 2440 932 2493 insinuasset
959 2441 1171 2504 virtute,
1201 2444 1437 2511 protinus
1461 2443 1693 2496 addidit:
1731 2443 1829 2507 Qui
1869 2443 1985 2510 fecit
2027 2459 2140 2494 eum

619 2526 884 2594 applicavit
901 2527 1127 2596 gladium
1152 2530 1262 2598 ejus
1285 2530 1421 2599 (Job.
1455 2547 1538 2592 XL,
1564 2530 1666 2598 Ui),
1691 2532 1792 2583 hoc
1819 2540 1914 2584 est.
1947 2543 2136 2607 nocen-

621 2615 670 2666 di
699 2615 953 2669 malitiam
984 2632 1091 2670 suae
1123 2612 1403 2672 refrenavit
1432 2619 1652 2685 imperio
1683 2619 1973 2686 potestatis.
2003 2617 2144 2670 Nun-

620 2702 744 2770 quid
770 2703 907 2770 quod
941 2704 1130 2758 dicitur
1156 2705 1420 2773 applicabit
1442 2720 1577 2769 eum,
1604 2704 1817 2772 intelligi
1844 2705 1998 2758 debet
2025 2703 2145 2755 udo-

622 2791 777 2859 ptauit
795 2806 930 2855 eum,
955 2807 1072 2846 cum
1100 2792 1186 2846 ille
1206 2809 1467 2861 nunquam
1493 2795 1562 2847 sit
1613 2796 1678 2848 ad
1722 2796 1928 2848 veniam
1968 2807 2145 2846 rever-

622 2890 778 2928 surus
802 2883 852 2929 et
880 2879 1024 2944 quasi
1060 2892 1154 2947 per
1189 2879 1479 2947 adoptionis
1525 2882 1744 2948 gratiam
1793 2881 1847 2933 in
1893 2882 2033 2932 scrte
2071 2879 2147 2950 .sit

623 2965 848 3018 filiorum
872 2967 1313 3036 redintegraturus
1341 2967 1470 3036 [Pro
1509 2968 1919 3035 reingressurus,
1944 2966 2017 3018 vel
2060 2980 2146 3018 re-

622 3056 1046 3126 dintegrandus]?
1067 3058 1194 3124 Quis
1210 3058 1308 3110 hoc
1359 3058 1411 3110 in
1434 3064 1635 3109 tantum
1661 3057 1729 3110 sit
1748 3056 1968 3125 ignaviae
1996 3071 2145 3110 vora-

2234 1037 2514 1100 mcdiator;
2542 1044 2594 1090 et
2621 1039 2737 1089 ideo
2759 1035 3014 1089 refellitur
3031 1045 3129 1088 ate
3145 1051 3298 1090 verus
3322 1039 3465 1091 credi
3489 1054 3600 1092 non
3621 1055 3791 1107 posse

2235 1125 2394 1179 Deus.
2420 1125 2570 1179 Recte
2590 1127 2723 1179 enim
2743 1127 2980 1179 mentitus
2998 1143 3050 1179 es
3069 1127 3123 1179 in
3147 1137 3296 1195 caput
3324 1136 3489 1179 tuum.
3515 1127 3659 1180 Ecce
3680 1131 3791 1182 An-

2236 1213 2376 1281 gelus
2403 1213 2605 1266 Domini
2629 1222 2762 1266 secat
2785 1231 2832 1266 se
2859 1215 3080 1266 medium
3119 1213 3358 1282 (Daniel.
3385 1230 3502 1278 xm,
3530 1214 3621 1277 55,
3652 1216 3785 1286 59).

2238 1299 2521 1352 Advocatus
2541 1301 2699 1369 igitur
2724 1315 2831 1355 non
2859 1308 2940 1353 est
2966 1301 3102 1360 idem
3117 1302 3255 1367 quod
3277 1303 3547 1354 mediator.
3576 1302 3791 1358 Media-

2237 1394 2318 1436 tor
2337 1400 2557 1454 namque
2577 1387 2677 1440 hoc
2695 1395 2776 1442 est
2801 1383 3016 1454 quodet
3043 1387 3411 1441 reconciliator.
3454 1390 3650 1445 Sermo
3695 1409 3790 1448 au-

2239 1483 2343 1528 tem
2371 1477 2673 1532 mediatoris
2699 1492 2814 1531 cum
2843 1479 3271 1547 interpretatione
3306 1482 3386 1534 sui
3430 1481 3792 1556 denuntiatur

2237 1561 2470 1617 effectus.
2499 1564 2748 1618 Mediator
2775 1567 2932 1635 igitur
2957 1569 3022 1622 ab
3042 1582 3106 1621 eo
3137 1567 3350 1638 [Supple
3385 1570 3608 1641 dicitur]
3640 1573 3790 1639 quod

2239 1647 2442 1703 medius
2474 1650 2543 1704 sit
2562 1650 2699 1704 inter
2723 1659 2974 1720 utrasque
2993 1653 3354 1707 dissidentium
3381 1664 3588 1722 partes,
3615 1667 3679 1710 ut
3712 1673 3793 1712 re-

2241 1737 2481 1792 conciliet
2505 1723 2688 1792 ambos
2727 1739 2780 1792 in
2805 1755 2986 1793 unum.
3022 1740 3172 1805 Quod
3213 1741 3421 1810 quidem
3459 1743 3791 1814 Redemptor

2243 1835 2421 1880 noster
2445 1827 2744 1896 unigenitus
2779 1827 2872 1880 Dei
2902 1827 3261 1883 Patris'Filius
3306 1845 3401 1899 pro
3440 1833 3596 1887 nobis
3643 1834 3788 1887 inter

2244 1914 2407 1967 Deum
2431 1921 2484 1966 et
2517 1929 2613 1967 nos
2635 1913 2749 1985 fieri
2773 1917 2936 1983 gratis
2960 1917 3205 1986 dignatus
3237 1926 3345 1982 est,
3366 1927 3425 1972 ut
3451 1921 3543 1988 qui
3580 1922 3788 1976 discor-

2243 2002 2335 2054 des
2365 2016 2393 2054 a
2437 2001 2701 2056 consortio
2739 2003 3011 2057 charitatis
3052 2004 3144 2078 Dei
3191 2007 3456 2073 peccando
3499 2009 3790 2063 exstitera-

2245 2104 2392 2152 mus;
2417 2104 2511 2156 per
2544 2105 2662 2143 cum
2701 2089 2766 2144 ad
2792 2092 3127 2145 concordiam
3171 2093 3331 2146 divini
3369 2093 3570 2150 amoris
3599 2111 3787 2152 recon-

2244 2175 2404 2229 ciliati
2443 2176 2494 2228 in
2538 2177 2789 2244 sanguine
2824 2178 2986 2246 ipsius
3037 2180 3381 2250 redintegrari
3429 2174 3782 2250 mcmremur,

2243 2263 2378 2316 sicut
2403 2279 2496 2332 per
2516 2263 2731 2317 Paulum
2757 2266 3003 2319 docetur:
3027 2267 3154 2320 Cum
3176 2261 3418 2333 essemus,
3441 2271 3536 2327 ait.
3559 2273 3781 2339 inimici,

2243 2351 2553 2403 reconciliati
2599 2365 2775 2405 sumus
2825 2352 2927 2424 Deo
2961 2370 3049 2422 per
3085 2366 3294 2410 mortem
3335 2356 3462 2412 Filii
3488 2361 3626 2429 ejus,
3656 2362 3784 2414 salvi

2244 2437 2366 2503 facti
2391 2453 2478 2505 per
2505 2439 2799 2508 sanguinem
2825 2438 2983 2509 ipsius
3006 2441 3178 2512 (Rom.
3212 2459 3258 2506 ν,
3281 2445 3366 2514 10)
3396 2463 3414 2498 :
3441 2447 3620 2500 delens
3646 2449 3784 2517 quod

2243 2527 2508 2579 adversum
2553 2543 2642 2579 nos
2665 2537 2772 2579 erat
2817 2531 3184 2598 cyrograpltum
3223 2530 3336 2604 [Sic
3377 2549 3476 2601 pro
3518 2533 3784 2606 chirogra-

2244 2611 2424 2682 phum]
2449 2612 2666 2678 decreti,
2686 2615 2822 2683 quod
2845 2626 2954 2669 erat
2991 2619 3304 2672 contrarium
3348 2621 3512 2684 nobis,
3538 2634 3589 2675 et
3614 2625 3782 2693 ipsum

2244 2701 2358 2753 tulit
2388 2702 2450 2754 de
2470 2702 2653 2765 medio,
2679 2703 2894 2772 afﬁgens
2927 2705 3057 2759 illud
3081 2706 3242 2769 cruci,
3268 2707 3561 2776 exspolians
3592 2712 3785 2778 princi-

2243 2797 2391 2841 patus
2418 2797 2466 2838 et
2485 2796 2754 2856 potestates
2783 2790 3012 2843 traduxit
3045 2791 3374 2858 conﬁdenter,
3396 2793 3574 2862 palam
3603 2797 3782 2849 trium-

2244 2875 2404 2942 phans
2430 2873 2548 2928 illos
2582 2877 2637 2928 in
2661 2877 2924 2944 semetipso
2953 2876 3170 2947 (Coloss.
3196 2895 3257 2942 ιι,
3277 2880 3384 2950 Li).
3414 2881 3655 2949 Denique
3683 2899 3782 2941 non

2247 2958 2736 3026 Paulusmediator,
2759 2965 2849 3018 sed
2869 2965 3072 3034 legatus
3099 2966 3265 3021 fidelis
3287 2968 3620 3033 mediatoris,
3646 2971 3783 3041 lege-

2250 3047 2416 3112 tione,
2481 3049 2666 3116 inquit,
2693 3049 2956 3118 fungimur
2995 3069 3087 3121 pro
3132 3053 3353 3119 Christo,
3383 3059 3782 3114 reconciliamini

630 3105 989 3125 ___-_u_“____
1030 3105 1039 3108 ,
1076 3105 1191 3124 ν--
1211 3105 1306 3110 η,
1440 3105 1635 3109 -___-___
1662 3105 1727 3110 ___
1750 3105 1964 3125 _,__--,_-_
2035 3105 2121 3110 ---

622 3143 793 3209 ginem
824 3105 1044 3206 mersus,
1063 3152 1121 3197 ut
1142 3144 1417 3212 dissipiens
1447 3145 1619 3198 taliter
1651 3145 1732 3197 vel
1762 3145 1994 3212 cogitare
2017 3158 2146 3212 prte-

2245 3133 2354 3187 Deo
2383 3105 2467 3202 (le
2498 3105 2618 3187 Cdr.
2642 3105 2704 3200 θ’,
2718 3105 3122 3208 ’20),Αάυοέαηιε
3161 3105 3394 3210 namque

623 3223 829 3284 sumat?
852 3231 977 3294 Cur,
1002 3246 1195 3302 qumso,
1223 3232 1501 3300 diligenter
1541 3247 1645 3287 non
1687 3232 1986 3286 consideras
2023 3232 2146 3298 quid

627 3320 874 3387 loquaris,
899 3329 951 3373 et
998 3321 1255 3375 subtiliter
1290 3309 1612 3389 perpendere
1661 3319 1878 3389 negligis
1933 3319 1998 3372 de
2044 3334 2148 3386 quo

625 3409 889 3476 loquaris?
913 3410 993 3463 An
1021 3407 1190 3466 nescis
1245 3410 1397 3482 ι,ιάΙ
1448 3411 1569 3478 quia
1600 3423 1752 3462 omne
1792 3407 1982 3461 animal
2007 3407 2147 3475 quod

623 3511 726 3548 non
768 3497 1017 3562 ruminat,
1056 3507 1146 3552 aut
1194 3513 1296 3551 non
1344 3495 1490 3550 findit
1533 3497 1799 3564 ungulam,
1824 3496 2147 3549 immundum

625 3585 834 3637 Domini
870 3585 980 3652 iege
1015 3595 1227 3640 cavetur
1271 3584 1449 3654 (Lavit.
1481 3600 1541 3648 ιι,
1567 3584 1690 3653 26)?
1738 3585 1795 3637 lu
1840 3584 2148 3638 ruminando

625 3672 904 3741 quippe,et
930 3673 987 3726 in.
1013 3674 1148 3728 fissae
1173 3673 1376 3740 ungulae
1399 3673 1784 3726 distinctionem
1829 3671 2017 3741 [Forte
2055 3687 2147 3739 pro

625 3760 979 3831 distinctione]
1003 3767 1056 3816 et
1078 3760 1284 3813 subtilis
1304 3759 1576 3812 trutinatio
1600 3759 1808 3818 mentis,
1823 3768 1876 3811 et
1903 3759 2148 3812 discretio

625 3849 929 3917 (intelligitur
955 3850 1294 3904 considerata:
1317 3847 1600 3917 qualitatis.
1630 3847 1807 3924 Neque
1848 3849 1986 3902 enim
2034 3849 2146 3901 ina-

625 3937 762 3990 niter
786 3936 1068 4009 Scriptum
1093 3937 1304 3990 oraculo
1327 3938 1666 3990 admonetur:
1697 3937 1907 4004 Tempus
1929 3936 2146 3998 tacendi,

626 4035 673 4078 et
704 4034 896 4094 tempus
918 4024 1154 4094 loquendi
1173 4025 1202 4094 -(
1220 4023 1412 4079 Ecclcs.
1440 4041 1520 4090 ut,
1545 4025 1632 4096 7).
1659 4026 1748 4079 Ille
1774 4027 1966 4079 etenim
2012 4033 2151 4091 post-

627 4115 849 4181 modum
886 4117 1166 4183 prudenter
1215 4117 1464 4183 loquitur,
1490 4118 1577 4184 qui
1623 4118 1887 4184 sapienter
1923 4117 2148 4188 primum

627 4202 772 4256 novit
797 4211 986 4256 tacere.
1019 4202 1175 4255 Multa
1203 4203 1439 4271 profecto
1484 4204 1869 4272 Scripturarum
1913 4205 2147 4258 testimo-

630 4290 715 4342 nia
748 4289 804 4346 in
829 4283 1002 4348 libello
1035 4289 1380 4359 qualicunque
1405 4291 1521 4345 ﬁdei
1568 4301 1672 4344 ture
1716 4301 2021 4345 coacervata
2059 4307 2150 4344 cu-

2243 3239 2340 3291 pro
2388 3226 2738 3280 reconciliatis
2787 3229 3114 3298 interpellat,
3157 3228 3780 3300 quemadmodum‘idcm

2245 3308 2566 3378 Redemptor
2589 3321 2766 3365 noster
2791 3312 2937 3378 facit,
2959 3331 3078 3369 cum
3105 3318 3386 3371 humanam
3413 3319 3522 3373 Deo
3544 3320 3690 3375 Patri
3732 3323 3780 3376 in

2244 3398 2442 3465 unitate
2481 3399 2572 3452 Dei
2611 3400 2938 3468 hominisque
2979 3418 3213 3470 persona:
3250 3415 3492 3461 naturam
3527 3413 3776 3464 ostendit.

2245 3485 2357 3540 Hoc
2376 3495 2456 3540 est
2481 3487 2620 3540 enim
2649 3487 2813 3542 Deum
2843 3489 3052 3545 Patrem
3097 3507 3193 3560 pro
3230 3495 3382 3548 nobis
3422 3495 3774 3564 interpellare.

2241 3574 2470 3630 Joannes
2497 3592 2600 3629 non
2627 3578 2975 3648 interpellare,
3006 3580 3095 3633 sed
3119 3582 3287 3649 ipsum
3331 3588 3490 3636 etiam
3529 3586 3778 3652 propitia—

2247 3663 2439 3718 tionem
2466 3681 2560 3732 pro
2579 3669 2810 3733 peccatis
2833 3670 3027 3722 nostris
3053 3670 3288 3724 declarat
3329 3673 3394 3742 (Ι
3416 3675 3575 3727 Joan.
3603 3692 3664 3739 ιι,
3695 3678 3774 3744 2).

2245 3751 2392 3815 Quod
2422 3754 2466 3805 si
2503 3754 2775 3807 advocatus
2801 3755 2899 3810 boc
2923 3765 3021 3818 est,
3053 3766 3110 3810 ut
3147 3770 3232 3812 tua
3264 3761 3382 3814 "fert
3417 3764 3618 3830 opinio,
3643 3764 3776 3831 quod

2245 3851 2300 3894 et
2324 3842 2593 3905 mediator,
2629 3851 2680 3916 et
2705 3845 2820 3917 ideo
2849 3846 2969 3914 quia
3009 3835 3311 3912 advocatus,
3341 3865 3495 3905 verus
3528 3869 3634 3906 non
3662 3869 3774 3908 cre-

2245 3931 2386 3983 ditur
2409 3930 2545 3985 Dcus
2572 3947 2586 3984 :
2615 3933 2740 4001 quid
2765 3935 2857 3989 tibi
2885 3948 3010 4003 ergo
3035 3935 3242 3989 videtur
3263 3939 3327 3991 de
3353 3938 3552 4006 Spiritu
3573 3953 3773 4007 saneto,

2246 4021 2334 4084 qui
2363 4020 2662 4074 incarnatus
2682 4036 2785 4074 non
2817 4024 3068 4088 creditur,
3093 4033 3145 4078 et
3172 4033 3344 4078 tamen
3371 4027 3438 4079 ab
3466 4028 3577 4094 ipso
3625 4045 3774 4097 para-

2246 4109 2431 4173 cletus,
2463 4110 2560 4164 hoc
2579 4118 2681 4173 est,
2716 4112 2996 4167 advocatus
3029 4116 3319 4182 appellatus
3345 4117 3462 4168 est?
3491 4117 3620 4171 Illud
3640 4121 3772 4173 enim

2245 4196 2448 4261 Grarce,
2475 4199 2574 4252 boc
2601 4199 2784 4254 Latine
2812 4202 3199 4270 pronuntiatur.
3241 4202 3330 4256 Sic
3369 4205 3510 4256 enim
3537 4205 3696 4260 babes
3725 4209 3771 4259 in

2246 4287 2555 4355 Evangelio:
2573 4287 2776 4357 Rogabo
2799 4289 3028 4354 Patrem,
3043 4300 3089 4343 ct
3112 4291 3268 4343 alium
3295 4291 3622 4346 Paracletum
3641 4298 3772 4348 dabit

628 4378 770 4432 rioso
793 4377 1136 4445 inspiciuntur
1161 4381 1362 4443 obtutu,
1391 4389 1645 4450 quatenus
1673 4395 1766 4448 per
1793 4394 1852 4433 ea
1885 4380 2148 4448 sapientize
2180 4411 2230 4469 ο
2252 4378 2385 4431 vobis
2411 4378 2642 4446 spiritum
2685 4380 2936 4443 veritatis,
2959 4382 3047 4450 qui
3083 4399 3114 4434 a
3153 4381 3308 4435 Patre
3343 4385 3568 4452 procedit
3600 4387 3766 4457 (lacn.

631 4477 734 4520 tua:
759 4481 814 4521 se
837 4469 1079 4535 proderet
1100 4469 1418 4536 magnitudo.
1451 4468 1553 4523 Sed
1579 4471 1645 4524 oh
1675 4471 1775 4523 hoc
1814 4484 1844 4522 e
1888 4471 2152 4523 contrario

631 4556 1219 4623 contigitnosse,‘quam
1246 4559 1394 4627 longe
1420 4573 1449 4610 a
1495 4572 1630 4611 vera:
1675 4558 1939 4632 sapientiae
1979 4557 2156 4612 altitu-

633 4643 752 4696 dine
776 4644 827 4696 in
851 4643 1044 4696 infimis
1065 4645 1320 4698 tabefacta
1339 4646 1558 4714 jaceret.

1175 4734 1394 4790 CAPUT
1431 4735 1610 4790 XXIII.

608 4835 619 4850 '
635 4820 878 4885 Erroretn
892 4821 1081 4876 Felicis
1107 4827 1244 4943 circ?
1268 4824 1608 4959 di/feri‘nltlitzm
1629 4825 1859 4878 advocati
1893 4834 1939 4877 et
1961 4823 2154 4878 media-

1231 4908 1332 4945 orts
1372 4908 1424 4942 re
1450 4908 1474 4944 e
1515 4908 1532 4942 ι
1559 4929 1576 4942 .

1231 4908 1332 4945 οηε
1372 4908 1576 4945 retettu.

660 5041 665 5046 4
703 4978 919 5037 Joannis
952 4978 1110 5045 igitur
1154 4978 1374 5046 apostoli
1417 4978 1756 5048 professionis
1803 4979 2152 5032 testimonium

706 5152 729 5178 ι
763 5138 1295 5208 Strematico__digesta
1321 5139 1471 5207 stylo.
1498 5139 1669 5194 Latini
1707 5156 1804 5208 nec
1846 5155 2036 5203 aureae,
2060 5156 2157 5195 nec

638 5208 820 5264 ferrea:
838 5207 1006 5260 aetatis
1033 5205 1120 5258 ulli
1148 5205 1470 5262 verbum'me
1494 5208 1696 5261 docent.
1745 5207 1911 5262 Grzeei
1955 5216 2154 5262 tantum

637 5274 982 5328 subindicant.
1009 5282 1232 5348 ξτρέμμα
1247 5275 1398 5348 enim
1424 5275 1476 5328 id
1493 5313 1507 5337 ,
1534 5276 1674 5342 quod
1695 5283 1901 5348 tortum
1946 5290 2037 5329 seu
2061 5276 2155 5348 [in-

641 5351 837 5398 tortum
863 5350 961 5401 est.
992 5341 1199 5396 dicitur.
1247 5341 1392 5395 Unde
1417 5357 1531 5409 quae
1554 5341 1653 5395 nos
1677 5343 1897 5395 dicimus
1923 5343 2155 5396 membra

640 5412 835 5482 luxata,
868 5413 1169 5482 στρέμμτὲ
1196 5409 1493 5482 Dioscoridi
1525 5410 1781 5482 (ﬁguntur,
1813 5411 2157 5482 tes_tq_Budreo

642 5481 693 5534 in
731 5475 1096 5530 commehtlL.
1132 5475 1193 5531 (ἱ.
1234 5476 1334 5530 col.
1370 5477 1495 5529 mihi
1540 5477 1658 5538 760,
1685 5486 1738 5529 et
1763 5479 1895 5538 apud
1928 5477 1991 5530 il.
2047 5477 2160 5530 Stc-

643 5542 968 5617 phimum].
993 5543 1064 5617 _L:
1083 5544 1149 5617 _G.
1179 5544 1415 5617 tom_._lll,
1451 5546 1548 5598 col.
1591 5545 1716 5617 mihi
1746 5542 1879 5617 1079
1909 5562 1919 5595 :
1967 5563 1984 5593 ι
2022 5545 2157 5617 Μακέ-

647 5609 764 5669 tell.
795 5611 844 5667 in
884 5609 1008 5667 illud
1035 5611 1351 5666 Dioscoridis
1380 5613 1546 5666 locum
1574 5612 1783 5668 adnotat
1806 5613 1979 5667 luxata
2021 5613 2156 5670 Lati-

2252 4481 2358 4528 XIV,
2388 4465 2490 4533 16).
2523 4465 2752 4520 Dicendo
2777 4467 2934 4520 alium
2964 4482 3019 4522 se
3041 4471 3240 4539 utique,
3276 4481 3330 4524 et
3371 4472 3627 4542 Spiritum
3663 4491 3770 4528 ωηο

2249 4564 2390 4608 ctum
2417 4553 2756 4623 paracletum.
2781 4557 2879 4610 hoc
2902 4565 2983 4610 est
3000 4559 3315 4620 advocatum
3347 4561 3641 4615 denuntiat.
3672 4561 3766 4616 Ne-

2251 4659 2350 4712 que
2372 4645 2510 4696 cnim
2536 4643 2756 4697 facultas
2776 4645 3120 4711 respondendi
3145 4649 3237 4700 tibi
3265 4648 3372 4702 ullo
3412 4652 3566 4705 modo
3588 4666 3766 4715 conce-

2251 4733 2420 4795 ditur,
2448 4739 2505 4784 ut
2532 4732 2595 4784 de
2623 4730 2821 4798 Spiritu
2847 4741 3050 4796 sancto,
3077 4735 3165 4801 qui
3209 4736 3512 4789 incarnatus
3537 4752 3639 4790 non
3672 4748 3763 4799 εει,

2220 4818 2456 4872 ἐειι-ιιεις
2479 4821 2786 4873 advocotum
2819 4819 3106 4874 secundum
3147 4823 3325 4876 carnis
3365 4824 3765 4894 assumptioncut

2251 4907 2556 4974 nuncupari.

2254 5144 2334 5196 nis
2362 5156 2504 5215 esse‘
2525 5156 2640 5209 qua:
2677 5141 2873 5215 φηθεὶς
2895 5143 3192 5215 στρέμματα
3218 5149 3369 5200 sunt,
3401 5139 3540 5215 facto
3595 5141 3691 5215 illis
3734 5155 3760 5194 ιι

2256 5208 2791 5277 torquendo’nomine,
2816 5224 2935 5262 cum
2959 5208 3184 5262 'suoloco
3209 5217 3348 5261 mota
3376 5221 3492 5260 ossa
3515 5208 3760 5275 legitimos

2255 5288 2454 5332 natura:
2481 5278 2532 5330 in
2557 5294 2617 5331 ea
2645 5285 2792 5344 parte
2815 5287 2986 5328 motus
3011 5291 3129 5329 cum
3158 5277 3335 5330 dolore
3359 5288 3702 5344 remeraptur.
3737 5294 3749 5324 ι

2256 5341 2675 5412 Streminaticus:
2711 5343 2868 5410 igitur
2915 5343 3080 5412 stylus
3136 5345 3342 5412 videtur
3393 5341 3758 5412 essemalum

2257 5408 2456 5478 nostrd
2487 5411 2617 5464 forte
2640 5408 2808 5464 Graeci
2836 5408 3092 5465 sermonis
3139 5426 3240 5462 non
3290 5411 3502 5478 ignaro,
3529 5410 3663 5462 idem
3703 5425 3757 5462 ac

2256 5487 2544 5540 contortus,
2571 5488 2621 5532 et
2645 5487 2788 5530 extra
2819 5494 3072 5532 normam.
3685 5537 3701 5545 ἢ,

2325 5549 2350 5586 ιι
2387 5547 2504 5608 Sic;
2533 5545 2623 5599 sed
2648 5553 2930 5617 tentaturus
2964 5554 3016 5598 et
3042 5545 3337 5614 dcccpturus
3361 5545 3653 5617 legendum,
3667 5542 3755 5614 ’,ιιι

2256 5617 2544 5668 tentandum
2573 5622 2623 5666 ct
2648 5611 3011 5681 decipiendum.
