3926 6440
554 451 655 503 579

1453 446 1508 499 S.
1549 442 1817 498 PAULINI
1855 433 2308 494 PATRIARCHAS
2348 433 2811 499 AQUILEIENSIS

3634 430 3728 484 580

557 571 859 622 extraneus,
899 573 1160 625 nunquam
1186 571 1400 625 prorsus
1424 553 1522 607 fuit
1567 553 1704 605 ﬁlius
1733 553 1843 614 irae,
1893 561 2079 601 conce-
2105 546 2156 604 Δ
2181 542 2373 595 schalis
2417 540 2664 624 convivii,
2699 538 2988 592 immolatio
3021 539 3165 605 agni,
3216 549 3336 590 cum
3370 538 3606 602 typitam
3646 553 3734 604 pa-

558 657 680 714 ptus
707 648 757 699 in
795 645 1178 712 iniquitatibus,
1212 658 1308 696 nec
1336 643 1410 722 im
1435 641 1638 694 delictis
1686 637 1930 706 parturiit
1965 649 2085 688 eum

562 746 727 791 mater
753 752 845 792 sua
871 736 1038 805 (Psal.
1061 754 1111 799 ι,
1137 736 1188 803 7)
1218 753 1230 788 :
1267 723 1426 802 quem
1445 741 1623 786 natum
1653 733 1718 785 de
1743 730 1940 797 Spiritu
1971 743 2090 780 san-

561 836 647 880 cto
667 828 825 894 Virgo
847 835 1012 879 mater
1033 840 1192 877 unum
1217 825 1268 876 in
1292 832 1516 889 utraque
1543 828 1731 873 natura
1753 820 1912 871 Deum
1941 832 2089 870 vera-

564 917 696 967 citer
730 915 939 981 peperit
981 921 1034 966 et
1064 911 1347 965 hominem.
1393 909 1500 961 Nos
1543 922 1667 974 ergo
1703 905 1956 972 adoptati,
2003 903 2092 970 qui

565 1003 764 1070 peccati
790 1001 1032 1053 cautione
1055 1000 1316 1068 exigente,
1344 995 1464 1064 jure
1486 994 1753 1048 diabolicze
1780 991 1978 1045 fraudis
2005 991 2095 1044 de-

566 1091 716 1151 tenti,
764 1087 1000 1142 extranei
1051 1101 1079 1138 a
1107 1086 1272 1138 nostri
1314 1082 1600 1138 conditoris
1635 1080 1896 1135 consortio
1931 1079 2095 1132 domi-

566 1177 757 1244 nioque
796 1174 999 1241 longius
1043 1174 1378 1226 distabamus.
1440 1171 1708 1237 Corruptae
1741 1168 1977 1220 videlicet
1999 1181 2090 1217 nae

566 1274 702 1317 tura:
727 1262 1007 1316 concubitu
1033 1261 1084 1313 in
1116 1260 1475 1327 iniquitatibus
1504 1259 1759 1325 concepti,
1810 1265 1861 1309 et
1882 1257 1932 1308 in
1974 1255 2099 1306 deli-

568 1351 668 1404 ctis
687 1350 750 1402 de
775 1349 958 1401 matris
976 1346 1156 1413 jactati
1187 1356 1357 1410 utero,
1401 1347 1493 1398 ﬁlii
1515 1347 1606 1400 ira:
1631 1359 1858 1399 eramus.
1883 1343 1971 1395 Ille
1997 1357 2098 1393 non

569 1438 860 1504 adoptivus,
906 1436 994 1489 sed
1039 1436 1284 1503 proprius
1317 1435 1406 1488 Dei
1454 1433 1635 1496 Filius,
1699 1435 1750 1486 in
1781 1431 2102 1499 plenitudine

572 1538 861 1594 temporum
888 1527 1077 1579 missus
1103 1539 1132 1577 a
1185 1524 1356 1586 Patre,
1394 1531 1548 1575 natus
1571 1537 1634 1574 ex
1659 1520 1894 1581 muliere,
1937 1517 2103 1572 factus

571 1617 666 1668 sub
688 1615 802 1683 lege
845 1613 981 1682 (Gal.
1023 1629 1095 1675 iv,
1133 1613 1208 1681 4),
1267 1612 1558 1679 adoptionis
1578 1611 1729 1664 nobis
1754 1609 1973 1678 gratiam
2010 1623 2102 1661 sua

572 1706 814 1772 dignatus
833 1711 912 1754 est
959 1703 1277 1770 benignitate
1298 1717 1390 1768 per
1411 1701 1673 1754 lavacrum
1697 1698 2106 1768 regenerationis

573 1791 771 1858 largiri.
815 1789 1066 1858 Quotquot
1093 1798 1278 1851 autent,
1323 1790 1397 1840 ait
1426 1789 1773 1855 Evangelista,
1814 1796 2104 1854 receperunt

573 1893 707 1938 eum,
729 1877 865 1929 dedit
885 1878 955 1929 eis
978 1885 1269 1944 potestatem
1296 1877 1430 1942 ﬁlios
1467 1876 1557 1928 Dei
1587 1876 1702 1942 ﬁeri
1732 1874 1905 1942 (loan.
1938 1890 1975 1936 ι,
2001 1873 2106 1942 12).

576 1965 862 2036 AdOptator
908 1977 1226 2035 quapropter
1249 1967 1354 2030 ille,
1396 1969 1532 2020 sicut
1555 1965 1801 2040 salvator,
1841 1965 2106 2026 liberator,

575 2070 628 2114 et
672 2062 1011 2128 redemptor:
1046 2075 1150 2114 non
1191 2060 1488 2127 adoptatus,
1542 2059 1660 2126 quia
1716 2072 1814 2110 nec
1856 2056 2109 2131 salvatus,

578 2165 676 2204 nec
700 2150 972 2209 liberatus,
996 2165 1092 2204 nec
1118 2151 1434 2216 redemptus.
1465 2146 1570 2200 Nos
1597 2146 1846 2199 nimirum
1871 2142 2114 2214 [Videtur

575 2253 640 2290 ex
673 2237 899 2290 anteced.
925 2248 971 2288 et
985 2253 1182 2303 conseq.
1210 2235 1498 2287 addendum
1525 2233 1774 2298 adoptati,
1793 2231 1927 2298 quod
1955 2227 2111 2298 deest]

579 2323 785 2385 salvati,
838 2323 1062 2384 liberati,
1110 2332 1164 2375 et
1184 2322 1433 2387 redempti
1463 2339 1474 2376 :
1505 2321 1592 2374 ille
1622 2335 1836 2389 prorsus
1863 2319 2108 2381 salvator,

580 2408 849 2470 liberator,
899 2407 1214 2475 redemptor,
1273 2417 1327 2462 et
1372 2409 1677 2475 adoptazor,
1735 2407 1824 2474 qui
1877 2421 1973 2460 nos
2013 2407 2116 2460 sal-

582 2497 737 2559 vavit,
801 2497 1056 2562 liberavit,
1115 2498 1356 2562 redemit,
1411 2506 1466 2550 et
1509 2497 1775 2565 adoptavit
1822 2498 1875 2550 in
1915 2505 2113 2551 sortem

583 2584 804 2638 ﬁliorum
836 2587 946 2640 Dei.
977 2587 1042 2640 Ut
1073 2588 1162 2654 qui
1197 2602 1260 2640 ex
1299 2587 1475 2639 debito
1511 2585 1602 2638 ﬁlii
1623 2601 1833 2638 eramus
1863 2586 1971 2646 iraa,
2017 2585 2118 2638 hoc

583 2681 662 2725 est
682 2673 893 2736 diaboli,
941 2675 1168 2740 gratuito
1203 2673 1317 2740 ejus
1343 2688 1560 2727 munere
1589 2672 1678 2726 ﬁlii
1702 2673 1792 2726 Dei
1835 2687 1929 2741 per
1956 2673 2118 2741 ipsius

586 2761 806 2831 gratiam
835 2759 965 2814 eﬁici
989 2776 1328 2814 mereremur.

1113 2852 1333 2907 CAPUT
1383 2853 1590 2906 XXVII.

755 2943 983 2998 Christus
1031 2945 1122 2996 etsi
1153 2961 1250 2996 non
1282 2944 1568 3012 adoptivus,
1591 2952 1760 2995 tamet.
1784 2957 1952 2993 ..omo.

628 3031 736 3094 ~'l‘u
769 3033 1035 3085 causaris:
1081 3031 1180 3095 Qui
1225 3041 1401 3098 negat,
1441 3031 1629 3097 inquis,
1671 3045 1790 3083 eum
1825 3029 2120 3097 adoptivum

591 3117 873 3174 secundum
916 3119 1176 3183 hominem
1223 3117 1384 3170 ﬁlium
1427 3118 1549 3180 Dei,
1577 3124 1729 3185 neget
1774 3131 1987 3181 necesse
2041 3125 2121 3168 est
2146 3134 2192 3196 ρ

593 3225 712 3265 eum
740 3224 921 3263 verum
954 3208 1112 3262 fuisse
1155 3208 1442 3261 hominem.
1485 3206 1610 3270 Cur,
1651 3207 1871 3260 obsecro
1899 3213 1973 3266 te,
1996 3205 2121 3270 ,hoc

593 3300 788 3353 sentire
823 3312 1010 3366 rugosa
1058 3311 1243 3365 gerens
1277 3312 1379 3349 non
1425 3296 1695 3348 erubescis
1723 3293 1894 3346 fronte
1939 3291 2122 3363 [Forte

594 3403 837 3456 rugosam
867 3402 1054 3454 gerens
1167 3385 1412 3455 frontem]
1434 3386 1456 3436 ?
1497 3384 1604 3438 Cur
1640 3394 1745 3438 tam
1771 3385 1927 3436 stulte
1950 3397 2051 3436 non
2075 3392 2125 3433 te

595 3478 806 3545 pudebit
837 3479 901 3530 de
940 3491 1045 3528 uno
1090 3475 1299 3528 Christo
1339 3475 1444 3527 Deo
1469 3483 1522 3527 et
1552 3473 1765 3526 homine
1793 3471 1960 3534 effari,
2006 3485 2123 3523 cum

599 3567 872 3632 adoptivus
907 3566 1042 3619 ﬁlius
1067 3566 1166 3618 dici
1193 3563 1396 3628 debeat,
1420 3565 1508 3632 qui
1531 3567 1795 3633 purum
1815 3562 2001 3614 homo?
2029 3561 2126 3625 Qui

599 3669 700 3706 non
737 3655 938 3714 merito,
983 3656 1072 3708 sed
1093 3669 1158 3706 ex
1182 3655 1316 3708 dono
1337 3655 1536 3722 gratiae,
1585 3653 1878 3719 adoptio...”
1921 3651 2129 3704 nomine

599 3752 865 3795 censetur.
903 3741 1000 3805 Qui
1051 3756 1153 3793 non
1195 3755 1296 3793 una
1331 3753 1555 3807 persona
1593 3754 1656 3792 ex
1688 3749 1907 3804 utraque
1944 3747 2127 3789 natura

599 3845 716 3881 cum
750 3831 854 3881 Deo
884 3837 1110 3892 constat,
1162 3830 1298 3882 sicut
1326 3829 1576 3881 Dominus
1604 3834 1782 3879 noster
1807 3825 1957 3878 Jesus
1981 3825 2130 3878 Chri-

601 3927 730 3978 stus,
773 3917 859 3983 qui
886 3932 1092 3983 semper
1123 3933 1186 3969 ex
1232 3932 1335 3985 quo
1380 3926 1660 3983 conceptus
1696 3915 1760 3967 de
1780 3913 1975 3980 Spiritu
2013 3928 2132 3965 san-

602 4013 688 4058 cto
723 4005 775 4056 in
804 4011 952 4057 utero
976 4005 1200 4072 Virginis
1219 4006 1503 4058 secundum
1525 4004 1788 4059 hominem
1817 4003 1975 4070 cmpit
1994 4016 2128 4064 esse,

602 4093 949 4160 sempiternus
979 4100 1250 4160 permanet
1274 4093 1412 4145 Deus
1461 4102 1513 4145 et
1542 4093 1715 4145 homo.
1747 4089 2131 4157 ,Nunquidnam

605 4194 724 4232 cum
762 4179 1012 4232 conﬁteor
1033 4194 1152 4232 eum
1179 4195 1282 4232 non
1309 4178 1656 4246 redemptum,
1712 4180 1802 4232 sed
1841 4179 2133 4245 redempto-
2227 4221 2230 4223 λ

608 4279 739 4325 rem,
768 4279 869 4316 non
892 4264 1169 4325 salvatum,
1221 4266 1309 4318 sed
1346 4265 1680 4327 salvatorem,
1718 4273 1940 4332 putasne
1969 4267 2136 4319 homi-

608 4368 727 4406 nem
753 4367 936 4420 negem
966 4354 1126 4406 eum?
1177 4353 1471 4416 Hominem,
1516 4355 1748 4422 inquam,
1772 4355 1914 4407 illum
1950 4369 2132 4407 verum

2185 631 2310 683 scha
2333 630 2384 681 in
2417 617 2665 697 mysterio
2685 628 2864 694 quinta
2889 625 3018 680 feria
3044 626 3406 679 celebraretur
3438 643 3449 674 :
3485 639 3604 690 quae
3627 642 3732 678 om-

2185 717 2272 768 nia
2312 713 2587 780 hzecjuxta
2614 715 2843 766 litteram
2873 713 2925 766 in
2958 713 3209 764 membris
3244 711 3357 778 ejus
3384 711 3535 766 nullo
3557 715 3735 773 modo,

2187 805 2278 857 sed
2333 804 2505 872 typice
2559 801 2882 854 derivantur.
2915 799 3021 854 Nec
3069 815 3280 854 movere
3303 801 3609 868 quempiam
3654 803 3740 854 de-

2187 893 2296 953 bet,
2319 893 2438 960 quia
2463 889 2636 943 testati
2659 904 2840 943 sumus
2859 889 3136 943 Dominum
3165 898 3404 942 nostrum
3427 888 3520 941 Dei
3550 887 3741 940 Filium

2191 996 2292 1034 non
2327 981 2604 1044 salvatum,
2648 979 2732 1032 vel
2771 979 3071 1041 liberatum,
3122 978 3204 1032 vel
3251 978 3606 1045 redemptum,
3653 979 3742 1032 sed

2192 1069 2528 1131 salvatorem,
2569 1067 2926 1130 liberatorem,
2956 1075 3010 1120 et
3043 1067 3280 1120 omnium
3327 1067 3742 1133 redemptorem,

2192 1172 2287 1224 pro
2328 1172 2390 1210 eo
2428 1156 2568 1223 quod
2599 1157 2710 1223 ipse
2748 1171 2841 1223 per
2884 1170 2944 1208 os
2991 1155 3652 1222 omnium'prophetarum
3693 1162 3748 1206 et

2195 1248 2404 1308 SQlVﬂl’i,
2444 1247 2651 1299 liberari
2701 1254 2755 1298 et
2791 1244 2976 1298 redimi
3029 1259 3084 1297 se
3122 1252 3322 1296 exoret.
3371 1242 3606 1305 Scdillc,
3657 1244 3748 1311 qui

2197 1350 2300 1386 non
2328 1333 2425 1386 sibi
2456 1334 2544 1385 sed
2581 1334 2732 1386 nobis
2762 1338 2842 1386 est
2877 1341 3050 1395 natus,
3081 1331 3265 1398 angelo
3298 1338 3610 1394 attestante,
3658 1333 3748 1399 qui

2199 1423 2273 1474 ait
2303 1440 2313 1473 :
2347 1421 2514 1473 Natus
2536 1430 2607 1473 est
2634 1419 2761 1473 vobis
2798 1419 2948 1472 hodie
2983 1419 3220 1472 Salvator
3256 1417 3406 1489 (Luc.
3429 1435 3486 1482 ιι,
3523 1419 3609 1488 il)
3637 1437 3651 1481 ;
3681 1428 3752 1472 ‘ct

2202 1511 2325 1563 illud
2351 1511 2711 1578 propheticum
2746 1525 2758 1559 :
2789 1505 3040 1560 Parvulus
3075 1516 3224 1559 natus
3249 1517 3321 1559 est
3374 1507 3545 1568 nobis,
3605 1505 3751 1572 ﬁlius

2201 1601 2352 1652 datus
2375 1609 2446 1651 est
2477 1599 2617 1651 nobis
2641 1597 2771 1666 (lsa.
2797 1597 2962 1666 11,6),
2989 1605 3041 1650 et
3061 1606 3250 1650 cmtera
3279 1595 3577 1650 istiusmodi
3612 1613 3624 1647 :
3662 1597 3754 1662 qui

2211 1678 2313 1741 non
2355 1688 2451 1740 sibi
2481 1702 2576 1739 nec
2599 1702 2694 1754 pro
2731 1702 2787 1739 se
2818 1726 2832 1749 ,
2859 1686 2947 1739 sed
2973 1699 3068 1754 pro
3097 1686 3247 1739 nobis
3268 1693 3349 1739 cst
3367 1700 3579 1752 passus,
3606 1701 3756 1738 mor-

2212 1783 2334 1828 tuus
2354 1784 2400 1827 et
2432 1773 2685 1842 sepultus,
2717 1781 2770 1826 ct
2817 1774 3101 1826 resurrexit
3135 1771 3285 1839 juxta
3341 1773 3680 1840 evangelicas
3701 1783 3756 1825 et

2212 1862 2526 1932 apostolicas
2568 1877 2741 1925 voces,
2795 1863 2933 1914 sicut
2976 1860 3163 1914 Petrus
3184 1862 3348 1914 dicit:
3383 1860 3617 1916 Chiis'us
3660 1880 3755 1930 pro

2213 1940 2372 2000 nobis"
2393 1964 2571 2015 passus
2618 1957 2688 2000 est
2721 1945 2771 2016 (1
2806 1945 3054 2009 Petr.-n,
3080 1947 3202 2016 2|);
3245 1958 3299 2001 et
3321 1946 3516 2000 Paulus
3565 1949 3757 2017 saepis-

2211 2037 2341 2089 sime
2393 2037 2598 2104 repetit,
2621 2036 2695 2088 ait
2743 2036 2881 2089 cnim
2906 2053 2917 2086 :
2943 2031 3177 2088 Charitas
3222 2039 3356 2089 enim
3385 2035 3574 2090 Christi
3604 2051 3758 2106 urget

2212 2139 2324 2185 nos,
2356 2125 2594 2190 quoniam
2615 2124 2658 2174 si
2706 2139 2834 2175 unus
2862 2138 2952 2189 pro
2975 2123 3206 2175 omnibus
3256 2135 3488 2178 mortuus
3514 2135 3612 2190 est,
3635 2143 3757 2194 ergo

2213 2225 2382 2262 omnes
2431 2210 2616 2261 mortui
2641 2219 2758 2262 sunt
2783 2211 2828 2262 ei
2857 2211 2942 2278 qui
2982 2226 3073 2277 pro
3096 2211 3326 2264 omnibus
3373 2223 3609 2265 mortuus
3637 2225 3712 2266 est
3740 2233 3756 2265 :

2212 2309 2264 2351 ut
2295 2303 2346 2351 et'
2385 2301 2471 2368 qui
2515 2301 2703 2362 vivunt,
2731 2299 2847 2366 jam
2870 2315 2970 2351 non
2991 2299 3088 2351 sibi
3129 2301 3320 2365 vivant,
3351 2301 3442 2354 sed
3464 2303 3510 2354 ei
3539 2304 3628 2371 qui
3663 2321 3758 2370 pro

2211 2387 2333 2454 ipsis
2374 2397 2601 2439 mortuus
2651 2395 2722 2438 cst
2754 2395 2799 2438 et
2839 2389 3112 2440 resurrexit
3141 2386 3226 2455 (Il
3249 2386 3368 2441 Cor.
3407 2404 3460 2454 v,
3498 2389 3586 2454 Η,
3631 2390 3755 2460 15);

2214 2493 2317 2531 non
2341 2478 2458 2539 sibi,
2505 2493 2600 2531 nec
2627 2492 2723 2545 pro
2752 2490 2808 2529 se
2832 2477 3039 2540 orabat,
3071 2479 3212 2544 quia,
3266 2480 3405 2533 sicut
3438 2482 3633 2548 sapius
3659 2492 3760 2536 'est

2215 2566 2534 2628 intimatum,
2559 2579 2660 2618 non
2681 2573 2761 2616 est
2787 2564 2886 2618 sibi
2911 2574 3082 2628 natus,
3117 2580 3214 2620 nec
3238 2581 3333 2634 pro
3363 2583 3419 2620 se
3446 2583 3639 2636 passus
3675 2569 3760 2622 vel

2216 2663 2490 2717 mortuus;
2527 2654 2617 2706 sed
2651 2668 2746 2720 pro
2776 2653 2895 2717 illis,
2921 2654 3072 2707 idest
3093 2655 3341 2708 membris
3375 2657 3506 2717 suis,
3544 2658 3762 2720 orabat,

2216 2757 2311 2811 pro
2353 2744 2543 2811 quibus
2568 2743 2679 2796 hmc
2705 2743 2879 2795 omnia
2904 2743 3196 2796 voluntaria
3239 2743 3541 2811 dignatione
3562 2745 3764 2800 altissi-

2219 2848 2408 2900 maque
2444 2833 2658 2900 pertulit
2696 2842 2973 2902 potestate.
3026 2833 3180 2905 117
3217 2833 3350 2899 Quid
3377 2836 3565 2889 mirum
3589 2837 3632 2890 si
3664 2853 3762 2906 pro

2220 2919 2340 2982 illis,
2379 2921 2478 2973 hoc
2520 2930 2601 2973 est
2647 2936 2744 2988 pro
2769 2922 3301 2978 consubstantialibus
3343 2907 3600 2979 membris
3623 2928 3760 2989 suis,

2220 3005 2448 3060 humano
2475 3006 2659 3061 aﬁ’ectu
2697 3009 3028 3076 humanaque
3064 3025 3191 3063 voce
3229 3025 3383 3064 orare
3415 3011 3621 3065 inﬁnita
3672 3028 3764 3066 vo-

2221 3091 2316 3145 luit
2355 3095 2548 3162 pietate
2573 3093 2703 3163 [Al.,
2745 3094 2959 3164 pictas],
3001 3096 3089 3162 qui
3131 3111 3228 3163 pro
3270 3097 3371 3149 illis
3398 3097 3647 3167 dignatus
3683 3110 3767 3153 est

2221 3185 2382 3235 etiam
2419 3198 2536 3237 cum
2565 3183 2848 3237 moralibus
2873 3184 3210 3238 incrementis
3250 3187 3416 3250 nasci,
3446 3189 3573 3254 pati,
3603 3190 3766 3252 mori,

2222 3281 2275 3324 et
2315 3272 2522 3340 sepeliri
2560 3289 2622 3326 ac
2662 3275 2972 3342 resurgere?
3017 3274 3122 3330 Nec
3165 3275 3262 3329 fuit
3291 3277 3392 3331 hoc
3418 3279 3648 3334 dedecus
3688 3283 3771 3336 di-

2223 3359 2355 3411 vina:
2397 3360 2682 3426 maiestatis
2718 3362 3063 3425 excellentize,
3090 3379 3207 3430 quas
3259 3365 3372 3419 hmc
3405 3370 3584 3422 omnia
3629 3372 3772 3424 miro

2223 3453 2275 3496 et
2301 3444 2544 3498 ineﬁ‘abili
2589 3448 2743 3500 modo
2790 3463 2910 3500 cum
2957 3450 3037 3501 sui
3079 3449 3293 3504 honoris
3332 3453 3613 3511 altitudine
3664 3459 3770 3511 im—

2224 3535 2509 3601 pas‘ihilis,
2536 3536 2846 3590 immortalis
2886 3539 3135 3610 suscepit,
3177 3549 3229 3593 et
3268 3527 3610 3598 immutabilis
3647 3546 3774 3600 Dei-

2226 3631 2326 3676 tas.
2377 3622 2506 3676 Nam
2548 3627 2666 3691 quia
2691 3641 2794 3679 non
2842 3641 2939 3694 pro
2985 3642 3042 3681 se
3063 3643 3158 3682 ncc
3186 3629 3285 3683 sibi
3325 3631 3599 3702 (quoniam
3624 3635 3771 3698 nulla

2226 3713 2327 3766 hoc
2343 3712 2456 3764 ﬁeri
2479 3715 2806 3768 necessitatis
2818 3716 3061 3781 exigebat
3080 3717 3367 3789 angustia),
3393 3721 3484 3782 sed
3505 3737 3603 3790 pro
3616 3726 3775 3778 nobis

2228 3802 2372 3855 solus
2400 3801 2484 3856 ille
2511 3804 2718 3866 orabat,
2743 3813 2965 3870 qhorum
2993 3819 3194 3858 summa
3227 3807 3564 3864 incumbebat
3587 3827 3775 3866 neces-

2229 3891 2400 3943 sitatis
2421 3892 2651 3954 miseria,
2677 3892 3064 3946 evidentissime
3079 3906 3170 3960 per
3186 3895 3522 3963 Evangelium
3535 3897 3774 3965 ejusdem

2229 3977 2395 4030 nostri
2426 3978 2786 4045 Redemptoris
2835 3979 3112 4046 perspicuo
3154 3981 3455 4036 testimonio
3512 3987 3774 4053 approba-

2232 4073 2335 4116 tur.

2771 4154 2989 4210 CAPUT
3025 4155 3214 4210 XXIX.

2232 4281 2413 4335 Chris..
2571 4283 2785 4334 turbavit
2822 4298 2934 4334 cum
2959 4282 3134 4340 voluit.
3176 4281 3282 4351 ἴσω
3307 4284 3638 4351 Clampetia")
3671 4289 3777 4342 Ρο-

2299 4352 2392 4426 tris
2427 4354 2492 4402 ad
2518 4366 2667 4426 eum,
2685 4351 2912 4426 et_oratio
2946 4351 3056 4426 ejus
3084 4351 3150 4402 ad
3178 4349 3542 4426 Patremt'non
3576 4357 3631 4409 in
3655 4374 3777 4426 gra—

608 4418 888 4502 conmeo'r;
936 4439 1026 4492 sed
1059 4441 1220 4494 Deum
1271 4455 1453 4493 verum
1478 4418 1601 4494 θωπί
1643 4442 1931 4509 pmdicans
1979 4458 2133 4496 vene_
2162 4429 2210 4488 ι)
2301 4419 2421 4470 tiam
2450 4420 2550 4484 sui,
2580 4418 2672 4473 sed
2697 4418 3127 4470 circumstantium
3155 4427 3367 4488 utraque
3400 4421 3558 4488 facta.

613 4536 789 4578 rantur
810 4525 988 4580 adoro.

1118 4610 1334 4665 CAPUT
1398 4611 1622 4666 xxvm.

617 4721 847 4774 Christus
869 4720 987 4772 dum
1021 4722 1073 4773 in
1092 4721 1370 4789 Scripturis
1410 4737 1461 4772 se
1489 4722 1696 4784 saluari,
1724 4722 1903 4774 redimi
1942 4731 1988 4775 et
2019 4724 2140 4777 libe-

685 4789 791 4840 rari
845 4790 1101 4858 exorabat,
1146 4806 1243 4858 non
1275 4805 1365 4854 pro
1401 4805 1472 4850 se,
1521 4790 1606 4841 sed
1642 4805 1733 4857 pro
1781 4790 1942 4854 nobis,
1993 4803 2140 4858 caput

686 4871 777 4922 pro
809 4856 1043 4908 membris
1074 4854 1383 4922 loquebatur.

686 4961 847 5015 Addis
868 4964 1033 5017 adhuc
1053 4972 1106 5016 et
1127 4963 1285 5028 aliud,
1307 4966 1425 5031 quia
1454 4965 1618 5039 ﬁnem
1643 4980 1746 5020 non
1773 4967 1967 5021 habent
1984 4970 2140 5023 verba

621 5057 832 5102 ventosa
878 5049 1013 5114 (Job.
1041 5065 1150 5113 xvi,
1178 5049 1266 5118 5);
1294 5065 1395 5102 non
1415 5064 1571 5117 posse
1596 5053 1879 5120 quidquam
1912 5055 2140 5108 membra

623 5141 837 5200 habere,
865 5138 962 5189 nisi
1004 5139 1104 5192 hoc
1154 5140 1291 5208 quod
1324 5143 1648 5207 praecesserit
1669 5143 1722 5194 in
1754 5143 1943 5210 capite.
1995 5143 2142 5207 Quod

622 5226 831 5292 quidem
861 5232 1003 5278 recte
1031 5226 1252 5289 diceres,
1295 5228 1338 5280 si
1387 5229 1562 5281 subtili
1619 5229 1950 5293 discretione,
1992 5239 2141 5283 cauta

625 5327 780 5362 manu
830 5311 947 5365 ﬁdei
992 5312 1350 5368 discriminarc
1390 5317 1524 5381 quod
1574 5315 1803 5384 loqueris
1845 5318 2143 5387 religiosius

623 5399 928 5454 didicisses:
959 5400 1080 5468 quid
1111 5402 1205 5455 soli
1250 5403 1404 5471 capiti
1431 5404 1743 5471 deputatur:
1770 5420 1885 5473 quae
1924 5407 1988 5459 ad
2033 5406 2142 5460 sola

626 5487 859 5539 membra
897 5485 1190 5542 referuntur
1220 5507 1232 5541 :
1259 5491 1383 5557 quid
1411 5493 1566 5544 etiam
1611 5508 1885 5547 commune
1909 5494 1960 5545 in
1998 5503 2143 5547 utro-

628 5583 731 5637 que
757 5575 1045 5626 convcniat.
1088 5575 1140 5627 In
1167 5577 1335 5644 capite
1361 5578 1518 5645 igitur
1541 5589 1719 5633 nostro
1759 5582 2025 5648 prmcessit
2048 5583 2142 5635 cir-

633 5660 878 5713 cumcisio
926 5661 1120 5730 legalis,
1175 5665 1457 5717 hostiarum
1493 5667 1704 5731 oblatio,
1730 5670 2023 5722 observatio
2061 5688 2142 5737 pa-

2309 4527 2583 4582 Proximus
2639 4530 2799 4598 igitur
2846 4527 3105 4593 passioni,
3147 4528 3436 4596 suscipiens
3484 4531 3537 4583 in
3563 4547 3622 4586 se
3677 4537 3778 4589 hu-

2242 4629 2410 4667 mana:
2437 4614 2754 4669 inﬁrmitatis
2779 4611 3020 4668 allectum
3051 4613 3277 4666 turbavit
3301 4616 3662 4684 semetipsum,
3684 4638 3777 4690 po-

2244 4705 2445 4756 testatis
2490 4703 2668 4770 utique
2715 4701 3036 4773 insignibus,
3084 4716 3188 4754 non
3234 4703 3468 4766 timoris,
3505 4712 3561 4756 ut
3608 4706 3777 4762 biero-

2244 4788 2331 4840 tici
2383 4790 2634 4856 garriunt,
2692 4791 2962 4845 dedecore.
3001 4787 3171 4852 Nunc
3205 4799 3400 4851 autem,
3439 4791 3544 4854 ait,
3599 4796 3777 4849 anima

2241 4892 2352 4928 mea
2387 4877 2588 4929 turbata
2615 4890 2717 4930 est:
2746 4888 2791 4930 et
2825 4882 2947 4947 quid
2971 4876 3178 4948 ἀὲςαῧηῗ
3211 4875 3391 4936 Pater.
3431 4877 3661 4946 salvi/ica
3698 4899 3779 4934 me

2241 4965 2294 5016 in
2319 4965 2412 5018 hac
2434 4967 2595 5029 hora;
2629 4966 2716 5018 sed
2735 4977 2994 5035 propterea
3017 4964 3130 5020 veni
3157 4963 3209 5014 in
3234 4964 3410 5015 horam
3435 4965 3585 5029 hanc,
3618 4968 3780 5022 Pater

2243 5053 2469 5120 clari/ica
2503 5070 2680 5106 nomen
2716 5065 2858 5106 tuum
2890 5056 3076 5124 (Joan.
3106 5067 3204 5115 xu,
3228 5051 3291 5104 27
3315 5069 3418 5122 seq.
3438 5056 3474 5123 ).
3515 5055 3779 5111 Continuo

2243 5157 2467 5208 namque
2488 5151 2717 5208 paternae
2740 5144 3021 5197 intonantis
3041 5137 3187 5198 vocis
3211 5141 3419 5194 auditur
3443 5156 3776 5210 responsum,

2243 5239 2289 5280 et
2315 5229 2612 5295 clariﬁcam‘,
2633 5231 2737 5291 ait,
2759 5239 2802 5282 et
2829 5231 3012 5283 iterum
3037 5227 3352 5298 clariﬁcabo.
3385 5227 3618 5295 Cumque
3654 5245 3779 5284 con—

2244 5323 2488 5368 sternata:
2509 5316 2869 5371 admirationis
2895 5326 3108 5386 stupens
3129 5316 3283 5372 turba
3313 5313 3434 5367 data
3471 5322 3617 5369 tanto
3649 5317 3776 5370 bea-

2247 5402 2491 5456 tiﬁeantis
2517 5403 2660 5456 vocis
2685 5405 2878 5458 auditui
2902 5445 2916 5468 ,
2939 5408 3338 5483 dignitatisque.
3358 5403 3650 5474 insignibus
3692 5423 3778 5460 su-

2245 5492 2478 5556 blimata,
2510 5493 2650 5544 varia
2693 5496 2902 5559 quidem
2942 5497 3164 5551 diversis
3209 5493 3618 5560 cogitationibus
3655 5497 3776 5549 dum

2245 5584 2470 5649 suscipio
2498 5579 2674 5650 [Forte
2698 5571 3258 5651 suspicioiverteretur
3295 5583 3346 5634 in
3381 5593 3576 5646 mente,
3601 5596 3776 5637 utrum

2247 5674 2529 5725 tonitruum
2557 5687 2621 5725 an
2649 5674 2858 5741 angelus
2885 5673 2930 5724 ei
2959 5675 3018 5725 de
3046 5675 3176 5726 rmlo
3204 5677 3410 5728 locutus
3436 5669 3638 5730 ﬁnisset,
3674 5682 3772 5719 sla-
