3926 6422
114 422 213 476 581

777 417 1049 473 CONTRA
1083 416 1371 472 FELICEM
1412 415 1946 472 URGELLITANUM
1982 413 2161 471 LIBRI
2199 413 2283 468 III.
2324 422 2388 455 —'-
2427 415 2553 469 LIB.
2595 416 2634 468 I.

3216 417 3320 473 58?.

117 533 214 582 tim
245 527 442 581 veritas
468 524 592 593 quid
625 525 799 579 verius
835 525 1129 579 habebatur
1156 525 1370 592 proprio
1403 524 1669 593 publicare
1695 529 1741 586 Α
1769 523 1891 578 stoli
1922 504 1991 578 de
2020 532 2072 577 te
2093 538 2191 577 vox
2216 523 2376 577 etiam
2414 522 2562 583 Pauli
2583 524 2894 593 sapientiam
2930 526 3193 587 laudantis
3228 544 3322 587 au-

115 613 375 686 dignatus
402 621 485 667 est
518 626 631 667 ore.
683 609 803 664 Non
836 622 1042 681 propter
1066 626 1165 673 me,
1194 611 1290 674 ait,
1327 625 1424 664 vor-
1450 611 1553 665 ista
1587 628 1669 665 ve-

116 707 222 766 nit,
268 702 360 758 sed
405 712 607 773 propter
647 718 731 755 vos
776 701 953 771 (Joan.
991 717 1093 766 xu,
1136 700 1271 772 30).
1318 701 1387 754 Et
1426 716 1665 756 rursum:

120 791 286 845 Nam:
313 788 625 856 clariﬁcatus
640 796 712 840 est
738 785 785 839 F
785 785 905 864 ilius
921 787 1161 851 hominis,
1187 796 1233 841 et
1253 786 1391 841 Deus
1410 787 1672 856 clariﬁca-

125 892 207 936 t-ts
238 886 314 930 est
341 878 396 929 in
424 890 503 929 eo.
566 873 627 929 Si
645 873 785 927 Deus
818 873 1132 942 clariﬁcatus
1166 885 1239 927 est
1265 875 1319 929 in
1346 891 1435 938 eo,
1463 885 1511 929 et
1535 876 1673 931 Deus

118 966 433 1035 clariﬁcabit
464 981 577 1019 eum
610 966 665 1017 in
695 965 976 1033 semetipso,
1007 973 1055 1018 et
1091 966 1332 1035 continuo
1368 965 1671 1034 clariﬁcabit

120 1074 243 1113 eum
292 1056 402 1127 (Μ.
438 1073 560 1121 xui,
595 1055 680 1118 3i,
729 1055 851 1126 52).
897 1054 955 1109 In
995 1057 1278 1123 semetipso
1313 1057 1509 1125 utique,
1547 1058 1673 1126 quia

124 1144 726 1217 divinitatis‘potentia,
776 1157 894 1211 qua:
943 1142 995 1195 in
1035 1142 1249 1211 propria
1296 1158 1417 1197 eum
1463 1144 1676 1197 sibimet

123 1247 355 1304 persona
393 1230 813 1300 inseparabiliter
850 1229 1046 1293 univit,
1076 1230 1129 1283 in
1159 1245 1340 1285 verum
1385 1231 1551 1285 Deum
1591 1247 1677 1285 ve-

126 1335 355 1389 rumque
381 1320 473 1373 Dei
495 1318 688 1371 Filium
712 1317 993 1371 exaltavit:
1020 1325 1077 1370 ut
1101 1325 1182 1370 est
1204 1317 1332 1371 illud
1357 1317 1499 1372 Petri
1533 1319 1677 1387 Apo-

125 1412 282 1474 stoli,
314 1409 633 1473 Certissime,
666 1407 865 1476 inquit,
893 1407 1020 1459 sciat
1053 1407 1217 1460 omnis
1261 1407 1443 1460 domus
1481 1406 1678 1472 Israel,

120 1502 252 1570 quia
284 1509 332 1553 et
366 1498 635 1552 Dominum
677 1512 826 1561 eum,
858 1505 917 1550 et
942 1494 1203 1550 Christum
1246 1496 1341 1549 Dei
1388 1498 1505 1565 fecit
1544 1499 1679 1551 hunc

125 1590 309 1642 Jesum
345 1587 489 1656 (Act.
514 1602 576 1651 tt,
601 1585 725 1654 56).
761 1582 900 1640 Deus
938 1585 1188 1639 nimirum
1217 1586 1496 1640 Dominum
1527 1585 1680 1640 Chri-

127 1686 271 1735 stum
296 1678 388 1732 Dei
410 1675 554 1731 fecit.
591 1672 703 1731 Hoc
729 1683 842 1738 est,
879 1675 1052 1729 omnis
1077 1673 1344 1744 plenitudo
1371 1675 1679 1740 divinitatis,

1723 658 1726 661 Α
1768 609 1914 673 ditur
1949 610 2049 663 hoc
2074 610 2263 664 modo?
2293 608 2769 679 Quemadmodum,
2811 611 3001 680 inquit,
3028 623 3075 665 et
3105 614 3324 671 dilectus

1769 700 1913 753 nobis
1938 699 2136 752 Paulus
2161 700 2438 753 secundum
2459 700 2635 753 datam
2673 700 2771 754 sibi
2791 702 3095 770 sapientiam
3118 706 3322 773 scripsit

1769 787 1926 840 vobis.
1977 786 2062 839 Ita
2100 796 2156 840 ut
2197 788 2253 840 in
2296 787 2530 840 omnibus
2573 788 2797 858 epistolis
2840 789 3048 859 loquens
3077 790 3243 845 dehis
3270 794 3325 854 in

1768 873 1952 943 quibus
1976 882 2092 926 sunt
2124 874 2361 943 quedam
2398 873 2627 943 difﬁcilia
2660 875 2727 928 ad
2764 876 3181 945 intelligendum,
3209 895 3325 948 qua:

1770 963 1915 1032 pravi
1947 964 2176 1017 homines
2206 963 2484 1017 secundum
2509 980 2660 1017 suum
2687 964 2964 1033 depravare
2991 984 3194 1020 sensum
3217 984 3327 1037 mo-

1771 1044 2171 1114 liuntur,'sicut
2197 1061 2244 1103 et
2275 1050 2406 1104 alias
2432 1050 2829 1121 Scripturas(II
2856 1042 3320 1119 Petr.ti|,I5,16;

1771 1137 1861 1190 sed
1882 1133 2069 1208 partim
2093 1139 2161 1192 ad
2184 1139 2410 1203 verbum,
2432 1142 2620 1208 partim
2653 1157 2718 1194 ex
2744 1143 2949 1212 sensa).
2970 1142 3117 1209 Quod
3143 1152 3195 1199 te
3217 1155 3326 1201 tam

1774 1225 1989 1279 obsceni
2017 1226 2209 1295 piaculi
2239 1241 2430 1280 noxam
2460 1227 2514 1280 in
2539 1228 2646 1283 tuis
2674 1245 2845 1298 nuper
2864 1232 3211 1303 promulgatis
3244 1235 3330 1288 lit-

1776 1318 1905 1373 teris
1952 1332 2055 1372 non
2105 1318 2389 1371 inseruisse
2424 1317 2568 1371 nulla
2615 1320 2818 1374 valebis
2846 1323 3209 1377 contradicere
3247 1339 3330 1377 ra-

1777 1406 1953 1468 tione,
2000 1405 2441 1471 quemadmodum
2485 1416 2539 1460 et
2587 1404 2744 1474 hujus
2797 1408 3082 1461 testimonii
3130 1409 3331 1464 calum-

1777 1492 1911 1545 niari
1934 1493 2133 1561 poteris
2158 1492 2451 1547 veritatem.
2478 1493 2642 1547 Porro
2670 1496 2713 1548 si
2752 1496 2851 1569 sibi
2889 1495 2970 1549 vel
3000 1510 3097 1563 pro
3122 1511 3180 1551 se
3210 1512 3334 1550 ora-

1778 1586 1873 1648 vit,
1902 1583 2002 1637 sibi
2026 1593 2079 1636 et
2102 1598 2198 1652 pro
2240 1593 2406 1638 senest
2430 1582 2599 1640 natus'
2612 1594 2665 1639 et
2691 1600 2877 1654 passus
2915 1594 2968 1640 et
3009 1594 3250 1640 mortuus
3278 1595 3333 1640 et

1778 1670 2044 1738 sepultus;
2091 1684 2187 1737 pro
2211 1684 2269 1723 se
2316 1672 2474 1723 etiam
2517 1673 2786 1741 proprium
2824 1674 3131 1742 sanguinem
3178 1674 3329 1730 fudit.

129 1770 215 1824 eui
255 1767 573 1837 complacuit
621 1766 675 1820 in
703 1781 765 1820 eo
793 1764 1157 1834 corporaliter,
1207 1764 1359 1831 juxta
1399 1764 1549 1818 Pauli
1590 1750 1710 1818 vo-'
1783 1759 1923 1813 Nihil
1955 1772 2082 1826 ergo
2107 1758 2289 1812 habuit
2315 1760 2540 1828 amplius
2572 1776 2730 1830 quam
2760 1778 2924 1832 purus
2951 1765 3141 1830 homo,
3161 1766 3205 1819 si
3236 1780 3333 1834 pro

128 1871 269 1919 cem,
296 1855 595 1909 inhabitare
619 1852 845 1923 (Coloss.
865 1869 924 1913 ιι,
943 1852 1037 1916 9):
1064 1853 1185 1920 quia
1212 1853 1351 1906 Deus
1374 1853 1533 1905 homo
1570 1852 1685 1906 ﬁeri
1786 1863 1844 1903 se
1871 1848 2185 1903 necessitate
2229 1858 2446 1917 cogente
2463 1850 2664 1911 ,oravit.
2691 1851 2767 1904 Ita
2814 1853 2999 1917 etiam,
3023 1862 3078 1907 et
3103 1864 3158 1909 tu
3203 1870 3330 1910 cau-

129 1945 381 2015 dignatus
410 1950 523 2006 est,
549 1941 833 1996 secundum
860 1941 998 2008 quod
1049 1940 1278 1994 Verbum
1322 1955 1448 1993 caro
1486 1939 1681 1994 factum

129 2040 232 2087 est.
271 2033 413 2086 Deus
441 2031 704 2086 hominem
730 2029 998 2083 Christum
1022 2028 1114 2083 Dei
1146 2027 1265 2084 fecit
1288 2069 1303 2093 ,
1330 2045 1432 2085 non
1465 2044 1682 2091 conver—

131 2124 283 2179 sione
320 2121 653 2182 versihiliter,
696 2119 776 2172 vel
817 2119 1243 2173 immutahiiitate
1270 2131 1294 2158 ι
1318 2133 1409 2173 seu
1457 2118 1685 2174 transfu-

132 2216 281 2270 sione
314 2222 653 2275 naturarum;
690 2208 780 2264 sed
805 2210 961 2263 unius
982 2224 1220 2278 persona:
1243 2210 1495 2283 dignitate
1514 2251 1529 2273 ,
1555 2225 1684 2277 quo-

133 2304 278 2357 niam
304 2302 399 2356 Dei
428 2314 652 2369 persona
687 2299 971 2351 humanam
1009 2298 1220 2367 dignata
1245 2307 1325 2352 est
1359 2298 1409 2351 in
1434 2314 1490 2353 se.
1520 2290 1685 2352 susci-

129 2406 258 2463 pere
283 2400 549 2446 naturam.
580 2389 732 2444 Valet
754 2389 895 2443 enim
919 2389 985 2443 ad
1014 2390 1128 2445 btec
1156 2392 1448 2445 roboranda
1479 2400 1531 2443 et
1557 2391 1683 2446 illud

131 2482 279 2550 quod
339 2481 393 2533 in
440 2480 680 2534 oratione
732 2478 957 2533 necdum
1009 2481 1378 2535 resuscitatum
1430 2482 1683 2560 Dominus

132 2570 368 2626 innotuit
396 2570 424 2611 δ
448 2570 708 2626 Lazarum
726 2568 855 2643 [Pro
876 2571 1189 2626 resuscitato
1223 2571 1478 2644 Lazaro];
1508 2572 1682 2636 Pater,

134 2661 337 2731 inquit,
373 2656 585 2731 gratias
607 2680 704 2733 ago
732 2665 852 2728 tibi,
881 2664 1001 2733 quia
1031 2679 1228 2731 semper
1262 2680 1342 2714 me
1378 2662 1564 2725 audis;
1596 2662 1684 2715 sed

132 2761 343 2822 propter
356 2752 600 2822 populum
628 2755 1038 2808 circumstantem
1074 2754 1205 2817 dixi,
1237 2762 1292 2805 ut
1318 2753 1444 2805 sciat
1472 2752 1593 2821 quia
1630 2759 1686 2803 tu

132 2855 216 2892 me
237 2839 425 2893 misisti
452 2839 636 2909 (Joan.
652 2856 731 2907 χι,
746 2841 804 2895 Μ
821 2842 960 2911 .42).
982 2842 1046 2895 Et
1066 2842 1154 2896 hic
1176 2857 1279 2896 non
1298 2843 1365 2895 ob
1387 2839 1543 2893 aliam
1562 2855 1688 2895 cau-

135 2943 283 2989 sam,
323 2927 416 2981 sed
434 2935 651 2997 propter
682 2931 933 2997 populum
963 2924 1225 2983 astantem
1253 2944 1369 2984 sese
1395 2944 1576 2984 orasse
1613 2941 1688 2983 te-

134 3026 331 3072 statur.
357 3012 555 3073 Orabat
579 3019 728 3085 quasi
760 3032 917 3072 verus
942 3018 1101 3072 homo
1125 3032 1223 3086 pro
1245 3019 1566 3081 hominibus,
1593 3019 1686 3073 sed

135 3109 421 3177 potestatis
477 3109 703 3177 insigni,
754 3124 859 3164 non
917 3111 1250 3165 necessitatis
1312 3110 1682 3164 dehonestate.

1781 1938 1934 1995 saris.
1963 1938 2262 1992 secundum
2279 1953 2490 2005 carnem
2518 1954 2620 1993 non
2658 1938 2759 1993 fuit
2782 1941 3200 2010 profectolsicut
3220 1944 3334 2012 ipse

1780 2041 1875 2094 per
1900 2024 2213 2093 Prnphetam
2232 2024 2650 2095 [Psal.t.xnvn,
2678 2026 2733 2100 5]
2761 2028 3005 2099 testatur)
3033 2030 3170 2082 inter
3195 2046 3335 2087 mor-

1782 2123 1909 2179 tuos
1954 2114 2117 2178 liber;
2169 2128 2270 2168 nec
2311 2114 2379 2167 ab
2407 2113 2493 2167 illa
2532 2128 2708 2168 massa
2759 2116 3073 2185 perditionis
3120 2124 3175 2169 et
3221 2115 3336 2186 lege

1781 2204 1983 2269 peccati
2020 2200 2271 2255 immunis
2307 2200 2510 2254 exstitit
2543 2209 2718 2255 natus.
2772 2202 2921 2268 Quod
2965 2202 3221 2270 suspicari
3267 2203 3336 2258 ab

1782 2294 1925 2346 omni
1964 2291 2123 2347 corde
2156 2290 2332 2347 divina
2362 2299 2568 2347 avertat
2591 2278 2891 2346 clementia.
2921 2291 2979 2346 Si
3014 2306 3111 2363 pro
3146 2307 3202 2346 se
3223 2291 3338 2345 haec

1782 2381 1959 2434 omnia
2004 2390 2057 2434 et
2106 2397 2213 2436 non
2265 2397 2360 2451 pro
2398 2382 2569 2447 nobis,
2605 2381 2767 2435 veluti
2802 2397 2860 2436 se
2914 2383 3108 2435 veritas
3157 2381 3336 2446 habet,

1785 2469 2147 2525 tantummodo
2190 2471 2422 2525 Verbum
2477 2484 2603 2525 caro
2639 2467 2875 2535 factum,
2921 2470 3023 2524 hoc
3043 2478 3159 2533 est,
3199 2471 3339 2526 Dens

1785 2559 1944 2613 homo
1968 2558 2157 2625 factus,
2184 2570 2435 2629 operatus
2457 2568 2572 2625 est;
2601 2559 2693 2615 ubi
2718 2567 2842 2612 sunt
2868 2558 3187 2638 inviolabilia
3216 2572 3338 2627 pro-

1782 2648 2084 2716 phetarum,
2124 2650 2534 2719 evangelicaque
2582 2658 2742 2719 atque
2784 2647 3074 2718 apostolica
3123 2647 3337 2702 oracula

1785 2738 2070 2807 clamantia
2105 2746 2159 2791 et
2184 2738 2433 2804 dicentia,
2472 2738 2741 2793 Christum
2776 2754 2874 2808 pro
2910 2738 3065 2793 nobis
3119 2746 3338 2801 natum,

1782 2843 1996 2897 passum
2014 2868 2029 2894 ,
2059 2837 2348 2892 mortuum,
2390 2828 2651 2901 sepultum
2671 2867 2687 2892 ,
2711 2837 2765 2881 et
2790 2842 2823 2881 a
2846 2828 3071 2882 mortuis
3106 2826 3338 2906 resusci—

1787 2926 1973 2980 tatum,
2002 2925 2055 2973 et
2078 2927 2269 2973 caetera
2302 2909 2622 2981 istiusmodi,
2650 2931 2768 2985 qua:
2794 2916 2849 2969 in
2875 2929 3088 2970 carnem
3121 2914 3338 2969 veniens

1786 3010 1878 3066 Dei
1901 3011 2067 3066 Filius
2090 3010 2336 3081 dignatus
2362 3018 2444 3064 est
2468 3024 2563 3078 per
2601 3009 2927 3063 incrementa
2968 3005 3128 3061 etiam
3164 3004 3339 3058 inlan-

1785 3098 1872 3151 tia:
1896 3098 1962 3151 ab
1990 3097 2143 3165 ipsis,
2184 3106 2245 3151 ut
2282 3097 2352 3151 ita
2383 3096 2604 3151 dixerim
2627 3136 2640 3158 ,
2670 3094 3085 3169 rudimentorum
3116 3092 3337 3145 incuna—

137 3162 313 3253 b‘mne
369 3162 510 3252 .,,.,,
547 3162 702 3265 αξιοεί
734 3162 1011 3253 sums;
1028 3162 1686 3265 *ﬁs'i;,,.,,’,,,ge.,u,
1713 3162 1759 3223 ο
1787 3185 1925 3240 bulis
1950 3162 2234 3240 exercere?
2261 3185 2359 3250 Qui
2386 3192 2529 3238 totus
2553 3183 2604 3236 in
2634 3192 2785 3235 utero
2818 3162 3083 3249 virginis,
3112 3186 3256 3231 totus
3284 3177 3340 3230 in

138 3289 418 3363 virtusque
452 3287 765 3341 mirabiliter
815 3288 868 3340 in
906 3286 1187 3349 locutione,
1238 3286 1291 3340 in
1350 3286 1579 3349 actione,
1634 3285 1687 3339 in

1788 3275 1905 3328 sinu
1932 3274 2237 3347 sempiterni
2270 3282 2323 3327 et
2352 3271 2599 3327 coaeterni
2636 3268 2811 3323 Patris
2845 3267 3227 3336 permanebat;
3262 3273 3342 3318 to-

139 3367 267 3426 situ,
297 3352 349 3417 in
400 3372 567 3429 metu,
593 3364 648 3418 in
674 3364 942 3427 sessione,
981 3373 1034 3418 et
1069 3363 1483 3426 resurrectione,
1510 3378 1573 3418 ac
1595 3364 1690 3417 de—
1789 3371 1875 3413 tus
1900 3360 2157 3427 idemque
2178 3359 2292 3421 ipse
2325 3359 2462 3411 inter
2507 3356 2775 3426 angustias
2814 3352 3023 3422 jaeebat
3065 3352 3340 3421 praesepii,

141 3452 502 3508 ambulatione
544 3453 684 3522 egit,
708 3461 799 3507 aut
825 3452 1122 3522 exemplum
1143 3493 1157 3515 ,
1182 3461 1274 3506 aut
1308 3452 1575 3514 doctrina,
1599 3460 1692 3505 aut
1772 3458 1932 3505 ~totus
1979 3451 2031 3503 in
2075 3457 2293 3518 paterna
2318 3449 2439 3503 sede
2472 3449 2745 3517 regnabat.
2772 3447 2886 3515 Ipse
2907 3446 3117 3513 utique,
3148 3451 3201 3497 et
3235 3459 3339 3497 non

144 3543 459 3614 mysterium
487 3541 606 3606 fuit,
630 3550 722 3595 aut
755 3551 1036 3612 utrumque
1060 3542 1227 3596 ethoc
1242 3550 1297 3595 et
1320 3542 1453 3606 haec,
1469 3549 1521 3595 et
1541 3539 1687 3594 illud.

707 3650 930 3706 CAPUT
966 3650 1132 3705 XXX.

149 3756 465 3826 Depraratas
501 3755 795 3826 Scripturas
820 3774 851 3809 a
881 3755 1089 3810 Felice:
1115 3755 1347 3810 Christus
1374 3773 1475 3826 non
1512 3772 1605 3825 pro
1642 3773 1696 3809 se

217 3824 384 3878 oravit
403 3864 418 3889 ,
443 3826 530 3877 sed
555 3824 645 3893 pro
676 3825 819 3879 nobis
836 3864 851 3886 ,
879 3825 1011 3894 sicut
1038 3840 1140 3881 non
1163 3840 1255 3893 pro
1275 3840 1350 3883 se,
1377 3824 1466 3878 sed
1488 3824 1579 3894 pro
1607 3840 1697 3877 no-

218 3894 294 3947 bis
318 3903 495 3956 natus,
528 3891 781 3956 mortuus,
812 3891 1057 3961 sepultus.

221 3982 299 4035 Tn
330 3983 492 4050 igitur
516 3997 619 4036 non
642 3997 699 4037 es
724 3982 974 4037 confusus
1001 3981 1265 4037 lellivomo
1300 3991 1514 4052 gutture
1535 3982 1701 4051 expli-

152 4083 275 4121 care
295 4069 494 4121 idcirco
514 4082 631 4121 eum
651 4084 751 4122 non
774 4062 890 4122 esse
914 4084 1092 4122 verum
1117 4070 1280 4140 Deum
1302 4085 1587 4140 verumque
1606 4071 1699 4126 Dei

154 4157 368 4227 Filium,
394 4156 515 4224 quia
544 4171 646 4210 non
676 4154 844 4211 solum
879 4171 976 4227 pro
999 4158 1143 4217 aliis,
1184 4158 1276 4211 sed
1311 4158 1473 4211 etiam
1499 4172 1596 4227 pro
1620 4172 1703 4212 se-

159 4248 381 4315 metipso
400 4245 700 4299 necessario
727 4244 855 4315 [Pro
881 4245 1255 4317 necessarium]
1282 4247 1333 4299 in
1355 4247 1591 4301 oratione
1612 4243 1703 4300 Dei

158 4344 477 4407 pernoctans
525 4333 737 4388 duxerit
775 4348 1052 4388 exorasse:
1104 4336 1447 4404 apostolicum
1493 4351 1705 4391 sumens

160 4420 518 4474 testimonium
545 4419 676 4473 satis
706 4419 903 4473 clarum
932 4429 985 4472 et
1019 4421 1375 4493 perspicuum,
1396 4423 1487 4476 sed
1519 4408 1707 4477 secun-

1791 3542 1945 3607 alius,
1970 3542 2107 3595 lacte
2130 3542 2331 3595 Md
2355 3541 2668 3612 dignabatur
2707 3540 2760 3593 in
2785 3548 2926 3594 terra
2957 3537 3219 3607 virgineo,
3249 3537 3343 3605 qui

1790 3640 2002 3686 sanctos
2036 3629 2349 3687 mirabiliter
2380 3630 2627 3698 pascebat
2668 3629 2882 3697 angelos
2922 3629 2973 3680 in
3009 3626 3164 3681 cado.

2344 3755 2567 3811 CAPUT
2603 3755 2787 3809 XXXI.
2838 3740 2842 3744 ‘

1795 3844 2030 3899 Christus
2053 3861 2155 3899 non
2195 3846 2491 3899 necessitate
2520 3845 2715 3897 orarit:
2747 3844 2890 3898 locus
2918 3842 3074 3896 Pauli
3106 3842 3240 3896 male
3262 3844 3343 3896 in-

2315 3912 2541 3965 tellectus
2569 3929 2601 3965 a
2631 3911 2823 3976 Felice.

1867 3998 2025 4054 Solus
2069 3999 2229 4068 igitur
2252 4013 2349 4066 pro
2384 3998 2631 4053 omnibus
2662 4006 2977 4067 pernoctans
3020 3999 3074 4052 in
3102 3999 3344 4055 oratione

1798 4089 1962 4143 Deum
1989 4089 2174 4142 orabat
2195 4087 2340 4156 (Luc.
2364 4101 2442 4152 vn,
2469 4086 2580 4156 I2),
2612 4087 2733 4155 quia
2782 4086 2926 4140 solus
2960 4100 3059 4154 pro
3096 4086 3344 4141 omnibus

1799 4185 2017 4231 venerat
2049 4175 2204 4230 mori.
2251 4175 2386 4242 Non,
2413 4185 2435 4213 '-
2461 4191 2563 4230 non
2610 4189 2706 4242 pro
2753 4188 2811 4228 se
2854 4175 3209 4229 necessarium
3244 4174 3340 4230 ha-

1801 4265 1914 4319 buit
1950 4264 2169 4319 omnino
2205 4279 2383 4327 orare,
2427 4264 2514 4331 qui
2541 4262 2684 4316 nullo
2738 4276 2967 4331 unquam
3012 4261 3345 4316 necessitatis

1803 4352 2035 4416 vinculo,
2070 4362 2129 4405 ut
2153 4366 2315 4419 purus
2338 4350 2557 4418 quilibet
2594 4351 2877 4405 electorum
2910 4350 3199 4413 hominum,
3228 4348 3343 4403 fue-

1807 4448 1891 4494 rat
1924 4440 2240 4507 implicatus.
2286 4438 2387 4504 Qui
2433 4438 2782 4493 essentialiter
2811 4445 3086 4507 susceptus
3114 4453 3143 4492 a
3170 4438 3344 4493 Verbo

157 4511 282 4563 dum
303 4507 542 4577 perfidiae
567 4516 669 4563 tua:
694 4523 906 4562 sensum
925 4486 1055 4564 satis
1080 4486 1215 4564 male
1235 4518 1289 4564 et
1307 4513 1531 4565 obscure
1549 4512 1692 4580 118

1812 4486 1889 4494 ._-
1925 4486 2239 4507 ---τ-πω.-
2294 4486 2387 4504 η--
2437 4486 2773 4493 -μ-----τ-----
2811 4486 3084 4507 ηηςτ---
3114 4486 3143 4492 _
3189 4486 3341 4493 .-τη

1803 4541 1929 4583 caro
1961 4527 2172 4590 factum,
2221 4528 2381 4581 homo
2421 4540 2730 4595 permanens
2774 4539 2950 4589 verus,
3002 4527 3081 4583 sic
3122 4526 3343 4582 exaltari

158 4600 523 4671 depravatum.
537 4599 783 4668 Nunquid
797 4615 901 4653 non
922 4615 1043 4654 cum
1062 4601 1407 4656 admiratione
1425 4601 1567 4658 Petri
1587 4616 1708 4670 apo-

226 4761 255 4791 ι
292 4746 381 4801 Vel
398 4746 829 4800 immutabilitate.
851 4747 992 4801 Idem
1010 4757 1093 4805 est
1111 4747 1332 4803 Paulino
1353 4766 1417 4805 ac
1443 4751 1706 4805 inritabili-

163 4827 285 4872 tate.
329 4816 834 4886 Equidemgimmuto
868 4824 961 4886 est
995 4816 1131 4871 idem
1171 4831 1233 4869 ac
1260 4828 1432 4883 muto;
1469 4822 1710 4886 quamvis

163 4882 497 4954 immutabilis
518 4882 975 4954 etgimmutabilitas
1003 4900 1108 4940 non
1133 4886 1239 4939 sint
1264 4886 1398 4937 idem
1428 4882 1567 4954 quod
1592 4903 1708 4940 mu-

162 4951 332 5025 tabilis
348 4952 740 5025 et_r_nutabilitas
766 4952 901 5019 apud
928 4954 1161 5025 probatae
1173 4951 1468 5025 Latinitatis
1490 4956 1713 5025 scripto—

166 5036 273 5075 res.
295 5018 551 5073 Paulinus
587 5027 762 5076 tamen
791 5018 894 5073 non
921 5018 1077 5083 modo
1101 5037 1279 5077 vocem
1297 5061 1310 5083 ,
1343 5024 1431 5076 sed
1456 5018 1614 5077 etiam
1637 5025 1710 5078 si-

166 5086 559 5158 gniﬁcationem
591 5089 657 5140 ab
688 5089 900 5142 immuto
929 5078 1171 5155 deduxit,
1207 5098 1266 5144 ut
1291 5078 1454 5158 liquet
1489 5107 1554 5145 ex
1583 5106 1710 5146 con-

168 5166 336 5211 textu.

238 5228 265 5295 ἡ
286 5224 536 5295 Dominus
549 5223 788 5287 innotuit.
799 5221 855 5274 Id
871 5231 972 5295 est,
988 5235 1162 5295 notum
1176 5227 1291 5292 fecit
1301 5267 1314 5290 ,
1328 5227 1711 5295 signiﬁcatione

169 5294 370 5356 activa,
405 5292 529 5345 licet
557 5299 745 5359 natura
777 5305 871 5359 sua
900 5292 1336 5359 signiﬁcationem
1364 5292 1553 5349 habeat
1585 5312 1712 5348 neu-

170 5359 577 5432 tro-passivam._
598 5358 703 5412 Sed
730 5358 830 5432 hoc
859 5358 912 5425 in
940 5358 1095 5414 sensu
1125 5378 1227 5432 non
1258 5379 1377 5416 raro
1401 5365 1467 5417 ab
1486 5365 1710 5432 scriptil-

170 5426 314 5483 ribus
342 5427 609 5481 inferioris
632 5426 802 5495 aetatis
821 5435 1126 5495 usurpatum
1156 5431 1379 5484 invenio.
1414 5426 1708 5492 Marcull‘us,

172 5495 557 5569 l‘nrmiil._lib.i
582 5510 697 5569 cap.
721 5494 787 5549 36
806 5512 819 5546 :
839 5514 856 5544 ι
879 5494 991 5565 Ipse
1018 5497 1167 5549 nobis
1193 5499 1419 5569 innotuit
1437 5502 1662 5569 ecquod
1681 5515 1709 5550 a

171 5565 391 5635 diversis
416 5558 718 5635 hominibus
781 5601 794 5613 .
804 5602 816 5614 .
834 5558 1245 5635 comparassent,
1258 5587 1275 5617 ι
1297 5567 1347 5620 id
1360 5558 1441 5635 est
1454 5558 1713 5635 signiﬁca-

171 5643 255 5686 ειμι.
270 5634 499 5685 Sanctus
520 5629 843 5697 Agobardus,
862 5629 1001 5684 lihel.
1015 5631 1078 5684 de
1102 5633 1372 5687 Insolentia
1393 5629 1712 5692 Judicoﬁim.

175 5700 493 5763 Lndovicum
554 5696 703 5750 I‘ium
759 5699 1127 5766 imperatorem
1185 5702 1518 5770 alloquenszt
1551 5698 1707 5759 eum-

1418 5936 1429 5973 \

1806 4616 1996 4673 meruit
2038 4617 2091 4670 in
2115 4615 2301 4680 Deum,
2330 4623 2587 4683 quatenus
2616 4629 2679 4670 ex
2706 4615 2905 4692 virtute
2928 4615 3216 4671 divinitatis
3243 4631 3343 4671 na-

1807 4763 1959 4832 mitto
1980 4777 2062 4815 me
2086 4762 2308 4832 bonitati
2335 4770 2387 4817 et
2410 4763 2675 4832 patientiae
2700 4771 2920 4829 vestrae,
2954 4764 3124 4818 dando
3150 4779 3233 4818 me
3257 4778 3345 4832 pe-

1806 4831 2007 4892 riculis,
2027 4840 2080 4883 et
2102 4831 2417 4884 innotescens
2446 4831 2594 4884 vobis
2626 4845 2743 4896 qnze
2779 4838 2953 4887 tacere
2988 4831 3343 4899 perniciosum

1806 4908 1914 4962 est;
1938 4920 1953 4949 ο
1974 4899 2300 4967 innotescens
2342 4899 2392 4952 id
2422 4906 2500 4952 est
2535 4898 2852 4967 signiﬁcans.
2895 4899 2963 4953 Et
2992 4898 3214 4967 epistola
3249 4916 3343 4956 seu

1806 4965 2190 5021 consultatione
2212 4967 2276 5018 ad
2313 4979 2558 5034 proceres
2578 4966 2756 5034 palatii
2782 4968 2846 5020 de
2879 4965 3138 5034 baptismo
3164 4967 3345 5023 Judai-

1807 5049 1989 5105 eorum
2030 5032 2431 5105 mancipiorum,
2456 5032 2646 5087 iterum
2675 5035 2809 5105 idem
2845 5032 3064 5090 verbum
3094 5048 3340 5105 usurpat:

1813 5102 2046 5182 «Aliqua,
2062 5116 2179 5182 quas
2202 5101 2414 5182 silenda.
2424 5116 2527 5155 non
2551 5103 3032 5182 ptitoz....innotesco
3052 5101 3344 5172 prudentiae

1808 5169 2018 5233 vestrae,
2038 5188 2055 5218 ι
2071 5169 2125 5221 id
2146 5177 2227 5222 est
2244 5169 2495 5238 signi/ica,
2523 5178 2643 5221 nota
2669 5169 2824 5237 facio.
3020 5200 3025 5205 -

1879 5255 1922 5323 ι
1934 5254 2036 5323 19
2048 5265 2070 5294 ο
2088 5254 2153 5328 1!:
2143 5271 2229 5320 an,
2243 5272 2342 5309 non
2360 5270 2536 5328 pro_se.
2555 5255 2812 5328 ltepetitio
2825 5259 3064 5328 negantis
3075 5259 3345 5326 particulae

1808 5321 1919 5397 hi6
1935 5321 2039 5397 non
2073 5322 2297 5397 aﬂinn_a_t
2318 5362 2333 5385 ,
2361 5321 2472 5375 sed
2500 5321 2859 5397 vehementius
2885 5321 3092 5397 negat,
3125 5337 3183 5383 ut
3208 5330 3345 5397 apud

1809 5390 2111 5445 Terentium
2137 5392 2192 5444 iu
2224 5390 2437 5444 Phorm.
2465 5405 2516 5444 v.
2556 5390 2676 5456 δοι,
2709 5401 2813 5445 act.
2840 5407 2901 5457 ιι,
2923 5390 2999 5448 se.
3032 5394 3057 5448 l
3087 5412 3101 5448 ς

2043 5498 2166 5559 Non,
2189 5510 2282 5547 non
2307 5499 2377 5550 sic
2397 5496 2605 5549 futurum
2628 5503 2725 5561 est,
2742 5510 2833 5547 non
2856 5503 3046 5569 potest,

1806 5600 1910 5719 ubi!
1933 5600 2164 5653 Donatus
2189 5600 2453 5669 abnegatio
2476 5641 2487 5663 ,
2530 5601 2620 5662 ait,
2663 5588 2910 5670 frequenti
2938 5603 3227 5671 repetitione
3253 5602 3346 5672 (ir-

1807 5683 1890 5719 ῗηα
1916 5686 1967 5719 (lo

1807 5683 1967 5719 mam.
