3926 6480
590 465 694 519 $83

589 683 849 734 nunquam
889 670 1098 722 omnino
1124 683 1274 735 posse
1314 682 1550 734 peccare,
1593 667 1682 734 qui
1708 673 1980 735 peccatum
2013 680 2114 718 non

590 755 733 818 fecit,
767 770 865 810 nec
901 756 1051 810 dolus
1094 758 1332 810 inventus
1369 764 1449 809 est
1488 757 1538 808 in
1565 771 1656 810 ore
1687 754 1868 822 ejus(I
1892 753 2030 805 Petr.
2053 769 2115 816 ιι,

587 842 704 906 ‘22).
735 842 837 896 Sed
859 859 952 896 nec
977 845 1083 910 pati
1109 845 1186 897 vel
1216 846 1370 907 mori,
1401 844 1521 897 licet
1544 844 1700 898 fuerit
1721 857 1873 911 posse
1897 841 1969 894 illi
1995 843 2116 916 quia

588 933 768 995 voluit,
807 949 910 987 non
933 945 1106 988 tamen
1129 936 1280 988 aliter
1315 936 1392 987 vel
1415 935 1690 1000 aliquando
1726 947 1878 1002 posse
1908 933 2115 1000 habuit;
2155 920 2180 959 ε

587 1021 677 1074 sed
705 1021 928 1087 qualiter
963 1031 1016 1074 et
1049 1023 1253 1088 quando
1291 1031 1341 1073 et
1374 1037 1438 1074 ex
1467 1029 1722 1088 potestate
1763 1023 1970 1089 propria
2010 1021 2121 1089 pla-

1519 466 1573 520 s.
1615 464 1880 521 PAULIN:
1912 447 2371 517 PATRIARCILE
2411 466 2880 540 AQUILEIENSIS

589 577 828 630 turaliter
851 578 899 630 ei
930 577 1290 646 comparabilis
1316 585 1645 647 permaneret
1688 576 1866 647 glorim
1892 575 2108 628 altitudo
2139 578 2177 628 Α

3639 428 3805 520 ω’

2739 577 2957 631 CAPUT
2996 577 3200 630 XXXII.

2213 661 2410 715 Paulus
2441 679 2540 716 non
2577 665 2864 731 adoptivum
2893 705 2908 731 ,
2949 665 3035 718 sed
3069 665 3328 732 proprium
3363 663 3558 732 Filium
3586 703 3602 726 ,
3644 680 3744 716 non

2280 729 2693 798 nuncupativum,
2727 733 2813 789 sed
2838 729 3008 785 verum
3035 729 3192 784 Deum
3230 733 3409 784 asserit
3443 729 3703 784 Christum
3727 748 3744 782 :

2278 798 2364 862 qui
2392 797 2456 849 in
2473 797 2749 867 scripturis
2781 814 2872 867 pro
2912 816 3026 852 vero
3068 799 3218 867 Filio
3238 817 3268 851 a
3296 799 3750 867 Patre_cognosci-

2281 873 2383 926 tur,
2413 875 2456 916 et
2495 866 2714 918 vicissim
2747 864 2836 934 pro
2874 884 2987 920 vero
3014 877 3156 935 patre
3174 866 3343 935 Pater
3373 884 3405 918 a
3437 864 3616 919 Filio:
3658 867 3748 934 qui

2282 949 2381 984 non
2405 941 2661 998 nostrum,
2688 935 2774 987 sed
2801 948 2973 988 meum
2996 933 3135 988 vocat
3165 933 3388 986 Patrem.

2281 1016 2471 1079 Intueri
2503 1008 2661 1086 igitur
2704 1022 2754 1073 in
2806 1023 2888 1075 his
2922 1021 3224 1089 apostolicis
3267 1020 3442 1075 verbis
3486 1021 3755 1076 subtiliter

587 1108 718 1170 cuit,
754 1108 858 1174 pati
888 1109 966 1159 vel
1013 1107 1143 1159 mori
1186 1109 1425 1174 dignatus
1470 1119 1568 1162 est.
1598 1109 1691 1171 .Tu
1737 1119 1912 1162 autem
1963 1109 2118 1163 falsas
2215 1105 2366 1170 libet,
2395 1110 2656 1174 quomodo
2681 1110 2863 1164 doctor
2888 1111 3144 1165 mirabilis
3179 1119 3232 1164 et
3264 1116 3610 1179 utrarumque
3633 1111 3757 1170 illu-

587 1193 1012 1260 conjecturalium
1048 1193 1394 1261 objectionum
1434 1203 1636 1248 tuarum
1663 1179 1978 1251 assertiones
2011 1212 2120 1251 me-
2215 1193 2374 1246 strius
2409 1204 2713 1268 naturarum
2758 1197 3130 1264 proprietatem
3168 1190 3491 1260 discreverit,
3540 1204 3595 1249 et
3629 1209 3756 1263 per-

587 1292 792 1336 ntorato
819 1284 963 1335 Pauli
1004 1282 1184 1336 fulcire
1211 1285 1507 1338 testimonio
1532 1286 1788 1339 coniceris
1808 1284 1937 1355 [Pro
1962 1301 2121 1340 cona—

589 1371 709 1440 ris],
731 1372 852 1438 quia
879 1371 930 1423 in
961 1374 1019 1423 ea
1046 1387 1160 1438 qua:
1187 1371 1486 1437 inscribitur
1507 1374 1570 1427 ad
1594 1374 1840 1428 Hebraeos
1861 1374 2114 1442 Epistula,

591 1459 654 1512 de
678 1459 953 1512 Mediatore
983 1461 1073 1514 Dei
1096 1462 1433 1514 ethominum
1460 1462 1747 1530 scripserit,
1773 1462 1908 1531 quod
1935 1464 1989 1514 in
2010 1463 2118 1514 die-

591 1548 681 1598 bus
709 1550 874 1600 carnis
903 1565 1008 1601 suae
1034 1565 1200 1617 preces
1229 1549 1713 1618 supplicationesque
1740 1566 1852 1602 cum
1879 1549 2118 1618 lacrymis

589 1645 636 1686 et
657 1635 876 1687 clamore
901 1637 1068 1689 valido
1096 1652 1186 1704 pro
1214 1653 1265 1688 se
1291 1636 1477 1703 fuderit
1500 1638 1585 1698 ad
1624 1637 1785 1698 illum,
1819 1639 1904 1704 qui
1938 1639 2120 1705 poterit

593 1740 706 1775 eum
731 1742 760 1775 a
782 1734 942 1776 morte
965 1721 1157 1774 salvum
1181 1724 1346 1789 facere
1373 1722 1550 1792 (Hebr.
1571 1725 1687 1788 v,7;
1715 1729 1800 1777 sed
1824 1725 1982 1793 magis
2008 1729 2121 1794 sen-

591 1827 677 1862 sus
704 1826 855 1878 quam
895 1808 1081 1878 verba);
1114 1809 1356 1879 ignorans
1401 1811 1500 1864 alia
1520 1827 1581 1865 ex
1622 1812 1740 1866 aliis
1768 1812 2034 1879 colligere,
2069 1822 2122 1866 et

2215 1293 2396 1332 sonam
2436 1269 2697 1348 Ubigéniti
2745 1283 2942 1350 Deique
2983 1283 3090 1356 veri
3111 1333 3113 1336 ι
3133 1281 3482 1349 excellentius
3520 1283 3755 1345 intuens,

2216 1369 2269 1421 in
2296 1377 2516 1437 utraque
2540 1380 2724 1424 natura
2756 1371 3110 1444 indifferenter
3135 1387 3338 1440 ponens
3355 1412 3373 1436 ,
3421 1387 3519 1442 nec
3543 1386 3638 1440 per
3666 1372 3761 1424 ad-

2215 1446 2442 1524 optionis
2465 1447 3173 1530 ingcminatpraerogativam
3193 1501 3207 1524 ,
3253 1477 3350 1525 nec
3388 1462 3632 1515 immutat
3661 1475 3760 1528 per

2217 1531 2616 1612 nuncupationis
2643 1547 2904 1613 dedecus;
2946 1550 3036 1602 sed
3072 1564 3235 1604 unum
3275 1547 3622 1616 eumdemque
3646 1548 3760 1604 D0—

2218 1631 2416 1684 minum
2441 1631 2618 1685 Jesum
2644 1633 2909 1692 Christum
2954 1649 3132 1688 verum
3161 1635 3254 1689 Dei
3283 1634 3493 1699 Filium,
3541 1649 3762 1688 verum-

2218 1729 2319 1783 que
2354 1720 2605 1786 praedicat
2641 1721 2825 1785 Deum,
2873 1731 2926 1774 et
2973 1731 3093 1776 ante
3139 1723 3328 1794 saecula
3364 1722 3478 1776 sine
3513 1722 3665 1774 initio
3696 1732 3796 1774 ex‘

2220 1805 2392 1869 Patre,
2420 1804 2479 1859 'et
2501 1809 2552 1860 in
2577 1807 2679 1861 line
2711 1808 3020 1862 szcculorum
3048 1809 3405 1877 temporaliter
3431 1810 3668 1877 genitum
3697 1824 3763 1862 ex
3781 1817 3804 1822 ’

594 1900 698 1951 vim
721 1899 865 1962 dicti,
893 1914 1046 1966 quam
1070 1914 1132 1952 ex
1157 1915 1260 1953 uno
1281 1915 1383 1952 non
1403 1901 1545 1953 vales
1572 1901 2033 1967 comprehendere,
2058 1916 2122 1955 ex
2153 1874 2196 1932 Β
2225 1899 2424 1966 virgine
2453 1880 2636 1951 matre.
2687 1899 2848 1952 Porro
2885 1913 3002 1954 cum
3039 1900 3219 1954 multis
3250 1900 3420 1954 modis
3446 1898 3573 1953 olim
3611 1913 3763 1952 asse-

594 1987 829 2054 plurimis
847 2003 1005 2054 queas
1033 1987 1234 2040 conatis
1255 1988 1533 2040 simillimis
1555 1987 1856 2055 capabiliter
1876 1989 2122 2055 experiri.

597 2079 676 2134 An
702 2077 745 2129 si
779 2091 873 2143 pro
893 2091 1082 2144 magno
1103 2071 1332 2143 coepisse
1354 2084 1402 2130 te
1443 2085 1595 2143 putas
1622 2093 1648 2129 a
1676 2085 1822 2130 turre
1863 2077 2126 2138 Hanancel

600 2179 764 2232 usque
791 2165 855 2217 ad
879 2172 1082 2230 portam
1121 2163 1293 2232 anguli
1322 2163 1530 2230 (Jerem.
1557 2179 1699 2226 κιαι,
1725 2163 1836 2231 '58),
1861 2164 2130 2232 qualicun-

605 2268 706 2320 que
727 2267 930 2304 murum
963 2251 1286 2304 Hierusalem
1309 2251 1536 2303 libratim
1563 2251 1821 2304 aedificare
1857 2251 2131 2318 perpendi-

597 2337 744 2391 culo:
769 2339 994 2390 aestimas
1017 2336 1150 2388 forte
1176 2337 1648 2414 parvipendeudum
1669 2333 1790 2390 fore
1812 2337 1946 2390 ultra
1972 2338 2130 2390 limen

596 2435 763 2495 porta:
791 2427 1038 2479 excedere
1063 2412 1296 2478 normam
1323 2425 1611 2491 mensuris?
1639 2424 1752 2477 Non
1779 2435 1857 2479 est
1886 2412 2130 2492 plane’al-

596 2519 764 2592 terius
776 2518 988 2586 periculi
1006 2517 1190 2577 linialis
1207 2516 1406 2592 [Forte,
1423 2513 1632 2586 funalis]
1651 2532 1906 2570 mensurae
1923 2529 1946 2556 α
1965 2525 2134 2570 trans-

600 2590 822 2661 cendere
853 2608 1130 2671 terminos,
1155 2615 1212 2659 ut
1227 2590 1310 2659 est
1335 2606 1532 2658 exordii
1561 2619 1662 2656 non
1691 2605 1822 2657 bene
1843 2604 2032 2671 injecta
2045 2593 2134 2657 sa-

603 2712 787 2750 xorum
811 2697 1048 2749 machina
1070 2680 1387 2748 fundamenti
1408 2692 1530 2761 [Απ.
1556 2691 1786 2745 exordiri
1830 2690 2136 2744 fundamen-

607 2797 715 2839 tum
728 2785 794 2854 η.
819 2785 984 2845 Porro
1006 2785 1058 2836 in
1089 2798 1152 2836 eo
1173 2782 1434 2850 angularis
1454 2789 1619 2848 porta:
1639 2780 1932 2833 introeundi
1955 2787 2005 2832 te
2026 2779 2137 2840 adj-

604 2876 716 2929 tuin
743 2875 945 2927 tibimet
983 2873 1250 2936 clausisse,
1287 2874 1442 2926 certis
1467 2873 1661 2944 reviuci
1696 2879 1868 2940 potest
1910 2872 2149 2936 indiciis,

604 2979 708 3032 quo
731 2979 925 3016 norma:
957 2977 1249 3028 mensuram
1272 2955 1964 3024 excedisseteimmoderataa
1988 2961 2137 3015 locu-

605 3050 763 3104 tionis
784 3051 1060 3103 verborum
1087 3049 1309 3116 phalene
1337 3035 1710 3114 protestantur.
1737 3045 1994 3112 Memento
2017 3047 2138 3115 quia

609 3138 698 3206 qui
741 3151 832 3203 per
874 3136 1035 3188 David
1076 3135 1215 3202 lapis
1243 3135 1502 3202 angularis
1524 3133 1688 3202 (Psal.
1710 3150 1869 3197 cxvu,
1894 3135 2005 3203 22),
2028 3135 2138 3204 ipse

607 3241 703 3294 per
748 3224 1025 3278 J’eremiam
1066 3234 1216 3291 porta
1257 3235 1338 3276 est
1377 3223 1549 3292 anguli
1588 3225 1901 3279 vaticinatus
1926 3225 2136 3294 (Jerem.

610 3328 758 3375 χχχι,
785 3312 891 3380 58).
915 3311 970 3364 ln
995 3312 1404 3379 praecedentibus
1426 3313 1631 3380 quidem
1654 3313 1780 3366 satis
1802 3314 1958 3366 latius
2002 3314 2140 3380 Apo-

610 3401 801 3455 Stolum
833 3402 897 3454 de
919 3403 999 3454 his
1025 3402 1318 3468 disputasse
1337 3402 1526 3467 legitur
1549 3402 1788 3468 negotiis.
1812 3403 1915 3454 imo
1938 3403 2003 3455 ab
2028 3404 2141 3468 ipso

609 3472 864 3540 duntaxat
895 3489 1010 3554 ejus
1046 3489 1293 3554 Epistolae
1317 3489 1588 3556 principio.
1625 3491 1760 3539 limis
1817 3510 1819 3512 ·
1862 3493 2057 3542 i-tterca
2090 3489 2141 3542 in

615 3577 788 3630 fronte
815 3578 975 3630 moris
1010 3578 1087 3630 sui
1115 3576 1244 3646 [Pro
1271 3593 1413 3628 ntere
1439 3579 1552 3645 ευρ]
1608 3599 1675 3626 κίε·
1705 3603 1728 3612 -·
1760 3609 1765 3620 ι
1803 3579 1931 3630 umis
1972 3579 2140 3643 titulo,

617 3665 792 3718 taliter
809 3666 1060 3717 elementa
1083 3667 1337 3718 sermonis
1359 3666 1536 3734 incipit
1560 3680 1672 3717 eam
1689 3680 1782 3718 um
1810 3680 1823 3716 :
1849 3666 2142 3734 .llultifarie,

625 3753 814 3820 inquit,
841 3752 1107 3820 multisque
1132 3753 1294 3804 modis
1338 3753 1456 3805 olim
1495 3753 1628 3805 Deus
1675 3763 1880 3821 loquens
1920 3755 2145 3823 patribus

618 3843 674 3894 in
699 3841 969 3909 prophetis,
1001 3841 1263 3892 novissime
1300 3849 1466 3892 autem
1506 3841 1680 3892 diebus
1705 3842 1812 3892 istis
1854 3841 2049 3894 locutus
2075 3852 2147 3894 est

623 3928 765 3983 nobis
787 3929 840 3979 in
864 3926 1018 3990 Filio,
1048 3943 1193 3996 quem
1220 3929 1475 3981 constituit
1494 3928 1742 3980 hteredcm
1783 3930 2144 3994 universorum,

617 4033 707 4085 per
727 4032 871 4084 quem
899 4016 1014 4083 fecit
1040 4027 1084 4068 et
1110 4020 1313 4069 stecula.
1341 4017 1438 4080 Qui
1466 4035 1578 4070 cum
1607 4020 1671 4071 sit
1697 4019 1934 4087 splendor
1953 4019 2144 4087 gloriw,

620 4112 668 4154 et
700 4101 865 4179 ﬁgura
907 4101 1201 4154 substantia:
1255 4104 1384 4170 ejus,
1437 4115 1740 4174 portamque
1790 4109 1962 4159 omnia
2006 4109 2149 4161 verba

621 4190 813 4242 virtutis
856 4206 995 4242 suae:
1023 4192 1368 4259 purgationem
1406 4204 1720 4260 peccatorum
1767 4196 1980 4262 faciens,
2015 4198 2152 4250 sedet

623 4262 690 4330 ad
718 4277 970 4329 dexteram
1016 4279 1291 4345 majestatis
1317 4280 1370 4332 in
1396 4280 1623 4342 excelsis,
1673 4291 1813 4334 tanta
1860 4279 2150 4347 melior'ano

623 4365 745 4434 gelis
771 4367 990 4432 effectus,
1021 4377 1208 4435 quanto
1233 4385 1338 4435 pra:
1362 4369 1466 4422 illis
1488 4369 1802 4438 differentias
1841 4386 2020 4424 nomen
2041 4373 2150 4425 Inr-

626 4452 854 4504 reditaoit
884 4452 1064 4521 (Hebr.
1089 4469 1124 4518 t,
1155 4455 1353 4524 lseq.).
1563 4453 1575 4481 '

700 4693 725 4720 θ
754 4679 972 4751 Finialis
1014 4699 1261 4736 mensura!
1306 4685 1657 4738 transcendere
1683 4687 1919 4739 terminos
1939 4727 1955 4751 ,
2001 4699 2053 4740 ut
2078 4697 2151 4741 est

598 4780 600 4782 τ
628 4751 845 4817 exordii.
876 4750 1090 4803 Videtur
1115 4751 1223 4808 haec
1243 4766 1358 4804 esse
1385 4753 1581 4806 Paulini
1603 4760 1883 4817 sententia,
1916 4756 2152 4810 videlicet

629 4815 858 4886 ejusdem
887 4831 1001 4886 esse
1037 4819 1248 4886 periculi
1274 4834 1450 4872 errare
1486 4821 1536 4872 in
1565 4823 1786 4874 termino
1813 4815 1877 4876 ac
1893 4837 2072 4880 errare
2099 4824 2151 4876 in

629 4883 902 4956 principio.
931 4883 1196 4956 Paulinus
1208 4901 1341 4940 .vero
1379 4885 1622 4956 allegoria
1653 4890 1813 4956 petita
1840 4892 1905 4943 ab
1929 4891 2154 4943 archite—

633 4951 856 5011 ctonica,
897 4951 985 5010 ait,
1015 4954 1264 5005 excedere
1291 4951 1542 5007 terminos
1570 4951 1779 5019 tini'alis,
1805 4958 1854 5009 id
1882 4966 1964 5011 est
1984 4959 2154 5012 linalis

635 5033 890 5070 mensura:
924 5034 1040 5092 non
1055 5033 1178 5092 esse
1195 5020 1401 5074 alterius
1429 5022 1670 5092 periculi,
1692 5033 1762 5092 ut
1792 5025 1842 5076 id
1873 5036 1952 5078 est
1976 5040 2147 5092 quam,

634 5099 724 5137 seu
761 5099 822 5136 ac
848 5087 1040 5138 exordii
1059 5086 1301 5204 évidetur
1323 5086 1544 5141 exordiri
1570 5090 1956 5157 fundamentum
1981 5086 2154 5161 legen-F

634 5155 757 5202 dum
783 5190 796 5204 .
844 5153 978 5204 quod
1028 5171 1056 5204 a
1096 5154 1389 5204 notavimus
1425 5155 1477 5204 in
1521 5158 1771 5204 maritian
1811 5157 2150 5204 fundamenti-

634 5155 757 5202 dum
783 5190 796 5211 ,
844 5153 978 5222 quod
1028 5153 1391 5226 adnotavimus
1425 5153 1771 5226 inmarﬁine)
1810 5153 2152 5224 fundamEnti,

635 5232 753 5270 cum
777 5222 1201 5289 s_axorum_moles
1227 5223 1462 5275 machina
1484 5222 1761 5289 jaciuntur'
1775 5236 1921 5279 extra
1949 5222 2156 5281 mensué

637 5285 847 5362 ramuli:
865 5287 991 5362 edit;
1010 5286 1372 5362 Dttcbesniana
1397 5285 1674 5362 adnotatur
1701 5293 1753 5362 in
1777 5295 2008 5362 margine
2028 5297 2157 5362 forte

639 5352 847 5429 funalis.
893 5353 1042 5429 Quod
1072 5354 1299 5407 alludere
1327 5358 1529 5429 videtur
1553 5357 1782 5429 funiculo
1805 5401 1819 5422 ,
1863 5352 1965 5427 quo
1995 5352 2159 5429 quon-

639 5420 758 5496 dam
787 5421 1129 5496 metiebantur
1154 5461 1168 5484 ,
1202 5432 1254 5474 et
1281 5425 1539 5496 terminis
1559 5420 2155 5496 concludebantur-agri,

639 5486 1015 5558 Cujus_rei_no_n
1043 5489 1339 5558 infrequens
1360 5489 1414 5542 in
1429 5491 1713 5558 Scripturis
1738 5496 1932 5548 mentio
1958 5515 1969 5549 :
1997 5486 2159 5550 Amos

638 5567 732 5628 In,
765 5553 853 5628 [ῖς
886 5554 949 5605 Et
972 5556 1155 5628 humus
1175 5553 1263 5628 tua
1284 5553 1777 5628 funiculometietur.
1800 5562 1936 5618 Psal.
1961 5581 2154 5628 vavlt,

642 5619 742 5695 δᾴς
854 5631 991 5695 sorte
1010 5623 1177 5695 divisit
1209 5619 1490 5695 eig'terram
1513 5627 1565 5678 in
1595 5627 1819 5695 funiculo
1844 5619 2159 5685 distributio;

645 5689 740 5738 nis.
772 5689 856 5741 Sic
878 5688 1012 5742 Psal.
1037 5704 1121 5754 xv,
1149 5691 1208 5743 6:
1237 5691 1404 5744 Funes
1426 5688 1709 5748 ceciderunt
1729 5699 1851 5748 mihi
1877 5701 1926 5750 in
1944 5702 2159 5766 pracla-

2224 1993 2327 2058 rat,
2341 1986 2504 2054 Deum
2535 1987 2765 2040 locutum
2812 1987 2971 2042 fuisse
3002 1989 3238 2057 patribus
3278 1988 3332 2040 in
3371 1987 3662 2056 prophetis,
3715 1995 3768 2040 et

2225 2076 2506 2130 novissime
2533 2077 2584 2130 in
2612 2077 2762 2139 Filio,
2791 2077 3083 2132 evidentius
3107 2085 3385 2145 utrumque
3407 2075 3692 2145 signiﬁcat,
3717 2081 3771 2128 et

2211 2162 2384 2215 Verbi
2410 2164 2654 2216 comterni
2682 2164 2852 2217 Patris
2876 2166 3205 2232 sempiterna
3231 2165 3520 2222 divinitatis
3539 2164 3769 2233 gloriam

2227 2247 2512 2315 pnedicat,
2570 2253 2622 2301 et
2669 2256 2948 2317 assumpta:
2991 2250 3164 2303 carnis
3207 2248 3480 2313 ineﬂ‘abilis
3525 2250 3768 2318 mysterii

2228 2346 2513 2407 prmmonet
2539 2323 2946 2392 sacramentum.
2977 2339 3106 2393 Nam
3131 2348 3184 2394 et
3207 2340 3361 2394 Pater
3382 2338 3504 2394 olim
3532 2354 3628 2408 per
3649 2354 3771 2410 pro-

2193 2481 2198 2508 l
2229 2428 2414 2494 pltctas
2444 2427 2497 2479 in
2525 2425 2694 2480 Verbo
2731 2441 2846 2488 suo,
2891 2428 2991 2481 hoc
3016 2434 3120 2496 est,
3159 2427 3211 2480 in
3255 2425 3535 2495 Unigenito
3566 2425 3775 2478 locutus

2229 2521 2326 2574 est,
2372 2520 2424 2566 et
2453 2511 2603 2566 nobis
2642 2515 2942 2567 novissimis
2966 2513 3151 2567 diebus
3186 2515 3240 2568 in
3265 2516 3447 2572 eodem
3477 2513 3634 2576 Filio,
3676 2513 3775 2566 hoc

2231 2609 2331 2665 est,
2358 2616 2449 2669 per
2467 2603 2800 2655 incarnatam
2826 2603 2914 2654 Dei
2939 2602 3243 2670 sapientiam
3270 2603 3470 2656 :‘sicuti
3512 2601 3650 2656 idem
3682 2603 3776 2655 Fi-

2232 2688 2331 2740 lius
2363 2695 2415 2741 et
2437 2700 2501 2739 ex
2525 2703 2586 2741 eo
2608 2688 2749 2755 "quod
2779 2687 2956 2760 multis
2984 2689 3152 2742 modis
3179 2687 3322 2751 olim,
3349 2695 3402 2740 et
3419 2702 3516 2756 per
3551 2688 3605 2740 id
3630 2688 3777 2756 quod

2233 2775 2285 2828 in
2311 2775 2608 2828 novissimis
2648 2775 2834 2828 diebus
2866 2776 2918 2828 in
2963 2775 3245 2843 semetipso
3286 2774 3493 2828 locutus
3527 2781 3630 2837 est,
3678 2787 3777 2841 per

2234 2864 2420 2920 Isaiam
2450 2871 2672 2917 testatur
2696 2863 2910 2917 dicens:
2958 2863 3086 2916 Ecce
3129 2879 3219 2932 ego
3260 2864 3365 2933 ipse
3391 2863 3478 2932 qui
3509 2861 3772 2932 loquebar,

2236 2952 2416 3006 adsum
2445 2950 2597 3019 (hui.
2631 2967 2723 3014 ιιι,
2756 2951 2830 3018 6).
2871 2951 2937 3004 Et
2958 2966 3052 3019 per
3077 2953 3316 3006 eumdem
3339 2968 3523 3006 rursus
3543 2952 3777 3020 prophes-

2237 3045 2342 3089 tam
2367 3036 2592 3104 Spiritus
2619 3043 2829 3090 sanctus
2857 3037 2919 3091 de
2942 3051 3004 3091 eo
3041 3052 3143 3090 non
3181 3037 3338 3098 siluit,
3376 3037 3560 3101 Oculo,
3592 3039 3686 3101 ait,
3712 3038 3778 3089 ad

2238 3123 2435 3176 oculum
2456 3114 2708 3186 uidebunt,
2725 3138 2837 3175 cum
2863 3124 3158 3176 converterit
3172 3123 3414 3177 Dominus
3437 3123 3568 3178 Sion
3586 3124 3774 3195 (lbid.,

2160 3173 2208 3236 c
2237 3211 2312 3281 8).
2365 3211 2478 3279 ipsa
2519 3226 2744 3280 namque
2779 3211 3049 3265 incarnata
3081 3212 3275 3264 veritas
3318 3209 3490 3264 aliena
3531 3173 3604 3266 ali
3631 3213 3808 3266 omni.

2237 3298 2452 3353 fallaciae
2479 3303 2643 3361 naévo.
2681 3314 2797 3366 qua:
2824 3299 3030 3352 mentiri
3058 3299 3202 3352 nullo
3225 3299 3380 3354 modo
3413 3307 3608 3366 potest,
3637 3301 3780 3353 veri-

2239 3386 2363 3437 tatis
2395 3385 2459 3437 de
2496 3399 2553 3438 se
2594 3385 2948 3439 testimonium
2983 3387 3222 3452 perbibet
3261 3387 3439 3441 dicens
3468 3405 3481 3439 :
3524 3387 3662 3452 Ecce
3691 3404 3781 3455 ego

2238 3472 2323 3540 qui
2352 3471 2590 3540 loquebar
2614 3471 2813 3524 adsum.
2853 3471 2936 3535 Et,
2977 3471 3086 3540 Ego
3103 3471 3367 3536 Dominus,
3407 3483 3453 3526 et
3479 3491 3584 3540 non
3611 3485 3784 3527 mutor

2243 3557 2489 3629 (Malach.
2521 3575 2600 3622 ιιι,
2618 3558 2701 3626 6).
2730 3559 2945 3613 Mendax
2973 3567 3146 3614 autem
3172 3575 3268 3629 per
3292 3562 3661 3615 bmretieorum
3690 3578 3783 3615 ora

2242 3650 2455 3716 spiritus
2506 3658 2725 3703 conatur
2766 3659 3037 3713 astruere,
3105 3652 3225 3718 quia
3268 3665 3363 3723 per
3401 3653 3785 3706 incarnationis

2244 3736 2681 3802 dispensationem
2720 3745 2773 3789 et
2807 3738 3060 3805 unigeniti
3103 3739 3396 3805 proprietas
3424 3740 3477 3792 in
3525 3739 3787 3792 dualitate

2244 3823 2471 3877 nominis
2495 3815 2563 3875 sit
2584 3824 2863 3897 geminata,
2903 3825 2954 3876 in
2983 3825 3179 3892 proprii
3207 3825 3408 3879 scilicet
3433 3833 3486 3879 et
3509 3825 3744 3895 adoptivi
3769 3841 3783 3877 :

2245 3919 2298 3963 et
2342 3911 2464 3963 unio
2512 3911 2790 3964 individua:
2839 3911 3055 3966 Deitatis
3099 3913 3152 3966 in
3197 3913 3383 3980 plurali
3428 3914 3498 3966 sit
3536 3929 3784 3968 numero.

2247 4001 2274 4040 δ
2300 4002 2364 4054 Ει
2391 4001 2724 4066 singulariter
2752 4015 2814 4054 ac
2838 4001 3134 4069 specialiter
3157 4016 3187 4054 a
3214 3999 3368 4054 Patre
3394 4002 3609 4068 propria
3636 4015 3785 4064 voce,

2248 4097 2300 4142 et
2339 4105 2433 4157 per
2465 4103 2525 4142 os
2556 4088 2748 4157 legitur
2784 4099 3084 4143 sanctorum
3113 4090 3422 4158 possessivo
3473 4091 3790 4158 pronomine

2247 4187 2480 4242 vocatus,
2511 4185 2564 4231 et
2586 4179 2695 4245 ipse
2731 4177 2940 4232 Patrem
2967 4177 3327 4235 tantummodo
3363 4179 3618 4246 singulari
3660 4194 3780 4246 pro-

2247 4265 2469 4332 prietate
2505 4263 2686 4318 eodem
2733 4265 3040 4332 pronomine
3080 4266 3353 4332 perspicue
3394 4265 3664 4318 invenitur
3693 4267 3786 4318 in~

2250 4369 2501 4416 vocasse,
2555 4353 2994 4420 quemadmodum
3035 4353 3394 4420 propheticis,
3444 4349 3786 4426 evangelicis,

2170 4474 2222 4535 υ
2252 4449 2408 4508 atque
2457 4441 2755 4508 apostolicis
2791 4441 2953 4494 imbui
2997 4441 3464 4496 sacramentalibus
3505 4444 3788 4509 possumus

2251 4523 2644 4604 instrumentis);
2673 4535 2729 4604 ut
2758 4530 2838 4580 est
2857 4525 2983 4580 illud
3007 4541 3021 4578 :
3060 4525 3159 4579 Hic
3193 4536 3266 4582 est
3293 4523 3463 4590 Filius
3482 4545 3626 4582 meus
3652 4527 3786 4579 dile-

2249 4697 2338 4766 ris,
2368 4696 2504 4766 quod
2525 4694 2782 4764 significat
2803 4696 2998 4766 psaltes
3030 4698 3130 4752 sibi
3158 4699 3443 4766 contigisse
3478 4708 3678 4754 terram
3704 4701 3790 4753 fu.-

2249 4765 2402 4835 nibus
2426 4764 2712 4835 dimensam
2737 4764 2980 4835 et"_l_ineis,
3019 4776 3077 4818 ut
3119 4766 3275 4820 habet
3309 4764 3684 4835 Hieronymus,
3726 4769 3784 4823 in

2247 4831 2526 4950 grauioris,
2558 4831 2666 4883 sive
2688 4831 2945 4909 fertilibus
2968 4835 3183 4913 campis.
3213 4836 3340 4888 Vide
3371 4836 3421 4897 in
3445 4831 3586 4915 hunc
3611 4837 3786 4915 locum

2296 4936 2308 4948 .
2343 4898 2608 4950 Lorrnum.
2659 4900 2850 4950 Verum
2900 4915 3016 4950 cum
3065 4917 3117 4950 in
3160 4904 3389 4950 secundo
3427 4903 3786 4950 snmhlndims

2296 4936 2308 4948 .
2343 4898 2608 4950 Lori'num.
2659 4900 2850 4952 Verum
2900 4905 3016 4953 eum
3065 4898 3117 4958 in
3160 4904 3389 4955 secundo
3427 4903 3790 4958 similitudinis

2251 4967 2485 5038 mdiubro
2511 4966 2752 5038 loquatur
2776 4968 2838 5038 de
2853 4965 3202 5038 fundamentis
3226 4968 3552 5038 fabricandae
3571 4971 3784 5033 domus,

2250 5034 2457 5104 videtur
2483 5041 2536 5085 et
2559 5033 3200 5104 primumintelligendum
3239 5051 3302 5089 ex
3337 5033 3613 5104 praeceptis
3651 5040 3787 5092 artis

2249 5100 2502 5174 ejusdem,
2549 5100 2732 5174 nempe
2763 5102 2833 5153 de
2863 5100 3072 5174 funibus
3114 5103 3264 5174 linea:
3303 5100 3356 5156 et
3397 5100 3783 5174 perpendiculi,

2250 5168 2438 5234 quibus
2463 5168 2830 5235 longitudines,
2866 5176 2919 5220 et
2953 5169 3253 5228 altitudines
3284 5168 3454 5225 rectas
3479 5168 3679 5224 ducunt
3701 5168 3788 5224 ar;

2252 5235 2482 5319 chitecti;
2513 5235 2967 5319 Longitudin‘es‘ad
2996 5237 3198 5319 lineam,
3248 5238 3541 5319 altitudines
3565 5239 3649 5319 βά
3671 5255 3790 5319 per-

2283 5302 2567 5354 endiculum
2609 5302 2769 5370 exigit
2809 5303 3075 5357 Vitruvius
3121 5305 3210 5359 lib.
3250 5321 3347 5366 vn.
3375 5321 3424 5358 c.
3467 5305 3519 5356 5.
3565 5302 3786 5360 Pericu-

2271 5384 2420 5441 osum
2465 5377 2636 5421 autem
2666 5379 2759 5441 _est
2799 5373 3097 5425 exorbitare
3142 5388 3186 5441 aq
3223 5373 3358 5436 linea
3405 5379 3460 5424 et
3506 5373 3790 5441 perpendi—

2253 5437 2394 5555 gulol,
2435 5447 2488 5488 et
2521 5436 2773 5490 excedere
2811 5453 2991 5492 eorum
3038 5439 3324 5501 terminos,
3371 5447 3428 5492 ut
3473 5436 3629 5499 scite"
3653 5441 3786 5496 dixit

2297 5519 2358 5554 au
2384 5519 2517 5555 mus.

2297 5519 2517 5556 aunnus.

2325 5571 2350 5609 δ
2383 5570 2477 5645 llic
2502 5571 2706 5645 videtur
2728 5573 2906 5628 deesse
2929 5573 3143 5642 aliquid,
3161 5581 3307 5645 puts,
3332 5589 3451 5628 cum
3475 5575 3556 5629 vel
3577 5575 3787 5645 quando

2255 5647 2344 5692 aut
2373 5640 2602 5692 Attamen
2627 5639 2786 5705 ﬁlius.
