3926 6444
552 530 650 590 337

1494 533 1550 585 δ.
1589 530 1859 585 meum
1899 526 2357 581 PATRIARCILE
2394 517 2865 596 AQl‘lLElENSlS

3676 518 3783 578 388

552 661 731 699 sermo
780 645 871 700 Dei
923 645 1079 701 ﬁebat
1105 687 1120 711 ,
1173 645 1252 703 vel
1314 647 1366 699 in
1411 660 1637 713 quorum
1694 644 1938 697 manibus
1993 656 2114 695 ver—
2147 648 2193 704 Α
2220 640 2325 713 Dei
2351 638 2541 693 Filium
2590 637 2901 692 maledictus
2959 635 3162 690 delerat
3208 634 3255 686 ι’.
3308 628 3501 689 Petrus
3547 646 3788 701 namque

554 736 681 788 bum
709 734 917 788 Domini
966 733 1162 789 factum
1190 733 1385 787 iuerat
1410 751 1425 796 ;
1468 733 1563 787 sed
1588 733 1666 787 sic
1696 731 2033 801 singulariter
2060 736 2114 782 et

558 818 981 892 inseparabiliter
1031 837 1151 877 cum
1209 823 1328 887 illo,
1379 821 1825 891 quemadmodum
1862 815 2112 872 ineffabili

563 912 713 980 l2],
743 912 897 966 modo
918 927 1022 967 non
1047 912 1113 966 ad
1145 927 1267 966 eum
1291 912 1508 967 verbum
1538 910 1631 964 Dei
1659 909 1838 972 ﬁebat,
1868 909 1960 989 sed
1982 908 2113 962 Ver-

556 994 683 1055 bum
708 1016 833 1055 caro
866 998 1063 1055 factum
1090 1010 1191 1065 est,
1216 1002 1319 1056 hoc
1343 1009 1426 1055 est
1453 1002 1595 1054 Deus
1630 999 1791 1052 homo
1819 996 1992 1053 factus
2010 1008 2111 1052 est.

554 1088 687 1157 Cum
718 1099 895 1146 autem
921 1092 1050 1148 dicit
1073 1108 1190 1145 cum
1210 1091 1322 1155 illo,
1354 1098 1663 1146 naturarum
1691 1089 1891 1144 inducit
1917 1088 2117 1144 discre-

553 1184 772 1247 tionem,
800 1198 906 1237 non
918 1197 1265 1253 personarum
1291 1181 1569 1251 distinguit
1590 1179 1919 1235 dualitatcm.
1960 1178 2068 1232 Cur
2088 1190 2112 1218 α

551 1286 681 1341 ergo
701 1269 1188 1333 non’conl‘uuderis,
1232 1277 1389 1323 tanta:
1416 1268 1703 1339 impietatis
1725 1280 2001 1336 possessus
2025 1280 2118 1319 ve-

554 1359 758 1423 cordia,
809 1358 1025 1415 Petrum
1052 1371 1273 1425 negasse
1304 1356 1485 1411 Iesum
1516 1356 1786 1411 Christum
1811 1355 1977 1408 Deum
2000 1367 2119 1408 esse

554 1460 758 1509 verum,
810 1447 894 1503 cui
921 1447 988 1500 ab
1017 1445 1149 1514 ipso,
1188 1454 1247 1498 ut
1286 1444 1630 1499 excellentius
1667 1444 1858 1507 dicam,
1894 1443 2118 1498 Domino

552 1544 649 1604 pro
662 1535 828 1605 gloria
858 1536 1231 1590 sincerissima:
1256 1536 1376 1590 tidei
1398 1534 1747 1603 professione,
1775 1532 2119 1589 beatitudinis

552 1626 864 1680 vicissitudo
885 1626 1135 1680 continuo
1152 1626 1409 1693 impensa,
1426 1625 1859 1692 commodiusque
1872 1622 2121 1677 retribui-

555 1715 676 1768 tur?
712 1713 845 1768 Nam
883 1729 1003 1768 cum
1031 1716 1095 1767 de
1129 1712 1264 1766 Filio
1291 1713 1521 1767 hominis
1552 1713 1760 1766 diversa
1789 1711 2062 1765 hominum
2085 1726 2116 1763 a

554 1792 827 1873 discipulis
860 1804 1040 1872 opinio
1072 1812 1357 1867 teneretur,
1406 1816 1470 1855 eo
1509 1802 1650 1869 quod
1680 1800 1770 1854 alii
1814 1816 1933 1854 eum
1955 1799 2116 1853 Ioan-

555 1908 677 1946 nem
706 1892 1020 1959 Baptistam,
1066 1890 1153 1944 alii
1179 1890 1367 1955 Eliam,
1410 1890 1501 1944 alii
1530 1889 1812 1955 Ieremiam
1840 1898 1930 1945 aut
1952 1905 2116 1942 unum

2214 711 2463 782 dulcitluo
2491 742 2583 787 ore
2604 726 2697 779 Dei
2723 724 2916 779 Filium
2942 722 3254 778 benedictus
3281 721 3587 775 confitetur.
3614 719 3784 784 Deus,

2215 816 2324 881 ait,
2375 816 2660 879 Abraham,
2699 823 2747 868 et
2768 813 2913 867 Deus
2932 810 3109 874 Isaac,
3148 818 3196 862 et
3222 807 3360 861 Deus
3385 806 3551 860 Iacob
3580 806 3787 876 gloriﬁ—

2216 905 2343 957 cavit
2367 902 2563 955 Filium
2607 917 2758 956 suum
2784 901 2963 954 Jesunt
3018 900 3153 969 (Act.
3184 913 3264 958 nt,
3291 895 3399 965 l3).
3463 895 3532 949 Et
3558 908 3784 949 rursus:

2226 993 2378 1047 Vobis
2401 993 2622 1062 primunt
2665 991 2929 1045 suscitavit
2979 989 3117 1042 Deus
3175 985 3374 1039 Filium
3409 1000 3586 1049 suum,
3639 984 3783 1036 misit

2212 1100 2328 1138 eum
2358 1082 2733 1136 benedicentem
2764 1079 2927 1134 verbis
2968 1078 3157 1149 (Ibid.,
3196 1075 3311 1146 26).
3342 1066 3410 1128 Et
3448 1074 3600 1127 Pauli
3633 1081 3789 1128 testi-

2216 1172 2451 1225 monium
2481 1170 2654 1224 Lucas
2680 1171 2759 1224 sic
2795 1170 2849 1235 ᾗ..
2876 1169 3062 1223 eodem
3101 1166 3358 1224 canonico
3406 1163 3557 1234 ponit
3608 1163 3782 1220 libro:

2216 1260 2492 1324 Continuo,
2516 1260 2705 1328 inquit,
2728 1260 2783 1313 in
2804 1254 3078 1328 synagogis
3099 1255 3413 1327 pradicabat
3437 1255 3644 1318 Iesum,
3660 1271 3791 1323 quo-

2216 1350 2355 1402 niam
2378 1350 2461 1401 hic
2489 1346 2759 1400 est‘Filius
2784 1346 2899 1399 Dei.
2951 1346 3017 1398 Et
3036 1344 3193 1414 paulo
3218 1352 3363 1411 post:
3389 1340 3588 1395 Saulus
3610 1352 3786 1394 autem

2217 1434 2617 1503 convalescebat,
2640 1449 2688 1492 et
2705 1438 3051 1507 confundebat
3070 1437 3309 1502 Indicos,
3354 1435 3444 1503 qui
3474 1433 3786 1487 habitabant

2219 1532 2483 1597 Damasci,
2531 1534 2791 1601 aﬂ‘irmans
2839 1531 3080 1599 quoniam
3125 1531 3210 1583 hic
3256 1539 3329 1583 est
3362 1527 3601 1581 Christus
3644 1525 3787 1595 (Act.

2218 1637 2295 1683 is,
2328 1621 2418 1685 ‘20,
2442 1621 2554 1690 εἰ).

2762 1706 2988 1762 CAPUT
3017 1701 3227 1761 XXXV.

2219 1835 2319 1888 Alii
2358 1832 2959 1905 Christirnuncupatiri;
3015 1835 3167 1887 Iesus
3224 1835 3461 1888 Christus
3505 1838 3788 1905 proprius:

2290 1905 2482 1956 dicitur
2523 1904 2586 1956 ab
2635 1904 2878 1973 Apostolo
2928 1906 2984 1956 in
3034 1919 3220 1969 carne,
3270 1914 3317 1958 et
3348 1920 3449 1957 non
3483 1904 3790 1960 (anteante

558 1998 624 2035 ex
651 1982 946 2049 prophetis,
999 1981 1101 2034 hoc
1120 1991 1221 2044 est,
1272 1994 1434 2034 unum
1472 1992 1537 2031 ex
1574 1978 1945 2047 nuncupativis
1985 1979 2112 2041 diis,
2153 1999 2193 2057 Β
2289 1989 2489 2041 passus.

556 2072 640 2125 vel
692 2070 955 2138 adoptivis
989 2070 1092 2124 diis
1132 2070 1527 2139 profiterentur,
1568 2076 1785 2137 propter
1820 2066 2119 2134 hujusmodi

556 2160 898 2228 pmfessionis
921 2160 1213 2214 humillima
1258 2158 1566 2227 abjectaque
1605 2158 1890 2227 praeconia,
1944 2155 2121 2209 Domi-

558 2266 658 2305 nus
693 2266 830 2304 unus
878 2250 1123 2318 idemque
1161 2250 1250 2303 Dei
1308 2250 1642 2316 hominisque
1686 2247 1854 2299 Filius
1910 2246 2120 2314 indigne

558 2338 697 2392 tulit.
769 2336 945 2392 Noluit
971 2352 1201 2404 namque
1229 2337 1503 2397 Dominus,
1554 2335 1853 2403 huiusmodi
1894 2335 2012 2388 lidei
2042 2335 2119 2387 fa-

558 2443 704 2488 vens,
731 2426 1110 2480 adminiculum
1133 2426 1471 2496 priemiorum
1491 2424 1751 2487 conferre,
1773 2440 1889 2493 qua:
1915 2440 1973 2477 se
1998 2439 2116 2478 cum

561 2514 775 2572 famulis
804 2533 909 2571 non
947 2517 1154 2571 distulit
1191 2529 1485 2583 exn-quare,
1524 2524 1868 2583 exspectante
1905 2529 2120 2582 prorsus

562 2606 741 2672 Petro,
775 2608 988 2675 quando
1018 2606 1305 2659 Dominieie
1327 2605 1761 2673 interrogationis
1792 2605 1857 2658 ad
1885 2604 2116 2672 discipu-

486 2706 487 2709 ‘
559 2699 641 2752 los
668 2681 1002 2766 praecurrens
1026 2710 1201 2750 sermo
1225 2710 1282 2748 se
1308 2695 1549 2748 verterit.
1607 2694 1673 2746 Et
1703 2694 1825 2748 licet
1853 2701 1994 2747 esset
2018 2693 2121 2760 pri-

560 2789 747 2843 musin
759 2788 943 2841 ordine
963 2785 1346 2854 apostolorum,
1370 2783 1487 2835 ideo
1504 2790 1678 2834 tamen
1701 2782 1791 2835 diu
1814 2781 1979 2843 siluit,
1994 2781 2118 2850 quia

557 2894 661 2930 non
692 2876 860 2930 solum
876 2874 1132 2927 Dominus
1148 2872 1274 2939 quid
1300 2871 1393 2933 illi,
1423 2885 1519 2938 pro
1546 2870 1738 2938 quibus
1760 2870 1903 2924 solus
1928 2869 2121 2923 Petrus

558 2980 909 3034 responsurus
934 2972 1071 3028 erat,
1102 2958 1196 3016 sed
1218 2962 1345 3029 quid
1371 2961 1613 3015 homines
1643 2961 1707 3015 de
1737 2959 1869 3012 Filio
1892 2960 2119 3014 hominis

556 3058 901 3119 mstimarent,
938 3056 1215 3124 explorare
1238 3054 1481 3123 dignatus
1510 3061 1610 3106 est.
1641 3053 1709 3105 At
1735 3053 1824 3107 tibi
1855 3052 1983 3120 quid
2019 3054 2119 3121 ipsi

556 3151 623 3204 de
649 3162 707 3203 se
730 3164 953 3217 quorum
986 3148 1096 3215 ipse
1119 3154 1342 3200 noverat
1362 3146 1527 3198 corda‘
1546 3144 1913 3205 decernerent,
1938 3143 2120 3210 exqui-

556 3243 732 3303 sisset,
773 3238 953 3292 statim
981 3237 1187 3299 Petrus,
1250 3248 1386 3293 unus
1430 3222 1527 3303 pro
1569 3233 1796 3297 cunctis,
1827 3235 2116 3287 secundum

2290 2084 2463 2150 Quaeri
2478 2098 2604 2151 ergo
2628 2092 2825 2157 potest,
2842 2084 3069 2153 qualiter
3089 2084 3307 2154 intelligi
3336 2086 3642 2146 conveniat,
3664 2086 3791 2153 quia

2221 2174 2391 2228 Lucas
2416 2189 2512 2242 pro
2559 2188 2751 2242 magno
2795 2176 2986 2228 asserit
3032 2174 3198 2228 Paulo
3231 2173 3550 2235 alllrm‘assc,
3590 2174 3691 2227 llic
3716 2187 3790 2227 est

2221 2263 2477 2325 Christus,
2524 2278 2645 2316 eum
2667 2263 2819 2316 multi
2845 2263 2935 2315 alii
2965 2263 3231 2316 unctionis
3274 2262 3391 2315 oleo
3425 2264 3571 2316 uncti
3599 2265 3790 2317 christi

2218 2352 2529 2420 plerumque
2551 2353 2677 2405 dicti
2728 2352 2994 2422 leguntur,
3023 2352 3127 2404 nisi
3174 2353 3295 2418 quia
3325 2352 3413 2403 alii
3439 2353 3791 2421 nuncupativi

2220 2444 2425 2498 christi.
2484 2443 2582 2496 Hic
2604 2451 2781 2497 autem
2812 2458 2969 2511 quem
2986 2442 3183 2496 Paulus
3196 2442 3443 2505 atlirmat,
3475 2444 3794 2517 naturaliter

2220 2550 2378 2589 verus
2420 2544 2500 2588 est.
2537 2535 2784 2589 Christus
2811 2534 2975 2588 Filius
2999 2535 3111 2596 Dei,
3173 2536 3261 2588 alii
3289 2536 3410 2605 puri
3458 2535 3711 2591 homines
3738 2536 3791 2589 in

2220 2626 2589 2693 iniquitatibus
2637 2634 2692 2680 et
2721 2627 2962 2693 concepti
2985 2634 3040 2680 et
3064 2625 3197 2691 nati,
3248 2626 3445 2680 Christi
3499 2628 3794 2681 chrismate

2219 2724 2344 2765 sunt
2365 2713 2542 2777 uncti;
2590 2714 2677 2767 hic
2714 2721 2914 2777 autem,
2962 2726 3120 2781 quem
3168 2715 3424 2782 praedicat
3451 2714 3677 2779 Paulus,
3730 2716 3795 2770 dc

2221 2800 2420 2867 Spiritu
2446 2809 2631 2855 sancto
2655 2810 2710 2855 et
2737 2801 2899 2855 Maria
2926 2802 3156 2871 gloriosa
3193 2803 3398 2872 virgine
3425 2812 3481 2857 et
3500 2813 3796 2873 conceptus

2220 2897 2274 2941 et
2301 2890 2476 2953 natus,
2500 2889 2749 2945 Christus
2770 2890 3126 2945 essentialiter
3154 2892 3207 2945 in
3226 2899 3381 2946 utero
3406 2900 3489 2946 est
3509 2891 3794 2958 formatus,

2219 2994 2487 3048 nunquam
2537 2995 2641 3033 non
2687 2979 2785 3033 fuit
2821 2980 3086 3045 Christus,
3128 2981 3378 3050 quoniam
3430 2990 3625 3036 unctus
3683 2995 3797 3052 pm

2219 3069 2567 3137 participibus
2617 3071 2729 3124 suis
2776 3070 2842 3123 de
2877 3069 3077 3137 Spiritu
3116 3080 3321 3133 sancto,
3361 3069 3416 3123 in
3444 3071 3562 3140 ipso
3606 3073 3795 3140 procul

2221 3157 2675 3226 dubio-conceptu
2730 3158 3005 3225 virginalis
3055 3158 3193 3211 uteri
3244 3158 3385 3212 Deus
3430 3161 3796 3217 essentialiter

2219 3243 2389 3299 factus
2414 3255 2502 3303 est
2523 3246 2787 3300 Christus.
2836 3245 3066 3299 Verbum
3109 3248 3301 3315 quippe
3321 3262 3449 3301 caro
3480 3247 3687 3301 factum
3713 3256 3796 3302 est

560 3329 768 3382 unitum
799 3326 1185 3393 insolubilcque
1202 3324 1471 3378 vinculum
1494 3324 1791 3390 charitatis,
1820 3333 2008 3379 tenens
2027 3339 2125 3395 per
2150 3329 2196 3391 ο
2226 3342 2280 3390 et
2306 3335 2565 3389 habitavit
2588 3336 2640 3389 in
2668 3335 2845 3398 nobis,
2882 3335 2983 3389 hoc
3010 3344 3096 3389 ρει
3146 3335 3200 3388 in
3229 3335 3464 3398 Christo,
3498 3336 3653 3404 cujus
3699 3353 3797 3392 ηοε

558 3418 739 3472 omnia
756 3418 995 3471 ordinem
1024 3417 1353 3485 principatus
1374 3416 1480 3479 sui,
1507 3416 1574 3470 sit
1601 3417 1703 3469 ait:
1735 3416 1811 3469 Tu
1836 3432 1915 3479 es,
1932 3416 2124 3484 inquit,

534 3508 797 3575 ,Christus
824 3504 872 3557 F
875 3506 996 3558 ilius
1025 3504 1119 3557 Dei
1155 3505 1268 3557 rivi.
1329 3503 1431 3570 Qui
1471 3520 1593 3558 mox
1635 3521 1665 3558 a
1691 3506 1936 3568 Domino,
1984 3504 2125 3556 nulla

561 3609 783 3662 prorsus
802 3592 1186 3647 interveniente
1202 3592 1467 3645 tarditatis
1492 3604 1663 3656 mora,
1694 3591 1980 3661 gloriosam
2005 3592 2133 3645 bea-

562 3686 805 3742 titudinis
828 3696 910 3740 est
924 3685 1161 3740 lucratus
1183 3682 1503 3737 mercedem.
1532 3682 1722 3738 Beatus
1738 3700 1809 3746 es,
1835 3684 1931 3749 ait,
1947 3682 2128 3738 Simon

562 3778 817 3847 Darjona,
840 3777 964 3845 quia
1002 3792 1127 3828 caro
1176 3784 1223 3828 ct
1248 3776 1459 3845 sanguis
1491 3790 1593 3828 non
1623 3774 1860 3827 reuelauit
1890 3776 2003 3839 tibi,
2038 3777 2127 3829 sed

569 3868 729 3921 Pater
750 3883 915 3931 meus,
942 3867 1030 3936 qui
1051 3867 1106 3919 in
1134 3867 1272 3920 caelis
1301 3877 1394 3919 est.
1440 3867 1507 3919 Et
1533 3880 1625 3935 ego
1650 3864 1766 3920 dico
1792 3868 1905 3929 tibi,
1926 3868 2046 3935 quia
2070 3878 2127 3921 tu

564 3975 617 4013 es
645 3956 857 4023 Petrus,
890 3972 933 4010 et
960 3973 1114 4027 super
1136 3958 1270 4011 hanc
1306 3966 1503 4027 petram
1548 3956 1816 4024 wdiﬁcabo
1840 3955 2132 4011 Ecclesiam

565 4064 754 4111 meum,
785 4055 841 4100 et
864 4054 1056 4103 cmtcra
1084 4046 1384 4101 istiusmodi
1409 4060 1529 4114 quae
1562 4055 1861 4115 sequuntur
1913 4046 2124 4118 (Matth.

568 4153 680 4199 xvi,
719 4137 807 4201 l6,
835 4147 881 4189 et
904 4137 1056 4205 seq).
1122 4136 1500 4204 Nunquidnam
1547 4136 1850 4202 adoptivum
1904 4150 2026 4189 eum
2062 4151 2128 4189 ex

565 4235 787 4296 paterna
812 4226 1059 4281 didicisse
1086 4223 1382 4279 credendus
1409 4234 1492 4280 est
1515 4225 1882 4281 revelatione?
1915 4232 2006 4279 aut
2032 4240 2129 4295 pro

563 4317 899 4373 confessione
924 4316 1265 4384 nuncupativi
1312 4317 1427 4381 Del,
1454 4316 1536 4371 vel
1571 4316 1803 4384 adoptivi
1846 4314 1939 4369 ﬁlii
1970 4322 2129 4369 tanta:

565 4405 931 4467 beatitudinis,
969 4413 1233 4473 tantmqne
1276 4406 1602 4461 admirandae
1650 4406 1861 4461 culmen
1906 4406 2129 4474 adeptus

563 4503 646 4549 est
686 4494 981 4563 potestatis,
1007 4494 1079 4547 ita
1110 4503 1168 4547 ut
1190 4495 1392 4557 arbiter
1436 4494 1632 4565 ligandi
1672 4504 1833 4564 atque
1868 4494 2125 4559 solvendi,

563 4581 903 4649 cmlestisque
928 4580 1228 4650 Specialiter
1246 4581 1450 4651 janitor
1476 4582 1626 4637 heret
1652 4582 1821 4637 aulae?
1859 4584 1989 4650 Quis
2013 4584 2128 4638 huic

561 4669 774 4737 procaci
789 4669 982 4722 dixerit
1004 4669 1201 4737 lingua,
1233 4670 1419 4737 quisve
1443 4685 1630 4725 sanum
1656 4672 1869 4741 sapiens
1892 4673 2127 4741 impene-

565 4758 836 4813 trabilium
854 4759 1109 4812 cordium
1129 4773 1325 4812 arcana
1349 4758 1649 4815 labentibus
1662 4776 1766 4814 non
1785 4762 2127 4830 pertimescat

563 4848 975 4918 cogitationibus
1010 4849 1310 4903 recenseri?
1345 4849 1638 4909 Hiereticus
1672 4852 1866 4920 quippe
1888 4851 2125 4907 falsidiea

563 4940 717 4994 fauce
739 4938 1060 5007 despumans
1086 4941 1212 5009 quia
1242 4943 1368 4996 non
1396 4944 1466 4996 sit
1501 4941 1747 4997 Christus
1771 4943 1927 4999 Iesus
1964 4960 2127 4999 verus

566 5032 728 5096 Deus,
744 5038 946 5084 interno
957 5032 1297 5086 anathemate
1320 5030 1596 5101 perculsus
1623 5032 1907 5101 coniectat.
1934 5033 2125 5088 Petrus

567 5136 694 5175 vero
737 5122 896 5176 corde
932 5130 1161 5186 sacrato,
1200 5122 1461 5191 labiisque
1493 5123 1805 5187 benedictis,
1849 5124 2125 5178 mellisona

568 5223 699 5262 voce
730 5209 970 5263 omnium
993 5210 1274 5265 Dominum
1301 5219 1627 5287 protestatur
1652 5212 1850 5275 dicens,
1884 5211 2122 5279 Verbum,

569 5298 665 5363 ait,
692 5296 831 5352 misit
875 5299 999 5367 [iliis
1030 5299 1220 5365 Israel,
1251 5303 1567 5356 annuntians
1600 5318 1779 5371 pacem
1820 5319 1911 5372 per
1945 5303 2124 5359 Iesum

568 5388 861 5453 Christum;
882 5390 965 5442 hic
988 5400 1060 5444 est
1083 5392 1313 5445 omnium
1337 5391 1590 5446 Dominus
1612 5392 1747 5462 (Act.
1765 5409 1817 5466 ξ,
1833 5393 1944 5466 36).
1966 5395 2125 5450 Certe

569 5477 662 5546 qui
685 5477 920 5531 omnium
938 5478 1192 5535 Dominus
1219 5490 1317 5543 est,
1351 5481 1463 5550 ipse
1485 5483 1669 5549 procul
1699 5484 1859 5538 dubio
1887 5494 1942 5539 et
1963 5500 2126 5540 verus

570 5566 713 5657 Deus
746 5574 846 5657 est.
895 5567 1185 5623 Haereticus
1208 5570 1467 5657 sacrilego
1484 5570 1746 5641 plenoque
1769 5573 2003 5641 perﬁdiae
2023 5591 2127 5645 pa-

569 5653 698 5720 lato,
745 5654 1050 5724 adoptivum
1093 5653 1363 5714 Christum
1386 5658 1587 5726 Iesum,
1641 5668 1695 5714 et
1725 5677 1830 5716 non
1850 5665 2122 5733 proprium

643 5776 667 5803 ι
702 5763 784 5817 Al.
812 5763 960 5842 Cum,
1000 5768 1314 5840 videturque
1352 5771 1535 5826 deesse
1554 5770 1752 5841 aliquid
1780 5781 1906 5842 puta
1955 5774 2124 5829 dicere

574 5848 800 5891 asserere
828 5833 1056 5905 Petrum,
1091 5849 1196 5893 etc.

2226 3424 2465 3477 membra
2515 3439 2718 3478 sumus.
2775 3424 2843 3477 Et
2867 3422 2985 3477 ideo
3011 3424 3065 3477 in
3096 3423 3270 3488 nobis,
3327 3424 3449 3493 quia
3473 3426 3527 3479 in
3551 3426 3795 3491 Christo,

2226 3514 2318 3582 qui
2349 3512 2576 3567 formam
2618 3500 2866 3583 dignatus
2904 3521 2986 3567 est
3021 3514 3291 3582 suscipere
3317 3514 3500 3579 servi;
3540 3516 3795 3583 quoniam

2228 3606 2280 3660 in
2324 3606 2442 3676 ipso
2464 3605 2786 3674 complacuit
2814 3618 3025 3659 omnem
3068 3605 3451 3673 plenitudinem
3497 3606 3799 3662 divinitatis

2227 3696 2470 3751 habitare
2489 3695 2856 3765 corporaliter.
2912 3693 2971 3748 In
3002 3694 3146 3749 nullo
3190 3692 3431 3764 profecto
3455 3693 3564 3748 alio
3586 3710 3795 3751 nuneu-

2226 3787 2403 3856 pativo
2426 3785 2641 3842 Christo
2669 3801 2882 3841 omnem
2909 3786 3288 3856 plenitudinem
3312 3785 3652 3852 inhabitasse.
3670 3787 3798 3857 legi-

2228 3884 2315 3929 tur
2361 3875 2673 3930 divinitatis.
2739 3875 2845 3929 Sed
2873 3890 2973 3929 nec
3003 3876 3069 3930 de
3095 3875 3241 3930 nullo
3290 3876 3480 3929 horum
3530 3878 3796 3946 scriptum

2228 3966 2542 4036 inspicitur:
2611 3962 2830 4020 Verbum
2866 3981 2988 4019 caro
3009 3966 3205 4034 factum
3230 3976 3324 4028 est,
3371 3975 3418 4018 et
3444 3967 3699 4021 habitavit
3742 3970 3797 4021 in

2227 4058 2392 4113 nobis.
2429 4057 2581 4113 Hunc
2601 4070 2786 4112 verum
2811 4058 3084 4112 Christum
3099 4057 3266 4111 Deum
3292 4055 3489 4110 Paulus
3514 4057 3799 4126 disputans

2228 4165 2349 4204 cum
2391 4147 2589 4204 Iudicis
2623 4150 2885 4216 afﬁrmans
2918 4149 3161 4214 quoniam
3185 4148 3268 4199 hic
3292 4156 3365 4201 est
3396 4146 3659 4203 Christus.
3700 4148 3797 4203 Cui

2227 4240 2281 4293 in
2309 4239 2530 4308 epistola
2558 4255 2653 4293 sua
2683 4239 2873 4293 Petrus
2892 4237 3017 4292 licet
3059 4237 3180 4292 aliis
3208 4236 3408 4301 verbis,
3438 4252 3546 4305 non
3592 4237 3796 4308 dispari

2227 4336 2407 4405 tamen
2430 4343 2589 4383 sensu
2616 4326 2903 4384 concordat
2925 4327 3215 4396 apostolus,
3245 4325 3449 4380 Christo
3480 4336 3682 4391 autem,
3716 4327 3797 4380 in-

2226 4418 2417 4487 quiens
2433 4456 2449 4483 ,
2472 4418 2530 4470 in
2556 4433 2711 4471 carne
2731 4434 2883 4486 passo
2912 4415 2963 4486 (I
2988 4416 3134 4469 Petr.
3159 4431 3235 4480 iv,
3261 4414 3335 4485 1),
3352 4416 3453 4470 hoc
3470 4424 3555 4469 est
3574 4416 3795 4481 Christo

2228 4507 2336 4560 Deo
2354 4506 2407 4560 in
2432 4503 2615 4569 carne,
2658 4519 2765 4559 non
2791 4520 2912 4559 cum
2935 4519 3098 4559 carne
3126 4519 3307 4574 passo,
3336 4520 3435 4559 nec
3459 4505 3615 4561 carni
3640 4520 3792 4560 com-

2227 4610 2404 4665 passo.
2445 4595 2584 4649 Deus
2605 4595 2749 4649 enim
2768 4593 3012 4649 Christus
3032 4602 3182 4648 extra
3207 4593 3507 4661 passionem
3525 4601 3644 4647 est:
3668 4609 3794 4648 nam

2230 4684 2540 4748 cruciﬁxus,
2560 4692 2825 4747 mortuus,
2852 4694 2907 4737 et
2929 4681 3168 4753 sepultus
3198 4683 3414 4753 legitur,
3458 4680 3613 4749 juxta
3637 4674 3791 4737 Pauli

2228 4770 2413 4831 vectam
2437 4773 2719 4829 secundum
2742 4773 3039 4844 Scripturas
3063 4772 3123 4845 (Ι
3141 4772 3263 4828 Cor.
3282 4788 3370 4839 xv,
3400 4775 3456 4838 '5,
3484 4764 3519 4827 4
3535 4772 3582 4845 ),
3617 4775 3715 4828 sed
3737 4775 3792 4828 in

2227 4873 2390 4919 carne
2417 4863 2803 4918 tantummodo.
2844 4862 2975 4918 Cum
3004 4878 3165 4918 carne
3187 4870 3363 4917 autem
3385 4854 3634 4917 Christus
3652 4864 3795 4918 Deus

2228 4968 2327 5008 nec
2350 4952 2659 5019 cruciﬁxus,
2692 4955 2793 5009 nec
2822 4964 3065 5008 mortuus
3105 4955 3361 5018 creditur,
3390 4968 3491 5008 nec
3523 4958 3789 5024 sepultus.

2228 5042 2361 5097 Nam
2394 5045 2549 5113 122
2568 5028 2909 5113 impassibilis
2949 5043 3004 5096 in
3041 5044 3174 5108 suis,
3223 5044 3469 5113 dignatus
3490 5050 3575 5097 est
3598 5046 3712 5114 pati
3738 5046 3792 5100 in

2228 5136 2457 5187 nostris:
2488 5133 2806 5187 immortalis
2827 5146 3162 5203 permanens,
3176 5133 3341 5188 voluit
3366 5133 3524 5198 mori,
3545 5141 3603 5188 et
3632 5134 3688 5187 in
3710 5142 3794 5189 se-

2227 5222 2411 5290 pulcro
2423 5221 2622 5290 placuit
2633 5214 2866 5290 sepeliri.
2893 5221 3028 5276 Hinc
3041 5217 3171 5276 illud
3188 5230 3290 5286 est,
3306 5221 3449 5289 quod
3468 5222 3603 5279 alias
3621 5224 3789 5279 isdem

2227 5312 2414 5367 doctor
2439 5310 2719 5377 mirabilis,
2745 5312 2869 5383 quia
2883 5311 3126 5367 Christus
3139 5311 3298 5367 Iesus
3322 5314 3376 5365 in
3402 5327 3566 5367 carne
3595 5314 3793 5389 solum-

2228 5400 2405 5465 modo,
2436 5408 2490 5453 et
2516 5414 2624 5454 non
2650 5415 2770 5454 cum
2791 5415 2952 5455 carne
2974 5410 3028 5455 et
3041 5402 3150 5470 pati
3176 5410 3231 5455 et
3253 5402 3389 5456 mori
3407 5401 3659 5470 dignatus
3687 5412 3787 5461 est.

2226 5491 2306 5545 sic
2335 5491 2525 5555 docet:
2561 5488 2699 5543 Nam
2722 5492 2816 5545 etsi
2843 5502 3077 5546 mortuas
3101 5500 3195 5555 est,
3237 5493 3430 5560 inquit,
3476 5508 3540 5547 ea:
3564 5493 3790 5562 infirmi-

2228 5594 2334 5638 tate
2360 5593 2559 5649 nostra,
2586 5584 2675 5638 sed
2702 5584 2820 5638 vivit
2844 5599 2908 5638 ea:
2932 5585 3116 5638 virtute
3137 5583 3233 5638 Dei
3261 5582 3281 5654 (
3306 5582 3367 5636 II
3392 5581 3516 5637 Cor.
3552 5600 3677 5650 xm,
3710 5583 3785 5653 4).

2300 5781 2326 5815 υ
2363 5774 2421 5828 ln
2439 5775 2567 5830 edit.
2588 5776 2686 5848 _Du
2712 5776 2932 5848 Cbesn.,
2967 5778 3021 5832 in
3047 5794 3240 5848 σιω-8.,
3276 5778 3484 5833 delirat.
3525 5779 3779 5846 Neutrum

2227 5852 2466 5914 putarem
2508 5846 2624 5913 sed,
2650 5847 2898 5914 declarat,
2928 5848 3003 5902 uti
3023 5846 3212 5903 sensus
3251 5850 3499 5920 requirit.
