3926 6438
142 491 252 550 ζ89

679 597 903 653 CAPUT
930 595 1162 650 XXXVI.

197 709 460 787 Christum
490 722 662 761 verum
684 705 847 760 Deum
874 722 982 760 esse
1008 721 1072 759 ea:
1101 705 1380 787 Scriptuqis
1400 702 1636 757 ostendit.

213 817 354 872 Ecce
396 816 586 871 Petrus
630 822 685 869 et
733 813 950 878 Paulus,
989 812 1093 867 duo
1145 811 1388 866 videlicet
1440 810 1695 879 fulgentia

142 922 170 949 ι
203 908 389 962 mundi
416 905 754 970 candelabra,
799 919 943 968 eum,
975 903 1067 972 qui
1096 911 1251 957 natus
1284 908 1365 955 est
1406 902 1470 956 de
1492 900 1693 970 Spiritu

140 1001 331 1049 sancto
354 999 409 1047 et
443 991 648 1062 virgine
696 990 883 1054 Maria,
920 997 975 1043 et
1011 987 1247 1041 omnium
1288 987 1588 1051 Dominum,
1638 994 1694 1041 et

138 1082 236 1136 Dei
258 1081 472 1146 Filium,
505 1088 560 1134 et
585 1079 853 1133 Christum
877 1076 1212 1147 singulariter
1225 1090 1428 1139 verum,
1456 1082 1511 1129 et
1536 1089 1695 1144 super

138 1173 320 1227 omnia
338 1172 502 1226 Deum
527 1170 845 1226 conﬁtentur
864 1170 918 1222 in
942 1168 1133 1224 saecula
1154 1168 1504 1222 benedictum.
1535 1167 1691 1223 Joan-

138 1275 256 1321 nes,
289 1260 372 1313 cui
418 1259 556 1327 inter
581 1266 735 1313 natos
760 1256 1041 1311 mulierum
1071 1254 1241 1323 major
1281 1256 1485 1311 exstitit
1515 1270 1689 1318 nemo,

138 1353 337 1407 Filium
389 1351 480 1407 Dei
508 1364 692 1406 verum
736 1346 1010 1405 confessus
1044 1356 1126 1403 est
1158 1348 1376 1402 dicens:
1419 1347 1530 1416 Ego
1585 1347 1692 1400 uidi

106 1462 109 1463 ν
134 1449 185 1493 et
210 1441 558 1493 testimonium
584 1438 836 1508 perhibui,
853 1438 972 1507 quia
994 1437 1075 1489 hic
1095 1447 1168 1489 est
1193 1434 1362 1488 Filius
1386 1435 1478 1489 Dei
1509 1436 1688 1506 (Joan.

139 1545 181 1593 ι,
212 1528 324 1597 54).
375 1528 512 1594 Quin
534 1530 692 1595 etiam
714 1528 877 1597 digito
902 1528 1042 1580 hunc
1065 1526 1295 1579 ostendit
1320 1525 1527 1579 dicens:
1561 1524 1693 1578 Ecce

138 1632 307 1685 agnus
320 1615 436 1679 Dei,
466 1631 579 1668 ecce
617 1614 704 1683 qui
732 1613 871 1666 tollit
890 1622 1149 1689 peccatum
1174 1612 1351 1665 mundi
1370 1612 1555 1676 (lbid.,
1575 1611 1686 1681 29).

138 1703 196 1757 Si
216 1712 392 1779 autem
416 1703 523 1767 ille,
546 1702 637 1771 qui
660 1716 826 1770 agnus
851 1701 1095 1769 dignatus
1118 1711 1200 1754 est
1225 1700 1357 1765 ﬁeri,
1386 1700 1523 1753 Deus
1535 1716 1691 1754 verus

138 1808 244 1847 non
271 1801 434 1857 esset,
476 1804 806 1866 nequaquam
844 1803 963 1843 eum
990 1790 1265 1856 plusquam
1290 1789 1544 1856 propheta
1569 1803 1690 1857 pec-

137 1890 318 1936 catum
331 1880 511 1942 mundi
527 1879 709 1933 tollere
728 1878 1080 1948 perbibuisset
1095 1876 1145 1948 (I
1158 1876 1313 1930 Joan.
1332 1892 1380 1939 v,
1396 1877 1462 1929 ΞΟ
1479 1877 1518 1945 ).
1532 1876 1690 1931 Joan-

137 1987 229 2026 nes
275 1985 485 2039 quoque
515 1970 790 2024 accubitor
817 1969 843 2007 b
895 1967 1092 2022 Christi
1140 1982 1319 2021 verum
1391 1968 1534 2020 illum
1591 1969 1680 2023 Dei

134 2060 345 2124 Filium,
383 2074 671 2126 verumque
696 2059 876 2119 Deum,
904 2065 956 2111 et
1000 2057 1161 2109 vitam
1186 2065 1511 2124 protestatur
1528 2067 1687 2118 {ctera

132 2169 253 2207 nam
276 2153 456 2223 (Joan.
486 2168 535 2212 ιι,
571 2152 679 2222 27).
712 2151 944 2204 Thomas
967 2160 989 2188 ο
1015 2151 1068 2203 in
1089 2149 1285 2204 Christi
1307 2166 1528 2219 corpore
1555 2151 1686 2205 ﬁxu-

130 2259 220 2298 ras
267 2242 527 2311 cuntingit
581 2241 874 2303 clavorum,
931 2238 1175 2305 latusque
1206 2238 1388 2293 lancea
1444 2241 1686 2309 explorat

128 2338 399 2400 apertum,
432 2339 485 2383 et
508 2329 787 2383 Dominum
820 2341 974 2381 suum
997 2326 1247 2382 continuo
1278 2337 1332 2380 et
1355 2328 1519 2381 Deum
1532 2344 1686 2383 suum

126 2420 464 2475 exclamavit.
527 2418 697 2486 Ipsius
730 2414 1055 2470 admirabilis
1106 2425 1340 2483 paterna:
1376 2419 1520 2471 vocis
1573 2421 1684 2473 cla-

125 2523 278 2563 more
299 2507 545 2576 proprius
570 2505 753 2559 aeterni
781 2504 953 2557 Patris
972 2502 1158 2568 Filius,
1182 2506 1411 2574 gemina,
1443 2507 1491 2558 in
1510 2516 1686 2561 monte

126 2597 334 2651 scilicet
357 2602 561 2657 sancto,
590 2601 644 2646 ct
695 2606 853 2660 super
897 2582 1218 2660 crepidinem
1244 2590 1491 2647 Jordauis
1521 2595 1679 2660 alvei,

126 2686 527 2739 demonstratur
554 2682 850 2745 vocatione,
879 2679 979 2733 Hic
1003 2690 1100 2744 est,
1124 2681 1401 2749 inquit,4F
1403 2683 1522 2737 ilius
1542 2700 1684 2739 meus

128 2773 373 2836 dilectus,
399 2773 454 2826 in
467 2787 568 2841 quo
592 2772 714 2825 bene
738 2769 1021 2839 complerat
1044 2786 1063 2824 :
1093 2771 1259 2824 ipsum
1283 2756 1461 2825 audite
1471 2756 1683 2843 (Matth.

196 2920 223 2947 ο
260 2906 381 2960 Duo
404 2905 655 2976 fulgentia
696 2905 875 2958 mundi
898 2904 1225 2976 candctabra.
1290 2904 1403 2976 Ipse
1436 2904 1683 2961 Paulinus
1748 2952 1753 2957 .

123 2977 360 3097 inulbym.
393 2972 445 3028 in
475 2972 634 3028 natali
658 2975 844 3028 horum
870 2972 1248 3041 apostolorum,
1270 2987 1319 3023 v.
1336 2972 1387 3037 7,
1415 2988 1506 3027 eos
1530 2984 1684 3028 vocat

123 3062 187 3097 ca
264 3044 441 3097 elabra
481 3042 593 3097 luce
622 3042 903 3097 radiantia.
933 3041 1191 3095 sententia
1210 3049 1263 3094 et
1284 3041 1460 3095 verbis
1485 3043 1684 3096 utrobi-

122 3041 445 3124 candeiabra
481 3042 593 3098 luce
622 3042 903 3105 radiantia,
933 3041 1191 3095 sententia
1210 3049 1263 3094 et
1284 3041 1460 3095 verbis
1485 3043 1685 3096 utrobi—

121 3128 230 3182 que
268 3112 549 3167 similibus.

197 3186 225 3222 δ
250 3182 481 3235 Joannes
494 3179 755 3233 accubitor
767 3178 976 3232 Christi.
1014 3176 1217 3233 Nomen
1242 3179 1341 3232 hoc
1364 3179 1581 3233 sortitus
1602 3189 1683 3235 est

122 3251 363 3307 Joannes
382 3249 716 3320 Evangelista
741 3264 803 3302 ex
832 3248 1097 3311 accubitu,
1154 3263 1259 3314 quo
1288 3263 1408 3302 eum
1436 3248 1681 3320 Christus

123 3324 379 3392 dignatus
401 3328 482 3372 est
513 3318 566 3392 in
593 3318 972 3392 ultimacaana,
1028 3332 1148 3392 cum
1178 3330 1333 3392 supra
1357 3326 1542 3392 pectus
1568 3318 1684 3384 ejus

126 3383 396 3450 recubuit,
435 3388 574 3440 unde
623 3401 742 3439 eum
772 3385 1013 3438 hausisse
1044 3383 1232 3437 Patres
1261 3384 1443 3438 dicunt
1488 3383 1682 3440 ﬂuenta

126 3456 420 3519 Evangelii.
484 3453 798 3508 Ambrosius
850 3468 956 3507 non
999 3452 1295 3508 absimilem
1336 3454 1681 3519 qumstionem

124 3543 249 3580 cum
278 3520 492 3578 Arianis
516 3538 679 3593 agens
723 3522 805 3593 sic
842 3529 899 3575 ct
926 3524 1056 3593 ipse
1080 3526 1146 3575 de
1165 3520 1373 3593 Joanne
1407 3524 1480 3574 ait
1501 3522 1599 3593 lib.
1620 3524 1685 3578 de

123 3596 393 3650 lncarnat.
431 3589 629 3662 capfl,
665 3608 719 3646 ιι.
746 3591 843 3645 Ξ9ε
873 3610 891 3640 ι
925 3589 1312 3662 Petrusgdicit';
1332 3589 1408 3643 Tu
1440 3608 1491 3662 es
1516 3591 1683 3646 Filius

126 3664 262 3727 Dei;
288 3677 394 3716 non
415 3658 566 3724 dicit,
604 3672 660 3715 tu
695 3676 753 3716 es
775 3668 1039 3713 creatura.
1124 3659 1265 3712 Dixit
1302 3660 1401 3712 hoc
1432 3658 1680 3713 Joannes.

124 3733 185 3785 Si
214 3733 390 3786 adhuc
409 3745 512 3784 non
540 3729 832 3790 credidisti,
860 3728 983 3796 quia
1014 3742 1119 3797 non
1151 3727 1451 3797 intellexisti
1473 3736 1685 3797 myste-

126 3801 267 3854 rium
293 3813 452 3867 supra
466 3794 1188 3867 sapientiamrecuiubentis,
1208 3794 1452 3867 repetivit
1470 3794 1679 3867 Petrus.

123 3863 864 3935 Comnnendavit'_utrumque
899 3863 1143 3935 Christus
1196 3864 1423 3935 alterum
1460 3864 1680 3931 judicio,

125 3939 357 4014 alterum
378 3937 679 4014 mysterio;
709 3936 761 3989 id
783 3934 1158 4014 enimaddidit
1195 3934 1521 4014 title-ageres;
1543 3936 1683 4014 quod

126 4008 182 4060 in
211 4004 409 4061 Christi
444 4001 669 4074 pectore
692 4001 1052 4074 recumbebat,
1100 4010 1163 4074 et
1193 4001 1514 4069 intelligeres
1542 4001 1684 4071 quod

124 4074 244 4143 ejus
272 4071 557 4155 caput,'_in
578 4089 685 4143 quo
708 4071 1259 4155 prin‘cipaleiotnnium
1276 4085 1541 4155 sensuum
1580 4080 1678 4133 est,

126 4139 325 4199 arcano
338 4139 897 4212 'quodam'sa-pientim
912 4140 1240 4260 replebaturt
1273 4139 1685 4208 Cbrysostomus

127 4216 274 4260 hom.
318 4213 353 4260 ι
386 4214 452 4260 de
486 4209 969 4260 Incnnmrehensibi
995 4216 1122 4260 Itate
1153 4208 1242 4260 Det
1269 4226 1283 4260 :
1350 4226 1368 4258 ι
1409 4209 1541 4260 Ouis
1573 4210 1684 4260 hinc

127 4216 274 4268 hom.
318 4213 353 4266 4
377 4208 452 4268 de
485 4208 1122 4280 lncomprehensibilitate
1153 4208 1242 4262 Dei
1269 4226 1283 4263 :
1319 4226 1368 4280 _¢
1394 4209 1541 4280 Quis
1573 4210 1684 4280 lucc

127 4281 289 4336 dicit?
321 4319 335 4333 .
373 4320 386 4333 .
425 4318 438 4332 .
469 4319 483 4333 .
517 4278 755 4335 Joannes
771 4278 861 4347 qui
890 4278 954 4331 ad
974 4284 1160 4347 pectus
1189 4278 1429 4347 recubuit
1453 4278 1681 4342 Domini,

127 4358 285 4418 atque
313 4351 382 4404 ab
409 4348 499 4405 illo
524 4350 700 4404 divino
723 4344 1044 4418 fontesacra
1073 4344 1407 4418 sua_llu_miua
1427 4347 1621 4418 hausit.
1640 4366 1677 4418 ν»

128 4414 460 4490 Augustinus
483 4426 661 4490 tract.
682 4417 751 4473 36
772 4418 825 4490 in
860 4414 1045 4490 Joan._:
1108 4431 1127 4463 ι
1158 4414 1231 4467 De
1253 4414 1460 4490 Domini
1486 4416 1681 4490 divini-

131 4483 239 4545 tate
263 4488 531 4559 quomodo
558 4488 733 4559 nullus
756 4486 999 4559 aliusest
1025 4483 1231 4559 locutus
1250 4484 1419 4559 :___hoc
1441 4486 1681 4559 ructabat

128 4551 857 4644 Will'f'ﬂ'flﬂf‘f‘fﬂ'ﬁ
872 4551 1250 4644 δῖ’]ἳὲθξῖἷίὶξῖῗέ
1258 4551 1558 4644 Ψὲἓὶξδὲ
1568 4554 1683 4644 ‘1’???
1713 4552 1755 4607 ⁸)

129 4620 429 4698 Evangelia
450 4634 717 4698 narratur,
739 4624 863 4698 quia
895 4622 1021 4698 etin
1045 4620 1288 4698 convivio
1314 4636 1472 4698 super
1496 4620 1682 4690 pectus

130 4690 339 4752 Domini
381 4690 774 4750 discumbebat.—
811 4690 996 4746 Deillo
1017 4705 1143 4759 ergo
1154 4696 1368 4759 pectore
1394 4690 1446 4759 in
1474 4701 1682 4746 secreto

130 4767 345 4823 bibebat
370 4781 383 4816 :
423 4762 515 4818 sed
530 4764 745 4832 quodin
776 4768 983 4832 secreto
1002 4757 1163 4832 bibit,
1180 4758 1232 4811 in
1258 4757 1544 4832 manifesto
1563 4774 1686 4815 em-

128 4836 312 4890 etavit.
344 4853 364 4885 ι
394 4831 521 4887 June
535 4826 920 4901 érgoPaulinus
941 4827 1282 4901 agcubitorem
1311 4826 1501 4901 Christi
1520 4827 1681 4901 Joan-

129 4917 252 4959 nem
276 4902 545 4973 appellat,
567 4895 657 4973 qbi
685 4912 948 4957 consensu
979 4895 1198 4951 Palmm
1228 4911 1295 4951 ex
1322 4895 1410 4949 tali
1439 4899 1683 4953 accubitu

130 4970 378 5027 veritatis
398 4970 575 5026 hausit
598 4970 818 5025 fontem.

199 5052 222 5080 ε
264 5039 492 5094 Thomas
518 5041 573 5093 in
597 5038 788 5093 Christi
816 5051 1047 5101 corpore.
1084 5033 1166 5089 Ad
1194 5046 1306 5087 rem
1342 5032 1469 5088 facit
1492 5074 1507 5097 ,
1543 5036 1683 5101 quod

129 5111 207 5165 ait
228 5106 537 5163 Bernartius
558 5122 719 5162 serm.
734 5107 804 5162 ΞΒ
821 5108 874 5160 in
888 5102 1042 5159 Cant.
1065 5122 1085 5154 ι
1109 5102 1485 5158 Nonomnibus
1508 5119 1614 5155 uno
1630 5103 1681 5155 in

131 5179 248 5233 loco
271 5177 378 5232 frui
402 5177 560 5231 datur
585 5188 733 5248 grata
753 5185 807 5230 et
826 5179 1033 5248 secreta
1051 5172 1227 5248 sponsi
1253 5172 1684 5248 presentiaLsed

133 5255 191 5301 ut
217 5240 668 5316 cuiqueparatim
692 5255 774 5302 est
799 5244 998 5316 aPatre
1020 5240 1188 5310 ipsius
1217 5280 1232 5293 .
1258 5240 1323 5316 ζ..
1349 5240 1516 5316 Porro
1540 5240 1683 5316 'l'bo-

133 5331 252 5372 mas
296 5308 351 5370 in
386 5308 573 5377 la'tere,
604 5313 837 5370 Joannes
882 5313 937 5380 in
987 5308 1222 5380 pectore,
1271 5308 1460 5380 Petrus
1485 5308 1536 5363 in
1563 5310 1683 5380 sinu

133 5385 332 5451 Patris,
359 5385 557 5440 Paulus
586 5386 640 5439 in
667 5385 826 5439 tertio
844 5376 1207 5439 cclo’secreti
1259 5376 1416 5446 huius
1457 5379 1683 5447 gratiam

132 5453 518 5511 mutassecuti.
554 5471 574 5504 ι

201 5523 228 5563 δ
265 5523 425 5580 Aliud
460 5531 534 5577 est
575 5538 655 5577 me
677 5519 887 5588 credite,
932 5528 980 5574 et
1005 5516 1158 5588 aliud
1199 5518 1379 5588 inme.
1424 5515 1686 5588 Eusebius

132 5591 438 5648 Gallicanos
475 5593 619 5648 hom.
647 5589 683 5645 2
707 5590 772 5646 de
813 5585 1079 5660 symbolo:
1124 5602 1167 5660 c_‘
1189 5585 1344 5660 Aliud
1364 5595 1446 5640 est
1468 5585 1688 5660 credere

135 5662 302 5733 Deum
321 5669 375 5716 et
398 5662 542 5733 aliud
562 5660 781 5733 credere
802 5655 861 5733 iii
896 5658 1081 5733 Deum.
1121 5655 1252 5709 Esse
1276 5655 1437 5733 Deum
1468 5656 1688 5733 credere

132 5740 188 5785 et
219 5731 464 5787 diabolus
502 5729 799 5795 invenitur;
848 5729 902 5783 in
930 5727 1093 5781 Deum
1135 5738 1261 5795 vero
1290 5723 1528 5790 credere,
1585 5723 1685 5777 nisi

134 5801 221 5870 qui
253 5803 337 5872 pie
374 5803 429 5861 in
452 5815 575 5858 eum
599 5793 909 5872 speraverit,
938 5811 1039 5851 non
1061 5793 1329 5866 probatur.
1362 5812 1381 5846 ι

838 483 1108 542 CONTRA
1144 481 1434 555 FELICEM
1475 481 1687 538 URGEL

1789 464 2005 537 I‘ANUM
2040 481 2213 535 unm
2253 482 2334 536 ιιι.
2374 511 2443 522 -
2478 482 2601 536 LIB.
2641 481 2679 536 ι.

1723 1911 1764 1967 Β
1792 1916 1975 1970 Deum.

3234 492 3339 547 390

1723 594 1768 652 Α
1798 604 1879 654 ιιι,
1906 588 1971 642 27
1998 606 2012 655 ς
2044 606 2149 645 xvu
2172 631 2186 655 ,
2211 590 2295 661 5).
2354 592 2469 660 Ipse
2508 607 2569 647 se
2609 594 2825 649 credere
2855 595 3018 651 Deum
3056 599 3339 670 discipulos

1797 679 1995 743 docuit,
2050 680 2260 734 dicens:
2300 681 2519 735 Creditis
2548 682 2603 735 in
2635 681 2840 737 Deum?
2878 695 2923 739 et
2971 688 3023 741 in
3050 704 3128 742 me
3153 692 3340 744 credite

1794 764 1972 833 (Joan.
2017 782 2125 832 xrv,
2161 767 2233 838 l).
2269 768 2384 824 Non
2413 770 2585 833 dixit,
2637 787 2717 825 me
2743 774 2949 837 credite,
2980 776 3091 839 sed,
3130 780 3337 833 inme:

1794 851 1936 907 aliud
1961 853 1988 893 ά
2021 864 2103 908 est
2124 856 2287 921 enim,
2333 873 2413 910 me
2440 858 2651 922 credite,
2675 867 2728 913 et
2758 848 2920 926 aliud,
2949 864 3005 915 in
3033 880 3112 918 me
3128 865 3336 921 credite.

1793 943 1877 997 Me
1894 945 2113 999 credere
2129 947 2425 999 communis
2441 954 2521 1001 est
2536 962 2731 1013 sermo,
2759 956 2814 1003 et
2835 952 3061 1020 pertinet
3074 954 3138 1007 ad
3155 969 3312 1023 quam
3325 986 3341 996 -

1791 1030 1921 1085 libet
1941 1041 2261 1087 creaturam.
2329 1032 2387 1087 In
2412 1050 2498 1089 me
2543 1043 2718 1090 autem
2753 1040 2991 1103 credere,
3034 1038 3195 1095 solius
3244 1041 3340 1097 Del

1791 1117 1902 1170 veri
1925 1118 2275 1174 c'onl‘essionis
2297 1129 2377 1174 est
2407 1122 2578 1177 honor
2604 1124 2945 1189 exhibendus,
2978 1122 3219 1194 Creditis,
3242 1130 3338 1193 ait,

1791 1207 1846 1260 in
1862 1206 2046 1272 Deum,
2075 1209 2201 1277 quia
2232 1226 2338 1264 non
2369 1211 2422 1264 in
2451 1212 2629 1276 alium,
2658 1213 2761 1267 nisi
2793 1216 2847 1268 in
2872 1216 3041 1269 solum
3071 1232 3340 1286 unumque

1791 1284 2108 1351 credendum
2128 1307 2209 1353 est
2229 1299 2423 1353 Deum:
2453 1300 2519 1353 Et
2540 1302 2593 1355 in
2616 1318 2694 1355 me
2715 1304 2929 1369 credite,
2961 1316 2984 1344 ε
3012 1302 3192 1373 utiqde
3212 1284 3339 1374 quia

1791 1393 1845 1437 et
1865 1399 1964 1453 ego
2012 1386 2166 1449 Deus.
2216 1385 2330 1441 Non
2369 1388 2567 1455 plures.
2605 1390 2697 1445 sed
2736 1407 2873 1446 unus
2918 1393 3159 1461 idemque
3200 1394 3339 1449 Deus

1792 1472 1948 1529 Pater
1970 1483 2022 1529 et
2048 1475 2213 1531 Filius
2233 1485 2287 1531 et
2316 1475 2548 1547 Spiritus
2579 1488 2812 1536 sanctus.
2839 1481 2973 1537 Hinc
3002 1484 3192 1538 iterum
3229 1485 3338 1553 ipse

1790 1576 1887 1631 per
1934 1564 2175 1617 eumdem
2219 1565 2615 1634 evangelistam,
2669 1566 2739 1620 Ut
2772 1580 3101 1637 cognoscant,
3148 1572 3243 1635 ait,
3290 1582 3338 1625 te

1790 1650 1955 1704 solum
1982 1660 2028 1703 et
2058 1666 2229 1703 verum
2251 1651 2435 1716 Deum,
2478 1661 2523 1705 et
2568 1670 2714 1722 quem
2756 1657 2940 1709 misisti
2967 1656 3144 1710 Jesum
3189 1658 3339 1711 Citri-

1790 1749 1924 1792 stum
1970 1741 2147 1809 (Joan.
2176 1746 2319 1805 xvii,
2350 1742 2425 1811 3).
2491 1743 2814 1799 Subauditur
2861 1747 3055 1799 etenim
3083 1756 3137 1801 et
3176 1762 3335 1815 quem

1791 1818 1983 1882 misisti
2032 1828 2212 1883 Jesum
2258 1830 2525 1885 Christum
2572 1834 2791 1886 credant
2830 1833 3000 1888 solum
3049 1843 3103 1888 et
3149 1849 3336 1891 verum

2316 2001 2541 2061 CAPUT
2566 2004 2822 2063 XXXVII.

1790 2093 2079 2162 Exprobrat
2113 2094 2290 2173 elici.
2306 2098 2609 2173 intentatam
2641 2100 2942 2173 divisionem
2968 2110 3198 2173 quatuor
3219 2119 3333 2173 per-

1854 2177 2097 2284 sonarttm
2123 2166 2176 2217 in
2230 2164 2452 2218 Christo.
2508 2166 2669 2231 Quem
2719 2164 3111 2236 inseparabilem
3163 2164 3333 2225 tamen

1856 2249 2011 2284 crine:
2041 2267 2054 2284 .

1856 2249 2054 2285 ειηηειι.

1856 2321 1976 2375 [Lee
2003 2322 2162 2390 igitur
2186 2329 2453 2375 tantorum
2482 2323 2726 2377 herilium
2762 2323 2781 2362 ί
2823 2325 3053 2378 virorum
3076 2326 3330 2394 praeclara

1786 2410 1953 2463 Deum
1980 2411 2125 2463 illum
2153 2426 2334 2465 verum
2356 2420 2713 2479 protestantur
2743 2415 2978 2487 oracula.
3010 2416 3114 2470 Sed
3143 2410 3197 2471 et
3225 2433 3333 2472 om-
3426 2440 3429 2443 λ

1788 2500 2028 2568 ι.ἰροιεηδ
2074 2499 2230 2553 Pater
2275 2501 2524 2554 dilectum
2559 2518 2713 2556 suum
2750 2505 2975 2571 signavit
3000 2505 3208 2560 Filium.
3246 2506 3326 2560 Tu

1786 2596 1959 2642 autem
1990 2587 2083 2665 illi,
2115 2604 2146 2641 ο
2185 2587 2385 2652 infelix,
2420 2589 2550 2642 nihil
2600 2591 2826 2657 amplius
2854 2608 3011 2660 quam
3059 2610 3193 2661 puro
3234 2596 3332 2648 lto-

1787 2677 1914 2730 mini
1952 2676 2241 2731 contulisti.
2276 2677 2441 2731 Porro
2469 2682 2881 2747 nuncupatimm
2906 2696 3028 2734 eum
3067 2681 3249 2744 Deum,
3275 2692 3331 2737 et

1786 2767 2075 2833 optativum
2109 2769 2133 2805 ε
2161 2765 2325 2819 ﬁlium
2385 2766 2510 2819 dum
2566 2766 2724 2836 impia
2790 2782 2916 2822 nare
2953 2770 2979 2809 δ
3015 2770 3328 2833 subsannas,

1861 2907 1883 2935 α
1922 2896 1999 2966 Et
2016 2898 2069 2948 in
2096 2912 2175 2948 me
2200 2896 2605 2966 credite_utique,
2652 2898 2795 2966 quia_
2814 2907 2858 2949 et
2895 2913 2986 2966 ego
3033 2914 3145 2951 sum
3168 2897 3326 2959 Deus.

1785 2964 2108 3034 Augustinus
2141 2972 2295 3034 tract.
2343 2963 2409 3015 67
2441 2963 2555 3034 ,_n.
2582 2966 2641 3034 _l_,
2662 2963 2734 3034 Ain
2768 2963 2946 3034 Joani,
2994 2967 3069 3019 sic
3096 2967 3329 3034 exponit,

1787 3040 1841 3085 et
1874 3030 2177 3086 'conlirmat
2226 3032 2424 3085 dictum
2466 3030 2715 3086 Paulini:
2796 3050 2814 3081 ι
2860 3030 3206 3099 Consequens
3249 3044 3332 3088 est

1788 3101 1949 3162 enim,
1987 3110 2045 3155 ut
2076 3101 2122 3153 si
2168 3101 2220 3154 in
2246 3101 2408 3154 Deum
2435 3101 2667 3162 creditis,
2716 3108 2769 3154 et
2807 3101 2969 3154 inme
3006 3104 3219 3155 credere
3241 3103 3332 3156 de-

1788 3171 1978 3223 beatis.
2038 3169 2187 3235 Quod
2206 3184 2312 3223 non
2332 3176 2471 3223 esset
2492 3184 2836 3237 consequens,
2876 3169 2921 3222 si
2944 3169 3185 3224 Christus
3225 3185 3329 3226 non

1709 3229 1755 3290 C
1784 3248 1923 3292 esset
1954 3229 2113 3292 Deus.
2149 3258 2167 3288 ι

1859 3306 1874 3345 ί
1917 3306 2175 3377 Heritium
2197 3307 2437 3359 virorum.
2455 3305 2837 3377 rHerilesgiros
2864 3314 3012 3377 vocat
3048 3315 3331 3377 utrumque

1780 3374 2037 3430 Joannem
2060 3375 2370 3442 Baptistam,
2392 3376 2663 3428 scilicetct
2681 3374 3090 3441 Evangelistam,
3116 3375 3216 3430 hoc
3246 3374 3328 3431 est

1782 3460 1848 3498 ex
1874 3445 1922 3498 vi
1950 3444 2094 3498 verbi
2112 3484 2127 3504 ,
2156 3444 2299 3496 viros
2325 3443 2619 3513 dominicus
2638 3483 2650 3505 ,
2678 3444 2766 3513 qui
2802 3443 3026 3499 Domino
3061 3453 3115 3513 et
3136 3459 3332 3513 cogna-

1783 3514 1927 3567 tione
1965 3521 2020 3568 et
2064 3514 2362 3581 cognitione
2384 3512 2518 3565 adeo
2556 3511 2727 3578 juncti
2768 3519 2950 3581 erant,
3005 3519 3064 3563 ut
3094 3511 3324 3565 filiorum

1782 3582 2076 3635 fratrumve
2131 3582 2344 3635 nomine
2365 3595 2472 3649 prie
2515 3583 2721 3634 czeteris
2777 3580 3080 3633 viderentur
3124 3582 3326 3633 donan-

1781 3651 1853 3703 di.
1894 3649 2089 3703 Herilis
2115 3649 2256 3703 enim
2296 3648 2379 3703 est
2423 3650 2467 3702 is
2511 3652 2600 3717 qui
2643 3649 2708 3703 ad
2752 3648 3021 3702 dominum
3064 3649 3322 3716 pertinet,

1781 3720 1872 3773 sed
1911 3719 2198 3799 praecipue_
2229 3718 2345 3773 beri
2397 3717 2537 3799 illius
2565 3719 2666 3799 hoc
2716 3718 2971 3799 vocabulo
3024 3718 3321 3799 notabatur,

1780 3785 1935 3909 quiisi
1980 3785 2155 3909 mitiqr
2183 3785 2362 3839 herus.
2410 3785 2692 3841 Terentius
2743 3787 2797 3839 in
2838 3787 3078 3853 Phorm.,
3120 3802 3169 3838 v.
3217 3786 3322 3851 40,

1782 3870 1846 3909 ac
1875 3895 1888 3908 .
1914 3873 1951 3909 ι.
1987 3871 2064 3909 sc.
2167 3873 2180 3909 :

1782 3865 1888 3910 act.
1914 3873 1951 3919 Ι,
1987 3871 2064 3911 SC.
2101 3865 2126 3909 1
2167 3873 2180 3910 τ

1901 3910 2247 3994 N’amherilem
2267 3941 2410 3991 tilium
2430 3942 2534 4002 ejus
2555 3910 2748 3992 duxisse
2773 3943 2911 3991 audio
2933 3955 3133 3992 uxorem
3155 3980 3170 4002 ,

1782 4033 1835 4080 et
1865 4024 2001 4079 idem
2025 4023 2078 4077 in
2102 4022 2358 4077 Eunucho
2383 4038 2433 4074 v.
2463 4022 2581 4084 289,
2611 4030 2713 4076 act.
2740 4038 2799 4085 ιι,
2830 4037 2907 4076 sc.
2930 4022 2984 4075 2.

1908 4115 2005 4165 Sed
2026 4115 2169 4165 video
2189 4114 2390 4163 herilem
2411 4112 2557 4161 lilium
2576 4115 2805 4160 minorem
2830 4114 2922 4162 huc
2947 4113 3190 4162 advenire.

1781 4198 2099 4252 Prudentius
2127 4195 2421 4262 Peristeph.
2449 4198 2507 4246 v.‘
2528 4194 2679 4254 1959,
2706 4192 2858 4262 Hym.
2893 4194 2958 4246 de
2978 4203 3169 4262 sancte
3186 4191 3324 4262 _Fru-
3424 4192 3427 4199 ’

1781 4276 1983 4330 ctuosa,
2011 4264 2220 4318 herilem
2254 4259 2470 4330 ﬁliolam
2509 4259 2937 4328 praesidis—tiliam
2980 4261 3139 4330 dixit.
3157 4259 3325 4326 Hujus

1780 4337 1925 4389 vocis
1953 4329 2105 4388 osum
2137 4329 2450 4386 revocarunt
2482 4332 2640 4383 etiam
2675 4332 2962 4398 scriptores
3010 4329 3168 4382 medii
3204 4330 3319 4390 :evi,

1781 4414 1839 4458 ut
1865 4403 2094 4459 ostendit
2122 4402 2198 4455 Du
2219 4400 2394 4469 Gange
2415 4401 2466 4469 in
2493 4398 2727 4469 Clossar.
2751 4399 2873 4453 ﬁliis
2895 4408 2947 4453 et
2963 4398 3217 4469 fratribus
3241 4412 3327 4450 re—

1780 4490 1902 4555 gum
1924 4473 2269 4554 applicantes.
2486 4468 2859 4555 dtaxosﬁ'vlmc,
2899 4466 3052 4555 quasi
3080 4466 3327 4555 dominos

1785 4534 2079 4605 inferiores,
2106 4554 2297 4609 parvos
2320 4538 2558 4592 dominos
2579 4536 2860 4609 appellant.
2898 4534 2996 4600 Qui
3020 4543 3198 4609 autem
3224 4534 3326 4589 hoc

1783 4610 2040 4679 vocabulo
2059 4604 2346 4679 digniores,
2369 4619 2526 4679 quam
2548 4608 2638 4679 qui
2659 4604 2908 4679 virtutum
2931 4604 3137 4679 meritis
3154 4610 3209 4657 et
3235 4618 3325 4679 co-

1818 4674 2033 4744 nitione,
2053 4672 2262 4734 ne'dum
2283 4672 2535 4744 sanguine
2555 4672 2767 4744 Christo
2786 4673 2953 4744 juncti
2980 4681 3152 4744 erant,
3177 4672 3324 4744 ut_hi,

1818 4699 2033 4744 mttoue,
2053 4699 2118 4733 ne
2140 4699 2262 4734 (tum
2283 4699 2535 4744 sanguine
2555 4699 2767 4728 unus“)
2786 4699 2953 4741 1ιιιιιυιιι
2980 4699 3152 4737 multa,
3178 4699 3235 4725 ut.
3247 4699 3322 4737 ιιι,

1777 4699 2008 4807 fuannes
2029 4749 2317 4817 prateipue1
2343 4759 2463 4817 cum
2491 4744 2676 4798 doceat
2696 4742 2954 4817 Eusebius
2982 4741 3180 4794 Histor.
3217 4740 3322 4796 Ec-

1779 4821 1907 4875 cles.
1954 4809 2050 4873 lib:
2075 4833 2113 4880 ι,
2140 4809 2254 4883 αι’ρ.
2288 4814 2338 4877 'l,
2375 4812 2526 4883 juxta
2561 4825 2775 4865 carnem
2805 4809 3327 4883 Christo-cognatos

1778 4876 2127 4946 δισποσύνουξ
2156 4876 2344 4946 dictos,
2376 4876 2457 4933 vel
2501 4876 2827 4939 ὂεσποτικοῠξ
2846 4918 2861 4941 ,
2893 4885 2949 4931 ut
2978 4892 3043 4931 ex
3069 4876 3325 4946 Africano

1780 4966 1994 5011 auctore
2012 4955 2172 5009 habet
2189 4951 2515 5020 Nicephorus
2535 4950 2625 5020 lib.
2644 4965 2683 5013 ι,
2698 4963 2829 5020 cap.
2856 4947 2951 5020 ll,
2966 4961 3061 5020 seu
3084 4945 3321 5001 δεσποτι-

1781 5037 1921 5089 κούς,
1943 5025 2038 5077 hoc
2055 5032 2127 5075 est
2142 5013 2446 5083 dominicas,
2462 5034 2548 5071 seu
2561 5013 2863 5092 Δᾴρηιὶιςεηοε
2874 5025 2919 5068 et
2931 5013 3114 5092 herile:
3135 5028 3324 5092 cogno-

1780 5084 2023 5157 minatos,
2043 5101 2247 5160 propter
2264 5104 2397 5160 eam,
2418 5101 2534 5155 quin
2554 5084 2658 5139 illis
2677 5100 2794 5138 cum
2810 5093 3062 5138 senatore
3080 5084 3321 5136 interces-

1780 5164 1869 5226 sit,
1892 5157 2092 5231 generis
2115 5157 2542 5231 c‘oujunctionem.
2609 5230 2613 5231 ί
2768 5221 2783 5231 _
2828 5218 2851 5231 _
2895 5218 2909 5231 _
2969 5217 3001 5231 ﬂ
3195 5216 3230 5231 η
3267 5216 3280 5231 Ι
3306 5216 3318 5227 ο

1855 5216 1985 5282 ἓἝι
2033 5216 2326 5298 οριαιὶὖαιη.
2356 5222 2485 5283 Vide
2530 5230 2685 5298 notas
2719 5221 2785 5275 ad
2826 5218 2917 5291 μ
2966 5216 3320 5287 Sacrosyllabi

1781 5301 1883 5354 litt.
1912 5311 1958 5351 ο.
2802 5301 2808 5305 ⁴

1852 5351 1879 5409 li
1918 5366 2089 5435 Impia
2120 5379 2249 5435 nare
2296 5361 2626 5435 subsannas._
2652 5356 2775 5435 Non
2813 5372 2919 5412 una
2937 5367 3125 5435 sannae
3161 5351 3319 5407 ratio.

1784 5424 2217 5506 Quandoquidem
2246 5431 2326 5506 vel
2354 5428 2590 5506 collectis
2614 5429 2667 5506 in
2694 5426 2896 5506 apicem
2919 5424 3094 5506 digitis
3118 5435 3216 5506 ceu
3237 5436 3325 5506 ro-

1785 5494 1952 5565 strum
1966 5494 2184 5559 ciconiae
2195 5501 2403 5570 pulsare
2422 5497 2741 5570 simulabant
2755 5504 2957 5570 tergum
2968 5494 3288 5570 subsannati
3303 5506 3320 5553 ;

1783 5558 2140 5650 ὓέιξιιροείιίε
2165 5558 2231 5650 aid
2259 5577 2506 5650 tempore.
2529 5564 2781 5650 mestitiae
2800 5558 3324 5650 aestuasse?

1785 5631 2017 5702 asiniiias
2031 5654 2185 5695 aures
2195 5631 2414 5701 imitari,
2427 5634 2508 5690 vel
2522 5642 2789 5702 protracta
2800 5631 2978 5702 lingua
2992 5644 3086 5684 ceu
3098 5634 3324 5702 aestuano

1787 5697 1961 5771 {issiti
1981 5712 2147 5771 canis,
2166 5697 2502 5777 diductisque
2522 5697 2675 5757 labiis
2698 5716 2762 5755 os
2783 5697 3081 5777 deformare
3102 5697 3154 5748 in
3175 5708 3320 5777 eum,

1788 5798 1943 5855 quem
1967 5779 2204 5837 deridere
2218 5772 2476 5841 volebant,
2497 5787 2527 5826 a
2542 5779 2689 5842 tergo
2704 5778 2901 5837 tamen,
2915 5782 2983 5824 ne
2994 5772 3131 5821 γὶιὶθι
3144 5772 3317 5821 antur.
