3926 6436
621 455 718 507 591

1534 450 1589 503 S.
1630 449 1901 504 PAULlNI
1935 444 2393 505 PATRiARClle
2433 449 2902 516 AQUILEIENSIS

3707 455 3825 511 δεῖ

619 565 745 632 quid
787 559 928 613 aliud
978 572 1133 627 quam
1186 557 1274 610 uni
1328 557 1540 610 cuilibet
1567 559 1853 613 electorum
1879 559 2150 612 hominum
2182 559 2226 616 Α
2254 554 2286 607 6
2313 556 2494 608 concil.
2544 555 2804 624 Forojul.)
2852 570 2961 610 sua:
3001 550 3273 626 religionis
3303 559 3356 611 in
3411 558 3560 612 nullo
3587 519 3821 629 prorsus

617 663 948 708 communem
979 650 1228 701 honorem
1280 646 1544 713 rependis,
1574 650 1656 700 cui
1700 647 1957 700 debueras
1983 648 2163 714 singu-

618 743 801 796 lariter
843 741 905 794 de
927 739 1022 791 alis
1057 751 1080 776 λ
1117 737 1364 804 potentia:
1414 736 1634 805 gloriam
1682 737 2022 790 excellentius
2064 752 2157 787 ex-

616 829 832 885 hibere?
902 827 1003 880 Sed
1048 825 1169 892 quia
1229 826 1296 876 ob
1341 823 1440 876 hoc
1469 824 1651 875 Arium
1697 832 1893 876 mterno
1938 822 2073 874 nosti
2129 838 2157 874 a

613 921 810 977 sanctis
865 917 1108 972 Patribus
1155 915 1490 968 anathemate
1540 919 1843 967 damnatum
1878 954 1892 976 ,
1962 913 2157 967 idcirco

615 1010 856 1066 fraudare
878 1007 1188 1062 catholicam
1206 1003 1358 1056 ﬁdem
1393 1001 1594 1056 lucubri
1625 1003 1650 1040 δ
1677 1012 1883 1069 satages
1917 1001 2154 1073 [satagis]

617 1102 770 1170 123
794 1099 1116 1166 obiectione;
1146 1105 1198 1149 et
1221 1094 1344 1147 dum
1375 1093 1616 1160 vipereos
1642 1093 1823 1146 sibilos
1846 1093 2103 1160 prurienti
2131 1103 2150 1129 ο

613 1189 768 1257 ﬁngis
793 1186 1025 1240 auricula
1059 1182 1312 1244 refutare,
1340 1180 1592 1250 pestifero
1615 1181 1810 1248 aspidis
1835 1196 2037 1232 veneno
2073 1195 2129 1231 re

613 1277 824 1344 gnliquc
858 1274 1136 1327 admodum
1189 1270 1461 1323 infameris
1494 1269 1618 1322 ﬁatu
1664 1271 1858 1321 necari.
1911 1269 2154 1322 Dividere

614 1378 800 1431 nempe
834 1376 994 1415 unum
1021 1359 1291 1412 Christum
1337 1357 1685 1426 eumdemque
1727 1355 1818 1410 Dei
1874 1355 2063 1411 Filium
2100 1358 2151 1409 in

613 1459 790 1520 partes
820 1447 1088 1502 dissicanti
1121 1444 1268 1516 (Vid.
1305 1452 1366 1498 'c.
1400 1445 1457 1497 tl
1513 1462 1565 1497 η.
1599 1445 1646 1515 α)
1692 1446 1848 1498 corde
1898 1446 2108 1499 conaris
2137 1463 2149 1496 :

613 1555 732 1592 nam
764 1539 887 1591 dum
909 1536 1063 1590 modo
1085 1549 1269 1587 verum
1301 1534 1467 1587 Deum
1509 1548 1800 1600 verumque
1830 1534 1920 1584 Dei
1961 1531 2151 1584 Filium

615 1629 829 1682 insanire
858 1626 990 1678 furia
1020 1624 1348 1690 mancipatus
1373 1620 1613 1690 elingues
1638 1619 1785 1691 (Vid.
1816 1639 1867 1673 η.
1895 1633 1919 1660 α
1946 1623 1996 1673 in
2033 1621 2058 1690 §
2091 1620 2147 1673 il

611 1734 750 1770 conc.
785 1712 1069 1782 Foroful.),
1097 1712 1222 1780 quid
1237 1710 1378 1763 aliud
1401 1725 1556 1778 quam
1572 1718 1798 1777 quatuor
1823 1710 2154 1764 introducere

611 1819 863 1875 personas
878 1801 1136 1856 festinas?
1158 1796 1307 1853 Licet
1331 1810 1488 1866 neges
1509 1807 1558 1852 te
1575 1801 1671 1852 hoc
1695 1799 1867 1867 specie
1887 1809 2038 1854 tenus
2050 1815 2154 1852 non

2262 653 2512 697 curvante
2539 659 2720 697 errore
2743 647 2990 698 extendat
3016 648 3262 714 utrinque
3295 644 3402 716 [ΑΙ.
3431 648 3677 715 utrique,
3721 667 3818 703 an.

2259 730 2523 798 legendum
2552 733 2881 803 utriusque?]
2927 733 3106 786 lateris
3133 735 3503 788 rectitudinem
3547 749 3819 790 mensam.

2256 820 2426 872 Aliter
2463 821 2656 888 quippe
2680 837 2743 874 ex
2772 821 2944 884 Patre,
2989 806 3111 891 quia
3136 831 3262 876 ante
3312 824 3491 876 omnia
3520 825 3718 878 smcula
3767 838 3823 879 et

2254 908 2368 960 sine
2391 907 2540 961 initio
2565 909 2838 962 invisibilis
2878 919 2931 963 ct
2965 910 3315 978 ineorporalis
3339 911 3404 963 de
3425 921 3698 965 eoa-terno
3724 928 3821 965 na-

2257 1005 2340 1048 tus
2359 1004 2440 1047 est
2468 995 2702 1061 genitore
2734 1011 2747 1048 :
2777 996 2930 1050 aliter
2951 998 3190 1064 profecto
3217 1013 3280 1052 ex
3303 1007 3495 1060 matre,
3518 1001 3645 1066 quia
3667 1011 3822 1055 certo

2256 1081 2308 1132 in
2339 1090 2575 1148 tempore
2601 1083 2829 1136 Verbum
2858 1099 2982 1138 caro
3029 1086 3228 1138 factum
3276 1087 3628 1153 corporaliter
3656 1100 3821 1144 natus

2253 1179 2333 1223 cst
2356 1171 2494 1223 Deus
2522 1173 2697 1223 homo.
2732 1171 2796 1224 Et
2816 1185 2918 1224 non
2945 1172 3080 1226 alius
3103 1175 3190 1242 qui
3213 1182 3335 1226 ante
3355 1175 3574 1238 saecula,
3598 1184 3655 1227 et
3674 1178 3820 1231 alius

2253 1261 2344 1325 qui
2373 1260 2712 1326 intempere,
2750 1262 2842 1314 sed
2870 1277 3006 1315 unus
3045 1263 3290 1330 idemque
3314 1278 3377 1315 ex
3410 1273 3641 1331 utraque
3680 1276 3739 1319 et
3765 1268 3820 1321 in

2256 1359 2484 1417 utraque
2533 1359 2722 1402 natura
2744 1389 2758 1413 ,
2788 1360 2987 1404 remote
3012 1351 3216 1416 scilicet
3265 1353 3627 1419 nuncupatim
3659 1352 3817 1424 [Pro,

2255 1439 2662 1506 nuncupativi...
2695 1438 2949 1509 adeptivi]
2981 1440 3097 1503 Dei,
3140 1449 3192 1492 et
3217 1441 3466 1508 adoptive
3513 1441 3609 1494 ﬁlii
3643 1445 3818 1499 modis

2253 1529 2498 1584 omnibus
2518 1531 2792 1593 vocabulo,
2816 1540 2867 1583 ct
2892 1540 3012 1584 ante
3032 1542 3242 1602 partum
3263 1542 3455 1601 etpost
3478 1544 3692 1602 partum
3710 1538 3820 1591 vir-

2253 1619 2392 1686 ginis
2417 1634 2553 1671 unus
2581 1629 2630 1672 et
2659 1635 2814 1673 verus
2844 1621 3010 1682 Deus,
3043 1635 3305 1690 verusque
3332 1633 3611 1691 permanet
3647 1623 3815 1679 Filius

2256 1708 2365 1760 Dei.
2397 1707 2510 1761 Non
2551 1698 2712 1762 eniin'
2745 1719 2917 1777 potest
2946 1725 3081 1764 unus
3133 1711 3291 1766 dividi
3319 1730 3333 1777 ;
3375 1721 3427 1766 et
3472 1714 3677 1769 ideirco
3705 1732 3812 1770 non

2254 1798 2349 1850 tibi
2377 1797 2705 1859 conceditur,
2745 1807 2804 1851 ut
2825 1813 2891 1851 ex
2935 1809 3085 1868 parte
3109 1815 3286 1862 verus,
3331 1810 3384 1853 et
3425 1817 3488 1855 ex
3521 1812 3675 1871 parte
3704 1820 3810 1857 non

611 1906 870 1955 asserere,
889 1890 1029 1958 quod
1054 1889 1264 1957 quidem
1288 1887 1544 1940 astruisse
1573 1895 1625 1939 te
1651 1887 1990 1940 nihilominus
2008 1887 2156 1940 exhi-
2189 1869 2229 1925 Β
2257 1901 2414 1939 verus
2443 1886 2722 1948 credatur;
2753 1901 2848 1938 nec
2876 1888 3084 1955 gemina
3134 1897 3443 1942 naturarum
3475 1891 3730 1944 discretio
3756 1894 3808 1946 in

612 1983 733 2034 bitis
777 1980 829 2032 iu
859 1981 1013 2033 rebus
1043 1977 1300 2045 probaris.
1335 1975 1502 2028 Porro
1538 1977 1661 2058 quia
1692 1975 2031 2044 Redemptor
2059 1991 2156 2028 ne-

609 2079 718 2122 ster
741 2081 804 2118 cx
826 2075 1046 2133 utraque
1070 2073 1279 2126 natura,
1313 2063 1486 2116 divina
1527 2063 1786 2131 siquidem
1827 2072 1880 2116 et
1904 2064 2152 2124 humana,

610 2157 703 2212 Dei
730 2155 1060 2221 hominisque
1087 2153 1248 2205 Filius
1293 2167 1428 2204 unus
1459 2151 1701 2218 idemque
1735 2151 1994 2203 veraciter
2024 2165 2156 2218 prte-

608 2245 832 2307 dicatur,
859 2243 1058 2299 idcirco
1099 2240 1194 2292 tibi
1232 2240 1438 2291 videtur
1465 2238 1568 2290 due
1613 2246 1667 2291 et
1692 2239 1818 2302 duo,
1842 2253 2008 2312 verus
2031 2238 2151 2308 [Αη.

619 2335 720 2403 lcg.
769 2335 822 2385 in
851 2348 986 2393 acc.,
1013 2344 1218 2391 verum,
1247 2327 1537 2398 proprium]
1567 2326 1767 2389 scilicet
1811 2336 1863 2381 et
1890 2327 2150 2396 proprius,

607 2422 993 2490 nuncupativus
1019 2419 1217 2472 scilicet
1243 2426 1295 2470 et
1339 2418 1633 2484 adoptivus,
1689 2425 1830 2472 recte
1876 2417 2150 2481 conﬁteri;

607 2517 757 2586 quasi
785 2516 920 2567 alter
941 2515 1008 2566 sit
1034 2512 1275 2565 Christus
1295 2528 1456 2582 purus
1478 2512 1636 2575 Deus,
1665 2513 1766 2565 hoc
1788 2522 1870 2565 est
1898 2527 2075 2574 verus,
2099 2520 2154 2564 et

607 2608 741 2659 alter
761 2621 924 2674 purus
961 2605 1140 2664 homo,
1172 2603 1246 2654 uti
1279 2602 1502 2669 quilibet
1529 2616 1664 2653 unus
1693 2600 2005 2662 electorum,
2054 2599 2154 2652 hoc

605 2706 687 2749 est
714 2697 1103 2764 nuncupativus
1129 2694 1269 2745 Deus
1300 2707 1315 2744 :
1357 2708 1420 2745 ex
1439 2693 1538 2745 hoc
1567 2692 1761 2745 etenim
1785 2691 2054 2758 proprius,
2086 2705 2152 2743 ex

607 2785 696 2837 ille
721 2799 845 2835 vero
867 2782 1142 2850 adoptivus
1169 2780 1305 2831 ﬁlius
1330 2795 1343 2840 ;
1377 2794 1496 2833 cum
1535 2778 1757 2846 simplex
1786 2781 2006 2832 sincera:
2032 2777 2152 2831 ﬁdei

605 2869 743 2926 ratio
768 2871 923 2923 aliter
965 2868 1017 2920 in
1048 2867 1306 2921 directum
1336 2867 1631 2919 normulam
1660 2863 1818 2936 (Vide
1846 2874 1952 2918 not.
1983 2863 1996 2914 i
2035 2866 2089 2918 in
2126 2864 2152 2935 §

608 3052 733 3113 Hrec
759 3055 933 3111 omnia
958 3053 1170 3107 Persius
1196 3059 1297 3106 sat.
1328 3051 1376 3113 l,
1412 3065 1460 3102 v.
1491 3050 1579 3113 72,
1603 3048 1796 3102 Ianum
1829 3063 1859 3101 a
1904 3057 2046 3102 retro
2070 3049 2148 3104 vi-

609 3131 818 3182 dentem
868 3124 1141 3190 alloquens
1171 3139 1182 3173 :

728 3215 768 3264 Ο
795 3213 936 3272 Jaue,
960 3226 984 3259 a
1009 3219 1145 3270 terge
1167 3223 1310 3268 quem
1337 3207 1463 3256 nulla
1487 3210 1664 3256 ciconia
1690 3209 1851 3272 pinsit,

725 3274 829 3324 Nec
848 3271 1014 3319 manus
1036 3274 1269 3318 auriculas
1295 3272 1475 3321 imitata
1502 3276 1577 3316 est
1599 3271 1786 3315 mobilis
1804 3271 1950 3322 albas,

726 3333 829 3401 l_‘i_ee
855 3333 1029 3399 lingere
1050 3339 1273 3401 quantum
1293 3331 1419 3399 sitiat
1444 3333 1580 3401 canis
1596 3332 1745 3401 Apula
1769 3337 1970 3374 tantum.

729 3394 842 3447 Vos,
863 3406 890 3438 ο
914 3391 1135 3451 patricius
1158 3392 1377 3449 sanguis,
1398 3401 1518 3447 quos
1541 3394 1703 3435 vivere
1729 3391 1796 3435 ias
1821 3397 1912 3443 est,

728 3453 927 3513 Occipiti
949 3461 1073 3500 casco
1099 3455 1290 3511 postica:
1306 3458 1544 3498 accurrite
1568 3461 1741 3495 urinae.

676 3533 810 3588 Vide
847 3531 1176 3591 Cornutum,
1238 3528 1318 3581 vel
1373 3528 1546 3595 potius
1602 3532 1802 3594 pseudo
1844 3526 2155 3587 Cornutum,

606 3602 1000 3660 Britannicum,
1040 3607 1260 3651 czcteros
1297 3597 1362 3647 ad
1413 3597 1551 3647 hunc
1597 3597 1784 3648 llhtllh.
1832 3595 2044 3659 hoprie
2081 3603 2158 3646 ta-

611 3687 730 3725 men
761 3671 1077 3722 subsannarc
1099 3675 1180 3717 est
1214 3665 1516 3716 diductione
1546 3681 1750 3716 narium
1787 3672 2020 3727 rictuque
2050 3665 2157 3716 oris

607 3739 760 3808 quasi
824 3736 1040 3789 mimico
1095 3744 1246 3803 gestu
1293 3732 1569 3784 insultare.
1629 3732 1896 3783 Jlthntif‘
1948 3740 2046 3782 sat.
2100 3734 2152 3792 6,

614 3824 664 3860 v.
697 3807 804 3862 506
831 3820 845 3859 :

729 3898 745 3945 Ι
774 3910 913 3953 nunc,
939 3905 990 3944 et
1011 3894 1178 3942 dubita
1200 3904 1292 3953 qua
1312 3892 1502 3940 sorbeat
1524 3908 1632 3938 avri
1713 3909 1799 3937 mn

727 3952 908 4014 Tullia,
931 3957 1043 4016 quid
1067 3958 1188 4001 dicat
1212 3952 1334 4002 nota:
1356 3953 1580 4001 collactea
1611 3958 1706 3997 bim.
1753 3971 1800 4007 μ,

727 4019 891 4068 Maura
920 4016 1168 4076 pudicitia:
1194 4023 1412 4061 veterem
1439 4027 1546 4060 cum
1573 4028 1734 4070 ιιι-ωαιι
1753 4025 1783 4060 it
1803 4026 1950 4059 aram.

675 4098 776 4154 Ubi
802 4095 1172 4150 Britannicus:
1210 4111 1226 4139 ι
1255 4094 1349 4145 Est
1393 4110 1556 4148 sanna
1593 4094 1786 4155 irrisio,
1817 4109 1931 4161 qua:
1962 4097 2019 4146 tit
2046 4109 2152 4148 oris

530 4166 536 4173 ’
601 4177 657 4223 et
685 4167 801 4221 nasi
829 4165 1164 4219 distensione.
1199 4182 1216 4213 ι
1271 4163 1335 4214 Et
1388 4163 1672 4214 Ascensius
1695 4202 1708 4222 ,
1770 4182 1786 4212 ‹
1815 4179 1914 4230 qua
1953 4164 2150 4215 sorbeat

605 4254 725 4291 aera
749 4252 942 4296 sanna,
981 4232 1031 4284 id
1053 4239 1152 4293 est,
1189 4230 1329 4298 quali
1353 4231 1558 4282 narium
1585 4231 1869 4285 seueritate
1898 4233 2048 4284 avide
2078 4234 2151 4284 in-

601 4306 768 4374 spiret
793 4303 960 4382 Tullia
993 4301 1641 4384 reeipia'tquenper“nares.
1678 4315 1874 4353 aerem.
1915 4320 1932 4350 ι
1979 4299 2152 4384 Γρῒυυιίε

603 4367 850 4428 convenit
901 4369 1039 4438 quod
1087 4367 1284 4438 leiUs
1313 4367 1537 4438 Rhedig.
1590 4367 1682 4421 lib.
1720 4384 1804 4430 xv,
1832 4369 2067 4438 (Ἠλεὶ,
2099 4370 2149 4422 in

606 4444 709 4495 line
746 4436 1016 4493 adnotavit
1063 4455 1073 4489 :
1138 4455 1154 4486 ι
1187 4437 1336 4504 Apud
1388 4436 1660 4488 Cratinum
1699 4453 1907 4496 summa,
1946 4437 2146 4489 fatuum

606 4510 830 4564 indicat:
858 4507 1004 4560 Unde
1048 4515 1100 4558 et
1129 4521 1293 4558 sanna
1340 4504 1569 4559 verbum
1628 4505 1830 4558 Latinis
1884 4504 2146 4572 frequens,
2185 4514 2228 4569 ο

602 4587 752 4646 puto,
779 4575 996 4646 deﬁusit
1020 4589 1032 4626 :
1061 4575 1220 4646 etiam
1246 4573 1292 4646 si
1329 4587 1357 4624 a
1382 4573 1788 4646 na_rium_son_itu
1815 4575 2148 4646 grammatici

603 4640 888 4715 opinentur
908 4644 1172 4715 ductum.)
1191 4641 1354 4715 igitur
1369 4641 1556 4715 stricte
1573 4640 1834 4695 Paulinus
1851 4644 2054 4697 locutus
2070 4653 2152 4715 est

603 4710 723 4768 cum
751 4713 1034 4781 exprobrat
1061 4711 1220 4765 Felici
1253 4710 1715 4763 subsannatienem
1757 4725 1853 4779 per
1895 4725 2046 4766 nares
2073 4712 2149 4769 ef-

605 4783 647 4837 ﬁ
658 4793 836 4903 οξὶὲϊὶ
857 4848 1102 4900 debueras
1129 4847 1456 4916 singulariter
1473 4846 1536 4916 de
1556 4846 1652 4916 alis
1671 4849 1908 4914 potentia
1928 4846 2147 4916 glqriam

603 4918 932 4974 excellentius
960 4913 1363 4980 exhibereJQuid
1379 4915 1449 4966 sit
1471 4914 1533 4984 de
1552 4914 1648 4984 alis
1671 4913 1905 4984 potentiiv
1930 4913 2146 4984 gloriam

603 4989 859 5051 exhibere,
891 4984 1060 5038 fateor
1090 4999 1172 5038 me
1195 4984 1420 5037 nescire.
1465 4982 1575 5051 Ala:
1605 4983 1656 5034 in
1685 4983 1894 5035 homine
1921 4982 2042 5036 sunt
2071 4987 2146 5036 le-

606 5071 701 5110 cus
738 5050 1001 5106 concavus
1052 5054 1150 5106 sub
1196 5052 1447 5106 brachiis.
1501 5050 1626 5115 Quae
1661 5051 1821 5103 etiam
1859 5052 2034 5104 axitia:
2067 5052 2142 5104 di-

605 5133 816 5184 cuntur,
847 5121 952 5175 imo
980 5121 1154 5174 axillis
1180 5136 1209 5173 a
1236 5135 1341 5188 quo
1377 5119 1494 5172 alie.
1543 5117 1729 5172 Cicero
1780 5119 1834 5171 in
1887 5129 2099 5172 oratore
2127 5138 2138 5172 :

611 5213 628 5244 ι
663 5191 800 5259 Quin
825 5191 982 5259 etiam
1020 5191 1186 5243 verba
1237 5202 1375 5259 saepe
1417 5189 1815 5259 contrahuntur,
1866 5203 1970 5241 non
2018 5203 2145 5259 usus

603 5256 764 5316 causa
789 5299 804 5324 ,
849 5258 938 5312 sed
988 5261 1215 5311 aurium.
1257 5257 1533 5322 Quomodo
1581 5258 1718 5308 enim
1755 5265 1951 5309 noster
1983 5256 2144 5309 axill'a

603 5329 694 5383 ala
717 5326 891 5382 factus
908 5334 1006 5386 est,
1041 5327 1141 5380 nisi
1162 5324 1293 5394 iuga
1333 5325 1521 5378 litterae
1548 5324 2142 5394 vastioﬁsiQuamlit-

605 5403 776 5451 teram
801 5398 958 5449 etiam
983 5408 1012 5448 e
1033 5389 1280 5462 maxillis,
1305 5401 1431 5462 etc.,
1460 5392 1790 5462 consuetudo
1805 5389 2017 5462 elegans
2036 5389 2142 5446 La-

605 5466 702 5520 tini
729 5463 987 5518 sermonis
1020 5461 1218 5516 evellit.
1257 5480 1275 5512 ι
1309 5461 1527 5514 Brachia
1557 5461 1623 5514 ab
1666 5459 1858 5522 axillis,
1890 5459 2000 5515 'seu
2044 5462 2142 5514 alis

605 5534 854 5603 pendent,
876 5539 1096 5603 utraque
1122 5530 1259 5603 nisui
1276 5537 1331 5603 et
1355 5529 1566 5582 conatui
1591 5529 1948 5603 inse_rvientia.
1968 5530 2048 5582 An
2067 5530 2144 5603 _sit

609 5598 787 5655 autem
813 5600 876 5658 de
897 5599 993 5652 alia
1014 5600 1249 5666 potentia:
1275 5598 1412 5651 idem
1442 5609 1504 5666 ac
1532 5606 1637 5666 toto
1663 5598 1778 5649 nisu
1803 5607 1848 5649 et
1877 5599 2142 5650 conamine

607 5669 934 5722 brachiorum,
953 5676 998 5720 et
1016 5665 1265 5720 alarum?
1287 5681 1353 5718 an
1377 5665 1552 5732 potius
1576 5665 1638 5716 de
1663 5665 1761 5718 alis
1789 5668 2025 5732 potentia:
2050 5667 2138 5728 sit,

610 5737 734 5790 totis
793 5737 984 5804 ingenii
1033 5743 1086 5788 et
1141 5735 1449 5801 eloquentia:
1503 5733 1702 5785 viribus
1749 5734 1895 5800 quasi
1950 5734 2046 5787 alii
2076 5735 2142 5786 ad

2258 1988 2361 2025 una
2393 1970 2726 2025 ineﬁ'abiliter
2745 1981 2968 2026 coeunte
2994 1974 3228 2040 separari
3258 1973 3397 2028 valet
3413 1992 3662 2044 persona,
3689 1994 3812 2032 con‘

2257 2068 2483 2113 testante
2510 2070 2686 2114 autem
2716 2059 2914 2129 Spiritu
2954 2071 3138 2117 sancto
3157 2103 3170 2125 ,
3199 2064 3288 2132 qui
3329 2080 3425 2131 per
3471 2065 3808 2136 Scripturam

2255 2165 2404 2202 suam
2436 2151 2672 2218 loquitur
2698 2151 2769 2202 ita
2801 2167 2812 2202 :
2845 2151 2994 2214 Quod
3021 2151 3180 2216 Deus,
3211 2155 3306 2217 ait,
3325 2155 3624 2222 conjunxit,
3653 2158 3809 2210 homo

2254 2254 2355 2290 non
2375 2248 2571 2305 separet
2600 2237 2809 2307 (Matth.
2845 2255 2962 2302 xix,
2991 2240 3066 2308 ϐ).
3099 2241 3237 2294 Deus
3268 2256 3496 2310 namque
3529 2243 3809 2310 conjunxit

2254 2330 2464 2383 sibimet
2491 2332 2542 2382 in
2575 2329 2808 2384 thalamo
2837 2346 2954 2394 suo,
2977 2332 3031 2384 in
3058 2332 3257 2385 unitate
3286 2347 3558 2400 personae,
3597 2334 3700 2388 hoc
3723 2346 3805 2388 est

2254 2420 2305 2473 in
2333 2420 2583 2472 inviolate
2611 2427 2760 2472 utere
2782 2421 2946 2473 beata:
2967 2419 3184 2489 virginis
3205 2422 3488 2474 humanam
3511 2423 3804 2476 inconfusio

2251 2507 2451 2574 biliter,
2482 2522 2574 2560 seu
2628 2505 2757 2577 [Pro
2779 2506 2854 2577 et]
2885 2508 3303 2575 inseparabiliter
3341 2519 3608 2584 naturam.
3647 2512 3796 2584 Hanc

2255 2595 2436 2662 utique
2456 2596 2615 2648 unitze
2627 2594 2789 2648 divini
2807 2595 3128 2662 humanique
3144 2599 3447 2651 commercii
3475 2583 3799 2667 inseparabi-

2254 2681 2355 2735 lem
2372 2683 2676 2736 societatcm
2693 2691 2896 2736 natura:
2919 2684 3158 2738 scindere
3172 2684 3369 2754 satagis
3382 2700 3541 2739 manu
3557 2697 3799 2742 cruenta.

2252 2773 2454 2827 Etlicet
2480 2773 2782 2827 frustatorie
2804 2773 3033 2837 coneris,
3065 2788 3169 2827 non
3198 2784 3375 2827 tamen
3400 2773 3647 2828 eﬁ‘ectum
3677 2793 3804 2830 con-

2253 2862 2492 2930 sequeris
2521 2860 2799 2916 eﬁiciendi.

2254 3048 2426 3170 pidpra
2468 3065 2634 3117 usque
2687 3042 2906 3117 gloriam
2939 3051 3052 3115 ejus
3079 3049 3314 3113 deferre,
3340 3052 3519 3106 videat
3559 3052 3801 3107 eruditus

2273 3133 2334 3170 ec
2359 3134 2438 3170 er.

2273 3127 2438 3172 εοιοτ.

2331 3188 2367 3261 1ο-
2397 3186 2620 3239 ιιισιιὶινί
2647 3197 2845 3254 satages
2879 3186 3176 3261 objectigne.
3218 3185 3435 3261 Satnges
3460 3205 3558 3257 pro
3604 3193 3799 3261 satagis

2255 3257 2485 3324 positum
2515 3266 2794 3326 contextus
2812 3256 3023 3326 evincit.
3055 3254 3163 3326 Sed
3183 3272 3210 3308 ε
3237 3269 3332 3323 pro
3353 3254 3388 3326 ἰᾷ
3417 3254 3611 3326 sacpius
3651 3254 3800 3313 usur-

2256 3323 2434 3392 patnm
2479 3339 2508 3376 a
2552 3323 2770 3394 Paulino
2805 3324 3089 3394 ostendunt
3115 3324 3201 3377 illa
3228 3323 3554 3394 intellegens,
3595 3329 3798 3380 intellee

2255 3395 2446 3464 gentia,
2472 3393 2756 3464 neglegens,
2804 3392 3114 3464 neglegentia
3143 3401 3197 3445 et
3225 3392 3548 3464 hissimilia,
3579 3410 3678 3464 pro
3718 3399 3798 3449 in-

2255 3460 2503 3533 telligens,
2520 3460 2869 3533 intelligentia,
2896 3460 3167 3533 negligens,
3194 3461 3520 3533 negligentia,
3537 3460 3656 3531 qua:
3680 3480 3800 3533 pas-

2255 3528 2352 3580 sim
2381 3538 2684 3580 occurrunt.
2716 3528 2817 3598 Sed
2849 3529 2973 3598 quid
3011 3538 3091 3598 est
3125 3528 3323 3580 lucubri
3359 3528 3642 3598 objectiene
3660 3528 3694 3583 ?'
3730 3549 3796 3585 an

2253 3600 2482 3664 positum
2510 3607 2590 3648 est
2617 3613 2710 3666 pro
2735 3596 2957 3665 lugubri,
2984 3597 3108 3666 quia
3143 3598 3387 3650 tendebat
3419 3596 3472 3650 in
3520 3601 3640 3652 ﬁdei
3665 3601 3799 3664 inju~

2259 3667 2390 3718 riam
2418 3665 2647 3731 obiectio
2668 3668 2690 3704 ’
2744 3667 2823 3717 An
2850 3665 3049 3716 lucubri
3073 3705 3085 3726 ,
3123 3666 3264 3732 quod
3309 3666 3379 3718 sit
3410 3668 3683 3722 adlumen
3722 3670 3799 3722 lu-

2253 3750 2426 3802 cerna:
2453 3733 2684 3801 objectio
2711 3735 3023 3803 concinnata
3046 3735 3068 3783 ?
3107 3733 3237 3787 Nam
3260 3734 3533 3788 (scabrum
3556 3739 3795 3803 quande-

2254 3817 2355 3869 quc
2373 3801 2517 3860 dicta
2540 3803 2765 3854 lucerna.
2803 3820 2819 3850 ι
2849 3801 3167 3863 Lueubrum,
3198 3803 3367 3870 inquit
3397 3801 3797 3858 Macer—inﬂic-

2255 3871 2351 3922 rol.
2385 3872 2700 3941 vocabulum
2720 3873 2772 3922 in
2799 3869 3169 3936 antiquissime
3189 3869 3444 3941 glossario
3464 3888 3567 3926 ms.
3601 3874 3651 3926 in
3671 3889 3798 3941 ope-

2253 3941 2400 3993 ribus
2421 3939 2625 3991 Alcuini
2641 3947 2929 4006 repertum,
2955 3941 3094 4005 quod
3120 3937 3258 4006 apud
3282 3938 3651 3994 Avenionense
3672 3937 3797 3995 san-

2251 4010 2320 4060 cti
2360 4007 2583 4061 Andrea:
2611 4008 2986 4060 monasterium
3023 4015 3385 4070 conservatur,
3415 4008 3688 4062 lucernam
3723 4013 3794 4064 si-

2252 4076 2468 4143 gniﬁcat
2500 4095 2516 4124 ι
2550 4093 2562 4128 :
2593 4076 2739 4140 Quod
2769 4085 2942 4144 tamen
2972 4075 3048 4127 Du
3074 4074 3250 4144 Gange
3280 4091 3383 4128 non
3404 4075 3679 4129 lucubratis
3701 4079 3794 4131 ha-

2251 4147 2360 4207 bet,
2386 4146 2478 4196 sed
2500 4144 2770 4207 (imbrum,
2787 4143 2952 4197 Gallis
2974 4143 3272 4197 lumiére’ou
3294 4145 3604 4197 chandellea
3620 4147 3796 4198 veillcr

2249 4215 2312 4265 de
2328 4214 2456 4265 nuit.
2471 4213 2668 4284 Grmcis
2691 4215 2838 4284 φανῷς
2858 4213 3209 4284 εςιηιεὶἀοεηε
3231 4230 3243 4264 :
3273 4212 3616 4284 (Lucubrum
3639 4230 3792 4284 voca-

2252 4292 2384 4360 tum,
2414 4284 2552 4360 quod
2572 4281 2745 4360 luceat
2786 4283 2838 4360 in
2863 4283 3078 4334 .umhra.
3108 4281 3200 4334 Est
3223 4282 3362 4360 enim
3391 4283 3630 4360 medicus
3653 4283 3792 4360 ignis

2251 4351 2340 4416 qui
2383 4351 2520 4420 solet
2551 4366 2613 4420 ex
2664 4351 2808 4402 tenui
2834 4359 3022 4420 stuppa
3045 4364 3291 4420 ceraque;
3313 4349 3620 4420 formari.)
3659 4349 3787 4404 V‘ide

2251 4434 2460 4486 quoque
2491 4418 2803 4472 Salmasium
2830 4419 2894 4470 ad
2921 4416 3173 4470 Setinum.
3192 4416 3365 4486 7124
3384 4416 3544 4484 Igitur
3567 4417 3788 4473 Pauline

2254 4486 2452 4539 lucubri
2481 4487 2760 4555 objectione
2784 4486 2886 4539 erit
2923 4488 3060 4540 idem
3090 4487 3446 4553 aclucubrata
3483 4487 3786 4554 objections,

2255 4556 2305 4609 id
2344 4565 2444 4619 est,
2504 4557 2569 4608 ad
2619 4556 2822 4608 lucubri
2853 4565 3007 4608 tenue
3064 4555 3240 4609 lumen
3293 4564 3618 4621 constructa.
3679 4557 3791 4610 Nisi

2253 4625 2452 4689 mavis,
2494 4625 2617 4692 quia
2670 4623 2965 4689 huiusmodi
3015 4623 3229 4676 laterum
3275 4638 3340 4676 ex
3371 4623 3566 4692 lychni
3603 4627 3793 4678 arden-

2251 4693 2318 4745 tis
2356 4691 2695 4746 funie’tetra:
2731 4701 2978 4760 atresque
3023 4700 3179 4752 sunt,
3239 4691 3438 4743 lucubri
3475 4693 3787 4760 objectione,

2248 4761 2386 4836 idem
2429 4775 2545 4814 esse
2581 4775 2644 4813 ac
2678 4761 2861 4828 nigra,
2904 4759 3181 4829 fuliginoso
3205 4799 3220 4822 ,
3259 4761 3484 4812 obscura
3507 4799 3522 4821 ,
3561 4772 3667 4813 etc.
3697 4764 3788 4816 ob-

2265 4830 2490 4881 ectione.
2612 4861 2619 4867 -
2708 4866 2712 4872 .

2265 4841 2490 4881 ectione.
2612 4861 2619 4867 -
2708 4866 2712 4872 .

2239 4841 2259 4893 J
2319 4907 2341 4934 ο
2386 4896 2649 4949 Prurienti
2688 4894 2923 4948 auricula
2959 4896 3199 4963 refutare.
3231 4893 3445 4948 Prurire
3469 4897 3686 4964 proprie
3710 4908 3789 4951 est

2247 4965 2432 5018 ardere
2459 4964 2717 5018 desiderio
2739 4964 3003 5029 scalpendi
3026 4978 3200 5026 aures,
3225 4964 3428 5023 dentes,
3445 4976 3627 5031 caput,
3658 4976 3783 5027 etc...

2247 5034 2357 5086 sive
2380 5042 2462 5086 est
2504 5035 2664 5086 ardor
2692 5033 2968 5100 impatiens
3025 5032 3318 5085 molestiam
3373 5045 3609 5085 creatam
3657 5036 3784 5090 scal-

2245 5103 2414 5168 pende
2429 5103 2658 5155 arcendi.
2679 5101 2811 5154 Hinc
2827 5101 3004 5170 prurio
3016 5102 3166 5169 quasi
3186 5115 3401 5170 peirnror
3411 5111 3482 5152 est
3492 5138 3506 5150 .
3534 5100 3618 5170 Ad
3630 5117 3784 5170 quem

2247 5172 2510 5233 ardorem,
2539 5171 2628 5237 qui
2663 5168 2922 5224 aures’vel
2957 5168 3141 5222 dentes
3181 5168 3446 5230 Sollicitat,
3471 5168 3781 5236 sedandum,

2244 5239 2643 5307 dentiscalpium
2671 5247 2723 5291 et
2755 5237 3131 5307 iauriscalpium
3159 5237 3427 5291 inventum
3456 5251 3471 5288 :
3499 5238 3568 5291 de
3595 5242 3786 5307 quibus

2245 5305 2499 5360 Martialis
2523 5308 2576 5360 in
2600 5306 2870 5374 Apophor.
2897 5305 2966 5359 25
2997 5322 3010 5357 :

2365 5421 2413 5470 Si
2437 5420 2518 5468 tibi
2545 5431 2726 5468 morosa
2753 5420 2998 5479 prurigine
3016 5419 3249 5479 verminat
3267 5420 3420 5476 auris,

2425 5481 2565 5529 Arna
2589 5478 2762 5528 damus
2777 5482 2918 5528 tantis
2937 5487 3044 5539 apta
3070 5478 3357 5527 libidinibus.

2242 5582 2458 5648 Proprie
2475 5594 2601 5647 ergo
2622 5579 2852 5648 loquitur
2871 5578 3139 5641 Paulinus,
3164 5594 3282 5632 cum
3307 5577 3435 5632 dicit
3456 5578 3688 5648 Felicem
3707 5584 3780 5637 vlo

2241 5647 2358 5703 deri
2377 5650 2600 5716 refutare
2625 5647 2750 5700 aure
2770 5648 3049 5716 pruriente,
3081 5648 3280 5702 scilicet
3302 5662 3404 5702 non
3442 5647 3651 5705 ferente
3671 5661 3722 5707 et
3746 5667 3779 5704 ι

2241 5731 2298 5771 se
2317 5715 2531 5772 arcente
2554 5716 2704 5769 sibila
2727 5715 2874 5770 make
2889 5715 3159 5772 doctrinm.
