3926 6426
146 501 253 557 393

652 612 872 670 CAPUT
909 614 1187 669 XXXVIII.

149 696 553 764 κινήσασα-ο,
576 702 827 764 centurio,
850 700 1081 765 Gabriel,
1097 700 1357 755 Christum
1382 702 1474 755 Dei
1501 700 1696 755 Filium

416 766 645 836 fatentur
670 784 890 822 verum:
917 768 1071 823 Felix
1104 770 1421 856 adoptivum.

219 856 294 909 De
334 854 447 910 solo
474 870 602 925 ergo
632 863 738 909 tam
786 856 1028 909 obscena:
1056 854 1339 909 voluntatis
1379 869 1402 896 ι
1430 858 1697 911 molimine

145 958 292 1007 reus,
314 943 417 998 nisi
435 952 486 997 te
508 943 725 998 sceleris
738 942 893 1010 hujus
910 943 1185 1010 pmniteat,
1210 950 1331 997 ante
1355 953 1695 1013 conspectum

140 1033 333 1087 aeterni
357 1032 621 1086 teneberis
645 1030 861 1098 judieis.
888 1030 1072 1085 Nonne
1097 1040 1293 1086 sancta:
1328 1032 1575 1086 mulieres
1601 1033 1693 1085 Dei

140 1119 294 1173 illum
316 1135 501 1173 verum
550 1119 809 1173 confessae
841 1127 965 1172 sunt
1010 1119 1236 1173 Filium?
1274 1119 1481 1173 Martha
1510 1120 1693 1189 utique

138 1209 211 1262 ab
244 1223 309 1263 eo
334 1209 589 1279 requisita
633 1217 810 1263 utrum
836 1210 1017 1263 credat
1044 1210 1217 1279 ipsum
1240 1211 1405 1265 vitam
1434 1219 1489 1266 et
1509 1226 1691 1265 resur-

139 1296 435 1350 rwtionem
486 1310 605 1352 esse
658 1304 1012 1362 mortuorum,
1068 1300 1404 1367 reSpondeat,
1456 1299 1586 1369 Ego,
1618 1300 1693 1353 in-

135 1387 349 1456 quiens,
377 1387 595 1452 credidi,
628 1386 877 1451 Domine,
916 1388 1037 1458 quia
1070 1396 1125 1441 tu
1165 1405 1217 1440 es
1259 1387 1493 1442 Christus
1521 1387 1691 1442 Filius

132 1476 255 1541 Dei,
282 1479 372 1547 qui
400 1478 457 1529 in
477 1478 612 1531 hunc
644 1477 891 1530 mundum
929 1477 1105 1528 venisti
1135 1476 1311 1545 (Joan.
1335 1492 1411 1539 ιι,
1433 1477 1544 1546 27).
1576 1477 1693 1543 Quo

132 1567 473 1628 enim,venit,
511 1567 601 1633 qui
623 1565 821 1633 ubique
847 1572 989 1618 totus
1010 1578 1105 1632 per
1138 1564 1434 1618 divinitatis
1467 1580 1576 1619 sua:
1598 1580 1691 1634 po-

132 1656 362 1709 tentiam
388 1655 536 1708 erat?
559 1653 662 1707 Sed
691 1654 743 1706 in
776 1654 918 1707 hunc
954 1654 1209 1707 mundum
1237 1668 1335 1721 per
1357 1662 1567 1707 uterum
1592 1655 1694 1707 vir-

131 1746 277 1816 ginis
298 1746 463 1800 venit.
488 1746 555 1799 Et
578 1746 747 1807 illum.
775 1745 866 1813 qui
886 1759 983 1814 per
1005 1744 1074 1808 id,
1106 1745 1249 1813 quod
1288 1758 1356 1798 ex
1388 1744 1545 1799 Patre
1589 1754 1689 1812 est,

132 1850 239 1888 non
268 1835 457 1889 habuit
476 1850 581 1904 quo
604 1834 828 1900 veniret,
869 1849 964 1904 per
1007 1841 1219 1890 uterum
1247 1834 1489 1927 virginis
1512 1844 1690 1889 tamen
1726 1924 1754 1927 _
1793 1854 1962 1926 (ρωι,
1988 1834 2280 1927 “Jb—{0%

821 503 1093 559 CONTRA
1129 502 1419 558 FELICEM
1463 506 1687 560 CRGEL

1795 506 1994 562 'ANUM
2034 507 2205 589 LIBRI
2242 507 2433 559 lli-—-
2471 508 2596 561 LII}.
2640 509 2677 561 1.

3234 508 3340 565 594

1722 618 1771 674 Α
1796 622 1879 665 tur
1899 590 2090 667 nomen
2105 616 2219 683 ejus
2259 616 2600 680 admirabilis,
2629 615 2977 679 consiliarius,
3011 616 3146 675 Deus
3194 618 3343 687 [ortis

1800 698 1929 768 (Isa.
1973 715 2059 763 Ix,
2106 700 2180 769 6).
2238 701 2303 753 Et
2342 702 2571 764 iterum,
2616 700 2924 771 Redemptor
2974 713 3089 760 tuus
3135 716 3342 761 sanctus

1798 787 1984 853 Israel,
2030 789 2168 843 Deus
2195 792 2359 844 omnis
2387 801 2536 843 terrtr
2564 777 2825 844 vocabitur
2850 790 2983 859 (Isa.
3009 809 3112 857 LIV,
3135 794 3210 864 5).
3243 795 3341 848 Da-

1796 879 1880 931 vid
1912 887 2087 933 autem
2111 895 2213 932 non
2251 880 2464 934 cuilibet
2490 882 2864 948 nuncupativo,
2890 882 2980 934 sed
3004 896 3127 936 vero
3159 884 3266 937 Deo
3290 892 3343 943 et

1797 968 1906 1036 regi
1936 983 2141 1038 magno,
2173 970 2261 1037 qui
2289 976 2370 1023 est
2398 984 2555 1037 super
2573 983 2757 1023 omnes
2784 970 2929 1033 deos,
2950 984 3136 1023 omnes
3158 978 3345 1039 gentes

1793 1057 2043 1127 plaudere
2072 1059 2332 1121 manibus,
2370 1068 2422 1112 et
2450 1060 2503 1112 in
2535 1073 2664 1113 voce
2706 1059 3073 1113 exsultationis
3110 1061 3340 1128 prophe-

1794 1145 1898 1199 tico
1926 1157 2217 1213 praemonet
2237 1162 2439 1216 organo
2484 1146 2729 1213 jubilare.
2778 1146 3224 1212 QuoniamDeus,
3257 1147 3339 1201 in-

1793 1237 1929 1304 quit,
1957 1254 2207 1302 summus,
2234 1239 2498 1301 terribilis,
2532 1250 2578 1293 et
2621 1256 2712 1293 rex
2742 1256 2955 1309 magnus
2981 1256 3134 1309 super
3166 1257 3340 1293 omnes

1792 1327 1912 1380 deos
1951 1327 2120 1396 (Psal.
2161 1343 2301 1389 nvi,
2337 1327 2410 1396 3).
2442 1329 2506 1381 Et
2548 1331 2670 1397 quia
2699 1330 2763 1383 de
2812 1331 2973 1384 verbo
3013 1344 3173 1384 carne
3200 1328 3340 1384 facto

1792 1416 2169 1484 prtececinerit,
2203 1415 2451 1483 liquidius
2476 1416 2730 1478 declarat,
2759 1433 2878 1470 cum
2902 1427 3021 1487 post
3064 1416 3337 1485 paululum

1792 1503 2052 1559 subinfert
2086 1521 2098 1555 :
2129 1505 2369 1558 Ascendit
2422 1504 2557 1557 Deus
2592 1506 2643 1557 in
2682 1504 2872 1572 jttbilo,
2901 1515 2948 1557 et
2984 1506 3238 1559 Dominus
3286 1506 3341 1558 in

1792 1610 1910 1646 voce
1937 1594 2072 1646 tuba:
2104 1593 2265 1663 (Ibid.
2299 1594 2375 1664 6).
2399 1595 2465 1648 Et
2494 1595 2622 1649 illud
2650 1635 2663 1657 ,
2709 1595 2810 1659 Qui
2840 1597 3086 1659 ascendit,
3123 1598 3217 1661 ait,
3247 1614 3340 1652 su—

1790 1695 1880 1745 per
1903 1696 2161 1743 occasum,
2188 1680 2441 1734 Dominus
2464 1698 2647 1734 nomen
2665 1693 2737 1734 est
2759 1680 2855 1734 illi.
2882 1681 3051 1752 (Psal.
3070 1698 3234 1746 um,
3260 1683 3337 1752 6).

1790 1768 1855 1820 Et
1874 1767 2009 1822 infra
2034 1786 2047 1821 :
2070 1768 2223 1838 125
2258 1770 2507 1823 Dominus
2544 1774 2789 1825 virtutum
2817 1774 2921 1841 ipse
2949 1782 3019 1825 est
3048 1788 3137 1826 res:
3163 1772 3339 1843 glorias

2308 1859 2442 1913 Huic
2466 1860 2637 1914 simile
2660 1862 2786 1929 quid
2810 1862 2862 1915 in
2887 1864 3123 1916 carmine
3154 1865 3339 1919 trium-

134 1930 307 1994 venit,
336 1929 543 1984 Martha
572 1928 766 1982 Filium
793 1935 879 1981 est
907 1926 1000 1982 Dei
1024 1927 1129 1981 vivi
1158 1926 1417 1981 confessa.
1465 1926 1691 1980 Potioris

1795 1924 1931 2013 phali
1956 1960 2050 2013 per
2072 1924 2285 2015 Moysen
2314 1938 2625 2002 decantatur
2655 1924 2947 2005 {Dominus
2982 1954 3130 2021 quasi
3153 1954 3229 2006 vir
3250 1969 3343 2023 pu-

133 2018 270 2074 i‘orte
295 2020 439 2083 ﬁdei,
470 2027 530 2072 ut
555 2018 819 2073 latronem
842 2016 1041 2071 Christi
1071 2025 1278 2070 taceam
1306 2015 1688 2079 confessorem,

130 2110 381 2163 centurio
405 2116 455 2162 te
476 2107 653 2171 fuerit,
682 2121 780 2160 nec
800 2106 926 2160 dum
947 2121 975 2159 a
999 2102 1257 2173 sanguine
1276 2105 1521 2159 manibus
1547 2105 1689 2169 lotis,

131 2200 219 2267 qui
251 2198 511 2253 cruciﬁxo
553 2196 645 2251 Dei
678 2196 731 2249 in
758 2210 920 2250 carne
961 2194 1115 2258 Filio,
1165 2194 1467 2263 percutiens
1505 2180 1697 2263 pectus.

130 2304 288 2343 suum
310 2287 521 2342 dicebat
542 2283 698 2337 :Vere
721 2283 817 2337 Dei
839 2282 981 2351 ﬁlius
1004 2292 1120 2335 erat
1145 2284 1239 2336 iste
1260 2281 1470 2352 (Matth.
1497 2298 1689 2349 xxviii,

130 2378 241 2447 54).
268 2376 365 2430 llle
387 2376 440 2428 in
463 2378 624 2427 cru’ce
646 2373 963 2441 pendentem
985 2386 1169 2425 verum
1195 2371 1465 2425 Christum
1487 2375 1692 2427 confes-

131 2480 224 2519 sus
260 2473 347 2519 est
374 2462 468 2516 Dei
490 2462 683 2514 Filium
715 2475 729 2512 :
763 2468 817 2512 tu
844 2461 898 2512 in
926 2460 1142 2513 dextera
1158 2458 1269 2526 jam
1307 2458 1483 2513 Patris
1506 2462 1692 2513 seden-

130 2559 238 2603 tem
268 2549 469 2603 asseris
499 2547 826 2616 adoptivum.
853 2544 1067 2601 Gabriel
1105 2546 1691 2617 quippe.archangelus

132 2637 410 2691 Christum
433 2636 485 2689 in
508 2635 767 2705 prsesepio
786 2632 1074 2702 jacentem,
1103 2634 1383 2688 Dominum
1413 2645 1467 2688 et
1506 2634 1689 2689 Salva-

133 2739 329 2790 torem,
354 2726 711 2795 gaudiumque
723 2724 866 2777 omni
887 2722 1206 2791 praedixerat
1227 2723 1442 2793 populo,
1470 2724 1688 2778 dicens:

72 2880 75 2883 _
135 2820 268 2873 Ecce
319 2836 413 2888 ego
442 2816 735 2887 cvangelizo
776 2816 914 2871 vobis
961 2816 1209 2884 gaudium
1256 2830 1524 2885 magnum,
1553 2819 1689 2887 quod

132 2908 226 2959 erit
250 2908 391 2959 omni
414 2905 622 2975 populo,
648 2906 769 2975 quia
798 2913 947 2957 natus
977 2912 1049 2957 est
1088 2904 1224 2957 vobis
1247 2904 1399 2957 hodie
1428 2904 1689 2967 Salvator,

133 2998 218 3065 qui
244 3005 320 3049 est
353 2993 587 3047 Christus
610 2994 861 3047 Dominus
885 2994 937 3046 in
960 2994 1158 3046 civitate
1184 2992 1351 3045 David
1426 2993 1574 3064 (Luc.
1628 3009 1689 3055 tt,

136 3084 218 3147 10,
255 3081 366 3152 11).
402 3078 468 3134 Et
502 3090 557 3135 tu
586 3082 638 3134 in
662 3080 794 3134 solio
822 3096 961 3135 nunc
985 3081 1275 3149 majestatis
1305 3098 1413 3137 sua:
1435 3098 1556 3137 cum
1592 3082 1692 3136 Pa-

138 3179 219 3223 tre
270 3176 585 3237 regnantem
632 3168 1042 3235 nuncupalivum
1084 3169 1247 3223 Deum
1284 3171 1491 3236 perdito
1531 3170 1695 3225 corde

138 3257 341 3311 hwﬁs

668 3342 889 3400 CAPUT
931 3342 1165 3399 XXXIX.

142 3453 258 3525 Non
283 3453 687 3525 nuncupativum
714 3451 899 3525 Deum,
924 3467 1013 3504 nec
1036 3452 1326 3525 adoptivum
1352 3454 1520 3525 filium
1544 3472 1691 3525 repe-

206 3522 301 3573 riri
334 3522 387 3572 in
410 3520 703 3589 'Scrjpturis
732 3536 747 3573 :
778 3520 866 3573 sed
894 3537 956 3574 ea:
981 3520 1209 3589 opposito
1235 3520 1406 3575 verum
1451 3520 1614 3576 Deum
1640 3532 1689 3577 et

204 3589 472 3658 proprium
502 3588 719 3641 Filium.

206 3699 483 3768 Interrogo
524 3714 652 3768 ergo
687 3698 806 3766 quis
836 3698 992 3751 fuerit
1028 3699 1116 3752 ille
1162 3702 1415 3770 magister
1454 3704 1653 3757 erroris
1674 3742 1687 3765 ,

141 3790 226 3858 qui
254 3803 529 3857 nunquam
556 3786 731 3841 fuerat
757 3786 1043 3853 discipulus
1074 3788 1332 3853 veritatis,
1361 3805 1390 3842 a
1411 3806 1516 3857 quo
1551 3791 1687 3844 didi-

140 3894 286 3933 ceras
322 3876 596 3932 Christum
626 3877 1036 3945 nuncupativum
1071 3878 1255 3942 Deum,
1295 3887 1349 3932 et
1382 3880 1686 3949 adoptivum

141 3970 324 4023 lilium.
379 3966 437 4020 ln
488 3968 655 4021 sacris
684 3982 913 4033 namque
950 3968 1306 4023 voluminibus
1346 3985 1537 4023 nomen
1577 3970 1689 4038 ejus

142 4058 293 4111 aliter
312 4072 379 4110 ex
415 4055 723 4125 magisterio
746 4056 914 4108 sancti
958 4055 1187 4125 Spiritus
1230 4058 1494 4112 invenitur
1522 4061 1689 4113 inser—

146 4159 250 4201 tum
284 4163 298 4201 :
327 4148 469 4201 sicut
493 4147 548 4200 in
570 4147 734 4202 David
761 4147 906 4211 dicit,
936 4147 1064 4200 Ante
1082 4148 1241 4201 solem
1260 4151 1571 4217 permanebit
1598 4167 1689 4203 no-

145 4250 255 4287 men
285 4234 423 4302 ejus,
454 4242 501 4285 et
528 4244 644 4286 ante
668 4234 845 4288 lunam
878 4234 1020 4287 sedes
1063 4235 1176 4303 ejus
1218 4235 1386 4304 (Psal.
1428 4253 1569 4302 LXXI,
1600 4239 1686 4305 l7,

146 4320 247 4388 i5).
280 4322 447 4375 Isaias
474 4323 667 4391 quippe
694 4324 990 4391 praecipuus
1024 4324 1420 4392 prophetarum,
1449 4342 1567 4380 eum
1600 4330 1688 4396 qui

148 4409 206 4461 de
238 4411 446 4480 virgine
475 4411 620 4465 nasci
650 4411 893 4480 dignatus
927 4422 1011 4467 est
1037 4454 1051 4477 ,
1091 4430 1282 4470 nomen
1320 4416 1435 4483 ejus
1466 4434 1585 4472 cum
1614 4420 1693 4473 in-

148 4500 525 4566 terpretatione
546 4501 628 4554 sui
654 4501 898 4569 praedixit
929 4518 939 4552 :
969 4501 1034 4553 Et
1064 4503 1344 4566 vocabitur,
1381 4506 1477 4567 ait,
1508 4523 1693 4562 nomen

1791 2044 1996 2103 gnator,
2025 2036 2338 2104 omnipotens
2368 2053 2549 2089 nomen
2569 2039 2680 2106 ejus
2708 2040 2900 2110 (Exod.
2932 2058 3019 2106 xv,
3037 2044 3112 2111 3).
3141 2044 3343 2098 Zacha—

1793 2124 1902 2177 rias
1934 2125 2003 2178 ita
2033 2142 2046 2177 :
2077 2124 2210 2179 Ecce
2234 2127 2332 2190 vir,
2359 2124 2543 2180 Oriens
2567 2143 2748 2180 nomen
2776 2129 2890 2198 ejus
2916 2130 3097 2198 (Zach.
3125 2148 3199 2197 vi,
3228 2134 3337 2204 i2).

1790 2212 2021 2283 Angelus
2058 2216 2124 2270 ad
2177 2213 2411 2286 Ioseph,
2464 2217 2530 2270 Et
2566 2219 2764 2273 vocabis
2811 2236 2994 2275 nomen
3023 2224 3135 2291 ejus
3162 2224 3339 2279 Iesum

1794 2302 1968 2372 (Matt.
1996 2321 2033 2368 ι,
2063 2305 2173 2374 21),
2207 2307 2309 2361 hoc
2344 2315 2443 2370 est,
2479 2307 2827 2364 Salvatorem.
2872 2310 2934 2364 Et
2979 2328 3164 2368 rursus
3200 2316 3339 2370 idem

1792 2391 2007 2459 angelus
2043 2393 2212 2446 beata:
2234 2394 2460 2461 virgini:
2491 2393 2642 2459 Quod
2684 2407 2854 2450 autem
2898 2409 3155 2465 nascetur,
3206 2403 3339 2466 iniit,

1790 2498 1853 2535 ea:
1871 2491 1918 2534 te
1935 2492 2187 2545 sanctum,
2221 2485 2481 2536 vocabitur
2526 2484 2697 2538 Filius
2745 2486 2841 2540 Dei
2892 2489 3042 2559 (Luc.
3072 2507 3108 2555 ι,
3140 2492 3248 2560 55).
3278 2493 3344 2546 Et

1790 2572 2004 2635 iterum,
2051 2570 2330 2626 Vocabitur
2354 2591 2536 2628 nomen
2561 2576 2673 2644 ejus
2710 2576 2956 2632 Altissimi
2984 2580 3156 2636 Filius
3177 2583 3351 2647 (Ibid.

1791 2659 1900 2728 32).
1934 2659 2280 2729 Evangelicus
2295 2672 2469 2716 autem
2488 2662 2769 2719 Zacharias
2787 2675 2836 2719 et
2869 2666 3147 2722 Dominum
3174 2672 3338 2735 illum.

1791 2756 1844 2801 et
1865 2746 2192 2802 Altissimum
2220 2750 2482 2817 przedixit,
2529 2751 2625 2815 Tu,
2674 2754 2882 2822 inquit.
2908 2760 3040 2825 puer
3084 2757 3341 2829 Propheta

1791 2836 2041 2889 Altissimi
2065 2838 2322 2890 vocaberis
2350 2855 2367 2891 :
2400 2841 2609 2908 prwibis
2631 2845 2765 2895 enim
2788 2855 2903 2897 ante
2922 2846 3107 2913 faciem
3134 2847 3343 2904 Domini

1790 2938 1977 2990 parare
2006 2923 2114 2975 vias
2140 2924 2253 2992 ejus
2277 2924 2425 2995 (Luc.
2460 2942 2475 2978 ι
2504 2966 2516 2989 ,
2550 2928 2658 2997 76).
2710 2929 3037 2986 Nathanahel
3064 2936 3343 3002 proﬁtetur

1793 3013 1893 3067 hoc
1916 3015 2074 3067 modo
2097 3054 2109 3076 ,
2151 3013 2337 3079 Rabbi,
2367 3017 2461 3079 ait,
2488 3026 2542 3069 tu
2566 3034 2617 3070 es
2638 3017 2806 3071 Filius
2828 3020 2923 3073 Dei
2946 3023 3062 3087 vivi,
3091 3034 3145 3075 tu
3171 3042 3223 3077 es
3253 3043 3343 3081 rex

1794 3099 1962 3153 Israel
1996 3100 2172 3171 (Joan.
2209 3118 2247 3166 ι,
2277 3102 2385 3174 49).
2415 3103 2585 3158 Lucas
2608 3120 2794 3174 nempe
2813 3109 2987 3175 posuit
3014 3109 3085 3162 ita
3118 3128 3129 3161 :
3158 3111 3226 3164 Et
3257 3129 3343 3165 vo-

1794 3200 1965 3245 catum
1987 3201 2060 3245 est
2083 3209 2264 3244 nomen
2288 3194 2400 3262 ejus
2424 3195 2596 3259 Jesus,
2620 3197 2751 3249 sicut
2770 3197 2959 3250 dictum
2983 3207 3055 3251 est
3075 3200 3137 3252 ab
3162 3202 3340 3270 angelo

1792 3282 2091 3349 priusquam
2126 3282 2177 3333 in
2204 3291 2349 3335 utero
2381 3285 2731 3353 conciperetur
2750 3283 2905 3353 (Luc.
2940 3304 2994 3351 ll,
3016 3287 3126 3357 ⁸21).
3153 3289 3342 3344 Petrus

1793 3370 1909 3421 ait:
1942 3368 2041 3420 Hic
2066 3378 2137 3421 est
2166 3371 2394 3423 omnium
2441 3371 2691 3425 Dominus
2738 3373 2872 3443 (Act.
2907 3390 2957 3437 Χ,
2989 3375 3097 3445 36).
3147 3376 3342 3431 Paulus

1793 3472 1951 3526 super
1972 3458 2148 3510 omnia
2181 3457 2346 3510 Deum
2374 3459 2707 3511 benedictum
2744 3461 3023 3515 conﬁtetur
3053 3464 3104 3515 in
3150 3465 3338 3517 smcula

1772 3545 1970 3619 (Rom.
2009 3563 2092 3611 ix,
2134 3546 2209 3615 5).

2378 3634 2601 3691 CAPUT
2652 3637 2760 3690 XL.

1793 3742 2101 3811 Emmanuel
2123 3782 2135 3802 .
2174 3743 2325 3811 Iesus
2346 3782 2358 3804 ,
2412 3741 2719 3811 Redemptor
2740 3785 2753 3807 ,
2786 3746 3017 3800 Christus
3044 3789 3057 3811 ,
3095 3759 3211 3801 sunt
3251 3767 3340 3801 no-

1861 3813 2002 3863 mina
2033 3810 2175 3883 Filii
2203 3810 2297 3863 Dei
2334 3813 2388 3864 in
2422 3810 2704 3879 Scripturis
2737 3830 2753 3866 .·
2791 3831 2890 3867 non
2934 3819 3299 3883 nuncupatim
3321 3859 3334 3879 ,

1863 3896 1954 3931 nec
1975 3879 2263 3948 adoptivus.

1862 3987 2048 4041 Nescio
2068 3987 2221 4055 plane
2250 3989 2367 4055 quis
2399 3988 2447 4041 ei
2491 3990 2900 4056 nuncupativum
2933 3991 3015 4045 vel
3040 3992 3339 4063 adoptivum

1791 4092 1983 4130 nomen
2011 4077 2335 4143 imposuerit.
2367 4075 2497 4128 Nam
2525 4092 2567 4129 sn
2594 4087 2794 4131 cuncta:
2815 4088 3158 4148 utrorumque
3187 4091 3341 4135 testa-

1782 4176 2088 4221 mentorum
2126 4167 2330 4235 pagime
2365 4166 2728 4229 revolvantur.
2778 4184 3034 4235 nusquam
3060 4170 3186 4223 inibi
3233 4171 3341 4224 haec

1793 4256 1896 4308 duo
1922 4254 2174 4308 vocabula
2200 4254 2263 4306 ad
2291 4256 2459 4322 ipsum
2481 4255 2795 4323 pertinentia
2821 4264 3066 4322 poterunt
3097 4258 3337 4325 reperiri,

1794 4346 1917 4412 quia
1944 4360 2039 4398 nec
2060 4354 2332 4398 merentur
2354 4345 2487 4399 Filio
2502 4344 2593 4397 Dei
2619 4346 2831 4399 ascribi.
2857 4346 2929 4399 Ea
2951 4362 3078 4401 vero
3107 4350 3335 4405 nomina,

1796 4448 1913 4501 qua:
1951 4448 2043 4502 per
2079 4435 2294 4503 angelos
2319 4434 2399 4485 vel
2444 4434 2748 4501 prophetas,
2787 4447 3101 4503 sanctosque
3138 4446 3343 4503 aposto-

1799 4525 1876 4579 los
1901 4526 2051 4579 nobis
2074 4530 2301 4579 revelata
2326 4531 2465 4583 sunt,
2496 4526 2624 4577 satis
2650 4533 2768 4591 apta
2797 4523 2917 4593 [Αη.
2947 4534 3064 4593 apte
3080 4525 3121 4595 γι
3149 4541 3342 4581 οοηνεο

146 4589 250 4680 31:“
287 4589 619 4653 Emmanuel,
656 4590 791 4659 (Ῐαοά
836 4590 1199 4658 ἱἠενρνείαηιν
1243 4592 1508 4644 “hiscum
1550 4594 1689 4647 θείω
1720 4604 1769 4661 D
1797 4615 1948 4664 niunt
2003 4611 2135 4665 Filio
2177 4611 2289 4665 Dei.
2330 4610 2461 4663 Nam
2502 4589 2845 4675 Emmanuel,
2891 4589 3012 4680 quia
3068 4589 3339 4671 uobiscum

150 4678 275 4747 (lsa.
302 4696 401 4743 vti,
429 4680 513 4739 Η,
534 4696 650 4744 vm,
686 4681 785 4743 10;
818 4680 1004 4734 Matth.
1034 4699 1070 4744 ι,
1100 4682 1333 4746 23;vide
1358 4691 1467 4736 not.
1493 4697 1519 4724 ι
1558 4686 1616 4739 in
1637 4701 1683 4738 c.

152 4769 212 4821 19
234 4769 455 4838 hujusce
475 4769 563 4823 lib.
586 4771 646 4839 ι).
670 4770 953 4825 Nobiscum
974 4786 1182 4841 quoque
1203 4774 1341 4828 Deus
1362 4774 1513 4842 juxta
1536 4778 1686 4842 illud,

152 4867 193 4910 et
217 4858 430 4915 Verbum
454 4876 576 4911 caro
598 4858 791 4926 factum
817 4868 909 4922 est,
930 4869 975 4911 et
1003 4861 1245 4912 habitarit
1268 4863 1319 4913 in
1342 4864 1484 4917 nobis
1508 4866 1686 4935 (.loau.

155 4965 189 5011 l,
218 4950 320 5020 li),
352 4953 457 5006 hoc
478 4959 579 5013 est,
613 4950 872 5002 nobiscum
905 4948 1060 5003 Deus.
1085 4951 1148 5003 Et
1174 4966 1373 5011 rursus,
1402 4952 1463 5005 Et
1492 4930 1691 5008 vocabi—

221 5111 242 5136 ο
286 5098 414 5151 Tam
438 5100 668 5153 obscena:
691 5100 984 5153 voluntatis.
1023 5100 1196 5166 Quare
1230 5103 1502 5157 obsceme?
1538 5107 1694 5161 Varia

158 5167 295 5243 verbi
322 5167 661 5243 etymologia.
678 5167 1002 5243 Priscianus,
1025 5171 1115 5243 lib.
1146 5186 1217 5233 ιχ,
1247 5187 1347 5243 non
1372 5173 1522 5243 longe
1543 5191 1569 5229 a
1594 5176 1695 5229 line

161 5234 228 5286 ait
254 5252 266 5288 :
301 5255 319 5285 α
342 5234 589 5306 obscenus
614 5237 683 5290 ab
710 5236 798 5306 obs
820 5244 873 5288 et
895 5240 1157 5302 canendo,
1198 5240 1277 5292 vel
1302 5234 1567 5306 caenofvel
1596 5247 1695 5298 ἀπὸ

163 5309 244 5356 τοῦ
268 5308 406 5375 κυπρρς
428 5345 443 5369 ,
477 5304 618 5359 unde
659 5311 712 5357 et
751 5305 983 5375 inquino.
1028 5307 1130 5361 Alii
1180 5304 1500 5363 deducunt‘a
1524 5317 1693 5375 κοινὸν,

163 5373 294 5439 quod
344 5372 549 5444 Graecis
576 5372 843 5427 commune
872 5373 1099 5444 dicitur,
1138 5378 1277 5443 quod
1314 5377 1383 5430 sit
1430 5382 1581 5444 quasi
1630 5372 1697 5435 ett

166 5442 418 5513 communi
451 5443 690 5513 tritaque
724 5442 1222 5513 usu_ittquinatuiu,
1251 5460 1316 5498 ex
1348 5442 1525 5513 phrasi
1557 5448 1699 5504 Scri-

166 5519 324 5575 ptura:
351 5508 512 5582 Marci
535 5508 631 5582 vti,
663 5510 798 5582 2,_et
825 5508 959 5582 Act.
984 5526 1013 5562 χ
1032 5550 1046 5572 ,
1104 5512 1217 5582 M,
1244 5508 1701 5582 qua'immundum

168 5592 423 5631 commune
445 5577 659 5631 dicitur.
695 5578 880 5642 Varro,
912 5580 1002 5633 lib.
1030 5594 1103 5642 vt,
1135 5577 1339 5636 aliis'm
1360 5622 1373 5644 ,
1401 5582 1460 5635 L.
1507 5584 1567 5637 L.
1592 5587 1697 5638 ait:

174 5644 941 5733 1,9‘1‘1‘U9rrsﬁ429399995n
968 5650 1106 5733 (φορ
1138 5649 1236 5733 nisi
1266 5650 1325 5733 ίη.
1344 5666 1501 5733 saeva
1527 5652 1700 5733 vitam

174 5669 374 5727 “quoa
400 5669 554 5768 ιιιῐέ
581 5669 632 5697 lu
655 5669 941 5728 uuscpuutn
968 5669 1106 5729 quod
1138 5669 1236 5728 ntSI
1266 5669 1317 5701 tn
1344 5669 1501 5731 scena
1527 5669 1561 5733 ρ
1590 5669 1700 5733 ἰεὶῐη

172 5711 264 5787 diei
289 5730 392 5768 non
414 5715 479 5787 de
552 5722 591 5766 t.
613 5731 631 5763 ι
665 5712 865 5787 Nonius
889 5732 940 5769 tn
982 5719 1251 5771 dictionib.
1281 5720 1347 5771 ab
1374 5718 1417 5772 Ο
1448 5669 1700 5787 inminen-

174 5779 306 5835 tibus
333 5801 343 5837 :
376 5801 393 5831 ι
414 5785 699 5837 obscenum
728 5792 807 5835 est
836 5784 1161 5838 immundum
1275 5787 1398 5839 item
1424 5779 1654 5848 vitabilo,
1682 5812 1698 5841 ι

480 5874 746 5934 Parant”
802 5873 996 5935 XCIX

1800 4700 1965 4764 Deus;
2019 4701 2191 4763 Jcsus,
2229 4700 2351 4769 quia
2400 4699 2641 4753 Salvator
2680 4702 2945 4765 omnium;
2994 4702 3337 4772 Redemptor,

1797 4790 1919 4856 quia
1946 4790 2114 4857 pretio
2141 4789 2373 4856 captivos
2395 4802 2487 4841 nos
2510 4804 2588 4841 sui
2622 4791 2889 4859 sanguinis
2915 4792 3167 4855 redemit;
3193 4792 3341 4845 Chri-

1798 4888 1937 4937 stus,
1978 4879 2101 4944 quia
2133 4877 2376 4931 arcanius
2425 4877 2476 4930 in
2516 4887 2669 4932 utero
2726 4880 2940 4948 virginis
2973 4891 3163 4935 unctus
3188 4922 3201 4945 ,
3242 4884 3341 4936 hoc

1799 4967 1969 5021 estde
2007 4967 2203 5037 Spiritu
2241 4976 2423 5023 sancto
2451 4976 2533 5021 est
2568 4977 2738 5021 natus.
2779 4967 2891 5036 Ipsa
2937 4970 3183 5023 nimirum
3215 4985 3339 5023 con-

1798 5120 1936 5188 quod
1981 5118 2262 5171 conﬁrmat
2297 5117 2549 5188 exemplis
2583 5132 2611 5169 a
2658 5117 2876 5188 Virgilio
2902 5117 3096 5185 petitis.
3134 5118 3288 5173 Addit
3325 5134 3337 5169 :

1805 5186 1828 5238 ι’
1854 5189 1980 5241 Item
2010 5186 2495 5255 obscenumsignat
2518 5195 2572 5238 et
2596 5186 2965 5255 maledictum;
3000 5204 3018 5237 ι
3054 5189 3192 5254 quod
3218 5203 3329 5255 pro-

1798 5258 1890 5311 bat
1916 5256 2052 5309 Aetii
2076 5264 2129 5307 et
2154 5253 2339 5306 Lucilii
2372 5252 2791 5307 auctoritatibus.
2823 5252 2932 5306 Hoc
2959 5252 3116 5308 sensu
3136 5252 3339 5322 postre-

1800 5340 1887 5379 mo
1912 5335 2150 5391 putarem
2174 5322 2438 5389 accepisse
2461 5322 2735 5391 Paulinum
2759 5323 2976 5391 v_erbum
3001 5322 3225 5391 obscena!
3251 5338 3340 5374 vo-

1801 5389 2029 5449 luntatis,
2051 5399 2311 5457 quatenus
2324 5393 2389 5444 ad
2408 5391 2682 5445 maledicta
2703 5390 2753 5441 in
2772 5389 2959 5443 Filium
2983 5390 3075 5442 Dei
3096 5404 3342 5445 evomen-

1803 5462 1869 5513 da
1892 5459 2157 5526 impulerit
2177 5474 2271 5512 sua
2299 5460 2540 5513 voluntas
2559 5458 2818 5519 Felicem;
2850 5458 2972 5511 hinc
2994 5457 3205 5524 quidem
3228 5474 3344 5512 ma-

1802 5527 1991 5580 ledicta
2018 5536 2071 5580 et
2105 5529 2354 5589 obscena,
2376 5528 2499 5594 quia
2542 5527 2819 5581 maledicta
2846 5533 2899 5577 et
2924 5526 3151 5578 obscena
3182 5527 3341 5594 verba

1804 5594 2182 5670 iu‘_Christum.
2208 5592 2559 5670 suggesserat.
2588 5594 2842 5670 Quamvis
2887 5608 3014 5670 non_
3038 5592 3341 5670 negaverim

1806 5664 2112 5717 voluntatem
2133 5660 2399 5715 obscenam
2415 5664 2466 5716 id
2486 5673 2568 5717 est
2583 5660 2897 5716 immundam
2917 5677 2980 5715 ex
3001 5660 3346 5727 blaspliemiis

1807 5732 2044 5798 prolatis,
2070 5730 2285 5799 intelligi
2319 5739 2492 5799 posse.

2816 5876 2886 5935 i3
