3926 6426
616 429 715 445 -..δ’

616 429 717 480 5³)ῗί
1524 421 1580 477 S.
1622 421 1885 477 PAULINI
1922 416 2369 474 PATillAliCllrl‘l
2407 417 2870 485 AQL'ILEIENSJS
3687 417 3809 471 396

612 535 789 603 reptio
808 573 822 597 ,
851 533 1097 602 spiritalis
1134 531 1406 605 invisibilis
1432 529 1769 583 nihilominus
1799 528 1976 581 unctio
2010 526 2135 587 fuit,
2164 530 2214 584 Α
2241 526 2707 595 ritum,proprius;
2735 525 2942 593 etjuxta
2971 528 3305 594 exteriorem,
3328 528 3379 582 id
3405 538 3506 592 est,
3525 544 3741 586 carnen
3769 549 3805 583 n

618 623 736 676 licet
770 619 1095 676 manifestius
1120 628 1175 675 et
1214 620 1269 673 in
1296 618 1539 683 Iordanis
1571 616 1836 684 crepidine
1874 631 1903 668 a
1942 615 2140 693 Spiritu
2238 626 2445 680 corpus,
2492 613 2767 682 adoptivus
2810 615 2950 669 illius
2978 623 3119 669 recte
3152 616 3416 671 videbitur
3458 623 3803 688 nuncupari.

617 720 799 764 saneto
835 710 904 764 sit
931 719 1139 773 unctus,
1165 709 1254 777 qui
1290 721 1447 776 super
1479 721 1601 761 eum
1642 708 1695 759 in
1722 706 1893 773 specie
1927 706 2141 759 deseen-
2238 700 2387 756 Unus
2416 717 2640 773 namque
2677 701 2906 758 Joannes
2927 706 3173 774 proprius
3193 720 3454 774 verosque
3496 712 3660 764 unius
3690 711 3807 763 Za—

560 810 565 817 ’
617 797 693 850 dit
738 796 1011 850 columbae.
1059 793 1183 849 ihec
1231 794 1423 864 quippe
1470 791 1844 846 manifestior:
1882 791 1968 844 illa
2018 805 2142 844 vero
2237 789 2432 845 charite
2462 789 2598 844 filius
2620 792 2953 859 prtedicatur.
2988 791 3136 858 Quod
3183 794 3227 848 si
3250 791 3508 848 Jacobum
3549 795 3801 865 Alphari,

614 884 870 939 occultior
894 883 1072 938 unctio
1109 884 1443 952 pradicatur.
1483 881 1757 943 Bantinos,
1806 882 1928 952 quia
1969 882 2141 935 omnis
2237 875 2455 969 alterius
2487 878 2687 969 scilicet
2710 880 2875 948 patris
2900 880 3089 969 lilium,
3111 882 3512 969 Zachariasper
3536 888 3805 969 adoptio-

615 984 854 1031 creatura
877 976 931 1029 in
950 975 1083 1030 cmlo
1100 984 1153 1029 et
1171 977 1223 1027 in
1244 982 1385 1028 terra
1399 974 1633 1026 serviunt
1655 973 1724 1027 ei.
1745 972 1811 1025 Et
1830 973 1952 1040 quia
1972 986 2144 1027 secre-
2237 963 2321 1019 ιιῖε
2344 965 2748 1033 Praerogativam
2777 967 2830 1019 in
2862 976 3004 1021 Sorte
3041 967 3132 1020 lilii
3161 970 3392 1037 gratuito
3416 963 3798 1042 subrogasset.

617 1065 722 1117 tius
759 1063 811 1116 in
854 1062 1092 1131 virginali
1120 1069 1273 1115 utero
1314 1060 1484 1114 sancti
1528 1058 1840 1129 Spiraminis
1882 1058 2143 1112 delibatur
2233 1058 2441 1121 poterat
2464 1059 2702 1121 uterque,
2743 1050 2974 1109 Joannes
2999 1057 3258 1124 siquidem
3302 1066 3357 1111 et
3387 1056 3624 1115 Jacobns
3658 1078 3798 1129 pro-

2233 1146 2353 1209 pter
2373 1154 2713 1209 personarum
2736 1139 3122 1207 discretionem,
3143 1145 3279 1198 aiter
3299 1145 3489 1199 horum
3512 1151 3801 1215 proprius,

2237 1221 2292 1280 et
2325 1226 2461 1279 alter
2497 1227 3075 1294 adoptivuslveraciter
3110 1229 3247 1285 illius
3283 1234 3526 1290 vocitari.
3559 1234 3697 1287 Nam
3749 1238 3800 1289 si

2237 1313 2457 1369 facultas
2491 1317 2730 1370 humana:
2765 1317 3129 1384 possibilitatis
3171 1320 3475 1389 exegisset,
3518 1331 3801 1389 quate-nn.

2235 1399 2465 1455 Joannes
2484 1416 2795 1471 permanens
2832 1403 2882 1457 id
2910 1404 3050 1472 quod
3079 1413 3210 1469 erat,
3237 1417 3418 1476 posset
3435 1423 3558 1463 cum
3584 1408 3801 1466 Jacnbo

2238 1487 2295 1542 in
2336 1490 2529 1544 unione
2554 1504 2792 1559 personae
2831 1491 3255 1561 inseparabili;er
3272 1491 3415 1552 eiftci
3434 1513 3597 1565 unius,
3626 1502 3704 1555 iti
3734 1513 3801 1555 ut

609 1585 753 1650 Quid
786 1585 866 1640 sit
911 1585 1275 1655 nuncupatim:
1314 1584 1451 1658 Deus
1483 1598 1499 1638 :
1535 1591 1582 1638 et
1627 1581 1764 1653 quod
1801 1580 2002 1639 Christo
2036 1598 2140 1637 non
2236 1576 2529 1645 proprietas
2550 1579 2803 1634 naturalis
2826 1582 3032 1650 gemina
3055 1594 3406 1649 permaneret,
3430 1597 3485 1641 et
3506 1590 3637 1643 unio
3661 1604 3797 1658 pcr-

1230 1654 1512 1744 conveniat.
1627 1737 1640 1744 _
1704 1738 1715 1744 _
1794 1738 1806 1744 Δ
1828 1738 1861 1744 __
1941 1735 1964 1744 _
2048 1737 2060 1744 _
2237 1665 2434 1718 sonalis
2453 1665 2878 1722 individuaiitatis
2900 1671 3152 1726 vocabulo
3166 1673 3307 1727 nulla
3328 1688 3508 1744 posset
3530 1693 3598 1731 ex
3622 1654 3797 1733 causa

673 1736 793 1809 Age
815 1753 956 1808 ergo,
997 1738 1254 1794 exstincto
1275 1739 1483 1808 penitus
1501 1737 1673 1793 omnis
1701 1738 1910 1815 invidiae
1937 1735 2135 1800 fomite,

2237 1753 2465 1808 rescindi
2489 1771 2502 1806 :
2525 1761 2648 1809 tunc
2672 1770 2809 1809 uitus
2830 1752 3057 1811 Joannes
3075 1735 3408 1828 Jacobusqne
3427 1765 3797 1830 personaliter

610 1827 702 1894 qui
752 1826 919 1881 litium
959 1825 1587 1917 protinusllammantius
1630 1841 1826 1917 prunas
1857 1826 2131 1917 comburit,
2164 1821 2210 1882 B
2236 1838 2453 1895 euectus
2497 1851 2737 1911 poteram
2781 1843 3003 1899 fortasse
3049 1854 3271 1915 uterque
3319 1821 3375 1901 ξι
3408 1821 3703 1917 adoptivus
3733 1863 3795 1906 ει

617 1915 887 1971 Videamus
910 1931 1050 1970 nunc
1079 1914 1300 1984 δίωβιίοί
1322 1915 1473 1969 θευίο
1493 1916 1684 1969 mentis
1710 1923 2008 2003 υιτξιιιιηιιω
2029 1913 2144 1967 δαῖε
2237 1947 2391 1991 verus
2414 1933 2553 1989 ﬁlius
2593 1933 2728 2000 dtci;
2780 1936 2874 1990 sed
2921 1936 3167 2003 quoniam
3186 1913 3426 1992 Joannes
3458 1913 3529 1993 ει-
3549 1938 3794 1997 Jacosz

610 2006 720 2061 duo
750 2005 1001 2060 vocabula
1029 2005 1084 2059 in
1123 2004 1333 2061 Christo
1357 2005 1625 2075 unigenito
1662 2003 1753 2057 Dei
1784 2002 1918 2057 Filio
1957 2017 2135 2097 conve-

2236 2034 2329 2087 per
2363 2023 2683 2078 consortium
2716 2002 3229 2092 quidemcbaritatis
3273 2042 3496 2097 possunt
3539 2048 3663 2088 esse
3695 2051 3794 2088 cor

590 2094 843 2148 .nieutius
882 2095 988 2148 sint
1035 2095 1307 2148 attributa.
1340 2091 1737 2161 Nuncupatitius
1782 2106 1970 2161 nempe
2003 2091 2135 2146 Deus

2237 2124 2399 2163 unum
2421 2120 2473 2165 et
2496 2112 2670 2165 anima
2692 2128 2814 2176 una,
2832 2129 3105 2181 nunquam
3144 2123 3317 2170 tamen
3348 2122 3670 2174 naturaliter
3691 2138 3792 2190 per

614 2182 700 2237 me
731 2182 956 2245 ἀίείιυτν
987 2183 1079 2251 qui
1118 2195 1237 2235 ευηι
1265 2180 1334 2234 δίε
1375 2179 1750 2273 130ml1_Pll_ﬂ|3a
1795 2193 1894 2232 nec
1930 2184 2141 2273 θέξυηίξ
2236 2197 2489 2251 unitatem
2516 2213 2755 2266 personce
2795 2200 2929 2256 ellici
2966 2179 3128 2271 posse
3158 2207 3393 2260 creditur
3428 2211 3588 2262 ambo
3624 2179 3790 2273 (ιη-υς.

612 2285 732 2324 cum
768 2269 875 2323 Deo
908 2285 1034 2324 vero
1058 2283 1300 2339 persona,
1331 2269 1468 2324 sicut
1500 2266 1761 2328 Christus,
1788 2282 1853 2321 ex
1886 2265 2135 2352 accidenti

2236 2300 2502 2353 nunquam
2528 2285 2758 2343 Joannes
2784 2289 2955 2354 aliter,
2982 2291 3081 2344 nisi
3105 2292 3372 2352 Zacharim
3407 2294 3544 2348 illius
3572 2312 3794 2363 perma-

615 2358 979 2412 tantummodo
1005 2355 1141 2411 dono
1160 2357 1341 2427 gratia:
1366 2357 1558 2412 dicitur.
1575 2356 1723 2424 quasi
1746 2356 1901 2409 Deus.
1924 2354 2135 2408 Prome-

2235 2382 2325 2427 net
2348 2388 2555 2444 semper
2576 2390 2750 2430 verus.
2782 2376 2884 2430 Sed
2912 2378 3030 2433 licet
3063 2393 3220 2434 omne
3243 2382 3382 2448 quod
3408 2397 3470 2434 ex
3503 2354 3668 2438 rebus
3692 2386 3793 2438 hu-

604 2456 757 2500 retur
776 2447 1022 2501 nimirum
1040 2444 1194 2513 hujus
1214 2445 1432 2500 honoris
1453 2444 1761 2500 vocabulum
1782 2460 1845 2498 ex
1874 2443 2135 2512 largitoris

2236 2464 2405 2517 manis
2449 2465 2671 2533 exempli
2721 2466 2986 2536 colligitur
3038 2484 3228 2533 causa,
3281 2472 3553 2542 indignum
3604 2476 3792 2530 divino

611 2536 922 2602 quandoque
947 2532 1177 2603 ετειυίιο
1202 2547 1439 2632 Timere,
1483 2533 1728 2632 qula‘fl‘m
1754 2531 1933 2583 halm"
1955 2544 2137 2628 θδξθίν
2235 2551 2397 2604 cultui
2422 2552 2559 2606 haud
2588 2554 2744 2607 dubio
2768 2558 3065 2610 ascribatur
3088 2597 3103 2623 ,
3132 2559 3251 2611 licet
3279 2531 3475 2624 tamen,
3516 2565 3570 2616 in
3606 2580 3788 2632 quan-

566 2619 572 2625 ’
604 2622 802 2675 tialiter
848 2635 1055 2719 θεωρειζ
1099 2629 1157 2719 lli»
1202 2620 1342 2673 Deus
1374 2627 1541 2719 055:3-
1595 2618 1905 2719 Νὲιιουυίπς
1948 2618 2139 2684 (ΙυίΡΡθ
2234 2644 2345 2691 tum
2376 2638 2729 2695 similitudinis
2756 2646 2916 2698 exerit
2948 2618 3327 2719 [.ln,'evigit?]
3358 2618 3525 2713 ratio,
3555 2618 3789 2708 cx‘visi-

604 2712 865 2765 affectatae
898 2709 1174 2764 locutionis
1215 2718 1296 2762 est
1326 2707 1602 2776 appellare.
1638 2706 1769 2761 Nam
1804 2707 1893 2775 qui
1933 2722 2135 2774 semper

2233 2729 2427 2783 bilibus
2458 2729 2737 2784 invisibilia
2766 2740 2819 2785 et
2859 2747 2923 2786 ex
2965 2736 3271 2789 humillimis
3293 2738 3540 2791 sublimia
3565 2756 3790 2810 compa-

615 2802 751 2853 licus
772 2801 875 2852 non”
904 2796 1023 2862 fuit,
1053 2798 1142 2852 sed
1167 2798 1389 2852 accessit
1430 2796 1501 2850 illi
1525 2797 1593 2851 ob
1633 2797 1941 2850 imitationis
1973 2811 2140 2865 quan-
2234 2817 2361 2869 ητί,
2401 2816 2675 2875 Νδωιουιη
2720 2818 3038 2888 Redemptor
3072 2831 3252 2877 ηοειρτ
3288 2838 3344 2877 se
3379 2826 3539 2881 me“,
3574 2796 3785 2890 venit".

589 2891 778 2957 .doque
805 2888 1131 2958 privilegium
1161 2890 1219 2940 ut
1250 2887 1388 2941 Deus
1423 2894 1586 2951 esset;
1627 2884 1861 2954 profecto
1901 2900 2006 2939 non
2047 2900 2138 2938 ve-

617 1150 759 1214 llatu,
796 1148 1055 1213 Christus,
1082 1148 1181 1202 hoc
1218 1154 1317 1211 est,
1347 1154 1567 1209 unctus,
1600 1154 1681 1200 est
1705 1153 1880 1210 natus,
1906 1146 2141 1215 angelico

606 1236 926 1299 evidentius,
953 1234 1165 1288 oraculo
1206 1232 1491 1288 erudimur.
1520 1232 1610 1287 Ait
1646 1233 1786 1287 enim
1828 1250 1841 1284 :
1879 1231 2049 1285 Natus
2067 1241 2141 1286 est

612 1323 924 1378 vobis-hodie
945 1321 1200 1387 Salvator,
1214 1322 1302 1392 qui
1324 1332 1394 1376 est
1416 1318 1648 1377 Christus
1670 1318 1919 1374 Dominus
1944 1321 1997 1373 in
2022 1321 2145 1373 ciri-

610 1408 902 1464 tate-Dart'd
929 1406 1075 1481 (Luc.
1104 1423 1167 1475 li,
1195 1408 1302 1480 il).

1180 1515 1400 1572 CAPUT
1436 1514 1568 1572 XLI.

2233 2904 2515 2973 discipulos
2542 2906 2816 2975 palmites,
2852 2907 3063 2962 Patrem
3090 2920 3280 2964 autem
3304 2928 3457 2967 suum
3489 2918 3788 2985 agricolam

607 2992 717 3041 rus,
738 2977 835 3032 sed
854 2976 1236 3044 nuncupativus
1270 2976 1408 3030 Deus
1436 2976 1538 3029 dici
1564 2976 1762 3044 absque
1786 2975 1889 3029 ulla
1917 2975 2135 3043 ambage

2232 2994 2532 3062 parabolice
2575 2995 2916 3060 declarasset,
2954 3012 3020 3050 ex
3062 3000 3219 3053 rebus
3262 3001 3499 3069 profecto
3522 2975 3787 3059 “terrenis

590 3065 891 3121 .ilubietatis
914 3065 1124 3119 valebit.
1146 3062 1385 3120 Christus
1408 3065 1586 3135 igitur,
1617 3066 1709 3132 qui
1736 3079 2001 3135 mmquam
2028 3080 2132 3118 non

2235 3084 2393 3137 divini
2421 3084 2761 3139 excellentius
2779 3086 3012 3157 mysterii
3033 3087 3248 3157 gloriam
3270 3090 3573 3145 subiimavit
3596 3093 3783 3163 (Joan.

610 3152 709 3206 fuit
744 3151 882 3207 Deus
930 3151 1084 3206 homo
1109 3150 1195 3221 (ex
1220 3166 1326 3221 quo
1353 3128 1494 3206 enim
1529 3128 1978 3220 assumptusesta
2007 3166 2135 3207 vero

2425 3128 2761 3139 -.--s-.-..-...-
2779 3128 2853 3156 ...δ
2868 3128 3012 3157 πη...
3033 3128 3248 3157 om”...
3270 3128 3573 3145 ...υυηηηη
3596 3128 3643 3163 κ..
3657 3128 3783 3146 νυ...

2234 3171 2343 3244 xv).
2382 3172 2560 3226 Tanta:
2594 3175 2721 3245 cigo
2769 3184 2981 3243 tamque
3030 3177 3259 3233 divinius
3304 3181 3645 3235 a::ctoritatis
3694 3183 3787 3235 fir-

611 3238 717 3293 Deo
741 3239 796 3291 in
815 3238 1017 3291 unitate
1038 3253 1274 3306 persona:
1298 3252 1505 3306 semper
1526 3246 1796 3307 permanet
1819 3254 1974 3294 verus
1996 3239 2134 3294 Deus

2232 3262 2358 3315 mati
2386 3264 2678 3331 praeconio,
2716 3264 2787 3317 nil
2830 3272 3077 3333 tanquam
3107 3266 3513 3335 intemperatius
3550 3272 3785 3339 cnnjecti

609 3335 663 3380 ὒῑ
690 3324 888 3429 ἣξδῐξῖο)ν
914 3325 1299 3429 “eaEa-aliud
1322 3340 1415 3395 Per
1439 3327 1841 3429 (lUOdPeusifi't
1870 3328 2009 3381 aliud
2041 3342 2139 3395 ματ
2231 3324 2516 3417 praemissa:
2545 3324 2768 3421 exempfi
2797 3324 3041 3407 existimo
3071 3355 3259 3410 obesse
3278 3324 3488 3429 ligura).

532 3482 547 3491 Ι
610 3415 747 3518 quod
774 3414 1057 3518 liomo,sed
1085 3415 1137 3467 in
1162 3423 1384 3483 utroque
1411 3430 1548 3518 unus
1580 3415 1794 3518 D‘eus‘et
1818 3416 1974 3518 homo
2000 3429 2015 3466 :
2039 3428 2135 3518 nec
2231 3414 2249 3417 '
2417 3434 2420 3438 λ
2698 3414 2714 3421 ”
2771 3460 2994 3517 CAPUT
3048 3463 3223 3518 xum

611 3500 708 3554 fuit
746 3500 1023 3568 aliquando
1056 3516 1219 3569 purus
1244 3509 1525 3568 conceptus
1551 3501 1631 3554 vel
1656 3509 1809 3555 natus
1826 3502 1982 3557 homo
2001 3542 2014 3565 ,
2044 3504 2134 3558 sed

602 3587 736 3655 quia
771 3594 1054 3655 conceptus
1084 3587 1168 3641 vel
1211 3597 1365 3642 natus
1404 3596 1487 3643 est
1526 3587 1593 3642 de
1622 3586 1818 3656 Spiritu
1858 3598 2041 3643 sancto
2084 3601 2135 3643 ct

614 3673 845 3744 virginea
889 3688 1045 3729 carne
1067 3712 1083 3739 ,
1110 3688 1176 3728 ex
1218 3674 1330 3742 ipsa
1357 3676 1721 3744 conceptione,
1763 3676 1846 3731 vel
1889 3676 2134 3731 ineffabili

614 3760 887 3813 nativitate
911 3760 1047 3815 Deus
1080 3775 1235 3815 verus
1258 3762 1516 3829 processit
1548 3770 1602 3814 et
1630 3763 1787 3816 homo
1826 3776 1841 3815 :
1874 3766 2135 3831 quomodo

609 3853 736 3917 ergo
756 3862 857 3902 non
887 3862 1092 3916 semper
1110 3849 1192 3902 vel
1227 3856 1368 3903 totus
1391 3863 1546 3903 verus
1573 3857 1654 3903 est
1681 3848 1840 3914 Deus,
1870 3851 1958 3918 qui
1997 3866 2131 3903 nun-

613 3950 769 4003 quam
809 3934 906 3990 fuit
934 3936 1046 3991 sine
1079 3950 1203 3990 vero
1238 3937 1346 3990 Deo
1371 3926 1468 3992 nec
1501 3946 1786 4006 conceptus
1821 3955 1918 3992 nec
1944 3940 2134 3992 natus?

611 4022 719 4079 Nec
753 4024 974 4079 accessit
1017 4022 1090 4077 illi
1143 4033 1200 4077 ut
1239 4024 1377 4080 Deus
1424 4034 1563 4080 esset
1610 4028 1990 4096 nuncupativus
2035 4029 2135 4081 ali-

611 4113 837 4178 quando,
882 4113 974 4182 qui
997 4113 1156 4168 homo
1204 4128 1362 4168 verus
1408 4115 1460 4167 in
1488 4116 1686 4169 unitate
1718 4117 1861 4170 nasci
1896 4131 2134 4185 persona:

614 4199 803 4254 meruit
840 4200 932 4257 Dei
975 4200 1117 4264 veri,
1148 4215 1245 4256 nec
1270 4199 1367 4255 fuit
1408 4216 1632 4269 unquam
1657 4188 1895 4255 Christus
1919 4203 2135 4257 alterius

611 4300 866 4355 persona},
898 4286 1005 4340 nisi
1030 4300 1235 4356 semper
1258 4290 1514 4343 veraciter
1539 4289 1630 4343 Dei
1650 4290 1786 4344 ‘veri.

1164 4393 1382 4450 CAPUT
1418 4397 1570 4450 XLII.

613 4488 730 4543 Una
772 4506 985 4564 persona
1024 4492 1218 4564 duobus
1246 4508 1345 4545 non
1368 4495 1648 4564 convenire,
1689 4495 1921 4564 adoptivo
1947 4503 1992 4549 et
2019 4512 2137 4564 pro-

829 4560 959 4627 prio,
988 4558 1211 4627 exemplo
1237 4568 1284 4612 et
1310 4560 1641 4613 similitudine
1665 4558 1907 4613 declarat.

616 4718 619 4721 _
681 4645 794 4712 Quo
824 4647 1158 4715 igiturpacto
1178 4661 1406 4714 persona
1435 4663 1537 4701 una
1563 4648 1695 4702 Deos
1718 4650 1962 4702 exhibeat
1981 4650 2130 4715 duos,

598 4731 703 4789 ‘imt
742 4742 885 4790 certe
908 4736 1060 4790 unius
1084 4750 1320 4804 personae
1349 4734 1637 4805 proprietas
1660 4738 1891 4806 disparili
1936 4755 2135 4794 nuncu—

613 4824 821 4890 patione
872 4822 1094 4875 ﬁliorum
1154 4823 1420 4877 dualitalis
1474 4826 1688 4891 recipiat
1736 4827 2134 4880 diversitatem?

617 4911 745 4963 Nam
766 4924 883 4963 cum
923 4919 1122 4963 constet
1148 4911 1304 4965 homo
1326 4925 1461 4964 unus
1489 4924 1552 4964 ex
1587 4912 1785 4966 duabus
1811 4915 2133 4982 diversisque

615 4998 833 5060 naturis,
878 5007 1094 5067 propter
1140 4999 1277 5066 quod
1326 4998 1522 5052 Paulus
1554 5000 1855 5054 interiorem
1894 5003 2047 5072 126
2080 5010 2135 5055 et

613 5087 924 5142 exteriorem
959 5089 1230 5142 denuntiat
1272 5088 1532 5143 hominem
1560 5087 1730 5153 (Rom.
1759 5103 1851 5149 vn,
1877 5089 1965 5157 2‘2)
1984 5129 1998 5153 ,
2029 5105 2134 5144 non

618 5185 791 5228 tamen
839 5171 1066 5228 Joannes
1114 5175 1343 5243 Baptista
1390 5176 1684 5243 hujusmodi
1739 5176 1956 5229 interior
2002 5191 2136 5229 unus

618 5260 855 5329 idemque
881 5270 935 5315 et
977 5264 1206 5316 exterior
1233 5264 1438 5332 homo,
1476 5280 1608 5317 unus
1660 5266 1926 5318 Zachariae
1973 5267 2137 5333 patris

614 5345 788 5414 proles
811 5349 1092 5403 Secundum
1119 5349 1416 5402 interiorem
1456 5350 1738 5412 hominem,
1780 5351 1878 5404 hoc
1902 5361 2003 5413 est,
2030 5351 2135 5418 spi-

686 5510 709 5535 ιι
738 5495 957 5550 Videtur
988 5498 1165 5553 deesse
1189 5508 1264 5551 est

687 5564 713 5603 ιι
740 5563 922 5636 ξ-ινιιίο
952 5565 1276 5636 desideratur
1298 5566 1486 5636 est,ch
1514 5581 1789 5636 permanet.

656 5686 659 5687 ν
686 5644 706 5669 σ
740 5632 949 5686 Videtur
970 5630 1126 5685 fuisse
1155 5634 1428 5688 dicendum
1461 5630 1651 5690 crint-lii
1688 5639 1965 5700 redmnptis.
2012 5637 2132 5704 quia

2299 3525 2515 3595 Adoptio
2536 3529 2656 3600 quia
2681 3532 2905 3583 convenit
2927 3531 3092 3596 nobis,
3112 3550 3213 3587 non
3226 3537 3451 3589 convenit
3478 3539 3707 3592 Christo.

2300 3614 2544 3670 Christus
2597 3618 2760 3685 igitur
2808 3619 3106 3688 unigenitus
3156 3625 3460 3691 sempiterni
3516 3629 3781 3693 genito:is

2232 3700 2414 3765 Filius,
2454 3702 2544 3770 qui
2570 3704 2637 3757 ab
2683 3705 2813 3772 ipsa,
2853 3715 2911 3758 ut
2940 3708 3114 3760 verius
3141 3710 3382 3770 referam,
3414 3712 3781 3783 inefl‘abiiiqne

2227 3787 2501 3855 virginalis
2553 3790 2686 3842 uteri
2725 3792 3066 3863 conceptione
3104 3794 3153 3847 in
3205 3796 3293 3848 Dei
3330 3797 3447 3850 Filii
3488 3813 3778 3867 personam

2232 3884 2523 3941 susceptus,
2555 3882 2759 3946 unaque
2785 3894 2905 3932 cum
2948 3881 3054 3935 Deo
3081 3883 3371 3945 inconfusc,
3412 3888 3505 3940 sed
3533 3898 3589 3939 et
3634 3890 3776 3942 indi-

2232 3962 2389 4015 vidue
2407 3961 2575 4016 factus
2599 3978 2845 4031 persona,
2878 3982 3012 4021 unus
3037 3969 3279 4035 idemque
3302 3986 3461 4025 verus
3486 3972 3580 4026 Dei
3605 3975 3779 4028 homi-

2233 4051 2415 4118 nisque
2445 4051 2483 4103 F
2487 4051 2608 4105 ilius
2639 4064 2686 4116 ιι,
2708 4052 3023 4109 indiscretus
3040 4054 3188 4123 juxta
3215 4059 3391 4112 carnis
3413 4060 3776 4129 dispensatio-

2232 4151 2352 4189 nem
2382 4150 2624 4205 persona,
2653 4138 3014 4210 discrctnsque
3036 4151 3244 4197 natura.
3273 4144 3436 4201 Porro
3477 4145 3775 4204 secundum

2231 4223 2461 4278 divinam
2501 4226 2776 4281 ineﬂ‘abilis
2816 4229 2992 4296 gloriae
3018 4232 3368 4298 majestatem,
3401 4235 3776 4304 inSeparabiiis

2233 4328 2350 4367 cum
2380 4313 2535 4367 Patre
2563 4323 2848 4384 sanctoque
2876 4332 2994 4371 cum
3033 4318 3231 4388 Spiritu
3256 4324 3509 4387 essentia,
3537 4326 3633 4379 sed
3663 4330 3773 4381 dis-

2162 4424 2207 4482 υ
2234 4409 2409 4459 cretus
2445 4415 2687 4468 persona,
2714 4418 2922 4472 semper
2953 4406 3250 4474 unigenitus
3289 4416 3343 4462 et
3372 4424 3530 4465 verus
3559 4414 3653 4467 Dci
3688 4416 3775 4467 l-‘i-

2231 4488 2333 4541 lius
2358 4489 2403 4551 ι’,
2451 4497 2690 4543 cessante
2731 4506 2945 4557 prorsus
2982 4494 3194 4548 omnino
3238 4497 3466 4565 adoptivi
3511 4504 3774 4555 vocabulo

2232 4576 2473 4629 nominis.
2498 4575 2614 4630 Non
2641 4577 2779 4629 enim
2809 4577 3019 4633 Christo
3039 4577 3162 4633 Jcsu
3201 4597 3589 4652 consequenter
3616 4600 3773 4643 rata:-

2228 4678 2329 4731 quc
2366 4664 2725 4731 possibilitatis
2756 4666 3031 4734 appellatio
3057 4667 3290 4725 defertur
3318 4674 3645 4741 adoptionis,
3684 4680 3771 4731 cui

2230 4766 2495 4819 nunquam
2534 4752 2762 4810 dedecus
2815 4757 3031 4826 centigit
3080 4759 3429 4814 alienationis.
3478 4762 3614 4817 Nam
3647 4781 3769 4819 cum

2231 4840 2299 4892 sit
2344 4840 2555 4908 adoptio
2586 4854 2773 4896 nomen
2817 4842 2946 4895 mihi
2978 4853 3388 4912 cunctarumque
3417 4857 3439 4885 ο
3464 4850 3771 4920 redempto-

2235 4943 2348 4980 rum
2379 4929 2589 4991 bonum,
2626 4929 2820 4983 idcirco
2864 4938 3039 4985 tamen
3066 4934 3168 4985 uni
3198 4934 3302 4988 Deo
3329 4937 3639 5009 hominique
3684 4945 3767 4996 tli-

2231 5016 2387 5082 gnius
2421 5015 2611 5069 ascribi
2635 5029 2790 5082 posse
2812 5018 2947 5071 ratio
2970 5034 3071 5071 non
3093 5023 3348 5087 permittit
3376 5026 3641 5094 regularis
3673 5046 3764 5082 ca-

2232 5102 2437 5155 tholica:
2470 5102 2625 5167 ﬂiici;
2655 5104 2897 5169 quoniam
2925 5118 3018 5172 per
3053 5109 3290 5162 eumdem
3312 5111 3406 5164 Dei
3430 5112 3767 5183 hominisque

2235 5185 2420 5239 Filium
2444 5188 2529 5241 ille
2554 5196 2609 5240 ut
2628 5198 2936 5257 assequatur
2949 5207 3162 5248 necesse
3181 5205 3263 5250 est
3284 5202 3763 5265 regenerationisd,

2231 5276 2320 5339 qui
2349 5276 2413 5328 de
2454 5290 2625 5328 massa
2663 5278 2970 5342 perditionis
3005 5295 3099 5347 per
3142 5284 3410 5349 traducem
3459 5291 3766 5358 propaginis

2234 5363 2466 5424 veniens,
2502 5362 2553 5414 in
2589 5362 2859 5430 iniquitate
2882 5375 3179 5435 conceptus,
3224 5376 3276 5421 ct
3301 5370 3353 5422 in
3377 5383 3599 5439 pecc.-.to
3619 5374 3787 5444 geni?

2214 5510 2358 5564 .mihi
2381 5511 2692 5576 anteposuit.

2301 5577 2325 5615 ιι
2352 5578 2476 5630 Vide
2503 5558 2567 5630 3..
2605 5580 2873 5651 snppicnd.
2905 5582 3106 5649 bonum,
3132 5584 3196 5638 de
3233 5558 3544 5656 quosupra.
