3926 6426
119 485 214 542 ιοι

806 488 1395 561 (ΣΟΝΤΙιΑ-ἘΕΙᾸΟΕΜ
1433 492 1656 560 URQEL

1760 494 1960 551 'ANU‘M
1994 496 2165 550 LIBRI
2197 498 2278 551 ΙΙΙ.
2319 529 2386 538 —-
2423 499 2545 554 LIB.
2578 501 2615 553 ι.

3188 527 3191 532 '
3211 511 3315 565 402

116 613 222 653 non
269 605 435 661 esset,
493 610 825 668 nequaquam
861 601 1051 656 Petrus
1090 611 1144 657 et
1191 601 1421 658 Joannes
1473 605 1658 658 claudo
1689 612 1731 662 Α
1761 609 2072 662 auctorem?
2108 607 2239 661 Nam
2288 611 2615 676 inhmrendo,
2659 621 2713 666 et
2764 617 3101 685 sempiternae
3149 624 3313 691 pabu-

113 705 183 743 ει
206 697 361 742 utero
386 688 576 743 matris
603 705 712 744 suae
755 691 805 744 in
835 692 1046 746 nomine
1071 691 1194 746 Jesu
1237 693 1495 748 Nazareni
1517 695 1658 749 dice-

113 786 256 842 rent,
289 776 477 848 Surge,
506 788 554 833 et
597 780 803 834 ambula
856 781 991 852 (Act.
1025 799 1105 847 ιιι,
1136 783 1209 852 6).
1251 783 1317 837 Et
1341 783 1466 839 illud
1499 804 1510 837 :
1553 785 1664 839 No-

111 878 222 919 tum
251 870 316 922 sit
338 869 574 922 omnibus
615 871 772 934 vobis,
808 873 930 940 quia
963 875 1017 927 in
1064 876 1266 927 nomine
1290 875 1415 928 Iesu
1470 874 1661 928 Christi

114 954 400 1019 Nazareni,
439 973 588 1026 quem
637 973 722 1010 vos
751 959 1078 1026 cruciﬁxistis
1104 1001 1119 1023 ,
1166 961 1218 1014 in
1243 963 1339 1014 hoc
1385 963 1479 1015 iste
1524 970 1660 1014 astat

111 1059 286 1096 coram
315 1045 456 1099 vobis
495 1061 672 1100 sanus.
717 1047 786 1100 Et
828 1064 929 1101 non
957 1059 1051 1113 est,
1098 1049 1292 1118 inquit,
1335 1051 1390 1104 in
1415 1050 1520 1104 alio
1557 1050 1660 1104 ali-

106 1146 209 1196 quo
235 1130 380 1185 salus
402 1149 420 1184 :
449 1149 539 1186 nec
566 1149 750 1187 nomen
795 1144 866 1188 est
893 1136 1036 1188 aliud
1076 1138 1168 1190 sub
1211 1138 1335 1191 calo
1364 1137 1541 1191 datum
1567 1139 1659 1191 Ιιο-

108 1217 353 1282 ntinibus,
378 1219 432 1271 in
460 1235 559 1288 qua
583 1230 814 1290 aporteat
842 1239 933 1276 nos
953 1223 1119 1277 salvos
1143 1223 1264 1292 ﬁeri
1287 1225 1419 1295 (Act.
1448 1243 1523 1291 tv,
1547 1225 1654 1295 10).

109 1305 175 1358 Et
209 1306 413 1362 homini
439 1309 643 1369 cuidam
689 1309 888 1378 jacenti
918 1311 971 1365 in
1013 1313 1233 1381 grabato
1254 1314 1546 1383 paralytico
1581 1315 1658 1368 sic

106 1394 220 1448 ait:
263 1394 462 1461 .Enea,
499 1407 651 1452 sanat
681 1409 728 1452 te
762 1400 912 1454 Jesus
941 1399 1200 1466 Christus,
1242 1419 1393 1470 surqe
1413 1415 1460 1458 et
1491 1415 1658 1459 sterne

107 1481 215 1536 tibi.
255 1483 326 1538 Et
356 1487 598 1540 continuo
618 1491 844 1541 surrexit
876 1489 1010 1556 (Act.
1041 1507 1117 1555 ιχ,
1145 1491 1258 1563 54).

664 1598 885 1654 CAPUT
926 1601 1104 1656 XLVI.

107 1661 259 1716 Iesus
287 1673 472 1718 auctor
491 1666 759 1743 vitaz,_vita
783 1679 830 1721 et
860 1674 1162 1743 resurrectio
1194 1690 1210 1726 :
1253 1689 1354 1727 non
1381 1690 1502 1743 ergo
1524 1691 1656 1728 nun-

475 1738 759 1804 cupativus,
789 1739 877 1791 sed
907 1756 1054 1793 uerus
1083 1741 1242 1795 Deus.

172 1819 230 1874 Si
261 1821 427 1892 igitur
464 1821 606 1878 Deus
643 1839 802 1879 verus
839 1825 951 1895 ipse
996 1843 1101 1882 non
1131 1838 1292 1894 esset,
1341 1847 1447 1900 quo
1498 1843 1655 1902 pacto

1759 692 1867 747 lum
1893 694 2000 748 eris
2022 697 2291 764 gehennaa.

2312 785 2534 841 CAPUT
2555 789 2750 844 XLV".

1763 868 2317 943 Scripturam_pluries
2363 875 2610 928 dicentem
2662 877 2938 933 Dominum
2990 900 3096 937 esse
3143 885 3303 943 Deum

1829 939 2062 1059 in‘teDlligit
2092 939 2340 996 Paulinus
2367 959 2426 995 ac
2447 944 2491 996 si
2519 943 2708 998 diceret
2732 950 2869 1016 quod
2897 950 3048 1005 Iesus
3071 939 3305 1010 Christus

1829 1023 1868 1059 si
1956 1025 2063 1059 eus.
2207 1040 2210 1042 ν

1826 1023 1892 1059 διε
1909 1023 2063 1061 υειιε.
2207 1040 2210 1042 ⁷

1809 1094 2117 1153 .Hzereticus
2140 1100 2316 1168 itaque
2341 1103 2540 1172 viperei
2571 1106 2752 1159 veneni
2775 1109 2960 1176 poculo
2990 1110 3148 1180 impio
3171 1113 3305 1166 hau-

1758 1191 1842 1238 sto
1869 1184 2136 1241 debriatns
2161 1188 2188 1227 ὶν
2222 1199 2434 1256 gutture
2455 1192 2632 1248 Jesum
2663 1211 2692 1248 a
2714 1195 2975 1252 Nazarer
3016 1200 3178 1252 Deum
3211 1201 3302 1255 de-

1758 1283 1914 1343 negat
1939 1291 2143 1330 verum.
2175 1278 2362 1334 Petrus
2386 1291 2564 1337 autem
2600 1286 2838 1355 Spiritus
2889 1291 3056 1344 sancti
3084 1293 3307 1346 satiatus

1757 1362 2033 1420 dulcedine
2057 1369 2291 1423 omnium
2326 1371 2606 1427 Dominum
2650 1376 2804 1450 labiis
2837 1382 3113 1448 profitetur
3133 1397 3310 1436 sacra-

1758 1453 1847 1506 tis.
1896 1453 1962 1507 Et
2014 1457 2263 1524 quoniam
2311 1459 2566 1516 Dominus
2619 1468 2854 1520 omnium
2918 1470 3029 1537 ipse
3077 1470 3308 1525 sichus

1757 1542 1948 1614 insigni
1969 1549 2279 1614 quantocius
2299 1549 2585 1608 Psalmistas
2598 1555 2853 1610 veraciter
2875 1559 3122 1613 vaticinio
3133 1560 3309 1615 decla-

1758 1640 1923 1686 ratur.
1969 1634 2151 1698 Intret,
2192 1637 2287 1697 ait',
2321 1639 2375 1691 in
2401 1652 2666 1710 conspectu
2701 1644 2814 1712 ejus
2845 1646 2898 1697 in
2924 1646 3261 1701 exsultatione
3281 1665 3301 1700 :

1756 1721 1932 1774 scitote
1965 1725 2209 1792 quoniam
2244 1725 2498 1782 Dominus
2546 1732 2651 1799 ipse
2696 1742 2770 1785 est
2797 1734 2934 1787 Deus
2964 1734 3130 1802 (Psal.
3161 1752 3304 1802 και,

1755 1807 1810 1873 2,
1836 1810 1912 1880 3).
1947 1811 2152 1868 Stultus
2180 1815 2371 1884 quippe
2417 1817 2552 1872 dixit
2597 1821 2649 1873 in
2689 1823 2849 1877 corde
2897 1839 3032 1878 suo:
3077 1824 3197 1880 Non
3228 1836 3302 1882 est

105 1909 243 1962 idem
275 1910 642 1979 apostolorum
669 1913 918 1983 princeps
945 1915 1077 1970 alias
1096 1898 1374 1972 auctorem—
1389 1898 1514 1974 eum'
1537 1924 1657 1977 vim
1685 1935 1731 1994 Β
1765 1898 1897 1985 Deus
1931 1900 2100 1973 (Psal.
2136 1921 2252 1970 XIII,
2285 1907 2356 1976 1).
2406 1906 2838 1977 Sapientissimns
2878 1931 3106 1984 namque
3153 1917 3304 1972 Salo-

100 2000 317 2067 propria
343 1999 532 2054 fuisset
560 2003 877 2058 auctoritate
924 2004 1242 2060 confessus?
1277 2007 1367 2063 Sic
1394 1995 1535 2063 enim
1562 2026 1656 2080 per

1760 2006 1878 2044 mon
1932 1995 2238 2062 prophetico
2269 1999 2501 2054 imbutus
2532 2002 2841 2069 spiramine,
2885 2007 3146 2072 prolixius
3190 2025 3309 2062 ora-

99 2088 568 2154 csprobrationem
595 2087 897 2146 Judzeorunt
939 2093 1191 2170 audacter
1234 2099 1468 2153 retundit
1502 2101 1656 2168 perti-

99 2177 264 2239 diam,
299 2177 504 2256 dicens,
563 2177 659 2232 Vos
688 2190 859 2235 autem
901 2185 1118 2252 petistis,
1160 2186 1257 2251 ait,
1289 2189 1453 2242 uirum
1490 2189 1657 2242 homi-

98 2266 272 2319 cidam
304 2266 489 2321 donari
527 2269 664 2323 vobis
691 2286 710 2323 :
741 2280 1000 2326 auctorem
1031 2291 1147 2328 vero
1172 2277 1285 2330 vita:
1306 2279 1654 2357 interemistis,

95 2371 248 2423 quem
292 2355 439 2410 Deus
486 2358 750 2411 suscitavit
783 2377 814 2412 a
857 2363 1074 2416 mortuis
1125 2362 1262 2433 (Act.
1293 2381 1375 2430 ιιι,
1413 2366 1501 2431 id,
1543 2355 1651 2438 15).

96 2442 288 2499 Nonne
314 2451 371 2497 tu
413 2444 548 2499 dicis
613 2445 882 2500 Christum
928 2445 1129 2513 Jesum,
1172 2451 1262 2520 qui
1305 2453 1655 2524 interemptus

94 2542 205 2598 est,
247 2547 461 2602 semper
506 2535 710 2600 vivens,
741 2545 796 2590 et
821 2553 979 2606 quem
1030 2540 1168 2594 Deus
1209 2543 1507 2608 suscitavit,
1548 2561 1654 2600 non

94 2639 219 2678 esse
273 2623 442 2677 Deum
493 2626 718 2679 verum?
763 2625 955 2682 Petrus
1012 2637 1187 2684 autem
1237 2640 1507 2688 auctorem
1533 2650 1654 2689 eum

94 2713 358 2782 pranlicat
411 2714 554 2768 vitm.
599 2714 802 2770 Auctor
846 2718 1041 2788 quippe
1085 2730 1207 2775 vita:
1257 2723 1431 2795 nullus
1480 2733 1654 2792 potest

93 2804 237 2858 alius
266 2803 372 2857 dici
418 2803 500 2858 vel
535 2805 680 2859 credi
730 2808 1209 2876 nuncupativorum
1265 2812 1482 2866 deorum
1499 2848 1520 2875 -,
1551 2814 1654 2868 nisi

92 2895 166 2948 sit
205 2895 352 2948 Deus
375 2908 554 2957 verus,
605 2897 746 2949 sicut
782 2897 1039 2953 Dominus
1093 2907 1274 2953 noster
1321 2899 1474 2955 Jesus
1501 2901 1653 2956 Chri-

93 2993 212 3037 stus
263 2981 429 3036 Filius
456 2982 549 3036 Dei
575 2982 699 3046 vivi,
732 2985 1176 3051 quemadmodum
1225 2989 1336 3056 ipse
1359 2989 1423 3043 de
1467 2999 1655 3044 semet-

92 3073 214 3141 ipso
279 3079 527 3126 testatur.
576 3071 688 3142 Ego
749 3091 884 3139 sum,
947 3076 1043 3142 ait,
1108 3082 1410 3134 resurrectio
1471 3092 1518 3137 et
1552 3084 1654 3137 vita

94 3163 280 3230 (Joan.
313 3180 385 3228 χι,
417 3164 530 3234 25).
572 3164 638 3220 Ει
690 3167 855 3223 illud:
886 3169 998 3240 Ego
1051 3188 1166 3224 sum
1210 3173 1312 3237 ria,
1373 3176 1578 3240 veritas,
1607 3187 1652 3229 et

94 3257 221 3308 rita.
266 3256 382 3320 Dic,
413 3272 593 3325 quzeso
624 3266 696 3323 te,
727 3260 850 3324 dic;
893 3275 998 3314 non
1046 3269 1099 3314 te
1143 3263 1322 3332 pigeat
1375 3266 1652 3320 veritatem

94 3344 282 3414 loqui;
330 3346 419 3398 ubi
448 3333 640 3415 legisse
669 3355 719 3400 te
749 3348 938 3402 recolis
977 3350 1043 3404 de
1085 3350 1189 3404 alio
1215 3351 1450 3420 quolibet
1497 3354 1654 3424 129

95 3433 463 3502 nuncupativo
520 3435 630 3489 Deo
673 3437 932 3505 scriptum
967 3455 979 3489 :
1038 3437 1150 3507 Ego
1186 3455 1300 3492 sum
1335 3440 1436 3504 via,
1467 3443 1652 3496 veritas

92 3531 139 3574 ct
169 3524 274 3576 vita
297 3523 323 3576 .9
359 3523 427 3576 Et
453 3538 578 3578 vere
629 3525 763 3589 scio,
813 3527 938 3594 quia
985 3543 1256 3596 nunquam
1296 3529 1492 3600 legisti,
1522 3546 1657 3586 nun-

93 3630 258 3683 quam
287 3616 397 3669 eris
447 3616 700 3671 lecturus.
741 3617 850 3672 Cur
889 3633 1018 3687 ergo
1069 3635 1174 3672 non
1217 3629 1269 3672 te
1316 3622 1556 3691 corrigas
1590 3623 1656 3676 ad

92 3703 261 3767 viam,
291 3715 453 3772 quam
479 3706 565 3758 diu
587 3705 804 3758 devians
823 3721 1006 3760 errare
1029 3706 1280 3777 fatigatus
1306 3724 1410 3763 non
1440 3710 1659 3766 cessas?

92 3787 199 3844 Cur
257 3808 364 3847 non
419 3794 764 3863 amplecteris
827 3797 1154 3852 veritatem?
1190 3799 1472 3868 Quousque
1526 3800 1658 3856 falso

93 3882 388 3937 frustratus
434 3899 618 3939 errore
675 3888 934 3943 mendacii
986 3893 1223 3959 sequeris
1267 3895 1520 3960 patrem?
1551 3893 1660 3948 Cur

94 3990 195 4028 non
238 3976 630 4045 concupiscens
680 3978 950 4033 desideras
999 3982 1394 4048 apprehendere
1449 3985 1660 4039 vitam?

96 4062 386 4134 Usquequo
413 4066 754 4134 sequipedam
782 4079 808 4107 ι
854 4067 1190 4138 ιιιυιιίενεεεθ
1236 4085 1341 4126 non
1370 4079 1420 4126 te
1441 4072 1659 4142 pudebit

161 4209 185 4236 ι
216 4195 568 4269 Sequipedam
597 4199 777 4269 mortis
806 4215 912 4252 esse
940 4217 1042 4254 non
1063 4209 1110 4253 te
1138 4201 1342 4269 pudebit
1361 4205 1666 4258 auctorem?

97 4265 387 4386 Sequigeda
420 4280 518 4346 pro
541 4267 835 4346 pedisequo.
865 4269 977 4324 lloc
1019 4265 1266 4348 Latinum
1292 4278 1521 4326 etvetus
1544 4288 1662 4327 ver-

97 4335 216 4386 bum
287 4335 465 4386 lautus
499 4352 551 4386 In
578 4334 738 4386 Milite
762 4337 894 4386 ttlnr.
926 4355 976 4386 ν-
1034 4338 1170 4386 1028
1195 4380 1209 4386 -
1239 4351 1343 4386 act-
1377 4357 1448 4386 ιν,
1476 4357 1551 4386 ac-
1582 4341 1618 4386 9
1644 4361 1655 4386 ξ

95 4335 216 4388 bum
241 4334 465 4388 Plautus
499 4334 551 4388 in
578 4334 738 4390 Milite
762 4337 894 4407 glor.
926 4355 976 4392 v.
1034 4338 1170 4395 1028
1195 4380 1210 4405 ,
1239 4351 1343 4395 act.
1367 4357 1451 4405 _tv.
1476 4357 1551 4396 sc.
1582 4341 1618 4396 2
1644 4361 1658 4396 :

342 4427 650 4491 Pedisequus
667 4431 756 4479 tibi
781 4445 907 4482 sum.

160 4511 448 4566 Terentius
478 4510 530 4564 in
553 4511 752 4564 Andria
777 4528 828 4565 v.
861 4513 984 4578 120,
1006 4520 1110 4569 act.
1131 4529 1169 4578 ι,
1194 4530 1270 4570 sc.
1305 4517 1328 4569 1
1368 4535 1378 4570 :

340 4597 532 4648 Accedo
553 4599 611 4647 ad
635 4600 944 4664 pedisequas.

160 4681 292 4736 Illud
328 4689 513 4756 autem
551 4697 582 4734 a
620 4681 807 4756 media:
843 4683 1124 4756 latinitatis
1156 4686 1522 4756 scriptoribus
1550 4700 1657 4744 tre-

95 4748 682 4820 quenter'usurpatum.
711 4751 1027 4808 Anastasius
1051 4755 1187 4809 Bibl.
1216 4748 1560 4812 in'Zacbaria
1593 4757 1653 4812 Ρ.

96 4765 322 4820 quenter
346 4765 682 4871 usurpatum.
711 4765 1027 4808 anastasms
1051 4765 1187 4809 Bibl.
1216 4765 1268 4810 in
1303 4765 1560 4840 lacuaria
1593 4765 1653 4812 ι’.

96 4838 146 4873 ιι.
187 4835 368 4900 marg.
392 4819 456 4872 21
507 4821 686 4900 ._edit.
729 4821 1047 4900 Rom.'l7l8_
1073 4841 1138 4900 τέ
1183 4823 1287 4880 Sed
1325 4825 1525 4900 Christi
1553 4827 1658 4900 fre-

96 4900 185 4968 _tus
199 4890 427 4968 auxilio,
452 4890 706 4968 audacter
733 4907 983 4968 egressus
1015 4894 1079 4946 de
1095 4893 1480 4968 Ravennatium
1504 4899 1656 4960 urbe,

94 4961 142 5012 in
159 4959 836 5034 ﬁnibusLongobardoruin
851 4963 1382 5034 in_gressus‘,sequipcs
1397 4966 1566 5021 factus
1579 4959 1664 5022 est

75 5031 201 5084 *suis
219 5031 422 5084 missis.
451 5049 469 5080 ι
494 5027 557 5083 Ιιι
580 5027 853 5100 Stephano
877 5027 960 5100 11],
982 5048 1035 5088 n.
1061 5027 1232 5088 248εᾶ
1261 5027 1659 5100 PipinusFran—

98 5115 275 5154 eorum
319 5115 436 5160 rex.
469 5098 706 5168 sequipes
731 5099 892 5154 etiam
917 5099 1051 5167 ejus,
1081 5111 1186 5156 etc.
1236 5121 1253 5154 ι
1297 5098 1362 5157 Et
1394 5105 1445 5158 in
1472 5104 1660 5159 Adria-

99 5184 163 5222 no
187 5169 224 5230 l,
250 5187 304 5223 ιι.
334 5168 484 5241 ὃρξὶε
519 5186 536 5217 ι
574 5167 720 5223 Unde
745 5170 919 5241 etiam
957 5172 1250 5241 segnipedes
1275 5181 1482 5228 vestros
1522 5173 1656 5228 diri-

102 5253 217 5304 gere
258 5237 489 5293 studebo
517 5247 663 5304 incus
686 5240 895 5293 missos.
930 5259 946 5291 ι
986 5237 1282 5295 Concilium
1312 5242 1655 5298 Aurelianen.

99 5303 148 5384 ἡ..
176 5323 294 5388 can:
323 5309 358 5361 5
385 5325 397 5359 :
434 5325 479 5388 in
499 5303 652 5386 Quod
689 5308 848 5388 etiam
888 5307 1290 5388 de_p_ropinquis
1321 5309 1533 5388 feminis
1559 5312 1665 5366 bo-

102 5375 168 5428 ris
197 5376 567 5452 indecentibus
586 5375 833 5452 similiter
843 5375 1212 5452 prohibemus,
1237 5397 1301 5434 ne
1325 5381 1422 5452 sub
1443 5390 1662 5452 concesé

101 5460 154 5498 sa
191 5447 287 5500 sibi
328 5446 550 5518 licentia
597 5445 864 5518 parentali
893 5448 961 5500 ab
989 5463 1174 5518 earum
1217 5445 1517 5518 sequipedis
1542 5466 1659 5504 me-

103 5524 423 5585 moratarum
469 5515 580 5566 vita
611 5515 692 5568 vel
723 5515 900 5584 opinio
936 5517 1217 5585 polluatur.
1260 5539 1276 5570 ι
1296 5515 1534 5574 Ioannes
1561 5518 1659 5574 Sa—

106 5582 436 5655 rigsbericnsis
471 5597 576 5637 non
598 5582 846 5655 sequipes.
886 5582 977 5641 sed
998 5587 1291 5655 sequipeda.
1325 5598 1384 5644 ut
1408 5588 1656 5644 Paulinus

105 5648 185 5723 hic
225 5665 423 5719 wster,
459 5662 515 5707 et
549 5648 778 5723 allatum
826 5648 1108 5710 concilium
1138 5648 1504 5723 Aurelianen.,
1549 5659 1652 5714 .lib.

106 5737 138 5779 ι,
165 5721 406 5798 Denugis
442 5720 636 5777 curial.
672 5726 884 5798 gap.__15
913 5743 923 5777 :
970 5746 986 5776 ι
1022 5725 1182 5780 Canis
1209 5720 1653 5798 sequipeda'com-

110 5792 434 5849 Inotlissitnus
464 5802 566 5847 est.
617 5811 633 5842 ι
670 5792 740 5846 Et
772 5793 862 5850 lib.
896 5811 952 5848 ιιι
983 5835 995 5853 .
1054 5811 1167 5865 mp.
1200 5796 1230 5848 6
1258 5792 1282 5848 ε’
1311 5816 1327 5848 ι
1351 5792 1360 5798 ⁷
1381 5798 1478 5864 Qui
1531 5807 1654 5852 sunt

1755 2080 1916 2135 tionis
1972 2085 2108 2138 serie
2151 2089 2479 2156 promulgata
2508 2131 2522 2152 ,
2581 2101 2905 2160 protestatur
2958 2096 3182 2151 dicens:
3240 2099 3306 2150 Ut

1753 2170 1917 2224 sciant
1939 2174 2160 2227 universi
2179 2185 2432 2230 terrarum
2459 2180 2652 2248 papuli,
2673 2183 2810 2250 quod
2843 2182 3094 2238 Donnnus
3116 2186 3222 2254 ipse
3239 2189 3306 2239 sit

1756 2260 1894 2315 Deus
1910 2263 2027 2331 (III
2045 2265 2171 2336 Reg.
2197 2283 2310 2330 \‘lll,
2332 2267 2442 2338 60).
2462 2271 2524 2324 Et
2547 2271 2670 2324 illud
2695 2272 2858 2328 Jacob
2881 2277 3226 2344 patriarchae:
3247 2280 3307 2330 Si

1757 2367 2023 2417 reversus,
2079 2357 2290 2424 inquit,
2322 2359 2469 2426 fuero
2511 2380 2748 2433 prospere
2792 2367 2845 2419 in
2894 2368 3100 2421 domum
3145 2371 3305 2438 patris

1754 2440 1871 2501 mei,
1897 2441 1992 2492 erit
2023 2443 2146 2496 mihi
2179 2443 2426 2500 Dominus
2449 2451 2501 2502 in
2530 2450 2691 2504 Deum
2719 2470 2736 2506 :
2765 2465 2810 2506 et
2855 2456 2986 2524 lapis
3024 2457 3135 2520 iste,
3158 2474 3306 2527 quem

1750 2528 1908 2590 erexi,
1948 2530 2002 2583 in
2049 2531 2254 2585 titulum
2301 2533 2454 2603 (Gen.
2502 2554 2689 2603 xxvnl,
2727 2541 2810 2602 21,
2843 2542 2955 2612 22).
3005 2545 3137 2599 llinc
3171 2546 3306 2598 alias

1754 2617 2108 2674 concinnatim
2151 2621 2203 2674 in
2227 2623 2446 2691 praefato
2480 2626 2678 2696 Regum
2715 2629 2979 2685 volumine
3014 2634 3113 2685 sub
3138 2634 3308 2700 optio-

1754 2705 1838 2760 nis
1893 2707 2057 2778 iigura
2109 2711 2176 2765 ab
2229 2713 2340 2767 Elia
2398 2719 2771 2784 problematice
2819 2724 3089 2790 prophetis
3144 2723 3330 2778 Belial

1753 2797 2018 2862 proposita
2071 2799 2264 2856 clarius
2313 2804 2726 2863 demonstratur.
2763 2811 2893 2864 Cum
2943 2813 3310 2868 invocantibus

1754 2883 1857 2974 illis
1882 2887 2011 2941 deos
2037 2905 2161 2944 suos
2187 2891 2318 2946 nihil
2340 2883 2551 2964 dignum
2583 2909 2757 2954 actum
2781 2902 2867 2967 sit,
2894 2903 3165 2972 puriﬁcata
3191 2919 3309 2974 pro-

1754 2972 1897 3029 tinus
1921 2977 1986 3031 ab
2014 2977 2127 3032 Elia
2152 2983 2404 3051 propheta
2433 2986 2615 3041 altaris
2641 2991 2838 3044 struice
2867 3003 2914 3054 ο,
2958 2972 3307 3062 invocatoun
3333 3066 3335 3068 η

1754 3065 2129 3134 omnipotentis
2166 3069 2372 3149 Domini
2419 3074 2506 3128 Dei
2541 3075 2659 3130 cmli
2712 3078 3032 3146 sempiterno
3070 3082 3302 3144 nomine.

1756 3155 2070 3211 sacrificium
2102 3160 2250 3215 bovis
2271 3161 2429 3216 altari
2472 3160 2959 3235 superimpositum,
3010 3169 3309 3238 perfusum-

1681 3249 1728 3312 α
1757 3257 1859 3311 que
1883 3252 1964 3298 ter
2005 3245 2319 3304 salientibus
2340 3266 2598 3320 aquarum
2623 3255 2852 3320 undulis,
2889 3273 3010 3311 mox
3037 3258 3192 3327 ignis,
3216 3274 3308 3311 va-

1755 3333 2062 3399 porantibus
2084 3336 2334 3402 llamm's,
2360 3343 2687 3410 consumpsit
2707 3343 2934 3399 divinus.
2970 3345 3133 3415 Cujus
3167 3346 3310 3401 vide-

1757 3422 1879 3478 licet
1907 3431 2015 3478 tam
2037 3425 2241 3497 insigne
2277 3428 2483 3484 detecta
2510 3435 2788 3502 perspicuo
2813 3451 3024 3490 rumore
3067 3439 3308 3491 miraculi

1755 3502 1999 3583 veritate,
2026 3519 2348 3576 admirantes
2389 3525 2745 3594 prostratique
2770 3527 2824 3580 in
2873 3536 3070 3581 terram
3099 3530 3304 3597 populi.

1756 3605 1990 3673 repetita:
2012 3609 2192 3678 utique
2214 3611 2465 3666 continuo
2490 3613 2646 3667 unius
2669 3613 3009 3685 ejusdemque
3030 3617 3172 3671 vocis
3197 3618 3307 3672 om-

1755 3697 1856 3760 cio,
1879 3697 2140 3766 professio
2185 3710 2341 3755 recta:
2369 3701 2488 3758 fidei
2526 3706 2912 3774 promulgatur,
2934 3722 3053 3761 cum
3079 3708 3304 3763 celerius

1756 3787 2080 3843 subiniertur
2105 3804 2119 3842 :
2147 3789 2419 3858 Dominus,
2454 3793 2717 3863 inquiunt,
2746 3798 2852 3866 ipse
2885 3809 2960 3852 est
2995 3797 3133 3852 Deus
3187 3799 3307 3870 (111

1759 3876 1886 3948 Reg.
1915 3895 2064 3944 xvlu,
2094 3881 2205 3951 59).
2224 3872 2366 3936 Hinc
2392 3884 2587 3937 etenim
2607 3885 2824 3952 prolata
2847 3885 2966 3939 fidei
2987 3885 3300 3954 professioni

1759 3975 1810 4022 et
1837 3969 1961 4024 illud
1994 3986 2100 4025 non
2125 3972 2555 4027 inconvenienter
2577 3974 2900 4029 concordare
2927 3983 3128 4031 certum
3162 3977 3306 4032 baud

1757 4059 1918 4117 dubio
1957 4063 2250 4117 aestimatur
2273 4103 2288 4129 ,
2317 4063 2478 4118 veluti
2504 4065 2556 4118 in
2597 4080 2748 4120 sacra
2782 4066 3002 4122 historia
3049 4070 3103 4122 in
3135 4067 3308 4124 verbis
3396 4123 3405 4131 ,

1757 4197 1924 4266 enim.
1962 4234 1975 4266 .
2021 4235 2034 4248 .
2058 4234 2090 4266 ξ.
2134 4233 2147 4247 .
2177 4195 2268 4266 qui
2288 4195 2678 4266 sequipedarum
2703 4197 2964 4266 stipantur
2987 4201 3258 4255 comitatu.
3281 4220 3302 4254 ι

1757 4264 1860 4319 Pro
1883 4264 2174 4318 imitatione
2194 4264 2478 4334 aliquando
2503 4264 2816 4334 usurpatum
2836 4283 2864 4320 a
2887 4269 3110 4325 concilio
3137 4271 3306 4326 Turo—

1758 4350 1882 4388 nen.
1932 4349 1993 4394 ιι,
2033 4347 2152 4387 can.
2181 4333 2252 4387 22
2279 4349 2291 4385 :
2320 4351 2338 4382 ι
2371 4333 2728 4402 Cognovimus
2757 4338 3038 4392 nonnullos
3081 4340 3303 4395 inveniri

1758 4402 2057 4473 sequipedas
2079 4403 2276 4456 erroris
2299 4403 2618 4473 antiqui,qui
2648 4403 2767 4459 Kal.
2789 4404 3026 4460 Januarii
3053 4409 3252 4462 colunt.
3281 4430 3301 4460 ι

1759 4471 1875 4538 Quo
1904 4471 2057 4526 modo
2078 4479 2130 4524 et
2155 4473 2244 4526 hic
2263 4471 2432 4525 utitur
2460 4471 2709 4526 Paulinus
2733 4489 2933 4529 noster.
2958 4476 3092 4532 Hinc
3116 4478 3303 4532 vitium

1765 4543 1820 4619 in
1849 4541 2073 4594 lectione
2111 4541 2252 4619 edita
2281 4539 2522 4619 subolere
2548 4543 2676 4619 mihi
2722 4544 2902 4600 videor
2925 4585 2941 4610 ,
2981 4561 3102 4601 cum
3151 4547 3300 4619 lego:

1691 4589 1750 4650 θ

1761 4678 2157 4756 quctorem3‘8i'
2186 4678 2470 4756 sequipeda
2499 4690 2602 4756 est,
2629 4690 2812 4756 auctor
2832 4699 3072 4756 essenon
3096 4678 3303 4756 'potest.

1762 4747 1962 4802 Auctor
2003 4749 2145 4828 enim
2169 4747 2275 4802 est'
2297 4748 2385 4818 qui
2416 4750 2566 4870 praeit
2591 4763 2606 4802 :
2633 4752 2919 4832 sequipeda
2964 4757 3053 4826 qui
3085 4747 3306 4826 vestigia

1762 4818 2003 4870 sequitur
2024 4825 2077 4870 et
2124 4817 2388 4870 imitatur.
2444 4817 2542 4870 deo
2569 4833 2795 4870 COIHCIO
2842 4837 2946 4870 non
2982 4840 3101 4870 ρεςιη
3128 4826 3306 4870 leam-

1762 4818 2003 4906 sequitur
2024 4825 2077 4872 et
2124 4815 2388 4906 imitatur.
2417 4815 2542 4872 ldeo
2569 4815 2805 4906 coniicio
2834 4837 2946 4906 ‘nou
3128 4815 3307 4906 legeb-

1763 4887 2197 5008 gnrgmauctorem
2220 4926 2246 4952 ,.
2267 4887 2361 4941 sed
2387 4889 2612 4941 auctoris
2633 4928 2647 4951 ,
2690 4888 2746 4944 id
2769 4899 2852 4945 est
2872 4894 3078 4958 mortis,
3105 4887 3309 4964 quiest

1801 4971 1848 5008 ta
1943 4970 2023 5008 us.

1764 4955 2023 5011 diabolus.
2841 5009 2852 5014 -

1834 5023 1862 5063 ι)
1885 5023 2080 5077 Pocula
2113 5024 2296 5077 hausto
2317 5023 2608 5086 debriatus,
2638 5025 2691 5079 id
2718 5035 2799 5083 est
2831 5029 2979 5083 valde
3007 5031 3190 5088 ebrius
3234 5035 3310 5089 cf-

1763 5091 1932 5171 fectus
1957 5111 1969 5146 :
2003 5092 2264 5171 particula
2300 5093 2449 5171 enim
2479 5092 2542 5147 de
2565 5093 2765 5171 adjecta
2780 5097 3027 5171 intendit
3045 5101 3307 5171 signiﬁca-

1765 5162 1975 5242 iioneni‘
1982 5162 2151 5225 verbi,
2175 5163 2259 5242 ξιξ
2283 5162 2590 5242 εἰὶξὶιιιιιξξξχ
2613 5163 2833 5220 Bortbio
2848 5165 2904 5220 in
2922 5168 3062 5225 notis
3093 5162 3158 5227 ad
3189 5173 3216 5242 ἓ
3246 5175 3302 5226 11

1764 5232 1868 5285 nn.
1894 5230 2317 5310 lf‘Saerosyllabi.
2343 5230 2472 5310 Vide
2497 5232 2588 5287 ibi.
2697 5302 2709 5310 _
3121 5285 3132 5310 κ

1837 5311 1857 5338 ο
1882 5299 2326 5375 Altarisstruicc,
2351 5301 2574 5375 verbum
2594 5302 2875 5375 antiquum
2916 5299 3191 5375 usurpavit
3223 5309 3312 5365 hic

1766 5369 2038 5450 Paulinus.
2064 5369 2195 5423 Nam
2232 5370 2565 5450 struicespait
2592 5369 2799 5436 Festus,
2832 5369 3086 5450 dicebant
3098 5380 3310 5450 antiqui

1766 5439 2001 5510 omnium
2026 5453 2200 5510 rerum
2228 5439 2625 5510 exstructiones
2648 5457 2662 5502 ;
2684 5451 2872 5510 estque
2899 5443 3024 5498 illud
3053 5445 3223 5502 Plauti
3235 5439 3303 5504 'in

1765 5507 2120 5562 Menzechmis.
2146 5523 2194 5558 v.
2221 5506 2340 5569 112,
2373 5518 2477 5562 act.
2506 5524 2542 5561 ι.
2565 5525 2641 5564 sc.
2673 5510 2692 5562 1
2729 5525 2744 5562 :

1942 5599 2117 5648 Tantas
2138 5600 2338 5647 struices
2357 5599 2607 5648 concinnat
2629 5600 2901 5660 patinarias.

1763 5680 1926 5761 igitur
1971 5679 2208 5761 Paulino
2233 5679 2531 5761 puri/licata“
2555 5679 2742 5761 altaris
2765 5684 2953 5761 struice
2999 5692 3078 5738 est
3127 5687 3312 5754 ρανίβ-

1762 5749 1878 5802 cata
1893 5749 2155 5872 lignorum
2168 5757 2313 5804 strue
2335 5764 2395 5804 ex
2426 5749 2615 5818 quibus
2632 5749 2832 5806 scilicet
2854 5752 3021 5806 altare
3041 5749 3308 5812 construe-

1765 5829 1872 5872 tum
1923 5827 2089 5874 itcrat.
