3926 6430
580 489 683 541 4υῦ

1481 477 1534 532 S.
1572 474 1840 530 PAELlNl
1876 466 2332 528 PA'l'RlAllCllrﬁ
2371 454 2832 532 AQUiLElENSlS

3676 457 3788 515 ιω

582 599 862 654 llubenitis
906 606 960 652 et
998 594 1254 657 Gailditis,
1311 601 1364 645 et
1408 588 1647 644 dimidia:
1706 586 1877 638 tribus
1929 582 2120 651 legitur
2146 582 2193 639 Α
2220 579 2414 632 stantia
2443 585 2636 630 nostra:
2656 574 2831 634 carnis
2857 588 3013 640 quam
3122 573 3326 643 virgine
3347 570 3598 638 sumpsit,
3626 568 3790 623 habi-

584 691 838 743 Manasse.
867 687 996 742 Nam
1020 700 1140 740 cum
1184 683 1367 737 durius
1394 681 1839 748 redarguerentur
1862 673 2128 741 legatione

582 778 858 832 insistente
890 774 1113 828 filiorum
1134 769 1319 834 Israel,
1349 782 1574 836 quorum
1594 765 1840 834 princeps
1865 767 1981 812 erat
2004 758 2129 810 Phi-

581 881 707 920 nees
744 864 951 918 Domini
981 861 1246 923 sacerdos,
1283 855 1558 925 conquesti
1586 852 1835 920 nimirum
1861 849 1927 902 de
1946 846 2129 900 altaris

579 960 726 1011 mira:
753 953 1129 1025 magnitudinis
1161 947 1574 1009 constructione,
1602 958 1668 996 ne
1688 941 1825 995 forte
1852 953 1948 1008 per
1975 937 2127 990 indu-

578 1048 759 1102 striam
781 1045 835 1099 in
858 1045 1000 1099 cultu
1019 1044 1240 1096 Deorum
1268 1039 1502 1108 gentium
1529 1033 1845 1088 aedificatum
1868 1029 2124 1083 cernitur.

577 1139 706 1205 Quae
733 1133 925 1192 cuncta
976 1132 1269 1200 allegorica:
1301 1125 1645 1197 expositionis
1679 1121 1914 1190 indigent
1965 1120 2126 1171 docu-

577 1225 786 1285 mentis,
813 1239 844 1276 a
869 1222 1060 1290 quibus
1084 1219 1204 1288 styli
1220 1218 1472 1271 elevatius
1491 1229 1748 1283 suspenso
1771 1219 2127 1278 temperamus

578 1326 851 1374 mucrone,
890 1325 956 1364 ne
989 1308 1124 1362 forte
1149 1307 1368 1376 legentis
1404 1305 1613 1358 animus
1639 1301 1856 1370 prolixae
1889 1299 2126 1366 disputa-

575 1402 738 1456 tionis
767 1400 1025 1454 recensita
1049 1398 1186 1452 serie
1211 1396 1475 1464 fatigetur.
1509 1379 1812 1460 Objurgat'is
1855 1389 2016 1456 igitur
2037 1402 2127 1440 ve-

576 1493 852 1546 hementer
885 1489 1087 1542 duabus
1114 1493 1166 1539 et
1211 1484 1425 1539 dimidia
1465 1483 1605 1534 tribu
1626 1520 1641 1543 ,
1671 1477 2007 1546 respondisse
2033 1489 2125 1527 eos

576 1581 770 1634 talibus
788 1585 1095 1632 constanter
1118 1570 1595 1640 Scripturaverbis
1614 1567 1894 1638 depromit.
1923 1563 2125 1616 Fortis-

574 1672 734 1724 simus
759 1709 773 1734 ,
806 1668 1089 1737 inquiunt,
1141 1663 1281 1717 Deus
1330 1646 1617 1723 Dominus,
1645 1656 1956 1726 fortissimus
1986 1653 2123 1705 Deus

574 1760 851 1822 Dominus,
868 1758 972 1826 ipse
985 1755 1119 1808 novit
1133 1754 1176 1806 si
1193 1750 1630 1822 prwvaricationis
1646 1748 1818 1800 animo
1838 1747 1933 1798 hoc
1958 1743 2125 1796 altare

580 1847 958 1901 ronstruximus
979 1860 997 1896 :
1015 1853 1060 1897 et
1093 1859 1194 1895 non
1228 1858 1288 1894 ea
1310 1840 1473 1907 magis
1501 1837 1806 1906 cogitatione
1833 1843 1983 1902 atque
2010 1841 2122 1884 tra-

2227 677 2343 720 tare
2378 664 2606 720 confessi
2649 671 2794 728 sunt,
2821 670 2874 716 et
2906 664 3073 730 ipsum
3121 662 3470 728 eumdemque
3501 673 3570 712 ex
3623 664 3793 710 utero

2217 757 2390 807 'unum
2419 768 2516 806 nos
2535 752 2698 822 Deum
2727 751 2944 804 credere
2990 750 3084 802 Dei
3110 749 3302 802 Filium
3338 761 3526 800 verum
3576 746 3790 799 docue-

2224 849 2365 896 runt.
2419 841 2500 893 Tu
2542 854 2670 894 vero
2703 838 2958 906 sacrilego
2983 852 3075 891 ore
3123 837 3289 890 Deum
3327 850 3514 888 verum
3563 834 3790 887 habita-

2225 942 2435 996 torem;
2485 931 2649 984 Deum
2687 944 2915 998 namque
2956 927 3370 994 nuncupativum
3419 932 3634 978 astrues
3677 937 3792 990 quo

2225 1022 2512 1075 habitatur.
2565 1020 2632 1072 Et
2656 1035 2722 1073 ex
2773 1020 2874 1072 hoc
2903 1019 3092 1072 merito
3125 1015 3398 1070 infamaris
3438 1016 3576 1067 duos
3606 1015 3787 1066 intro-

2225 1110 2417 1163 dueere
2458 1109 2615 1170 Deos,
2652 1123 2838 1161 verum
2874 1113 2927 1159 et
2961 1105 3398 1172 nuncupativum,
3447 1117 3572 1156 cum
3621 1101 3696 1154 sit
3721 1116 3790 1153 ex

2225 1198 2428 1250 duabus
2450 1197 2656 1250 naturis
2680 1210 2816 1248 unus
2835 1203 2888 1247 et
2911 1208 3068 1246 verus
3082 1194 3237 1247 Deus.
3262 1191 3412 1256 Quod
3439 1192 3484 1244 si
3508 1205 3616 1242 non
3647 1205 3794 1242 unus

2224 1295 2279 1339 et
2313 1300 2473 1339 verus
2523 1285 2663 1338 Deus
2716 1299 2778 1336 ex
2835 1291 3058 1350 utraque
3094 1289 3147 1334 et
3204 1281 3254 1333 in
3291 1288 3517 1346 utraque
3566 1287 3790 1340 natura,

2225 1375 2402 1428 divina
2424 1373 2626 1427 scilicet
2651 1380 2706 1425 et
2730 1373 2981 1434 humana,
3016 1371 3116 1426 hoc
3151 1378 3234 1424 est
3257 1377 3490 1444 terrena,
3517 1369 3794 1422 discretus

2224 1463 2542 1527 substantia,
2565 1464 2882 1518 indiscretus
2894 1467 3130 1516 maneret
3149 1473 3376 1528 persona
3402 1475 3415 1523 ;
3439 1473 3790 1528 nequaquam

2223 1553 2363 1607 idem
2397 1552 2652 1620 propheta
2681 1551 2857 1604 addito
2877 1547 3223 1616 jurejurando
3248 1549 3473 1610 diceret,
3502 1548 3608 1610 Qui
3629 1548 3788 1615 jurat

2221 1640 2278 1692 in
2298 1648 2458 1700 terra,
2477 1638 2625 1706 jurat
2645 1639 2698 1688 in
2725 1636 2855 1699 Deo,
2887 1641 3055 1688 amen.
3091 1635 3246 1688 Amen
3285 1634 3480 1702 quippe
3501 1649 3686 1686 sermo
3707 1643 3793 1686 est

2215 1724 2583 1798 jurisjurandi,
2609 1734 2661 1779 et
2689 1726 2811 1779 licet
2862 1723 3207 1778 transferatur
3234 1739 3299 1777 ex
3344 1724 3570 1776 Hebraeo
3597 1723 3652 1775 in
3681 1722 3789 1775 La-

2225 1817 2396 1870 tinum
2422 1815 2685 1883 eloquium
2711 1830 2822 1866 uere
2849 1813 2959 1866 sive
2986 1812 3204 1880 ﬁdeliter
3246 1812 3366 1880 plus
3390 1819 3570 1876 tamen
3593 1812 3790 1880 mysti-

582 1946 740 1997 rtatu,
770 1944 822 2002 ut
848 1933 901 1986 in
921 1931 1263 1985 testimonium
1294 1903 1420 1980 esset
1448 1903 1579 1979 inter
1606 1925 1743 1994 ﬁlios
1769 1931 1958 1976 vestros
1985 1929 2030 1972 et
2057 1920 2123 1986 β·
2148 1904 2204 1966 Β
2229 1921 2290 1960 08
2311 1903 2713 1961 Vimineﬂabilis
2740 1911 3031 1973 Ρΐωῐηοηθῑ
3056 1903 3397 1965 sacramenti,
3420 1917 3587 1970 (tuam
3615 1910 3794 1956 trans-

581 2029 677 2080 lios
700 2035 898 2078 nostros
925 2041 942 2081 :
965 2040 1026 2075 ne
1054 2021 1185 2090 forte
1204 2019 1426 2075 dicerent
1453 2017 1552 2086 filii
1577 2015 1727 2068 vestri
1755 2029 1869 2066 cras
1889 2010 2013 2082 ﬁliis
2037 2028 2128 2064 no.

578 2117 738 2169 stris;
769 2130 870 2168 non
895 2113 1031 2165 vobis
1074 2125 1195 2180 pars
1245 2107 1316 2160 uel
1346 2103 1620 2160 [Hereditas
1661 2103 1715 2155 in
1747 2100 1967 2153 Domino
2019 2099 2127 2152 Deo

580 2203 747 2258 Israel
770 2203 902 2272 (Jos.
925 2217 1036 2254 uti
1055 2222 1082 2261 ·,
1109 2197 1176 2250 ἓΞ
1204 2236 1219 2262 ,
1248 2195 1374 2264 seq).
1408 2194 1473 2247 Et
1506 2189 1806 2258 huiusmodi
1836 2189 2130 2243 connexius

575 2295 861 2348 verborum
919 2288 1195 2357 sequentia
1248 2283 1626 2346 extendentes,
1665 2283 1732 2336 ad
1771 2296 1893 2335 eum
1937 2281 2131 2350 perdu-

577 2393 722 2436 ctum
754 2389 834 2434 est
879 2377 1067 2432 limitis
1119 2360 1422 2437 terminum,
1451 2367 1712 2441 quatenus
1758 2369 1932 2423 finalis
1980 2369 2130 2424 verbi

577 2469 1094 2548 i-lausulamp'iolatzc
1117 2465 1219 2538 [An
1243 2461 1559 2533 inviolatm?]
1580 2460 1719 2531 cingi
1748 2460 1868 2514 tidei
1892 2461 2131 2525 inspecta

583 2569 968 2619 monstraretur
1011 2573 1231 2614 censura
1260 2597 1272 2619 ,
1323 2571 1441 2610 cum
1477 2554 1720 2623 protinus
1763 2550 2129 2607 subinfertur;

593 2652 1006 2720 E’ocareruntque
1052 2631 1149 2716 ﬁlii
1201 2645 1378 2700 Ruben
1407 2652 1454 2696 et
1507 2639 1623 2694 Gad
1663 2639 1847 2704 altare,
1901 2639 2132 2695 testimo-

578 2742 719 2792 nium
741 2747 971 2791 nostrum
999 2735 1135 2804 quod
1172 2733 1418 2784 Dominus
1443 2730 1549 2798 ipse
1578 2729 1644 2780 sit
1677 2726 1814 2780 Deus
1837 2726 1996 2796 (Ibid.
2021 2726 2130 2797 34)..

577 2831 715 2884 l-Icce
748 2826 1062 2900 principium
1089 2820 1446 2892 responsionis
1488 2834 1669 2873 eorum
1710 2833 1817 2870 non
1851 2816 2140 2886 quemlibet

577 2920 764 2978 Deum,
819 2915 910 2969 sed
957 2912 1301 2968 fortissimum
1340 2910 1505 2964 Deum
1550 2908 1832 2961 Dominum
1861 2907 2139 2973 signantes

579 3006 835 3060 insinuat.
864 3004 998 3057 Ecce
1025 3001 1146 3057 finis
1165 3000 1314 3064 dicti,
1357 2997 1725 3052 Testimonium
1759 3004 1990 3048 nostrum
2011 3009 2138 3062 pro-

582 3083 771 3159 fertur:
809 3092 947 3163 quod
975 3091 1226 3144 Dominus
1276 3088 1383 3156 ipse
1418 3085 1484 3138 sit
1529 3083 1689 3137 Deus.
1718 3081 1872 3149 Quod
1923 3082 2138 3152 quidem

580 3185 941 3242 testimonium
971 3197 1074 3236 non
1094 3178 1322 3248 speciale
1346 3177 1535 3232 harum
1564 3174 1926 3229 tantummodo
1949 3172 2135 3229 existi.

2225 1995 2408 2049 latoris
2448 1995 2621 2049 valeat
2639 1992 2921 2047 efﬁcaciter
2954 1993 3131 2062 lingua
3156 1993 3539 2061 proprietatem
3575 1992 3790 2061 plenius

2225 2085 2525 2153 exprimere
2542 2084 2686 2138 vocis
2713 2083 2967 2136 sonantis.
2995 2082 3218 2136 Pulchre
3241 2097 3470 2150 namque
3489 2083 3582 2150 qui
3604 2082 3790 2149 jurat,

2225 2172 2320 2235 ait,
2345 2173 2400 2225 in
2419 2182 2578 2235 terra,
2597 2171 2797 2240 jurabit
2825 2171 2878 2222 in
2903 2168 3028 2233 Deo,
3060 2186 3228 2222 amen.
3257 2169 3516 2235 Quoniam
3543 2171 3635 2224 ille.
3653 2171 3796 2225 Deus

2227 2279 2406 2341 verus.
2419 2263 2509 2332 qui
2529 2263 2773 2332 dignatus
2785 2269 2865 2314 est
2878 2269 3072 2314 terram
3091 2268 3286 2315 nostra:
3297 2261 3477 2314 carnis
3489 2275 3794 2325 assumere,

2229 2368 2335 2407 non
2350 2367 2407 2406 se
2428 2352 2482 2405 in
2505 2352 2637 2406 duos
2661 2364 2758 2420 per
2777 2350 3220 2420 dispensationem
3251 2351 3427 2418 magni
3449 2358 3502 2403 et
3519 2350 3595 2418 pii
3609 2365 3796 2404 sacra-

2231 2445 2395 2500 menti
2415 2443 2702 2513 duplicavit
2735 2443 2891 2506 Deos,
2927 2457 3111 2496 verum
3139 2441 3341 2496 scilicet
3369 2449 3424 2496 et
3472 2442 3798 2510 nuncupati-

2229 2550 2374 2599 vum,
2390 2534 2691 2602 adoptivum
2719 2533 2799 2586 vel
2829 2532 2931 2602 [vel
2953 2549 3044 2602 pro
3066 2541 3138 2595 et,
3165 2535 3371 2602 insuper
3390 2533 3595 2586 videtur
3618 2533 3798 2586 deesse

2234 2622 2433 2692 filium]-
2458 2622 2734 2690 proprium
2759 2637 2773 2688 ;
2811 2623 2903 2675 sed
2937 2635 3094 2674 verus
3132 2621 3292 2685 Deus,
3322 2627 3376 2674 et
3396 2622 3649 2690 proprius
3668 2636 3796 2690 per-

2234 2727 2456 2767 manens
2479 2711 2664 2774 Filius,
2696 2726 2832 2766 unus
2860 2710 3104 2779 idemque
3132 2724 3288 2764 verus
3318 2725 3382 2762 ex
3410 2719 3643 2777 utroque
3672 2725 3796 2764 cre-

2234 2800 2381 2855 ditur
2401 2800 2559 2854 Deus.
2590 2799 2656 2852 Et
2696 2814 2997 2868 quanquam
3019 2799 3259 2853 mendaci
3304 2800 3755 2868 tergiversatione
3782 2841 3797 2862 ,

2235 2891 2574 2946 excusatione
2634 2905 2888 2945 excusare
2915 2898 2964 2943 te
3017 2891 3190 2960 specie
3240 2897 3396 2944 tenus
3440 2891 3632 2944 nitaris
3690 2907 3799 2945 non

2237 2979 2371 3032 duos
2389 2987 2627 3033 astruere
2654 2979 2896 3042 Deo-scex
2927 2979 3056 3046 ipsis
3084 2986 3257 3032 tamen
3287 2987 3502 3033 tuorum
3551 2980 3800 3034 revince.

2236 3065 2314 3120 ris
2340 3066 2557 3134 prolatis
2585 3067 2865 3120 verborum
2892 3064 3293 3132 objectionibus,
3321 3083 3442 3120 cum
3471 3068 3581 3120 duo
3607 3077 3664 3121 et
3692 3067 3802 3121 duo

2241 3155 2457 3210 relativa
2477 3154 2729 3208 vocabula
2755 3155 2911 3208 unius
2935 3154 3237 3222 intorquere
3259 3169 3360 3208 non
3392 3156 3572 3222 parcis
3610 3171 3800 3224 perso—

583 3225 941 3242 .νσ.....ν........
971 3225 1074 3236 .....-
1095 3225 1320 3248 7------
1347 3225 1535 3232 __-_-_-
1566 3225 1916 3229 ωηηηρη,
1959 3225 1972 3227 _
2003 3225 2013 3229 _
2050 3225 2079 3226 κν
2572 3234 2576 3238 _

582 3293 670 3331 mo
710 3275 864 3345 13o
893 3273 1144 3334 tribuum,
1195 3269 1288 3323 sed
1317 3273 1376 3321 ut
1398 3265 1563 3344 moris
1606 3273 1688 3319 est
1738 3264 1876 3319 sacri
1913 3263 2130 3332 eloquii,
2167 3225 2209 3282 Ο
2234 3260 2338 3299 ηπ·
2361 3243 2507 3345 FNP
2527 3259 2683 3344 Venis
2701 3251 2766 3345 εξ.
2787 3243 3172 3312 ηυηευρθιίνυε
3196 3243 3298 3296 duo
3346 3251 3472 3296 sum
3506 3244 3802 3311 κυνορτίυε

583 3367 898 3438 plerumque
933 3376 1030 3431 pro
1073 3368 1183 3415 toto
1220 3372 1454 3428 ponere,
1511 3355 1745 3426 generali
1788 3364 2136 3424 utrorumque

579 3462 1020 3511 testamentorum
1051 3448 1236 3505 sentiri
1258 3447 1442 3516 procul
1465 3446 1624 3501 dubio
1651 3443 2012 3502 testimonium
2040 3443 2134 3496 de-

584 3551 692 3602 bet.
722 3544 919 3601 Omnes
961 3541 1159 3597 etenim
1191 3539 1590 3616 Scripturarum
1615 3537 1820 3606 paginae
1839 3543 1892 3590 et
1914 3534 2138 3589 fortissi-

585 3653 729 3695 mum
759 3637 924 3690 Deum
960 3633 1240 3687 Dominum
1270 3629 1545 3686 Christum
1579 3628 1759 3684 Iesum
1802 3629 1893 3684 Dei
1923 3628 2135 3693 Filium,

584 3739 640 3784 et
667 3728 788 3798 quia
800 3724 1056 3781 Dominus
1079 3737 1239 3778 verus
1260 3734 1285 3761 α
1310 3720 1382 3774 sit
1403 3721 1542 3774 Deus
1566 3734 1694 3773 voce
1717 3719 1981 3788 praeconia
2006 3734 2138 3772 con-

583 3821 819 3873 tltentur.
851 3815 962 3870 Hoc
987 3821 1070 3868 est
1107 3826 1268 3867 unum
1300 3809 1719 3866 illustrissimum
1745 3808 1985 3865 omnium
2004 3809 2140 3861 divi-

587 3924 779 3966 norum
802 3908 1106 3980 dogmatum
1131 3902 1516 3959 testimonium.

1116 4011 1341 4067 CAPUT
1364 4009 1590 4064 XLVIII.

587 4109 778 4165 Locum
809 4108 967 4162 Isaia:
994 4105 1199 4175 exponit
1222 4104 1285 4156 de
1307 4101 1456 4165 Jesu,
1478 4101 1568 4171 qui
1599 4103 1692 4175 etsi
1720 4103 1872 4154 homo
1893 4101 1957 4154 de
1981 4109 2141 4164 terra,

656 4181 850 4232 unitate
870 4172 1310 4244 tamen'persona:
1339 4187 1486 4226 verus
1531 4180 1604 4224 est
1640 4172 1814 4234 Deus,
1863 4187 1965 4224 non
2013 4187 2144 4223 nun-

658 4249 945 4316 cupativus.

656 4357 804 4412 Isaia:
829 4363 1088 4424 przelerea
1119 4361 1223 4406 tam
1257 4351 1591 4422 potissimum
1632 4350 1855 4405 sincerae
1888 4351 2008 4405 ﬁdei
2054 4367 2146 4405 va-

588 4450 825 4504 ticinium
850 4449 1110 4501 debueras
1122 4443 1307 4497 saltem
1325 4443 1378 4496 in
1407 4442 1582 4496 tabula
1607 4442 1681 4496 tui
1709 4442 1885 4496 cordis
1897 4441 2060 4494 divini
2087 4442 2148 4495 li-

589 4537 772 4604 quoris
794 4540 1070 4588 exaratum
1093 4531 1287 4585 undula
1303 4530 1502 4599 jugiter
1526 4531 1766 4584 lectitare
1790 4545 1804 4583 :
1831 4529 1972 4599 quod
2001 4537 2168 4601 atra-I

590 4623 752 4677 menti
777 4621 1049 4691 nigredine
1078 4619 1134 4674 in
1160 4619 1348 4688 pagina
1378 4627 1482 4672 tua:
1507 4619 1696 4672 melius
1720 4619 1883 4672 inseri
1911 4619 2144 4686 disputa-

591 4714 750 4768 tionis
772 4711 990 4780 putasti.
1018 4703 1083 4763 In
1103 4725 1203 4780 quo
1219 4749 1235 4771 ,
1261 4707 1450 4776 inquit,
1474 4708 1562 4777 qui
1586 4707 1878 4761 benedictus
1901 4718 1974 4760 est
1995 4725 2150 4778 super

593 4815 804 4863 terram,
834 4799 1156 4852 benedicetur
1189 4797 1245 4850 in
1288 4795 1396 4849 Deo
1424 4812 1593 4849 amen.
1628 4796 1695 4849 Et
1734 4798 1825 4867 qui
1860 4797 2062 4866 jurabit
2091 4799 2145 4851 in

592 4906 748 4953 terra,
760 4888 957 4959 jurabit
971 4888 1024 4940 in
1041 4885 1144 4938 Deo
1157 4884 1450 4956 amen(1sa.
1479 4900 1602 4950 va,
1620 4884 1726 4955 l6).
1750 4885 1855 4940 Sed
1877 4885 2004 4955 quid
2025 4902 2146 4956 pro—

595 4977 874 5032 .lestlabiis
887 4991 1012 5030 eum
1033 4976 1317 5038 honorare,
1344 4987 1463 5027 cum
1481 4987 1572 5026 cor
1586 4981 1732 5026 tuum
1744 4973 1921 5026 subito
1931 4973 2145 5028 recedat

593 5067 770 5122 abeo?
801 5067 1030 5120 Timoris
1054 5074 1134 5119 est
1153 5065 1346 5133 quippe
1358 5062 1754 5125 voceeontlteri,
1784 5079 1934 5118 more
1963 5063 2146 5136 [Forte

596 5163 781 5227 corde,
791 5159 865 5214 vel
877 5158 1073 5230 mente]
1087 5156 1466 5213 contradicere.
1484 5156 1648 5211 Taedii
1668 5164 1750 5209 est
1775 5157 1875 5209 ista
1887 5156 2146 5225 professio

597 5252 773 5320 potius
793 5264 950 5320 quam
974 5247 1293 5309 dilectionis,
1317 5261 1434 5312 quae
1459 5244 1526 5299 de
1542 5246 1719 5299 radice
1740 5261 1846 5298 non
1859 5246 2032 5300 oritur
2057 5261 2148 5299 ve-

600 5343 793 5396 ritatis.
820 5339 1016 5408 Legisti
1058 5353 1274 5406 prorsus
1300 5336 1462 5404 hujus
1500 5336 1888 5405 expositionem
1928 5338 2146 5407 capituli

601 5448 627 5482 ει
660 5427 948 5494 majoribus
969 5427 1168 5480 nostris
1217 5424 1352 5493 ston
1378 5423 1659 5493 deligatam
1709 5422 1971 5478 catholico
1994 5465 2009 5488 ,
2055 5424 2151 5484 sed

599 5537 716 5584 ore,
748 5534 853 5574 non
881 5519 1059 5571 corde.
1085 5517 1216 5571 Nam
1249 5515 1322 5568 illi
1364 5514 1528 5566 Deum
1557 5526 1741 5567 verum
1766 5553 1780 5576 ,
1822 5519 1876 5565 et
1929 5513 1981 5567 in
2019 5498 2144 5566 sub-

673 5667 696 5693 ο
733 5654 868 5718 Quia
890 5649 1136 5704 Dominus
1173 5664 1317 5718 verus
1345 5647 1410 5718 sit
1442 5645 1594 5698 Deus.
1628 5645 1760 5718 Toto
1788 5644 2147 5718 hoc__in_capi-

607 5735 658 5775 te
701 5713 772 5774 ita
807 5716 1499 5789 argumentaturPaulinus,
1552 5723 1607 5789 ut
1648 5716 1836 5782 probet
1871 5713 2142 5789 Christum

611 5791 812 5842 l’otnini
852 5783 1057 5841 nomine
1085 5785 1320 5848 intellitri,
1345 5794 1396 5836 rt
1426 5784 1696 5835 Dominum
1725 5783 2143 5836 autouomasticc

2235 3341 2291 3389 et
2312 3333 2588 3402 adoptivus
2609 3333 2856 3388 similiter
2882 3334 2985 3387 duo
3016 3341 3226 3397 sonant,
3257 3332 3592 3401 duarumque
3615 3347 3802 3402 perso-

2235 3438 2445 3488 narum,
2476 3437 2581 3476 non
2603 3421 2962 3492 perfunctorie
2987 3423 3355 3478 tantummodo
3391 3440 3544 3490 sono,
3585 3426 3683 3479 sed
3723 3428 3798 3479 rei

2236 3509 2598 3567 substantialis
2617 3508 2776 3564 etlicit
2803 3511 3100 3564 veritatem.

2786 3641 3010 3698 CAPUT
3044 3641 3200 3696 XLIX
3213 3682 3225 3694 .

2238 3733 2416 3786 Altare
2450 3733 2514 3786 de
2543 3708 2701 3801 terra,
2730 3732 2798 3784 ad
2816 3732 2952 3800 quod
2975 3748 3065 3799 per
3075 3732 3268 3801 gradus
3293 3733 3599 3801 prohibetur
3611 3753 3794 3789 ascen-

2306 3819 2417 3862 sus,
2444 3811 2516 3854 est
2547 3800 2781 3854 Christus
2805 3801 2859 3852 in
2893 3800 3269 3864 incarnatione,
3297 3800 3412 3854 non
3453 3812 3631 3857 tamen
3659 3805 3798 3858 mul-

2300 3870 2539 3940 tiplicata
2557 3886 2799 3939 persona.
3586 3923 3598 3960 ί

2311 3977 2462 4033 Unus
2483 3978 2645 4048 igitur
2671 3976 2867 4032 nullius
2899 3977 3121 4033 rationis
3150 3977 3348 4047 injectu
3386 3987 3566 4048 potest
3593 3989 3802 4040 utrum-

2241 4083 2344 4138 que
2367 4084 2508 4133 esse,
2535 4076 2590 4122 et
2620 4083 2780 4122 verus
2803 4076 2858 4122 et
2885 4069 3274 4137 nuncupativus
3296 4109 3312 4134 ,
3356 4070 3609 4138 proprius
3642 4072 3804 4127 unius

2241 4159 2502 4228 genitoris
2523 4169 2578 4213 et
2603 4159 2899 4227 adoptivus.
2927 4158 3041 4214 Non
3067 4160 3210 4214 enim
3238 4160 3440 4214 valebis
3469 4171 3522 4215 te
3554 4163 3610 4216 in
3640 4173 3804 4217 tantm

2210 4250 2553 4305 ‘subtilitatis
2581 4249 2806 4319 fantasia
2851 4256 3140 4304 extenuare
3164 4289 3180 4315 ,
3227 4263 3332 4318 quo
3359 4251 3533 4319 possis
3583 4252 3804 4321 impune

2242 4346 2467 4408 utroque
2493 4339 2776 4394 vacillante
2801 4337 2933 4406 pede
2963 4338 3028 4390 ab
3049 4337 3152 4399 his,
3203 4338 3255 4390 in
3277 4339 3470 4406 quibus
3488 4339 3802 4406 offenderis,

2244 4429 2497 4484 cornibus
2545 4427 2909 4483 elucubratius
2935 4425 3186 4492 effugere.
3217 4425 3477 4492 Quoniam
3516 4429 3606 4497 qui
3649 4429 3802 4498 jurat

2247 4519 2298 4572 in
2348 4528 2512 4584 terra,
2543 4517 2692 4586 jurat
2719 4519 2772 4572 in
2807 4517 2936 4574 Deo.
2975 4531 3148 4569 amen.
3187 4514 3337 4570 Unde
3365 4523 3416 4568 et
3445 4517 3623 4570 divina
3669 4534 3802 4573 voce

2245 4609 2376 4663 alias
2410 4608 2576 4678 Moysi
2622 4607 2839 4671 dicitur,
2894 4605 3070 4660 Attale
3113 4605 3176 4658 de
3213 4614 3352 4657 terra
3408 4605 3612 4672 facietis
3672 4609 3802 4661 mihi

2241 4700 2436 4770 (Exod.
2468 4716 2557 4764 xx,
2575 4698 2685 4770 24).
2710 4699 2792 4754 Ad
2811 4701 2951 4769 quod
2976 4697 3227 4756 nimirum
3258 4697 3424 4751 altare
3451 4689 3666 4769 Domini
3685 4700 3804 4771 lege

2238 4791 2550 4859 prohibetur
2571 4805 2666 4859 per
2702 4793 2896 4860 gradus
2926 4793 3232 4846 ascendere.
3277 4787 3399 4846 Non
3425 4791 3694 4852 ascendes,
3719 4795 3804 4846 in-

2239 4881 2376 4949 quit,
2414 4897 2505 4951 per
2530 4879 2722 4951 gradus
2748 4881 2816 4957 ad
2857 4879 3018 4934 altare
3038 4897 3205 4936 meum
3234 4881 3394 4952 (Ibid.
3454 4877 3568 4950 26).
3616 4879 3803 4936 Altare

2242 4973 2437 5041 quippe
2462 4973 2527 5026 de
2557 4980 2698 5027 terra
2725 4980 2806 5026 est
2843 4965 3039 5028 Christi
3058 4987 3183 5027 caro
3203 4979 3411 5040 sumpta
3459 4973 3523 5027 de
3562 4972 3796 5043 virgine.

2246 5061 2442 5116 Facere
2465 5077 2694 5131 namque
2719 5060 2886 5114 altare
2910 5060 2975 5113 de
3016 5069 3160 5116 terra
3178 5066 3261 5112 est
3279 5074 3424 5127 spem
3447 5061 3499 5114 in
3531 5063 3799 5117 mediato-

2245 5150 2320 5203 ris
2331 5151 2592 5203 veraciter
2615 5147 2981 5202 contiilendum
2998 5147 3100 5219 [An
3117 5163 3211 5216 pro
3231 5145 3570 5220 confidendo]
3598 5164 3801 5217 ponere

2246 5237 2626 5292 incarnatione.
2681 5235 2829 5304 131
2879 5229 2984 5289 Per
3036 5235 3230 5303 gradus
3273 5250 3462 5302 nempe
3507 5237 3801 5292 ascendere

2244 5328 2363 5394 ideo
2389 5324 2786 5388 contradicitur,
2829 5323 2953 5393 quia
3000 5324 3052 5376 in
3082 5324 3327 5392 gradibus
3369 5330 3422 5376 et
3467 5323 3800 5393 inaequalitas

2249 5416 2652 5483 contemplatur,
2693 5424 2747 5468 et
2779 5413 2980 5468 numeri
3002 5422 3156 5466 aucta
3182 5412 3449 5480 quantitas
3480 5415 3796 5485 multiplica-

2249 5513 2353 5560 tur.
2387 5506 2498 5560 Hoc
2545 5503 2875 5571 signiﬁcante
2920 5503 3116 5556 Sancto
3160 5500 3347 5570 spiritu
3381 5541 3396 5566 ,
3450 5503 3708 5571 quoniam
3744 5506 3795 5558 in

2248 5638 2350 5694 dici
2376 5678 2391 5701 .
2413 5637 2562 5704 juxta
2595 5636 2721 5692 illud
2755 5634 2886 5705 psal.
2919 5649 3027 5705 εει,
3054 5633 3076 5687 l
3105 5648 3118 5685 :
3144 5611 3552 5705 DixitDom-inus
3579 5633 3794 5705 Domino

2248 5725 2379 5771 meo,
2397 5701 2546 5827 ἦρξε,
2563 5715 2686 5761 clc..
2708 5701 2846 5774 quod
2870 5705 2978 5772 ipse
2991 5703 3141 5756 lesus
3164 5702 3228 5755 de
3249 5715 3305 5754 se
3326 5701 3590 5773 intelligit.
3609 5704 3790 5758 alatth.

2250 5793 2356 5830 xxn
2445 5809 2460 5816 η
2492 5814 2503 5827 .
