3926 6482
223 480 331 537 ωδ

894 483 1160 541 CONTRA
1199 485 1482 540 FEUCEM
1521 481 2047 542 URGELLITANUM
2084 483 2259 540 LIBRI
2292 484 2375 539 Ill.
2415 517 2485 529 -
2521 488 2644 542 LIB.
2683 487 2721 541 1.

3318 484 3416 549 MC

221 576 546 648 excellentia
578 601 772 649 sanctae
803 602 856 647 et
885 593 1162 650 ineﬁ'abilis
1201 596 1477 650 Trinitatis
1515 595 1655 649 nulla
1690 603 1772 649 est
1800 597 1847 653 Α
1873 593 2272 666 nonnunquam]
2294 596 2602 665 mysterium
2626 595 3009 649 incamatiouis
3032 595 3083 649 in
3105 577 3412 656 duos

180 741 187 747 ο
220 681 587 750 invzequalitas,
607 681 855 751 nullaque
882 683 1157 737 diversitas
1178 685 1516 753 suspicanda:
1527 685 1592 737 Et
1618 684 1669 737 in
1684 699 1772 738 sa-

220 777 505 826 cramento
533 770 793 825 ineat-nati
821 771 982 827 Verbi
1021 771 1114 826 Dei
1154 772 1349 837 Patris,
1380 786 1476 841 per
1518 772 1658 840 quod
1683 771 1789 825 Fi-.

222 859 333 913 lius
355 859 452 912 Dei
478 874 616 913 unus
642 859 887 928 idemque
910 860 1155 929 dignatus
1178 866 1261 914 est
1300 860 1415 915 ﬁeri
1436 860 1663 913 hominis
1687 858 1775 912 Fi-

221 946 348 1009 lius,
383 946 529 1000 nulla
553 954 637 999 est
679 946 887 1002 numeri
933 947 1204 1023 quantitas
1225 948 1277 1001 in
1308 962 1652 1016 personarum
1698 947 1775 1001 di-

221 1030 485 1090 versitate
506 1034 767 1104 suppleta.
791 1034 925 1090 Illud
947 1041 1202 1104 praeterea
1220 1036 1486 1106 egregium
1504 1035 1773 1089 solemnis-

218 1124 532 1193 simumque
550 1124 643 1178 Dei
664 1123 994 1192 hominisque
1011 1122 1152 1198 Filii.
1183 1124 1551 1193 Redemptoris
1570 1124 1772 1179 scilicet

217 1211 396 1265 nostri
423 1208 551 1265 Iesu
575 1210 795 1276 Christi,
823 1210 964 1279 quod
990 1210 1059 1264 de
1085 1212 1371 1282 semetipso
1400 1210 1633 1266 melliﬁui
1660 1213 1772 1268 oris

215 1300 504 1356 dulcedine
525 1301 887 1357 testimonium
912 1301 1160 1371 dignatus
1199 1309 1280 1357 est
1304 1303 1556 1357 divinitus
1577 1304 1772 1358 irror..-

214 1404 298 1454 re,
325 1389 769 1457 quemadmodum
810 1388 1030 1444 Joannis
1057 1390 1340 1458 Evangelia
1363 1401 1676 1446 veneranter
1693 1392 1770 1446 le—

211 1478 399 1545 gentis
444 1478 631 1532 oculus
662 1475 943 1534 contuetur
974 1518 989 1544 ,
1027 1492 1203 1546 operte
1246 1480 1475 1547 pretium
1530 1481 1767 1550 dignum,

213 1565 460 1632 satisque
485 1565 844 1632 perspicuum,
888 1571 945 1618 et
991 1565 1135 1619 omni
1160 1565 1414 1634 religione
1457 1566 1768 1633 praeclarum

213 1652 348 1708 huic
376 1654 527 1723 operi
547 1653 795 1707 duximus
829 1654 1188 1709 inserendum.
1212 1653 1363 1728 Quod
1383 1653 1593 1721 quidem
1616 1652 1770 1721 hujus

213 1741 490 1796 Inereseos
510 1740 804 1797 materialis
831 1741 1068 1810 perﬁdiae
1095 1750 1333 1796 evertere
1373 1741 1768 1797 luudamentum

212 1829 394 1884 solum
420 1871 437 1896 ,
486 1829 728 1904 sufﬁcere
776 1846 932 1902 posse
956 1830 1133 1885 nullus
1168 1846 1388 1900 prorsus
1412 1833 1616 1901 ignorat
1642 1872 1656 1894 ,
1678 1833 1769 1900 qui

1875 681 1952 733 vel
1983 682 2035 734 in
2060 682 2191 736 duos
2215 681 2350 737 ﬁlios
2371 685 2690 747 demutasse,
2720 683 3161 752 quemadmodum
3182 686 3415 754 hzerelici

1873 770 2107 825 insanire
2131 771 2408 837 videntur;
2443 787 2543 827 nec
2566 787 2630 826 ex
2667 780 2819 841 parte
2845 786 3025 831 verum
3051 773 3214 828 Deum
3232 815 3247 838 ,
3278 783 3330 829 et
3352 790 3419 829 ex

1870 868 2022 929 parte
2051 876 2155 916 non
2177 876 2391 927 verum;
2417 870 2509 915 aut
2530 861 2814 930 aliquando
2838 862 3105 930 proprium
3130 861 3345 926 Filium,
3364 871 3419 917 et

1871 949 2153 1019 aliquando
2180 966 2285 1005 non
2324 951 2618 1019 proprium,
2655 951 2749 1005 scd
2789 965 3000 1020 semper
3021 964 3205 1006 verum
3231 951 3415 1015 Deum,

1870 1039 2248 1107 propriumque
2268 1039 2362 1104 Dei
2386 1038 2598 1104 Filium,
2622 1046 2676 1092 et
2697 1046 2819 1092 ante
2837 1045 3048 1106 partum
3074 1046 3130 1092 et
3150 1047 3267 1109 post
3294 1044 3421 1108 paro

1872 1130 1983 1176 tum
2004 1123 2235 1192 virginis
2273 1122 2539 1179 declarare
2574 1125 2821 1195 dignatus
2855 1131 2934 1179 est
2966 1137 2984 1177 :
3016 1125 3294 1180 veritatem
3340 1133 3420 1180 la-

1870 1227 1992 1265 men
2029 1211 2275 1267 humana:
2298 1213 2480 1268 carnis
2504 1214 2735 1267 insinuat
2761 1228 2856 1283 per
2882 1213 3190 1282 mysterium
3215 1228 3422 1268 assum-

1870 1302 2082 1371 ptionis.
2114 1298 2180 1356 Et
2204 1302 2451 1372 quoniam
2482 1303 2782 1371 proprietas
2816 1302 3089 1372 utriusque
3111 1310 3312 1357 natura:
3339 1303 3421 1356 in-

1869 1387 2088 1446 confusa
2110 1390 2164 1444 in
2194 1405 2298 1443 una
2327 1390 2418 1444 Dei
2448 1388 2784 1458 hominisque
2804 1389 2929 1444 Filii
2956 1404 3207 1459 persona,
3232 1403 3421 1459 perpe-

1871 1484 1959 1530 tua
1976 1476 2400 1546 inseparabiliter
2417 1475 2669 1531 inviolato
2682 1474 2803 1544 jure
2816 1485 3126 1544 permaneat
3141 1476 3417 1540 societate,

1870 1559 2175 1629 frequenter
2197 1562 2322 1632 quia
2347 1562 2584 1631 proﬁteri
2606 1576 2709 1616 non
2733 1560 2935 1616 distulit
2962 1562 3224 1631 perspicui
3254 1563 3422 1616 ratio—

1870 1650 1955 1703 nis
1982 1650 2114 1704 ordo
2138 1650 2388 1713 declarat.
2418 1650 2548 1704 Cum
2584 1651 2744 1719 igitur
2777 1652 2931 1707 docet
2960 1650 3152 1705 Filium
3188 1652 3424 1706 hominis

1872 1736 2207 1793 descendisse
2238 1739 2303 1793 de
2342 1738 2499 1804 coelo,
2541 1748 2596 1794 et
2630 1741 2874 1795 eumdem
2906 1739 3192 1796 ascendere
3229 1742 3421 1796 asserit

1870 1825 1961 1881 ubi
1986 1834 2103 1880 erat
2138 1826 2310 1895 prius,
2337 1834 2390 1880 et
2412 1821 2595 1881 verum
2620 1841 2678 1881 se
2712 1827 2874 1882 Deum
2894 1867 2909 1892 ,
2937 1842 3224 1899 verumque
3250 1830 3418 1885 homi-

208 1920 444 1973 saneea
469 1919 589 1974 ﬁdei
609 1918 930 1973 soliditatem
954 1958 969 1984 ,
996 1935 1155 1987 supra
1179 1920 1383 1973 ﬁrmam
1404 1961 1420 1984 ,
1460 1935 1578 1988 qua;
1615 1920 1771 1975 ειη-ί-
1799 1905 1844 1964 Β
1870 1928 2009 1977 nem,
2038 1922 2093 1969 ct
2113 1913 2386 1985 proprium
2412 1913 2602 1971 Filium
2627 1916 2721 1970 Dei
2750 1915 3048 1988 Filiumque
3077 1919 3306 1974 hominis
3328 1935 3422 1989 pa-

212 2017 339 2062 stus
358 2016 462 2071 est,
482 2015 687 2076 petram
709 2008 946 2077 posuisse
958 2022 1017 2062 se
1029 2007 1186 2061 ﬁxius
1204 2017 1563 2078 recognoscat.
1584 2008 1768 2075 Nemo,

213 2098 412 2165 inquit,
440 2097 669 2151 ascendit
692 2098 748 2151 in
791 2097 995 2161 emtum,
1017 2097 1115 2151 nisi
1135 2099 1222 2166 qui
1246 2097 1508 2151 descendit
1536 2098 1599 2150 de
1623 2098 1766 2163 coelo,

212 2184 391 2239 Filius
416 2186 637 2239 hominis
657 2186 831 2257 quiest
854 2186 908 2240 in
937 2185 1061 2239 emta
1087 2186 1264 2255 (Joan.
1291 2202 1371 2249 ιιι,
1397 2187 1504 2255 15).
1528 2187 1595 2240 Et
1620 2187 1767 2243 illud.

208 2274 349 2328 Cum
368 2273 611 2328 videritis
625 2273 823 2329 Filium
842 2274 1069 2328 hominis
1094 2273 1366 2327 ascendere
1386 2273 1472 2327 ubi
1491 2284 1602 2329 erat
1626 2276 1771 2344 prius

210 2361 399 2430 (Joan.
433 2377 506 2425 Vt,
545 2360 655 2434 65).
695 2363 752 2416 In
778 2362 973 2432 quibus
1008 2358 1296 2416 Dominicis
1349 2362 1544 2426 verbis,
1597 2374 1656 2417 ut
1694 2365 1769 2420 ita

207 2451 445 2504 dixerim
468 2489 483 2515 ,
535 2450 847 2505 orthodoxa:
873 2448 995 2503 ﬁdei
1041 2448 1360 2504 inviolabilis
1383 2464 1479 2518 per
1507 2453 1771 2523 quamSpi-

205 2540 300 2593 cui
322 2537 481 2610 (Pro,
503 2554 660 2608 quam
693 2538 983 2612 perspicui]
1013 2539 1219 2595 illustra
1264 2540 1381 2594 luce
1418 2540 1638 2613 fulgoris
1655 2545 1772 2613 pul-

208 2631 462 2687 chrime
488 2631 809 2703 resplendet.

833 2721 1057 2780 CAPUT
1094 2725 1154 2797 ι.

219 2806 444 2882 Verbum
490 2824 612 2864 caro
636 2808 874 2882 factum
905 2821 1008 2877 est,
1067 2829 1171 2882 non
1216 2822 1388 2868 tamen
1434 2813 1566 2869 alter
1596 2814 1769 2882 ﬁlius;

280 2876 373 2933 sed
397 2894 594 2951 semper
628 2876 763 2932 idem
789 2881 878 2949 qui
902 2876 1072 2951 antea.
1107 2880 1174 2935 Et
1204 2898 1464 2951 nunquam
1492 2876 1644 2936 Jesus
1670 2876 1772 2936 ter-

280 2963 437 3000 renus
464 2948 615 3000 homo
644 2948 825 3016 purus,
853 2949 941 3018 qui
969 2965 1166 3019 semper
1186 2959 1234 3002 et
1259 2948 1490 3004 caelestis.

282 3057 342 3110 in
367 3071 432 3111 eo
460 3056 624 3127 igitur
656 3073 817 3112 unum
854 3058 1202 3128 eumdemque
1229 3074 1286 3114 se
1309 3060 1404 3114 Dei
1435 3060 1770 3130 hominisque

208 3148 407 3202 Filium
431 3162 551 3204 esse
574 3149 866 3204 divinitatis
892 3165 1020 3205 voce
1039 3149 1310 3218 professus
1330 3152 1626 3219 perdocuit,
1648 3167 1767 3207 cum

208 3237 404 3291 Filium
428 3238 657 3313 hominis
677 3240 1013 3294 descendisse
1031 3240 1096 3305 de
1120 3240 1271 3302 cmlo,
1299 3248 1352 3294 et
1373 3242 1658 3296 ascendere
1676 3243 1766 3297 ubi
1794 3225 1838 3287 ε

210 3334 333 3382 crat
359 3326 526 3394 prius,
552 3328 866 3382 venerandis
890 3328 1119 3381 innotuit
1142 3327 1490 3383 documentis.
1521 3328 1653 3383 Nam
1677 3331 1764 3400 qui

207 3426 328 3473 erat
355 3432 567 3486 semper
590 3423 888 3471 comternus
913 3414 1080 3472 Filius
1106 3416 1233 3481 Dei,
1265 3417 1511 3487 dignatus
1538 3426 1618 3473 est
1656 3418 1769 3487 ipse

204 3515 358 3561 certo
394 3506 448 3560 in
488 3513 724 3575 tempore
750 3504 917 3560 Filius
950 3506 1183 3561 hominis
1217 3504 1543 3578 [Addendum
1572 3507 1769 3561 videtur

208 3593 370 3667 ﬁeri].
420 3594 615 3649 Factus
659 3594 853 3662 quippe
894 3602 976 3649 est
1020 3594 1160 3663 quod
1201 3610 1304 3649 non
1341 3603 1475 3658 erat,
1522 3595 1624 3649 hoc
1663 3604 1762 3659 est,

205 3689 410 3741 homo:
454 3683 674 3739 Verbum
713 3685 855 3738 enim
894 3700 1018 3739 caro
1056 3668 1248 3752 factuin
1287 3694 1381 3739 est.
1424 3684 1539 3740 Non
1569 3693 1651 3741 est
1682 3694 1764 3739 ta-

206 3793 330 3831 men
359 3775 533 3830 l‘actus
560 3774 698 3849 alter
723 3772 892 3828 Filius
916 3774 1007 3843 qui
1035 3789 1140 3829 non
1166 3783 1299 3829 erat.
1329 3774 1420 3830 ille
1448 3775 1647 3845 utique,
1674 3775 1763 3843 qui

203 3882 420 3935 semper
456 3874 592 3931 erat,
632 3873 743 3931 est,
782 3874 838 3921 et
876 3867 978 3920 erit
1014 3866 1316 3936 unigenitus
1355 3881 1562 3935 semper
1598 3865 1765 3919 Filius

206 3956 323 4018 Dei.
355 3955 448 4025 qui
487 3956 565 4011 sic
602 3964 720 4010 erat
760 3956 814 4010 in
859 3963 1017 4012 terra.
1051 3961 1110 4007 ut
1148 3969 1419 4024 nunquam
1459 3955 1665 4009 deesset
1709 3955 1764 4007 in

203 4036 371 4101 uelo.
406 4042 496 4098 Sic
526 4044 671 4099 venit
703 4041 956 4096 ineffabili
999 4042 1240 4111 miroque
1279 4043 1435 4097 modo
1464 4042 1515 4095 in
1554 4052 1760 4097 uterum

202 4131 449 4201 virginis,
465 4138 728 4200 quatenus
748 4146 778 4184 a
800 4137 1022 4200 paterno
1042 4145 1309 4199 nunquam
1332 4129 1606 4184 recederet
1618 4130 1757 4184 sinu.

202 4219 372 4275 Porro
410 4221 489 4276 sic
516 4221 627 4275 sola
666 4221 832 4291 potuil
865 4220 1169 4289 dignatione
1198 4234 1292 4289 per
1329 4220 1383 4275 id
1423 4221 1563 4289 quod
1600 4222 1761 4277 homo

201 4306 379 4363 factus
421 4315 527 4373 est,
572 4308 725 4363 subdi
769 4308 1106 4378 parentibus,
1153 4315 1215 4362 ut
1256 4322 1474 4377 semper»
1509 4309 1764 4365 existeret

199 4399 343 4453 idem
375 4399 491 4467 ipse
515 4398 770 4454 Dominus
796 4399 1103 4469 angelorum
1131 4398 1326 4466 ubique
1357 4406 1517 4465 totus,
1546 4400 1600 4454 in
1624 4400 1760 4455 ccelo

199 4487 453 4542 videlicet
474 4496 529 4541 et
556 4488 610 4541 in
636 4497 798 4542 terra.
819 4488 903 4544 Ex
924 4503 995 4555 eo.
1013 4503 1140 4559 ergo
1165 4489 1564 4544 convenientius
1590 4498 1758 4545 recte-

1871 2011 2049 2057 tenter
2071 2003 2237 2058 voluit
2257 2001 2646 2079 demonstrare.
2683 2005 2818 2061 Hinc
2847 2006 3026 2076 regula
3052 2007 3367 2064 informatus
3391 2009 3418 2050 1³

1867 2083 2098 2157 primum
2121 2090 2389 2145 hominem
2414 2092 2477 2146 de
2498 2101 2637 2146 terra
2666 2102 2957 2160 terrenum,
2982 2096 3273 2151 secundum
3289 2112 3421 2167 pra:-

1869 2178 2010 2233 dicat
2040 2179 2105 2234 de
2144 2178 2278 2235 cmlo
2315 2179 2585 2235 caelestem
2626 2180 2677 2251 (Ι
2704 2181 2823 2236 Cor.
2859 2198 2946 2248 xv,
2975 2184 3089 2253 l7).
3128 2184 3241 2238 Non
3279 2188 3420 2255 quod

1869 2268 2027 2324 homo
2047 2268 2177 2342 [Pro
2198 2269 2510 2343 hominem],
2530 2271 2839 2341 priusquam
2860 2273 2913 2327 in
2936 2273 3100 2328 Deum
3118 2284 3420 2345 assumptus

1844 2358 1924 2441 .in
1957 2358 2149 2413 coelum
2194 2360 2523 2425 ascenderet,
2569 2360 2634 2414 de
2668 2360 2805 2416 cmlo
2834 2350 3152 2417 credendum
3200 2372 3282 2419 est
3326 2366 3417 2419 de-

1869 2447 2167 2515 scendisse;
2200 2451 2291 2506 sed
2319 2451 2442 2520 quia
2468 2451 2607 2506 Deus
2638 2452 2744 2516 ille,
2768 2448 2946 2522 qui‘de
2973 2452 3108 2509 cmlo
3130 2454 3418 2514 descendit.

1867 2555 1963 2609 per
2002 2547 2392 2595 sacramentum
2434 2540 2813 2596 incarnationis
2853 2542 2991 2596 Deus
3027 2559 3183 2598 verus
3209 2558 3419 2612 perma-

1869 2643 2021 2692 nens,
2048 2628 2219 2684 l‘actus
2243 2638 2325 2685 est
2348 2630 2505 2684 etiam
2532 2645 2692 2684 verus
2711 2632 2869 2685 homo
2894 2648 2905 2682 :
2938 2639 2993 2686 et
3019 2647 3122 2686 non
3152 2641 3276 2686 sunt
3300 2648 3419 2702 per~

1868 2718 2122 2774 sonaliter
2141 2718 2267 2783 duo,
2287 2719 2425 2774 Deus
2446 2718 2688 2774 videlicet
2708 2727 2763 2774 et
2780 2720 2955 2784 homo,
2977 2722 3071 2775 sed
3094 2736 3232 2775 unus
3253 2722 3420 2775 idem-

1866 2822 1971 2877 que
1995 2817 2078 2861 est
2104 2808 2158 2861 in
2187 2808 2390 2863 unitate
2413 2818 2655 2877 persena:
2680 2810 2818 2865 Deus
2845 2811 3022 2865 homo.
3052 2811 3254 2865 idcirco
3277 2810 3417 2880 Apo-

1867 2896 2035 2952 stolus
2069 2897 2358 2952 secundum
2400 2899 2670 2953 hominem
2711 2899 2775 2954 de
2807 2902 2949 2956 cmlo
2972 2902 3240 2957 caelestem
3269 2914 3419 2954 vera-

1867 2986 2003 3041 citer
2023 2987 2226 3051 edocet,
2253 2987 2503 3056 quoniam
2531 2998 2775 3057 suscepta
2809 3004 2839 3042 a
2869 2990 3076 3045 cmlesti
3106 2991 3213 3046 Deo
3241 3004 3418 3045 esset:-

1871 3076 2065 3134 lialitcr
2097 3077 2325 3131 humana
2361 3085 2571 3142 natura,
2604 3087 2846 3133 terrenus
2876 3078 3033 3135 homo
3066 3094 3132 3134 ex
3155 3094 3219 3134 eo
3245 3080 3418 3137 factus

1867 3175 1949 3222 cst
1973 3167 2223 3221 cmlcstis.
2266 3166 2345 3222 De
2378 3167 2515 3222 cmlo
2554 3183 2682 3238 ergo
2723 3169 2983 3223 secundus
3024 3169 3195 3233 homo,
3242 3171 3295 3225 id
3335 3182 3416 3227 est

1868 3257 2108 3312 Christus
2134 3255 2305 3322 Jesus,
2347 3258 2470 3329 quia
2507 3258 2736 3318 caelestis
2772 3267 2825 3313 et
2864 3267 3106 3325 terrenus
3138 3261 3305 3316 factus
3333 3273 3417 3318 cst

1866 3360 2003 3400 unus
2030 3345 2169 3400 Deus
2195 3354 2249 3399 ct
2281 3346 2457 3400 homo.
2489 3346 2603 3401 Non
2630 3362 2757 3418 ergo
2787 3345 2899 3414 jam
2940 3356 3181 3403 terrenus
3207 3350 3294 3418 qui
3320 3366 3417 3419 per

1866 3436 2133 3490 cwlestetu
2170 3435 2223 3489 in
2263 3435 2375 3504 ipsa
2404 3436 2661 3491 veraciter
2691 3437 2827 3492 uteri
2864 3439 3207 3507 conceptione
3244 3439 3416 3496 factus

1862 3533 1945 3579 est
1971 3524 2219 3579 omlestis.
2251 3524 2316 3578 Et
2349 3524 2472 3578 licet
2506 3524 2696 3577 habeat
2732 3517 2927 3584 terreni
2963 3527 3198 3594 corporis
3224 3528 3410 3581 verita-

1865 3626 2000 3681 tem,
2029 3630 2298 3684 nunquam
2327 3622 2501 3669 tamen
2524 3615 2601 3670 sic
2625 3612 2723 3668 fuit
2751 3624 3005 3675 terrenus,
3037 3623 3093 3668 ut
3123 3630 3226 3670 non
3256 3614 3413 3671 fuerit

1860 3717 2072 3771 semper
2093 3712 2147 3756 et
2166 3701 2419 3765 caelestis,
2441 3703 2563 3769 quia
2586 3716 2854 3770 nunquam
2879 3700 2975 3755 fuit
2998 3716 3160 3769 purus
3181 3702 3411 3771 primum

1863 3790 2104 3845 conditus
2141 3790 2318 3853 homo,
2362 3799 2422 3843 ut
2456 3789 2789 3857 postmodum
2835 3790 3083 3843 transiret
3122 3790 3175 3844 in
3210 3789 3407 3853 Deum;

1862 3883 1955 3937 sed
1992 3882 2116 3937 dum
2156 3882 2521 3949 conciperetur
2558 3879 2623 3934 de
2662 3879 2859 3947 Spiritu
2903 3886 3085 3934 sancto
3114 3886 3167 3933 et
3195 3870 3413 3949 virginis

1859 3976 2035 4039 vulva,
2062 3975 2202 4029 Deus
2226 3973 2423 4042 pariter
2443 3969 2639 4039 prodiit
2664 3978 2713 4023 ct
2744 3970 2902 4041 homo
2924 3983 2938 4021 :
2963 3984 3100 4023 unus
3121 3983 3187 4022 ex
3207 3968 3411 4023 duabus

1860 4065 2064 4118 naturis
2090 4062 2229 4117 Deus
2251 4063 2425 4123 homo,
2454 4075 2555 4115 non
2585 4059 2719 4113 alter
2742 4059 2881 4123 Deus
2906 4067 2957 4114 et
2985 4058 3120 4112 alter
3141 4058 3318 4121 homo,
3346 4058 3408 4112 li-

1859 4162 1943 4210 cet
1973 4154 2039 4208 sit
2062 4153 2203 4206 aliud
2223 4166 2320 4220 per
2340 4151 2479 4219 quod
2502 4150 2659 4211 Deus.
2680 4155 2734 4203 et
2756 4147 2903 4203 aliud
2924 4162 3020 4216 per
3042 4148 3182 4215 quod
3208 4148 3366 4202 homo
3387 4163 3403 4201 :

1859 4261 1995 4298 unus
2017 4252 2191 4297 tamen
2219 4243 2465 4310 idemque
2486 4239 2552 4293 de
2574 4236 2711 4292 cmlo
2734 4235 2974 4292 caelestis
2994 4235 3133 4290 Deus
3154 4235 3315 4289 homo

2365 4348 2516 4418 132
2567 4344 2788 4401 CAPUT
2824 4343 2888 4400 LI

1856 4443 2007 4495 Jesus
2029 4442 2115 4509 qui
2140 4438 2424 4509 descendit,
2455 4436 2681 4490 ascendit
2710 4435 2797 4509 ubi
2822 4444 2932 4488 erat
2954 4436 3125 4509 prius;
3161 4436 3282 4503 quia
3319 4434 3407 4488 Fi-

1926 4510 2027 4563 lius
2041 4504 2158 4563 'Dei.
2182 4510 2350 4561 minor
2368 4505 2523 4559 Patre
2543 4504 2821 4564 secundum
2842 4513 3078 4557 naturam
3102 4504 3405 4568 humanam,

198 4594 305 4645 que
344 4578 505 4633 datur
540 4578 803 4650 intellegi,
838 4580 1030 4634 Filium
1067 4581 1301 4635 hominis
1334 4582 1667 4637 descendisse
1693 4582 1758 4637 de
1790 4567 1837 4624 ο
1928 4595 2043 4632 non-
2065 4586 2239 4650 tamen
2268 4577 2435 4650 minor
2470 4572 2638 4626 Filius
2666 4573 2758 4626 etsi
2784 4572 2968 4635 homo;
3000 4573 3133 4625 unde
3166 4581 3213 4625 ct
3251 4573 3402 4625 homo

197 4667 359 4733 caelo,
386 4676 547 4737 atque
569 4670 856 4724 ascendere
880 4670 967 4723 ubi
988 4679 1105 4724 erat
1129 4671 1295 4739 prius,
1320 4670 1567 4737 quoniam
1595 4670 1759 4725 Filius

198 4757 295 4813 Dei
329 4759 424 4828 qui
462 4757 735 4813 desecudit
766 4760 840 4842 .de
869 4758 1004 4826 coelo
1031 4766 1086 4815 et
1117 4759 1173 4813 in
1209 4759 1345 4815 coelo
1386 4768 1502 4813 erat
1543 4774 1660 4813 cum
1706 4759 1755 4813 in

198 4859 344 4905 terra
369 4848 695 4918 loqueretur,
728 4849 842 4917 ipse
865 4848 1083 4903 omnino
1111 4857 1198 4903 est
1220 4865 1356 4903 unus
1391 4848 1635 4917 idemque
1665 4848 1756 4901 Fi-

198 4940 303 4993 lius
325 4938 578 4994 hominis.
621 4938 796 4994 Voluit
812 4938 1051 5009 profecto
1071 4953 1167 4993 nos
1185 4937 1443 4993 altissima
1464 4939 1559 4994 Dei
1584 4937 1757 4993 Patris

199 5037 410 5097 atqucHI
436 5028 696 5097 sapientia
735 5029 964 5098 benigno
1004 5028 1347 5094 nihilpminus
1382 5029 1755 5099 praemonendo

199 5116 383 5173 favore
415 5118 716 5185 instruere,
742 5128 1003 5187 quatenus
1036 5118 1235 5187 absque
1261 5113 1365 5172 ulla
1388 5133 1606 5187 prorsus
1638 5134 1753 5172 am-

198 5207 333 5277 bage
360 5207 896 5279 dubietatis,’absque
922 5207 1028 5263 ulla
1054 5210 1376 5279 scrupulosa:
1398 5210 1756 5278 palpitationis

201 5300 517 5355 titubatione
558 5300 758 5356 certius
800 5300 1189 5385 intellegamus,
1233 5318 1335 5357 non
1377 5316 1586 5372 semper
1624 5301 1756 5375 [Pro

268 5468 295 5496 ι
317 5455 421 5511 νει
432 5465 677 5527 superest
696 5467 869 5529 atque,
883 5458 971 5511 vel
985 5459 1130 5514 deest
1149 5457 1288 5512 aliud
1309 5458 1607 5526 epitheton:
1625 5464 1749 5525 puta

201 5535 351 5589 atque
370 5535 586 5589 eterna,
613 5535 714 5580 etc.

333 5593 432 5665 [lic
455 5596 604 5665 deest
626 5593 865 5665 aliquid:
899 5606 1022 5665 puta
1050 5594 1338 5665 Apostolus,
1371 5595 1460 5647 vrl’
1483 5593 1749 5665 Paulum]

266 5674 290 5701 ε
329 5662 408 5745 ΙιιΔ
429 5664 536 5745 tuis
560 5662 807 5745 insertum
831 5662 1009 5745 {egisse
1030 5662 1249 5745 uitaciis.
1284 5667 1551 5745 ιιιτςτάκιον,
1583 5662 1752 5745 [Lugii—

205 5733 335 5803 l‘ares
361 5733 725 5803 etitabttla_cx_
751 5731 889 5803 fusili
914 5731 1121 5803 picenti
1146 5733 1469 5803 exarandum
1500 5731 1744 5803 rutilium.

202 5800 262 5856 ﬂ.
295 5802 484 5872 Steph.
528 5802 580 5855 in
607 5801 670 5855 Τ.
707 5800 764 5854 ι.
796 5800 858 5855 G.
898 5799 996 5855 col.
1031 5802 1163 5863 533‘,
1202 5802 1278 5856 lit.
1317 5801 1378 5855 (ἶ.
1413 5811 1540 5857 ιοιιι.
1575 5799 1633 5853 111
1655 5808 1748 5862 ,et

1926 4663 2109 4701 nomen
2131 4644 2443 4699 hwredilauit
2468 4658 2620 4712 super
2647 4657 2793 4694 omne
2818 4657 3017 4695 nomen.

1927 4757 2039 4811 Neu
2070 4756 2332 4823 discrepat
2355 4766 2480 4821 ergo
2504 4750 2706 4806 clamor
2726 4749 2987 4818 praeconis
3012 4763 3040 4802 a
3078 4750 3158 4803 sui
3189 4756 3402 4804 senten-

1855 4849 1927 4903 tia
1966 4847 2183 4918 judicis.
2212 4845 2361 4913 Quod
2389 4843 2537 4900 enim
2560 4841 2812 4896 Dominus
2837 4839 3028 4894 Filium
3071 4839 3299 4895 hominis
3338 4840 3405 4895 de

1855 4942 1990 4996 coelo
2011 4938 2361 5000 descendisse,
2385 4944 2438 4991 et
2457 4934 2547 4989 ubi
2569 4940 2701 4996 erat,
2730 4932 3013 5001 perhibuit,
3036 4931 3201 5000 prius,
3226 4945 3403 4985 ascen-

1855 5031 2011 5093 dere,
2060 5029 2161 5082 hoc
2200 5025 2482 5097 Apostolus
2528 5023 2643 5092 ejus
2690 5025 2979 5079 secundum
3030 5022 3293 5076 hominem
3338 5022 3403 5075 de

1854 5119 1989 5175 «:(elo
2012 5117 2292 5172 conﬁtetur
2315 5115 2612 5173 caelestem.
2635 5113 2748 5167 Non
2776 5113 2916 5167 enim
2942 5113 3116 5165 abnuo
3142 5126 3225 5165 me
3248 5111 3403 5180 hujus

1854 5212 2140 5266 Dominicae
2161 5209 2493 5266 allocutionis
2518 5208 2806 5278 capitulum
2832 5207 2885 5261 in
2912 5208 3017 5268 tuis
3048 5207 3301 5261 insertum
3327 5206 3399 5261 le-

1853 5300 1993 5370 gisse
2019 5299 2225 5368 pitaciis
2258 5309 2302 5361 ο,
2342 5304 2399 5351 ct
2428 5295 2582 5365 juxta
2607 5298 2769 5352 moris
2793 5297 2867 5351 tui
2898 5296 3230 5351 insolentiam
3249 5336 3262 5360 ,
3289 5296 3401 5351 vio~

1859 5455 1933 5508 Du
1959 5453 2135 5522 Gange
2160 5450 2477 5522 inAGlossar.
2513 5450 2614 5505 Sed
2646 5458 2702 5522 ct
2735 5450 2798 5522 ad
2824 5450 2956 5504 alias
2988 5449 3397 5522 signiﬁcationes

1857 5518 2174 5579 extenditur.
2214 5520 2536 5588 Quandoque
2573 5520 2711 5574 enim
2756 5519 2978 5589 frustum
3024 5518 3201 5589 panni,
3244 5518 3394 5578 rorii,

1855 5592 2175 5661 alteriusque
2207 5585 2395 5661 similis
2432 5585 2509 5643 rei
2544 5588 2821 5661 signiﬁcat.
2860 5585 3186 5661 Gabaonitze,
3224 5594 3280 5638 ut
3312 5596 3397 5639 est

1853 5660 2011 5716 Josue
2036 5658 2114 5719 ις’.
2148 5660 2201 5722 5.
2242 5658 2503 5713 habebant
2539 5658 2880 5711 ralceamrnta
2915 5659 3393 5726 peruuliqua,_qugn

1853 5731 1920 5782 ml
1946 5721 2195 5782 indicium
2222 5726 2487 5782 vetustatis
2502 5726 2722 5784 4bitat-iis
2754 5721 2964 5779 comula
2994 5721 3159 5784 erani.
3196 5723 3261 5777 ad
3291 5721 3392 5776 lal-

1853 5799 2060 5853 lrndmn
2099 5795 2254 5851 Iosue
2290 5805 2339 5848 rt
2373 5789 2621 5865 populum
2648 5795 2757 5850 Dei.
2791 5795 2849 5847 lit
2877 5793 3105 5849 immites
3134 5793 3195 5846 de
3224 5789 3391 5847 Janus
