3926 6464
561 444 665 504 407

1489 441 1544 492 S.
1585 440 1851 494 PAULINI
1890 439 2348 494 PATRIARCHE
2387 438 2859 505 AQUILEIENSIS

3672 443 3773 498 $08

553 557 726 610 lenter
751 555 943 608 inﬂatae
967 552 1200 606 scientia:
1223 560 1326 606 tua:
1347 566 1506 606 sensu
1529 552 1806 620 recognovi
1827 552 2106 620 digestum.
2139 553 2189 611 Α
2217 549 2349 605 Sede
2376 568 2409 604 a
2431 551 2628 603 dextris
2658 551 2800 610 meis,
2827 549 3163 619 quoadusque
3190 568 3377 621 ponam
3405 555 3645 609 inimicos
3668 565 3781 613 tuos

552 647 662 700 Cur
693 659 797 698 non
826 643 1019 697 sinceri
1057 641 1271 695 luminis
1296 641 1498 704 oculos,
1527 641 1798 709 multoque
1823 652 1846 680 α
1877 647 2112 694 contem-

553 733 804 802 plationis
831 731 962 785 intui
992 731 1209 798 inspicis
1234 738 1407 784 ratam
1435 731 1486 784 in
1516 739 1651 792 rota,
1677 731 1776 784 hoc
1805 737 1885 782 est
1910 736 2113 781 utrum-

553 839 658 892 que
672 824 1068 879 Testamentum
1086 824 1300 878 sibimet
1321 824 1758 892 conglutinatum,
1784 823 1854 875 ita
1877 830 1935 874 ut
1949 822 2112 876 Vetus

553 915 756 970 Novum
775 955 790 980 ,
821 915 1022 985 perﬁda
1057 915 1406 970 calculation'e
1435 915 1655 976 divisus,
1684 913 1784 969 hoc
1810 923 1890 967 cst
1921 914 1972 966 in
2000 913 2111 967 veri

553 1016 607 1060 et
632 1007 970 1073 nuncupativi
997 1007 1111 1060 Dei.
1137 1004 1232 1060 Cui
1261 1005 1508 1059 nimirum
1535 1012 1641 1057 tam
1673 1004 1845 1072 impia:
1868 1005 2112 1058 assertio-

556 1098 639 1152 nis
663 1097 865 1151 auditui
893 1097 1157 1152 catholica
1188 1097 1319 1152 ﬁdes
1343 1097 1487 1151 nulla
1515 1113 1745 1165 unquam
1783 1098 1986 1150 ratione
2022 1112 2112 1164 pa-

556 1187 777 1240 tentium
799 1188 1008 1240 aurium
1038 1189 1275 1255 praebere
1300 1189 1500 1255 patitur
1527 1187 1706 1241 rimas.
1751 1187 1882 1241 Nam
1913 1196 1966 1241 et
1992 1196 2114 1241 ante

554 1273 934 1329 incarnationis
961 1277 1292 1345 mysterium,
1321 1285 1372 1328 et
1393 1285 1509 1344 post
1535 1277 1911 1344 assumptionis
1936 1291 2114 1330 sacra-

555 1376 792 1423 mentum
835 1384 1042 1438 semper
1081 1385 1216 1423 unus
1267 1369 1510 1438 idemque
1560 1369 1810 1438 proprius
1850 1383 2114 1436 vetusque

556 1458 649 1512 Dei
687 1458 871 1523 Filius,
905 1467 959 1513 et
988 1474 1142 1512 verus
1166 1469 1439 1528 permanet
1478 1461 1634 1513 Deus.
1668 1458 1724 1511 ln
1762 1457 1930 1511 forma
1959 1473 2112 1509 nam-

555 1563 658 1616 que
698 1549 791 1602 Dei
835 1548 1056 1618 aequalis
1097 1548 1263 1611 Patri,
1306 1550 1360 1602 in
1405 1547 1572 1602 forma
1615 1563 1743 1601 vero
1771 1548 1912 1602 servi
1943 1547 2116 1601 minor

552 1639 730 1694 Patre.
774 1639 887 1694 Non
928 1640 1080 1704 alius,
1126 1639 1216 1694 sed
1256 1655 1392 1693 unus
1435 1640 1677 1707 idemque
1718 1647 1770 1693 et
1809 1637 2027 1706 :equalis
2062 1644 2116 1691 et

554 1733 745 1786 minor.
775 1731 890 1786 Non
934 1731 1098 1784 Filius
1133 1731 1326 1794 minor,
1359 1729 1449 1783 sed
1492 1732 1719 1784 humana
1765 1728 1984 1782 inferior
2023 1743 2115 1780 na-

553 1829 693 1874 tura.
741 1819 1006 1888 Equalis‘
1029 1821 1314 1884 nimirum,
1360 1821 1482 1889 quia
1528 1834 1690 1873 unum
1740 1834 1862 1872 cum
1907 1817 2108 1870 Patre:

2212 635 2490 688 scabellum
2529 635 2712 704 pedum
2755 645 2962 689 tuorum
2991 633 3147 706 (Heb.
3181 653 3232 700 ι,
3263 637 3316 702 5,
3350 639 3477 710 15)?
3528 641 3656 697 Haec
3695 653 3777 697 est

2211 727 2352 779 enim
2385 726 2471 778 illa
2497 724 2791 780 differentia
2820 726 3071 790 nominis,
3099 726 3163 782 de
3189 743 3292 797 qua
3327 731 3588 799 przemisit
3614 750 3627 785 :
3654 735 3780 802 quia

2212 812 2381 882 angeli
2410 814 2570 877 servi,
2606 813 2694 867 ille
2732 828 2857 867 vero
2886 812 3053 868 Filius
3076 816 3273 869 summi
3299 825 3354 870 et
3394 820 3781 888 omnipotentis

2213 902 2305 956 Dei
2335 911 2416 956 est
2445 902 2639 957 Patris.
2677 901 2864 972 Augeli
2902 903 3130 972 denique
3163 905 3438 974 signanter
3461 909 3780 963 vocabulum

2214 992 2442 1046 nominis
2466 1007 2532 1046 ex
2559 990 2739 1046 oﬂicio
2764 993 3050 1047 ministerii
3081 994 3162 1048 sui
3197 996 3516 1049 sortiuntur.
3551 997 3718 1060 Unde,
3730 1007 3782 1053 et

2212 1097 2492 1136 commune
2518 1096 2709 1146 nomen
2740 1081 2890 1153 [Pro,
2922 1085 3191 1138 communi
3220 1085 3456 1156 nomine]
3486 1087 3663 1156 angeli
3690 1103 3784 1156 ap-

2214 1171 2393 1239 pellati
2431 1180 2554 1225 sunt
2591 1189 2602 1224 :
2645 1187 2750 1225 non
2783 1165 2958 1251 autem
2991 1173 3162 1242 angeli
3198 1187 3391 1228 nomen
3413 1163 3594 1244 super
3627 1192 3788 1232 omne

2215 1277 2406 1314 nomen
2436 1261 2704 1329 accepisse
2744 1271 2866 1316 sunt
2892 1256 3226 1327 aestimandi,
3256 1264 3396 1318 sicut
3427 1264 3680 1322 Christus
3701 1266 3786 1322 Je-

2216 1365 2305 1404 sns
2344 1365 2535 1404 nomen
2570 1351 2902 1405 hacreditavit
2939 1367 3098 1420 super
3128 1345 3288 1407 omne
3324 1369 3538 1409 nomen.
3582 1355 3784 1411 Nomen

2215 1442 2407 1510 quippe
2433 1457 2593 1511 super
2619 1457 2777 1496 omne
2807 1456 2998 1495 nomen
3027 1442 3166 1496 Deus
3193 1451 3296 1506 est,
3325 1458 3592 1513 verosque
3623 1445 3786 1499 Filius

2217 1533 2328 1586 Dei.
2364 1532 2467 1587 Sed
2496 1533 2610 1588 hate
2637 1532 2688 1586 in
2716 1547 2812 1587 suo
2839 1532 2956 1587 loco
2981 1534 3256 1588 tractanda
3284 1533 3660 1604 relinquimus.

2812 1661 3035 1717 CAPUT
3073 1661 3178 1716 LII.

2216 1752 2383 1806 Dauid
2417 1764 2463 1806 et
2509 1752 2707 1806 Paulus
2753 1751 3009 1807 Christum
3059 1753 3223 1806 Deum
3271 1739 3383 1807 sine
3429 1756 3783 1809 additamenta

2288 1823 2648 1892 nunrupatioi,
2694 1832 2740 1874 et
2777 1821 2969 1876 Filium
2999 1823 3093 1875 Dei
3125 1824 3313 1892 absque
3337 1823 3631 1892 adjectione
3658 1825 3784 1878 ado-

553 1909 730 1964 minor
758 1917 963 1973 autem,
991 1910 1113 1978 quia
1144 1924 1453 1963 unum‘cum
1483 1917 1673 1961 matre.
1705 1906 1888 1962 Nonne
1912 1904 2002 1974 qui
2031 1904 2112 1957 di-
2144 1889 2191 1948 Β
2220 1939 2240 1946 -
2287 1893 2408 1959 Ριίυὲ
2437 1889 2762 1959 “ll/5‘0"”-

554 1998 668 2053 cit:
707 1998 815 2067 Ego
838 2008 884 2052 et
917 2010 1062 2069 pater
1097 2016 1253 2052 unum
1289 2015 1466 2053 sumus
1499 1998 1676 2067 (Joan.
1704 2013 1757 2058 x,
1788 1995 1899 2063 '50),
1927 1995 2040 2062 ipse
2063 2001 2118 2046 et

554 2102 658 2141 non
699 2087 833 2142 alius
857 2089 931 2141 ait
971 2106 983 2140 :
1029 2087 1189 2141 Pater
1217 2089 1386 2157 major
1420 2105 1498 2141 me
1533 2097 1604 2140 est
1639 2085 1816 2154 (loan.
1855 2099 1964 2146 xw,
1993 2080 2120 2149 28)?

554 2175 704 2231 Unus
732 2177 796 2231 de
831 2177 988 2231 Patre
1022 2178 1136 2231 sine
1173 2186 1363 2238 matre,
1403 2192 1540 2230 unus
1571 2175 1814 2241 idemque
1851 2173 1915 2226 de
1947 2180 2118 2225 matre

552 2268 667 2322 sine
703 2276 874 2338 patre.
904 2267 1071 2322 Porro
1113 2282 1272 2335 quem
1312 2265 1575 2320 hacredem
1615 2265 1982 2317 universorum
2022 2274 2119 2329 per

553 2359 606 2412 id
627 2399 640 2422 ,
669 2359 811 2427 quod
839 2359 904 2412 de
940 2367 1110 2418 matre
1137 2364 1219 2412 est
1239 2397 1253 2422 ,
1285 2356 1568 2425 Apostolus
1597 2355 1942 2409 constitutum
1972 2366 2117 2405 com-

552 2458 836 2513 memorat,
864 2450 1035 2519 ipsum
1065 2450 1414 2517 eumdemque
1449 2461 1514 2502 ex
1544 2462 1628 2509 eo,
1673 2446 1812 2514 quod
1853 2445 1918 2497 de
1958 2441 2115 2496 Patre

552 2546 656 2601 est,
684 2538 1016 2606 splendorem
1039 2539 1219 2608 gloria:
1242 2547 1295 2593 et
1320 2539 1542 2609 ﬁguram
1567 2535 1876 2590 substantia
1899 2533 2117 2588 conﬁtco

552 2638 644 2681 tur
668 2645 681 2680 :
714 2628 992 2698 ipsumque
1015 2630 1106 2698 qui
1131 2629 1194 2683 de
1222 2629 1426 2698 virgine
1450 2636 1606 2681 natus
1628 2633 1738 2685 est,
1770 2632 1974 2676 tantum
2006 2633 2115 2674 me-

551 2717 738 2775 liorem
774 2720 974 2790 angelis
1001 2719 1234 2773 al'lirmat
1269 2717 1542 2779 eﬂ‘ectum,
1585 2724 1842 2786 quantum
1873 2711 2118 2767 differen-

553 2810 659 2866 tius
682 2826 793 2880 prae
818 2812 919 2864 illis
947 2826 1138 2865 nomen
1169 2810 1521 2865 haereditavit.
1552 2807 1886 2863 litereditatPS
1915 2811 2111 2866 autem,

549 2909 606 2954 et
630 2898 926 2955 eﬂeetionis
960 2916 1134 2955 sermo
1173 2902 1237 2955 ad
1267 2901 1581 2962 humanam,
1628 2913 1731 2953 non
1775 2898 1840 2951 ad
1880 2896 2111 2950 divinam

549 2988 784 3057 pertinet
811 2987 1053 3044 formam.
1082 2990 1148 3043 Et
1171 2990 1312 3059 quod
1337 2991 1408 3044 sit
1432 2989 1558 3044 illud
1587 2987 1932 3041 excellentius
1959 2983 2112 3037 diﬂ'e-

556 3093 682 3133 rens
729 3094 918 3134 nomen
963 3081 1030 3134 ab
1056 3080 1310 3148 Apostolo
1356 3079 1658 3148 exponitur,
1706 3091 1826 3130 cum
1871 3073 2112 3143 protinus

551 3167 878 3224 subinfertur
908 3188 919 3224 :
952 3171 1049 3223 Cui
1082 3174 1247 3232 enim,
1286 3171 1388 3233 ait,
1422 3168 1704 3239 aliquando
1737 3167 1870 3220 dia-it
1906 3163 2113 3234 angelo-

550 3276 688 3325 rum,
716 3258 884 3314 Filius
909 3277 1050 3314 meus
1071 3277 1122 3315 es
1143 3271 1216 3324 tu,
1245 3278 1335 3330 ego
1361 3260 1512 3313 hodie
1532 3261 1682 3328 genui
1701 3268 1748 3311 te
1766 3259 1788 3311 .’
1808 3257 1872 3311 Et
1892 3271 2108 3310 rursus:

553 3351 668 3420 Ego
690 3367 778 3405 ero
799 3352 878 3406 tllt
906 3354 960 3406 in
989 3352 1214 3417 Patrem,
1240 3363 1287 3406 et
1311 3354 1417 3423 ipse
1441 3354 1536 3406 erit
1565 3351 1689 3405 mihi
1716 3352 1770 3404 in
1803 3349 2014 3403 Filium.
2046 3346 2111 3400 Et

553 3444 682 3497 illud
712 3459 726 3498 :
759 3444 839 3498 Ad
877 3461 1025 3515 quem
1056 3455 1226 3499 autent
1271 3444 1570 3516 angelorum
1611 3444 1741 3498 dixit
1785 3439 2063 3510 aliquando
2093 3456 2109 3492 :

552 3598 690 3676 apud
721 3596 796 3648 Du
822 3595 1000 3718 Gange
1024 3594 1099 3676 ογ,
1136 3594 1470 3676 2863.111!“th
1514 3593 1834 3673 Repeciatus,
1873 3591 1949 3643 ait
1973 3591 2113 3658 quod

556 3685 574 3715 ι
613 3663 894 3718 Ptttacium
971 3665 1128 3718 icitur
1165 3663 1254 3716 illa
1301 3679 1433 3716 corn
1477 3661 1754 3730 particula,
1802 3675 1920 3728 qua:
1958 3659 2115 3714 solete

554 3733 845 3811 t-epeciatai
876 3733 1048 3811 insuta
1078 3740 1224 3786 est...
1257 3732 1744 3811 untlepift‘aciatus,
1769 3730 1821 3811 id
1845 3737 1928 3784 est
1959 3744 2108 3811 repe-

553 3799 776 3879 cintus.)
807 3801 1104 3879 Salmasius
1126 3799 1741 3879 quoqtie.(ibid‘.)'vocet_n
1768 3799 2114 3879 han_c_a_pita-

553 3873 693 3926 cium
720 3871 961 3936 deducit,
997 3871 1082 3925 cui
1125 3868 1264 3926 favet
1294 3868 1436 3925 Will.
1466 3869 1635 3924 Britto
1662 3869 1753 3923 lib.
1781 3885 1818 3922 ιι
1857 3868 2113 3937 Philipp.,

553 3943 643 3998 ubi
675 3944 739 3997 de
765 3943 940 3998 tunica
969 3942 1204 4004 militari,

678 4053 757 4099 Sic
780 4064 1001 4112 percussa
1027 4057 1176 4110 patet,
1199 4051 1269 4099 sic
1289 4050 1514 4099 intercisa
1540 4049 1733 4098 minutis

680 4113 875 4163 Pictseii
900 4112 1096 4175 pendet.

551 4217 771 4285 Insuper
804 4217 1016 4285 pittacia
1042 4215 1355 4269 dicebantur
1378 4213 1739 4285 sclteda‘,qu:e
1765 4212 1895 4266 alias
1923 4210 2112 4285 brevia,

557 4287 634 4339 vel
677 4281 845 4339 breves
887 4286 1159 4347 dicuntur,
1201 4285 1394 4353 quibus
1437 4283 1867 4353 inseribebantur
1901 4281 2114 4353 nomina

553 4356 634 4410 vel
663 4355 801 4408 tituli
844 4370 1041 4409 rerum.
1084 4349 1599 4424 Dein—adigebantur
1638 4352 1753 4418 pice
1790 4351 1872 4424 vel
1916 4349 2112 4424 nialtha

555 4426 701 4498 illita:
729 4426 844 4479 istae
872 4424 1134 4498 tabellula:
1157 4417 1649 4498 doliis,atnpboi'is,
1670 4421 1878 4498 caeteris
1903 4417 1967 4471 ad
1985 4434 2115 4498 qua.

554 4496 778 4557 litatem,
816 4493 1062 4562 patriam,
1089 4501 1321 4554 :etatem,
1355 4500 1481 4549 etc.,
1516 4491 1644 4554 vini,
1672 4490 1954 4562 olei._etc.,
1984 4489 2116 4562 indi-

555 4555 1112 4617 cartdam.'Petronius
1143 4563 1194 4616 in
1227 4562 1457 4630 satyrico
1484 4575 1602 4630 pag.
1635 4560 1765 4612 mihi
1791 4557 1859 4611 26
1889 4575 1919 4630 :_
1940 4574 1957 4606 ι
1993 4557 2112 4610 Sta-
2147 4555 2194 4614 D

555 4637 651 4687 tim
678 4633 849 4686 allat:e
879 4639 1004 4686 sunt
1042 4627 1321 4700 amphora!
1352 4631 1532 4683 vitrea:
1558 4629 1833 4700 diligenter
1872 4627 2108 4700 gipsat'e,

554 4703 861 4772 quarumjn
891 4697 1186 4772 cervicibus
1219 4701 1436 4772 pittacia
1463 4707 1614 4772 erant
1652 4698 1970 4772 afﬁxa_cum
2013 4697 2112 4752 hoc

555 4765 710 4828 titulo
736 4788 748 4824 :
775 4771 1075 4840 Falernum.
1107 4765 1463 4840 Opimianum.
1491 4765 2063 4840 Annorum.Cenium_._
2089 4787 2106 4818 ι

555 4844 682 4898 Item
720 4857 838 4909 quae
877 4839 1033 4907 vulgo
1074 4834 1320 4895 dic-untur
1360 4838 1687 4909 memorialia
1723 4835 1946 4909 principi
1985 4834 2112 4891 olle-

557 4906 752 4976 renda,
770 4927 887 4980 qua:
913 4906 1124 4980 qnidem
1138 4910 1339 4980 brevia
1365 4924 1483 4980 esse
1510 4907 1700 4980 debent
1721 4920 1740 4968 ,'
1769 4906 1982 4980 pittacia
2023 4921 2114 4974 ap-

554 4973 747 5050 pellata
777 4973 947 5050 habes
967 4979 1106 5048 apud
1133 4978 1490 5050 Lampridium
1518 4977 1569 5030 in
1596 4973 1894 5050 Alexandro
1917 4973 2114 5050 _Sevcro

557 5045 672 5118 cap.
705 5050 765 5102 2|
801 5068 813 5102 ε
852 5068 868 5099 ι
909 5048 982 5104 De
1002 5045 1380 5117 promovendis
1409 5047 1568 5118 etiam
1596 5046 1694 5118 sibi
1724 5045 2028 5118 adnotabat,
2062 5054 2115 5099 et

555 5113 857 5189 perlegebat
887 5113 1075 5173 cuncta
1107 5119 1342 5189 pittacia.
1385 5137 1401 5167 ι
1439 5115 1568 5189 Vide
1609 5115 1828 5189 Macros__
1845 5116 1898 5168 in
1929 5113 2116 5189 Hiero-

558 5184 661 5243 lex.
692 5189 828 5243 llinc
857 5203 1064 5256 quoque
1088 5184 1241 5243 dictce
1267 5187 1518 5242 chartula:
1545 5199 1638 5239 seu
1664 5185 1901 5252 pagellre,
1925 5184 2115 5256 quibus

557 5259 755 5327 aliquid
794 5253 1039 5311 breviter
1069 5258 1378 5327 indicatum
1434 5257 1793 5327 scriptitamus
1847 5253 2116 5327 memmja:

559 5323 755 5395 gratia.
785 5327 952 5381 fusius
978 5325 1164 5393 majori
1194 5327 1340 5394 operi
1368 5327 1449 5380 vel
1476 5323 1609 5379 libro
1635 5323 1992 5395 inserendum.
2026 5323 2116 5377 Sic

559 5394 774 5450 sanctus
808 5397 1057 5466 Eulogius
1082 5396 1367 5450 Toletanus
1389 5397 1668 5466 episcopus
1693 5410 1809 5462 qua:
1833 5394 2118 5466 collegerat

560 5476 676 5522 acta
711 5461 1024 5533 martyrum,
1055 5474 1111 5520 ut
1140 5467 1352 5527 librum,
1384 5461 1466 5519 cui
1497 5461 1987 5531 titulnm’apposuit’
2008 5461 2117 5533 Me-

561 5534 778 5588 moriale
799 5532 1091 5588 sanctorum
1114 5535 1420 5591 conﬁceret.
1445 5535 1495 5587 in
1518 5534 1772 5588 chartulis
1791 5544 1844 5587 et
1864 5532 2112 5602 pittaciis,

552 5605 899 5685 rdispositase
922 5605 1167 5685 habuisse
1189 5614 1371 5685 narrat
1389 5605 1443 5685 in
1466 5604 1686 5685 epistola
1712 5603 1915 5683 ultima,
1939 5605 1990 5658 in
2013 5621 2115 5674 qua

563 5673 746 5727 scribit
772 5674 964 5728 Alvaro
991 5674 1072 5728 his
1095 5675 1270 5728 verbis
1296 5688 1309 5726 :
1343 5691 1360 5721 ι
1394 5673 1542 5738 Quod
1569 5687 1700 5740 opus
1733 5673 1840 5740 jam
1871 5689 2001 5742 pene
2027 5673 2117 5729 ex-

562 5744 813 5864 reditum.
842 5759 961 5797 cum
989 5759 1072 5798 me
1099 5743 1377 5798 furibunda
1401 5744 1552 5822 gptio
1579 5743 1869 5810 prmsidalis
1894 5746 2118 5798 horribi-

585 5813 700 5864 ibus
732 5814 1032 5864 carceribus
1073 5814 1383 5864 applicaret.
1429 5813 1638 5864 turbata
1684 5812 1875 5864 familia
1907 5829 2019 5864 mea
2049 5815 2116 5864 ir-

585 5813 700 5867 ibus
732 5814 1032 5868 carceribus
1073 5814 1383 5882 applicaret,
1406 5812 1638 5865 'turbata
1684 5812 1875 5866 familia
1907 5829 2019 5867 mea
2049 5815 2116 5868 ir-

2285 2000 2568 2070 Apostolus
2601 2001 2784 2070 utique
2837 2013 2957 2054 eum
3004 1999 3337 2056 diﬂ‘crentius
3383 2016 3578 2056 nomen
3627 2017 3784 2071 super

2217 2104 2375 2143 omne
2401 2104 2593 2144 nomen
2631 2087 2784 2156 juxta
2817 2088 2959 2158 quod
2993 2089 3160 2144 Filius
3210 2089 3444 2144 hominis
3473 2092 3782 2160 temporali-

2218 2193 2301 2238 ter
2331 2183 2713 2252 lieridignatus
2757 2189 2868 2246 est,
2898 2181 3241 2235 hazreditasse
3294 2180 3597 2235 denuntiat.
3649 2182 3782 2248 Quia

2216 2286 2312 2340 per
2336 2272 2385 2325 id
2411 2271 2552 2340 quod
2588 2286 2652 2325 ex
2679 2269 2837 2324 Patre
2877 2278 2958 2323 est
2993 2284 3096 2323 non
3136 2269 3471 2324 haereditavit
3515 2269 3638 2323 F‘ilii
3690 2286 3784 2323 tto-

2217 2377 2335 2418 men
2365 2363 2416 2417 in
2445 2372 2703 2432 tempore,
2731 2360 2873 2430 quod
2891 2375 3100 2430 semper
3122 2361 3308 2417 habuit
3336 2361 3652 2415 naturaliter
3671 2361 3784 2417 sine

2216 2452 2323 2508 ullo
2347 2452 2498 2506 initio
2528 2453 2736 2522 genitus
2766 2466 2830 2505 ex
2854 2449 3030 2505 Patre.
3063 2449 3141 2504 Tu
3180 2457 3356 2505 autem
3380 2490 3395 2515 ,
3426 2466 3460 2522 ρ
3491 2451 3746 2506 ln'erctiee
3765 2491 3779 2510 .

2216 2560 2313 2597 cur
2341 2559 2446 2597 non
2476 2543 2820 2598 confundcris
2839 2542 3074 2610 quolibet
3100 2542 3258 2596 modo
3284 2557 3572 2598 commune
3591 2557 3780 2597 nomen

2215 2634 2292 2686 illi
2320 2633 2623 2700 adoptivum
2651 2639 2705 2684 et
2750 2631 3165 2700 nuncupativum
3205 2632 3492 2697 ascribere,
3532 2649 3656 2699 cum
3683 2635 3782 2688 hoc

2216 2739 2407 2779 nomen
2434 2722 2589 2785 infra,
2619 2730 2674 2775 et
2699 2738 2802 2776 non
2825 2737 2985 2790 super
3003 2737 3161 2777 omne
3189 2723 3258 2776 sit
3299 2725 3532 2777 nomen?
3560 2723 3693 2778 Nam
3734 2724 3780 2778 si

2216 2817 2354 2871 Deus
2379 2831 2538 2870 verus
2567 2831 2670 2868 non
2697 2823 2856 2880 esset,
2887 2815 2976 2884 qui
3023 2814 3088 2868 de
3128 2815 3336 2885 virgine
3390 2817 3782 2888 primogenitus

2214 2915 2370 2961 natus
2409 2913 2510 2970 est,
2535 2920 2869 2974 nequaquam
2921 2905 3087 2960 David
3114 2907 3331 2975 angelos
3381 2921 3502 2962 eum
3552 2909 3779 2964 adorare

2213 2998 2366 3068 quasi
2412 2997 2682 3052 incitativa
2748 2997 3121 3052 exhortatione
3167 2998 3487 3068 compulerit
3550 3000 3774 3055 dicens:

2214 3087 2440 3140 Adorent
2469 3101 2586 3138 eum
2627 3101 2801 3138 omnes
2852 3083 3021 3154 angeli
3061 3086 3174 3154 ejus
3204 3085 3376 3154 (Psal.
3405 3103 3564 3152 xm,
3603 3088 3680 3158 8).
3714 3088 3781 3142 Et

2213 3178 2461 3246 quoniam
2489 3175 2752 3245 propheta
2787 3173 2851 3228 de
2874 3174 3039 3228 verbo
3075 3189 3290 3229 carnem
3326 3175 3467 3231 facto
3496 3177 3736 3246 pucdixit
3762 3221 3778 3240 ,

2217 3267 2352 3321 idem
2380 3266 2676 3334 praecipuus
2715 3265 2899 3319 doctor
2929 3262 3171 3326 absolvit,
3212 3279 3334 3318 cum
3356 3264 3429 3318 ita
3458 3264 3561 3319 hoc
3589 3265 3781 3335 psalmi

2213 3353 2498 3422 capitulum
2525 3352 2578 3406 in
2603 3351 3048 3420 subsequentibus
3074 3352 3222 3420 ponit
3248 3366 3263 3406 :
3293 3351 3359 3405 Et
3405 3368 3523 3405 cum
3555 3353 3741 3406 iterum
3767 3395 3780 3414 ,

2215 3443 2415 3510 inquit,
2463 3440 2744 3494 introducit
2775 3440 3170 3510 primogenitum
3209 3441 3263 3493 in
3285 3441 3459 3494 orbem
3495 3451 3668 3506 terrn',
3699 3442 3784 3496 di-

2214 3594 2459 3664 ruptione
2486 3591 2770 3664 satellitum
2789 3630 2803 3653 ,
2832 3598 2894 3664 ut_
2918 3598 3035 3664 erat
3063 3589 3320 3644 chartulis
3346 3597 3400 3644 et
3440 3592 3681 3664 pittaelis
3706 3593 3785 3664 di-

2213 3659 2382 3719 versis
2427 3662 2771 3732 dispositum,
2818 3659 3109 3732 arbitratus
3143 3673 3276 3732 sum
3313 3659 3454 3728 quod
3499 3675 3603 3732 per
3635 3662 3783 3732 varia

2214 3733 2402 3788 fuisset
2439 3729 2757 3800 dispersum.
2783 3750 2822 3800 ﬁt
2873 3729 2978 3800 Sed
3012 3739 3066 3783 et
3100 3730 3427 3800 pittaciorum
3467 3730 3690 3784 traditio
3725 3731 3781 3787 in

2215 3803 2423 3871 signum
2466 3798 2680 3871 transiit
2715 3799 3014 3871 collationis
3047 3798 3336 3871 dignitatis,
3377 3808 3433 3853 ut
3468 3808 3683 3855 constat
3717 3816 3783 3854 ex

2214 3866 2617 3950 epist._Adriani
2642 3869 2684 3922 ll
2709 3883 2859 3950 papae
2880 3866 3485 3950 adCarolumACalvum,
3513 3885 3675 3950 quam
3707 3886 3786 3924 rc-

2215 3935 2345 3996 citat
2371 3940 2629 3994 Baronins
2662 3935 2748 3992 an.
2774 3935 2900 3992 Chr.
2929 3936 3052 3998 871,
3084 3953 3139 3990 n.
3159 3935 3259 4007 r79,
3291 3937 3342 4007 in
3367 3953 3470 4004 qua
3498 3935 3629 3994 dicit
3659 3955 3785 4007 pon-

2214 4012 2345 4067 tifex
2373 4029 2384 4065 :
2421 4028 2438 4060 ι
2473 4008 3021 4064 Przefatnmvestrum
3051 4006 3276 4075 denique
3305 4005 3628 4076 legatum...
3657 4005 3785 4063 ccu-

2215 4083 2487 4136 stituimus
2509 4077 2831 4134 cardinalem
2861 4076 3321 4146 metropolitanum
3345 4088 3398 4131 et
3425 4077 3786 4146 archiepisco-

2215 4166 2338 4220 pum
2379 4149 2656 4220 Turonigae
2683 4147 2970 4220 provincia:
3011 4162 3104 4216 per
3134 4145 3386 4220 iemlam,
3417 4145 3669 4220 pitacium
3688 4189 3703 4210 ,
3729 4157 3786 4200 et

2215 4215 2485 4274 annulum.
2524 4239 2541 4269 ι
2569 4215 2729 4271 Forte
2757 4215 2966 4270 collatio
2989 4231 3082 4283 per
3109 4215 3375 4284 pittacium
3399 4215 3587 4270 eadem
3613 4227 3696 4271 est
3719 4233 3784 4272 ac

2216 4291 2527 4344 investitura
2553 4303 2709 4356 quam
2751 4287 2998 4356 dicelzani
3035 4284 3400 4356 investituram
3427 4301 3522 4356 per
3552 4287 3783 4356 notatas,

2215 4360 2296 4413 vel
2323 4377 2412 4429 per
2433 4353 2639 4421 librum,
2662 4356 2731 4429 _de
2758 4356 2948 4424 quibus
2975 4353 3142 4408 fusius
3169 4355 3245 4429 Du
3270 4353 3446 4429 Gange
3474 4355 3538 4407 ν.
3568 4353 3786 4429 Investi-

2215 4422 2332 4482 tura
2360 4445 2466 4497 per,
2508 4425 2717 4497 etcarln
2763 4422 2967 4497 summa
3005 4439 3070 4478 ex
3097 4423 3268 4497 eod.__t_
3294 4422 3780 4497 _Papi_as,_petacia,

2216 4491 2486 4567 petaciola,
2519 4496 2723 4550 modica
2754 4509 2878 4567 pars
2906 4495 3134 4567 chartae;
3185 4491 3308 4567 alibi
3335 4507 3350 4545 :
3382 4491 3666 4567 Pitacium,
3693 4496 3781 4567 vel

2215 4561 2481 4637 pitaciola,
2513 4561 2876 4637 membranula
2898 4563 3154 4637 epistola,
3181 4561 3594 4637 Ciossaaisidori
3629 4581 3643 4616 :
3683 4561 3781 4637 Pi-

2213 4631 2431 4690 etacium
2484 4635 2706 4704 epistola
2764 4632 2941 4704 brevis
2995 4641 3050 4686 et
3105 4633 3350 4704 modica._
3383 4631 3784 4704 Pictaeiuncula

2213 4699 2541 4759 membrana:
2579 4724 2596 4754 ι
2629 4703 2726 4757 Hic
2751 4703 2926 4756 obiter
2954 4712 3074 4757 nota
3107 4701 3308 4754 variam
3338 4699 3498 4768 hujus
3521 4703 3670 4756 verbi
3694 4717 3784 4756 or-

2212 4775 2761 4844 thographiampqum
2778 4772 2855 4844 ⁸ἰῐ]
2899 4771 3121 4844 singulis
3162 4771 3270 4844 iere
3310 4769 3566 4844 exemplis
3607 4771 3784 4844 allatis

2214 4841 2419 4898 diversa
2445 4851 2547 4904 est,
2576 4843 2691 4896 aliis
2717 4841 2869 4911 133
2894 4841 2971 4895 sic
2994 4841 3268 4909 pittacium
3293 4841 3653 4894 scribentibus
3681 4843 3748 4896 du
3769 4872 3782 4883 ο

2214 4913 2334 4982 plici
2363 4923 2433 4976 tt;
2462 4914 2578 4966 aliis
2601 4911 2923 4982 unico,aliis
2947 4911 3242 4982 pietacium,
3272 4911 3700 4982 aliispetacium,
3729 4927 3785 4964 et

2215 4978 2426 5102 tantifm
2475 4982 2662 5063 collige
2712 4981 2838 5050 quid
2887 4979 3138 5034 Paulinus
3180 4995 3275 5048 per
3323 4978 3515 5034 Felicis
3564 4981 3785 5048 pittacia

2215 5060 2321 5102 mte
2363 5061 2546 5102 exerit.

2214 5052 2546 5106 intellexerit.

2284 5133 2308 5161 ι
2349 5119 2802 5190 Contemplationis
2829 5119 2962 5191 intui
2986 5119 3343 5191 inspicis,‘etc.
3361 5117 3577 5191 Primus
3607 5119 3785 5191 editor

2213 5191 2300 5247 hic
2325 5192 2376 5244 in
2391 5185 2629 5259 margine
2647 5194 2799 5259 notat
2822 5205 2833 5239 :
2867 5185 3382 5259 ridetur’liic'aliquid
3403 5189 3576 5259 deesse
3598 5205 3616 5250 ;
3637 5190 3782 5257 quod

2214 5271 2293 5315 est
2321 5257 2614 5315 indubiam.
2652 5257 2802 5312 Addo
2829 5273 2927 5326 ego
2969 5257 3152 5312 mutila
3179 5259 3338 5311 etiam
3379 5267 3434 5312 et
3486 5257 3778 5326 depravata

2213 5345 2330 5385 esse
2355 5345 2416 5384 ea
2441 5331 2576 5398 ipsa,
2599 5342 2717 5396 qua:
2744 5335 3044 5398 supersunt.
3074 5329 3320 5398 Attamen
3345 5343 3442 5397 ego
3470 5326 3550 5380 sic
3570 5327 3782 5398 aliqua-

2215 5401 2333 5454 liter
2360 5396 2591 5468 suppleri
2614 5412 2771 5468 posse
2808 5396 3092 5468 existimo;
3128 5397 3252 5468 Curi
3278 5396 3598 5468 non’sinceri
3623 5396 3780 5468 lumio

2216 5470 2294 5522 nis
2336 5465 2506 5531 acu—lo,
2536 5465 2795 5535 multoque
2839 5465 3280 5535 contemplationis
3328 5467 3519 5519 intuitu
3562 5467 3790 5535 inapicis.

2217 5549 2380 5592 rotam
2407 5539 2460 5590 in
2487 5546 2623 5597 rota,
2649 5536 2744 5588 hoc
2785 5544 2859 5588 est
2893 5544 3164 5604 utrumque
3186 5536 3776 5604 testamentumisibimet

2216 5606 2624 5676 conglutinatam
2641 5644 2655 5668 ,
2691 5604 2883 5672 quibus
2893 5605 3070 5676 verbis
3085 5603 3778 5676 ailuditPaulinus_fortasse

2217 5678 2280 5729 ad
2320 5673 2446 5730 illud
2470 5674 2660 5728 Ezech.
2694 5688 2808 5742 cap.
2843 5688 2946 5735 t,v.
2983 5673 3074 5726 l6:
3105 5673 3265 5738 Quasi
3288 5675 3354 5726 sit
3395 5684 3506 5728 rota
3530 5674 3587 5727 in
3609 5673 3777 5728 medio

2219 5754 2360 5797 rotm.
2391 5745 2591 5814 Caetera
2621 5751 2818 5802 autem,
2849 5757 2964 5810 quae
2995 5743 3044 5796 in
3073 5743 3172 5796 hac
3202 5743 3418 5812 periodo
3444 5752 3775 5814 sequuntur,

2219 5815 2362 5868 Delio
2388 5813 2621 5884 indigent
2645 5820 2903 5865 natatore.
3154 5830 3164 5834 '
