  <div class='ocr_page' id='page_1' title='image "/cluster/home/n/w/nwhite01/storage/ocr_20150623/99-100/uc1.31175006946845/214.png"; bbox 0 0 3926 6442; ppageno 0'>
   <div class='ocr_carea' id='block_1_1' title="bbox 153 449 253 504">
    <p class='ocr_par' dir='ltr' id='par_1_1' title="bbox 153 449 253 504">
     <span class='ocr_line' id='line_1_1' title="bbox 153 449 253 504; baseline 0.02 -2"><span class='ocrx_word' id='word_1_1' title='bbox 153 449 253 504; x_wconf 69' lang='grc'><strong>409</strong></span> 
     </span>
    </p>
   </div>
   <div class='ocr_carea' id='block_1_2' title="bbox 842 409 2661 506">
    <p class='ocr_par' dir='ltr' id='par_1_2' title="bbox 842 409 2661 506">
     <span class='ocr_line' id='line_1_2' title="bbox 842 409 2661 506; baseline -0.002 -1"><span class='ocrx_word' id='word_1_2' title='bbox 842 449 1110 506; x_wconf 79' lang='lat' dir='ltr'><strong>CONTRA</strong></span> <span class='ocrx_word' id='word_1_3' title='bbox 1147 447 1434 505; x_wconf 78' lang='lat' dir='ltr'><strong>FELICEM</strong></span> <span class='ocrx_word' id='word_1_4' title='bbox 1473 441 1992 503; x_wconf 69' lang='lat' dir='ltr'><strong>URGELLITANUM</strong></span> <span class='ocrx_word' id='word_1_5' title='bbox 2031 447 2201 503; x_wconf 78' lang='lat' dir='ltr'><strong>unm</strong></span> <span class='ocrx_word' id='word_1_6' title='bbox 2239 450 2323 504; x_wconf 82' lang='lat' dir='ltr'><strong>Ill.</strong></span> <span class='ocrx_word' id='word_1_7' title='bbox 2361 477 2430 489; x_wconf 84' lang='grc'><strong><em>-</em></strong></span> <span class='ocrx_word' id='word_1_8' title='bbox 2464 409 2587 502; x_wconf 77' lang='lat' dir='ltr'><strong>us.</strong></span> <span class='ocrx_word' id='word_1_9' title='bbox 2621 447 2661 501; x_wconf 85' lang='grc' dir='ltr'><strong><em>ι.</em></strong></span> 
     </span>
    </p>
   </div>
   <div class='ocr_carea' id='block_1_3' title="bbox 3175 448 3347 533">
    <p class='ocr_par' dir='ltr' id='par_1_3' title="bbox 3175 448 3347 533">
     <span class='ocr_line' id='line_1_3' title="bbox 3175 448 3347 533; baseline 0.012 -32"><span class='ocrx_word' id='word_1_10' title='bbox 3175 517 3185 533; x_wconf 20' lang='grc' dir='ltr'>λ</span> <span class='ocrx_word' id='word_1_11' title='bbox 3255 448 3347 504; x_wconf 77' lang='lat' dir='ltr'><strong>uo</strong></span> 
     </span>
    </p>
   </div>
   <div class='ocr_carea' id='block_1_4' title="bbox 149 552 3348 626">
    <p class='ocr_par' dir='ltr' id='par_1_4' title="bbox 149 552 3348 626">
     <span class='ocr_line' id='line_1_4' title="bbox 149 552 3348 626; baseline -0.001 -15"><span class='ocrx_word' id='word_1_12' title='bbox 149 561 216 612; x_wconf 91' lang='lat' dir='ltr'><strong>cit</strong></span> <span class='ocrx_word' id='word_1_13' title='bbox 238 574 256 611; x_wconf 93' lang='lat'><strong><em>:</em></strong></span> <span class='ocrx_word' id='word_1_14' title='bbox 291 558 518 612; x_wconf 79' lang='lat' dir='ltr'><strong>Adorsnt</strong></span> <span class='ocrx_word' id='word_1_15' title='bbox 546 572 659 610; x_wconf 82' lang='lat' dir='ltr'><strong>eum</strong></span> <span class='ocrx_word' id='word_1_16' title='bbox 703 572 876 610; x_wconf 84' lang='lat' dir='ltr'><strong>omnes</strong></span> <span class='ocrx_word' id='word_1_17' title='bbox 904 557 1070 626; x_wconf 83' lang='lat' dir='ltr'><strong>angeli</strong></span> <span class='ocrx_word' id='word_1_18' title='bbox 1099 557 1195 610; x_wconf 90' lang='lat' dir='ltr'><strong>Dei</strong></span> <span class='ocrx_word' id='word_1_19' title='bbox 1219 556 1373 626; x_wconf 87' lang='lat' dir='ltr'><strong>(Heb.</strong></span> <span class='ocrx_word' id='word_1_20' title='bbox 1399 574 1436 619; x_wconf 89' lang='grc' dir='ltr'><strong>ι,</strong></span> <span class='ocrx_word' id='word_1_21' title='bbox 1459 552 1534 626; x_wconf 71' lang='lat'><strong>6)’.</strong></span> <span class='ocrx_word' id='word_1_22' title='bbox 1576 553 1692 607; x_wconf 85' lang='lat' dir='ltr'><strong>Pri-</strong></span> <span class='ocrx_word' id='word_1_23' title='bbox 1717 553 1765 611; x_wconf 77' lang='grc' dir='ltr'><strong>Α</strong></span> <span class='ocrx_word' id='word_1_24' title='bbox 1794 552 1932 608; x_wconf 89' lang='lat' dir='ltr'><strong>lamo</strong></span> <span class='ocrx_word' id='word_1_25' title='bbox 1955 556 2288 622; x_wconf 88' lang='lat' dir='ltr'><strong>perdocetur,</strong></span> <span class='ocrx_word' id='word_1_26' title='bbox 2321 555 2565 620; x_wconf 74' lang='lat' dir='ltr'><strong>Quorum</strong></span> <span class='ocrx_word' id='word_1_27' title='bbox 2577 565 2768 624; x_wconf 86' lang='lat' dir='ltr'><strong>patres,</strong></span> <span class='ocrx_word' id='word_1_28' title='bbox 2801 554 3062 622; x_wconf 82' lang='lat' dir='ltr'><strong>inquiens,</strong></span> <span class='ocrx_word' id='word_1_29' title='bbox 3089 564 3136 608; x_wconf 83' lang='lat' dir='ltr'><strong>ct</strong></span> <span class='ocrx_word' id='word_1_30' title='bbox 3155 557 3348 626; x_wconf 68' lang='lat' dir='ltr'><strong>esqui-</strong></span> 
     </span>
    </p>
   </div>
   <div class='ocr_carea' id='block_1_5' title="bbox 146 647 1688 718">
    <p class='ocr_par' dir='ltr' id='par_1_5' title="bbox 146 647 1688 718">
     <span class='ocr_line' id='line_1_5' title="bbox 146 647 1688 718; baseline -0.005 -16"><span class='ocrx_word' id='word_1_31' title='bbox 146 647 470 718; x_wconf 85' lang='lat' dir='ltr'><strong>mogenitum</strong></span> <span class='ocrx_word' id='word_1_32' title='bbox 505 649 717 718; x_wconf 82' lang='lat' dir='ltr'><strong>quidem</strong></span> <span class='ocrx_word' id='word_1_33' title='bbox 745 657 802 702; x_wconf 90' lang='lat' dir='ltr'><strong>tu</strong></span> <span class='ocrx_word' id='word_1_34' title='bbox 835 648 949 717; x_wconf 91' lang='lat' dir='ltr'><strong>ipse</strong></span> <span class='ocrx_word' id='word_1_35' title='bbox 993 650 1154 702; x_wconf 87' lang='lat' dir='ltr'><strong>etiam</strong></span> <span class='ocrx_word' id='word_1_36' title='bbox 1197 647 1432 700; x_wconf 78' lang='lat' dir='ltr'><strong>afﬁrmas</strong></span> <span class='ocrx_word' id='word_1_37' title='bbox 1472 658 1594 698; x_wconf 89' lang='lat' dir='ltr'><strong>eum</strong></span> <span class='ocrx_word' id='word_1_38' title='bbox 1623 657 1688 696; x_wconf 80' lang='lat' dir='ltr'><strong>es</strong></span> 
     </span>
    </p>
   </div>
   <div class='ocr_carea' id='block_1_6' title="bbox 144 735 1692 806">
    <p class='ocr_par' dir='ltr' id='par_1_6' title="bbox 144 735 1692 806">
     <span class='ocr_line' id='line_1_6' title="bbox 144 735 1692 806; baseline -0.003 -13"><span class='ocrx_word' id='word_1_39' title='bbox 144 749 346 806; x_wconf 86' lang='lat' dir='ltr'><strong>matre;</strong></span> <span class='ocrx_word' id='word_1_40' title='bbox 373 749 428 794; x_wconf 90' lang='lat' dir='ltr'><strong>et</strong></span> <span class='ocrx_word' id='word_1_41' title='bbox 473 741 592 796; x_wconf 89' lang='lat' dir='ltr'><strong>ideo</strong></span> <span class='ocrx_word' id='word_1_42' title='bbox 626 756 730 794; x_wconf 90' lang='lat' dir='ltr'><strong>non</strong></span> <span class='ocrx_word' id='word_1_43' title='bbox 757 735 942 794; x_wconf 86' lang='lat' dir='ltr'><strong>verum</strong></span> <span class='ocrx_word' id='word_1_44' title='bbox 966 780 980 803; x_wconf 92' lang='lat'><strong>,</strong></span> <span class='ocrx_word' id='word_1_45' title='bbox 1005 741 1096 794; x_wconf 89' lang='lat' dir='ltr'><strong>sed</strong></span> <span class='ocrx_word' id='word_1_46' title='bbox 1120 738 1527 806; x_wconf 89' lang='lat' dir='ltr'><strong>nuncupativum</strong></span> <span class='ocrx_word' id='word_1_47' title='bbox 1555 748 1692 802; x_wconf 73' lang='lat' dir='ltr'><strong>prte-</strong></span> 
     </span>
    </p>
   </div>
   <div class='ocr_carea' id='block_1_7' title="bbox 143 823 1692 896">
    <p class='ocr_par' dir='ltr' id='par_1_7' title="bbox 143 823 1692 896">
     <span class='ocr_line' id='line_1_7' title="bbox 143 823 1692 896; baseline -0.005 -14"><span class='ocrx_word' id='word_1_48' title='bbox 143 827 290 882; x_wconf 88' lang='lat' dir='ltr'><strong>dicas</strong></span> <span class='ocrx_word' id='word_1_49' title='bbox 308 829 494 883; x_wconf 87' lang='lat' dir='ltr'><strong>Deum.</strong></span> <span class='ocrx_word' id='word_1_50' title='bbox 525 829 593 882; x_wconf 88' lang='lat' dir='ltr'><strong>Et</strong></span> <span class='ocrx_word' id='word_1_51' title='bbox 613 842 792 884; x_wconf 87' lang='lat' dir='ltr'><strong>revera</strong></span> <span class='ocrx_word' id='word_1_52' title='bbox 818 827 988 896; x_wconf 89' lang='lat' dir='ltr'><strong>angeli</strong></span> <span class='ocrx_word' id='word_1_53' title='bbox 1011 843 1112 881; x_wconf 90' lang='lat' dir='ltr'><strong>non</strong></span> <span class='ocrx_word' id='word_1_54' title='bbox 1148 825 1453 895; x_wconf 86' lang='lat' dir='ltr'><strong>quemlibet.</strong></span> <span class='ocrx_word' id='word_1_55' title='bbox 1481 823 1576 877; x_wconf 89' lang='lat' dir='ltr'><strong>sed</strong></span> <span class='ocrx_word' id='word_1_56' title='bbox 1599 836 1692 875; x_wconf 86' lang='lat' dir='ltr'><strong>ve-</strong></span> 
     </span>
    </p>
   </div>
   <div class='ocr_carea' id='block_1_8' title="bbox 140 911 1715 984">
    <p class='ocr_par' dir='ltr' id='par_1_8' title="bbox 140 911 1715 984">
     <span class='ocr_line' id='line_1_8' title="bbox 140 911 1715 984; baseline -0.006 -12"><span class='ocrx_word' id='word_1_57' title='bbox 140 932 258 972; x_wconf 89' lang='lat' dir='ltr'><strong>rum</strong></span> <span class='ocrx_word' id='word_1_58' title='bbox 275 919 502 972; x_wconf 86' lang='lat' dir='ltr'><strong>adorare</strong></span> <span class='ocrx_word' id='word_1_59' title='bbox 526 919 690 972; x_wconf 88' lang='lat' dir='ltr'><strong>Deum</strong></span> <span class='ocrx_word' id='word_1_60' title='bbox 718 919 1026 972; x_wconf 88' lang='lat' dir='ltr'><strong>creduntur.</strong></span> <span class='ocrx_word' id='word_1_61' title='bbox 1053 915 1324 984; x_wconf 79' lang='lat' dir='ltr'><strong>Sequitur,</strong></span> <span class='ocrx_word' id='word_1_62' title='bbox 1354 921 1408 968; x_wconf 91' lang='lat' dir='ltr'><strong>et</strong></span> <span class='ocrx_word' id='word_1_63' title='bbox 1433 911 1485 964; x_wconf 90' lang='lat' dir='ltr'><strong>in</strong></span> <span class='ocrx_word' id='word_1_64' title='bbox 1502 911 1688 965; x_wconf 88' lang='lat' dir='ltr'><strong>eadem</strong></span> <span class='ocrx_word' id='word_1_65' title='bbox 1711 926 1715 930; x_wconf 90' lang='grc'><strong>·</strong></span> 
     </span>
    </p>
   </div>
   <div class='ocr_carea' id='block_1_9' title="bbox 141 1001 1688 1074">
    <p class='ocr_par' dir='ltr' id='par_1_9' title="bbox 141 1001 1688 1074">
     <span class='ocr_line' id='line_1_9' title="bbox 141 1001 1688 1074; baseline -0.005 -16"><span class='ocrx_word' id='word_1_66' title='bbox 141 1005 367 1072; x_wconf 86' lang='lat' dir='ltr'><strong>cpistola</strong></span> <span class='ocrx_word' id='word_1_67' title='bbox 410 1007 638 1060; x_wconf 80' lang='lat' dir='ltr'><strong>eximius</strong></span> <span class='ocrx_word' id='word_1_68' title='bbox 681 1007 1000 1074; x_wconf 75' lang='lat' dir='ltr'><strong>prtedicator</strong></span> <span class='ocrx_word' id='word_1_69' title='bbox 1023 1006 1134 1058; x_wconf 86' lang='lat' dir='ltr'><strong>ait:</strong></span> <span class='ocrx_word' id='word_1_70' title='bbox 1162 1003 1241 1056; x_wconf 83' lang='lat' dir='ltr'><strong>Ad</strong></span> <span class='ocrx_word' id='word_1_71' title='bbox 1277 1001 1484 1070; x_wconf 88' lang='lat' dir='ltr'><strong>angelos</strong></span> <span class='ocrx_word' id='word_1_72' title='bbox 1518 1009 1688 1052; x_wconf 87' lang='lat' dir='ltr'><strong>autem</strong></span> 
     </span>
    </p>
   </div>
   <div class='ocr_carea' id='block_1_10' title="bbox 138 1089 1690 1164">
    <p class='ocr_par' dir='ltr' id='par_1_10' title="bbox 138 1089 1690 1164">
     <span class='ocr_line' id='line_1_10' title="bbox 138 1089 1690 1164; baseline -0.004 -18"><span class='ocrx_word' id='word_1_73' title='bbox 138 1093 266 1146; x_wconf 80' lang='lat' dir='ltr'><strong>dicit</strong></span> <span class='ocrx_word' id='word_1_74' title='bbox 289 1109 309 1147; x_wconf 90' lang='lat'><strong><em>:</em></strong></span> <span class='ocrx_word' id='word_1_75' title='bbox 342 1094 430 1164; x_wconf 87' lang='lat' dir='ltr'><strong>qui</strong></span> <span class='ocrx_word' id='word_1_76' title='bbox 456 1095 582 1163; x_wconf 79' lang='lat' dir='ltr'><strong>facit</strong></span> <span class='ocrx_word' id='word_1_77' title='bbox 613 1095 819 1164; x_wconf 77' lang='lat' dir='ltr'><strong>angelos</strong></span> <span class='ocrx_word' id='word_1_78' title='bbox 840 1111 960 1147; x_wconf 90' lang='lat' dir='ltr'><strong>suos</strong></span> <span class='ocrx_word' id='word_1_79' title='bbox 987 1095 1230 1162; x_wconf 73' lang='lat' dir='ltr'><strong>Spiritus.</strong></span> <span class='ocrx_word' id='word_1_80' title='bbox 1261 1093 1339 1146; x_wconf 79' lang='lat' dir='ltr'><strong>Ad</strong></span> <span class='ocrx_word' id='word_1_81' title='bbox 1366 1089 1562 1142; x_wconf 73' lang='lat' dir='ltr'><strong>Filium</strong></span> <span class='ocrx_word' id='word_1_82' title='bbox 1593 1105 1690 1141; x_wconf 90' lang='lat' dir='ltr'><strong>au-</strong></span> 
     </span>
    </p>
   </div>
   <div class='ocr_carea' id='block_1_11' title="bbox 136 1177 1688 1246">
    <p class='ocr_par' dir='ltr' id='par_1_11' title="bbox 136 1177 1688 1246">
     <span class='ocr_line' id='line_1_11' title="bbox 136 1177 1688 1246; baseline -0.003 -14"><span class='ocrx_word' id='word_1_83' title='bbox 136 1188 259 1245; x_wconf 83' lang='lat' dir='ltr'><strong>tem,</strong></span> <span class='ocrx_word' id='word_1_84' title='bbox 288 1181 502 1234; x_wconf 76' lang='lat' dir='ltr'><strong>thronus</strong></span> <span class='ocrx_word' id='word_1_85' title='bbox 533 1191 674 1246; x_wconf 83' lang='lat' dir='ltr'><strong>tuus,</strong></span> <span class='ocrx_word' id='word_1_86' title='bbox 699 1181 860 1245; x_wconf 87' lang='lat' dir='ltr'><strong>Deus,</strong></span> <span class='ocrx_word' id='word_1_87' title='bbox 897 1183 952 1233; x_wconf 86' lang='lat' dir='ltr'><strong>in</strong></span> <span class='ocrx_word' id='word_1_88' title='bbox 985 1179 1230 1235; x_wconf 70' lang='lat' dir='ltr'><strong>saeculum</strong></span> <span class='ocrx_word' id='word_1_89' title='bbox 1263 1179 1458 1234; x_wconf 68' lang='lat' dir='ltr'><strong>sa&#39;culi.</strong></span> <span class='ocrx_word' id='word_1_90' title='bbox 1483 1177 1548 1232; x_wconf 83' lang='lat' dir='ltr'><strong>Et</strong></span> <span class='ocrx_word' id='word_1_91' title='bbox 1571 1183 1688 1246; x_wconf 87' lang='lat' dir='ltr'><strong>post</strong></span> 
     </span>
    </p>
   </div>
   <div class='ocr_carea' id='block_1_12' title="bbox 132 1266 1687 1337">
    <p class='ocr_par' dir='ltr' id='par_1_12' title="bbox 132 1266 1687 1337">
     <span class='ocr_line' id='line_1_12' title="bbox 132 1266 1687 1337; baseline -0.002 -17"><span class='ocrx_word' id='word_1_92' title='bbox 132 1266 407 1336; x_wconf 85' lang='lat' dir='ltr'><strong>pusillum,</strong></span> <span class='ocrx_word' id='word_1_93' title='bbox 436 1266 595 1322; x_wconf 71' lang='lat' dir='ltr'><strong>Unxit</strong></span> <span class='ocrx_word' id='word_1_94' title='bbox 632 1279 680 1322; x_wconf 87' lang='lat' dir='ltr'><strong>te</strong></span> <span class='ocrx_word' id='word_1_95' title='bbox 706 1269 866 1333; x_wconf 79' lang='lat' dir='ltr'><strong>Deus,</strong></span> <span class='ocrx_word' id='word_1_96' title='bbox 896 1269 1035 1323; x_wconf 87' lang='lat' dir='ltr'><strong>Deus</strong></span> <span class='ocrx_word' id='word_1_97' title='bbox 1064 1279 1182 1322; x_wconf 87' lang='lat' dir='ltr'><strong>tuus</strong></span> <span class='ocrx_word' id='word_1_98' title='bbox 1206 1269 1315 1322; x_wconf 81' lang='lat' dir='ltr'><strong>oleo</strong></span> <span class='ocrx_word' id='word_1_99' title='bbox 1345 1285 1450 1337; x_wconf 80' lang='lat' dir='ltr'><strong>pra:</strong></span> <span class='ocrx_word' id='word_1_100' title='bbox 1474 1266 1687 1336; x_wconf 86' lang='lat' dir='ltr'><strong>partici-</strong></span> 
     </span>
    </p>
   </div>
   <div class='ocr_carea' id='block_1_13' title="bbox 130 1353 1682 1428">
    <p class='ocr_par' dir='ltr' id='par_1_13' title="bbox 130 1353 1682 1428">
     <span class='ocr_line' id='line_1_13' title="bbox 130 1353 1682 1428; baseline -0.002 -18"><span class='ocrx_word' id='word_1_101' title='bbox 130 1358 280 1426; x_wconf 85' lang='lat' dir='ltr'><strong>pibus</strong></span> <span class='ocrx_word' id='word_1_102' title='bbox 327 1358 428 1411; x_wconf 85' lang='lat' dir='ltr'><strong>tuis</strong></span> <span class='ocrx_word' id='word_1_103' title='bbox 469 1356 626 1413; x_wconf 85' lang='lat' dir='ltr'><strong>(Ibid.</strong></span> <span class='ocrx_word' id='word_1_104' title='bbox 648 1358 698 1423; x_wconf 84' lang='lat'><strong>7,</strong></span> <span class='ocrx_word' id='word_1_105' title='bbox 727 1360 778 1423; x_wconf 88' lang='lat'><strong>8,</strong></span> <span class='ocrx_word' id='word_1_106' title='bbox 807 1359 881 1428; x_wconf 90' lang='lat'><strong>9).</strong></span> <span class='ocrx_word' id='word_1_107' title='bbox 913 1359 1050 1413; x_wconf 85' lang='lat' dir='ltr'><strong>Ecce</strong></span> <span class='ocrx_word' id='word_1_108' title='bbox 1077 1372 1233 1426; x_wconf 84' lang='lat' dir='ltr'><strong>quem</strong></span> <span class='ocrx_word' id='word_1_109' title='bbox 1266 1353 1682 1424; x_wconf 68' lang='lat' dir='ltr'><strong>primogenitum</strong></span> 
     </span>
    </p>
   </div>
   <div class='ocr_carea' id='block_1_14' title="bbox 130 1442 1682 1516">
    <p class='ocr_par' dir='ltr' id='par_1_14' title="bbox 130 1442 1682 1516">
     <span class='ocr_line' id='line_1_14' title="bbox 130 1442 1682 1516; baseline -0.001 -18"><span class='ocrx_word' id='word_1_110' title='bbox 130 1445 182 1499; x_wconf 90' lang='lat' dir='ltr'><strong>in</strong></span> <span class='ocrx_word' id='word_1_111' title='bbox 210 1448 398 1501; x_wconf 89' lang='lat' dir='ltr'><strong>orbem</strong></span> <span class='ocrx_word' id='word_1_112' title='bbox 421 1457 682 1501; x_wconf 91' lang='lat' dir='ltr'><strong>terrarum</strong></span> <span class='ocrx_word' id='word_1_113' title='bbox 708 1461 806 1516; x_wconf 88' lang='lat' dir='ltr'><strong>per</strong></span> <span class='ocrx_word' id='word_1_114' title='bbox 841 1447 1284 1516; x_wconf 86' lang='lat' dir='ltr'><strong>dispensationem</strong></span> <span class='ocrx_word' id='word_1_115' title='bbox 1308 1445 1481 1514; x_wconf 89' lang='lat' dir='ltr'><strong>magni</strong></span> <span class='ocrx_word' id='word_1_116' title='bbox 1509 1454 1563 1498; x_wconf 91' lang='lat' dir='ltr'><strong>et</strong></span> <span class='ocrx_word' id='word_1_117' title='bbox 1609 1442 1682 1512; x_wconf 87' lang='lat' dir='ltr'><strong>pii</strong></span> 
     </span>
    </p>
   </div>
   <div class='ocr_carea' id='block_1_15' title="bbox 126 1535 1681 1605">
    <p class='ocr_par' dir='ltr' id='par_1_15' title="bbox 126 1535 1681 1605">
     <span class='ocr_line' id='line_1_15' title="bbox 126 1535 1681 1605; baseline -0.001 -16"><span class='ocrx_word' id='word_1_118' title='bbox 126 1536 449 1590; x_wconf 76' lang='lat' dir='ltr'><strong>sacramenti</strong></span> <span class='ocrx_word' id='word_1_119' title='bbox 477 1535 832 1592; x_wconf 91' lang='lat' dir='ltr'><strong>introductum</strong></span> <span class='ocrx_word' id='word_1_120' title='bbox 860 1537 1106 1599; x_wconf 85' lang='lat' dir='ltr'><strong>asseruit,</strong></span> <span class='ocrx_word' id='word_1_121' title='bbox 1142 1537 1311 1604; x_wconf 90' lang='lat' dir='ltr'><strong>ipsum</strong></span> <span class='ocrx_word' id='word_1_122' title='bbox 1332 1537 1681 1605; x_wconf 77' lang='lat' dir='ltr'><strong>eamdemque</strong></span> 
     </span>
    </p>
   </div>
   <div class='ocr_carea' id='block_1_16' title="bbox 125 1624 1682 1693">
    <p class='ocr_par' dir='ltr' id='par_1_16' title="bbox 125 1624 1682 1693">
     <span class='ocr_line' id='line_1_16' title="bbox 125 1624 1682 1693; baseline 0.001 -17"><span class='ocrx_word' id='word_1_123' title='bbox 125 1624 345 1693; x_wconf 88' lang='lat' dir='ltr'><strong>angelos</strong></span> <span class='ocrx_word' id='word_1_124' title='bbox 395 1625 706 1693; x_wconf 83' lang='lat' dir='ltr'><strong>prophetico</strong></span> <span class='ocrx_word' id='word_1_125' title='bbox 769 1625 986 1680; x_wconf 90' lang='lat' dir='ltr'><strong>oraculo</strong></span> <span class='ocrx_word' id='word_1_126' title='bbox 1039 1626 1218 1680; x_wconf 91' lang='lat' dir='ltr'><strong>docuit</strong></span> <span class='ocrx_word' id='word_1_127' title='bbox 1283 1625 1551 1679; x_wconf 83' lang='lat' dir='ltr'><strong>adorasse.</strong></span> <span class='ocrx_word' id='word_1_128' title='bbox 1601 1624 1682 1678; x_wconf 84' lang='lat' dir='ltr'><strong>Ad</strong></span> 
     </span>
    </p>
   </div>
   <div class='ocr_carea' id='block_1_17' title="bbox 124 1713 1680 1785">
    <p class='ocr_par' dir='ltr' id='par_1_17' title="bbox 124 1713 1680 1785">
     <span class='ocr_line' id='line_1_17' title="bbox 124 1713 1680 1785; baseline 0.001 -20"><span class='ocrx_word' id='word_1_129' title='bbox 124 1713 299 1781; x_wconf 78' lang='lat' dir='ltr'><strong>ipsum</strong></span> <span class='ocrx_word' id='word_1_130' title='bbox 323 1729 450 1768; x_wconf 85' lang='lat' dir='ltr'><strong>sane</strong></span> <span class='ocrx_word' id='word_1_131' title='bbox 488 1715 744 1783; x_wconf 86' lang='lat' dir='ltr'><strong>propheta</strong></span> <span class='ocrx_word' id='word_1_132' title='bbox 768 1717 956 1785; x_wconf 89' lang='lat' dir='ltr'><strong>plenus</strong></span> <span class='ocrx_word' id='word_1_133' title='bbox 977 1716 1175 1784; x_wconf 87' lang='lat' dir='ltr'><strong>Spiritu</strong></span> <span class='ocrx_word' id='word_1_134' title='bbox 1221 1723 1405 1770; x_wconf 87' lang='lat' dir='ltr'><strong>sancto</strong></span> <span class='ocrx_word' id='word_1_135' title='bbox 1448 1715 1680 1769; x_wconf 91' lang='lat' dir='ltr'><strong>locutum</strong></span> 
     </span>
    </p>
   </div>
   <div class='ocr_carea' id='block_1_18' title="bbox 123 1803 1676 1875">
    <p class='ocr_par' dir='ltr' id='par_1_18' title="bbox 123 1803 1676 1875">
     <span class='ocr_line' id='line_1_18' title="bbox 123 1803 1676 1875; baseline -0.001 -19"><span class='ocrx_word' id='word_1_136' title='bbox 123 1803 292 1858; x_wconf 78' lang='lat' dir='ltr'><strong>fuisse</strong></span> <span class='ocrx_word' id='word_1_137' title='bbox 332 1819 438 1858; x_wconf 91' lang='lat' dir='ltr'><strong>non</strong></span> <span class='ocrx_word' id='word_1_138' title='bbox 471 1806 725 1875; x_wconf 71' lang='lat' dir='ltr'><strong>ambigit,</strong></span> <span class='ocrx_word' id='word_1_139' title='bbox 754 1804 989 1859; x_wconf 83' lang='lat' dir='ltr'><strong>Thronus</strong></span> <span class='ocrx_word' id='word_1_140' title='bbox 1018 1814 1135 1858; x_wconf 89' lang='lat' dir='ltr'><strong>tuus</strong></span> <span class='ocrx_word' id='word_1_141' title='bbox 1169 1803 1305 1857; x_wconf 96' lang='lat' dir='ltr'><strong>Deus</strong></span> <span class='ocrx_word' id='word_1_142' title='bbox 1348 1804 1401 1856; x_wconf 89' lang='lat' dir='ltr'><strong>in</strong></span> <span class='ocrx_word' id='word_1_143' title='bbox 1429 1803 1676 1856; x_wconf 77' lang='lat' dir='ltr'><strong>sa&#39;culum</strong></span> 
     </span>
    </p>
   </div>
   <div class='ocr_carea' id='block_1_19' title="bbox 1795 640 3347 713">
    <p class='ocr_par' dir='ltr' id='par_1_19' title="bbox 1795 640 3347 713">
     <span class='ocr_line' id='line_1_19' title="bbox 1795 640 3347 713; baseline 0.003 -20"><span class='ocrx_word' id='word_1_144' title='bbox 1795 641 1888 694; x_wconf 87' lang='lat' dir='ltr'><strong>bus</strong></span> <span class='ocrx_word' id='word_1_145' title='bbox 1909 640 2142 696; x_wconf 81' lang='lat' dir='ltr'><strong>Christus</strong></span> <span class='ocrx_word' id='word_1_146' title='bbox 2179 643 2456 696; x_wconf 87' lang='lat' dir='ltr'><strong>secundum</strong></span> <span class='ocrx_word' id='word_1_147' title='bbox 2488 659 2714 705; x_wconf 86' lang='lat' dir='ltr'><strong>carnem,</strong></span> <span class='ocrx_word' id='word_1_148' title='bbox 2744 644 2830 712; x_wconf 88' lang='lat' dir='ltr'><strong>qui</strong></span> <span class='ocrx_word' id='word_1_149' title='bbox 2869 653 2944 696; x_wconf 89' lang='lat' dir='ltr'><strong>est</strong></span> <span class='ocrx_word' id='word_1_150' title='bbox 2980 661 3134 713; x_wconf 79' lang='lat' dir='ltr'><strong>super</strong></span> <span class='ocrx_word' id='word_1_151' title='bbox 3172 646 3347 698; x_wconf 82' lang='lat' dir='ltr'><strong>omnia</strong></span> 
     </span>
    </p>
   </div>
   <div class='ocr_carea' id='block_1_20' title="bbox 1789 728 3346 802">
    <p class='ocr_par' dir='ltr' id='par_1_20' title="bbox 1789 728 3346 802">
     <span class='ocr_line' id='line_1_20' title="bbox 1789 728 3346 802; baseline 0.004 -20"><span class='ocrx_word' id='word_1_152' title='bbox 1789 728 1930 782; x_wconf 88' lang='lat' dir='ltr'><strong>Deus</strong></span> <span class='ocrx_word' id='word_1_153' title='bbox 1958 731 2246 785; x_wconf 81' lang='lat' dir='ltr'><strong>benedictus</strong></span> <span class='ocrx_word' id='word_1_154' title='bbox 2274 733 2327 784; x_wconf 87' lang='lat' dir='ltr'><strong>in</strong></span> <span class='ocrx_word' id='word_1_155' title='bbox 2355 731 2542 784; x_wconf 67' lang='lat' dir='ltr'><strong>sarcula</strong></span> <span class='ocrx_word' id='word_1_156' title='bbox 2571 730 2746 799; x_wconf 82' lang='lat' dir='ltr'><strong>(Rom.</strong></span> <span class='ocrx_word' id='word_1_157' title='bbox 2777 732 2939 802; x_wconf 77' lang='lat' dir='ltr'><strong>tx,5).</strong></span> <span class='ocrx_word' id='word_1_158' title='bbox 2966 733 3029 786; x_wconf 84' lang='lat' dir='ltr'><strong>Et</strong></span> <span class='ocrx_word' id='word_1_159' title='bbox 3054 735 3346 789; x_wconf 84' lang='lat' dir='ltr'><strong>secundum</strong></span> 
     </span>
    </p>
   </div>
   <div class='ocr_carea' id='block_1_21' title="bbox 1788 815 3351 888">
    <p class='ocr_par' dir='ltr' id='par_1_21' title="bbox 1788 815 3351 888">
     <span class='ocr_line' id='line_1_21' title="bbox 1788 815 3351 888; baseline 0.005 -16"><span class='ocrx_word' id='word_1_160' title='bbox 1788 834 2002 875; x_wconf 85' lang='lat' dir='ltr'><strong>carnem</strong></span> <span class='ocrx_word' id='word_1_161' title='bbox 2055 815 2265 888; x_wconf 80' lang='lat' dir='ltr'><strong>quidem</strong></span> <span class='ocrx_word' id='word_1_162' title='bbox 2299 837 2361 874; x_wconf 75' lang='lat' dir='ltr'><strong>ex</strong></span> <span class='ocrx_word' id='word_1_163' title='bbox 2391 821 2653 888; x_wconf 79' lang='lat' dir='ltr'><strong>patribus,</strong></span> <span class='ocrx_word' id='word_1_164' title='bbox 2683 831 2738 874; x_wconf 89' lang='lat' dir='ltr'><strong>et</strong></span> <span class='ocrx_word' id='word_1_165' title='bbox 2766 823 3054 876; x_wconf 89' lang='lat' dir='ltr'><strong>secundum</strong></span> <span class='ocrx_word' id='word_1_166' title='bbox 3102 825 3351 880; x_wconf 75' lang='lat' dir='ltr'><strong>divinita-</strong></span> 
     </span>
    </p>
   </div>
   <div class='ocr_carea' id='block_1_22' title="bbox 1791 909 3346 966">
    <p class='ocr_par' dir='ltr' id='par_1_22' title="bbox 1791 909 3346 966">
     <span class='ocr_line' id='line_1_22' title="bbox 1791 909 3346 966; baseline 0.005 -7"><span class='ocrx_word' id='word_1_167' title='bbox 1791 915 1892 960; x_wconf 86' lang='lat' dir='ltr'><strong>tem</strong></span> <span class='ocrx_word' id='word_1_168' title='bbox 1922 909 2036 961; x_wconf 87' lang='lat' dir='ltr'><strong>sine</strong></span> <span class='ocrx_word' id='word_1_169' title='bbox 2065 923 2222 962; x_wconf 91' lang='lat' dir='ltr'><strong>carne</strong></span> <span class='ocrx_word' id='word_1_170' title='bbox 2254 923 2319 961; x_wconf 76' lang='lat' dir='ltr'><strong>ex</strong></span> <span class='ocrx_word' id='word_1_171' title='bbox 2374 909 2482 962; x_wconf 92' lang='lat' dir='ltr'><strong>Deo</strong></span> <span class='ocrx_word' id='word_1_172' title='bbox 2518 909 2714 963; x_wconf 84' lang='lat' dir='ltr'><strong>Patre:</strong></span> <span class='ocrx_word' id='word_1_173' title='bbox 2752 927 2913 965; x_wconf 90' lang='lat' dir='ltr'><strong>unum</strong></span> <span class='ocrx_word' id='word_1_174' title='bbox 2972 921 3144 966; x_wconf 88' lang='lat' dir='ltr'><strong>tamen</strong></span> <span class='ocrx_word' id='word_1_175' title='bbox 3192 928 3346 966; x_wconf 90' lang='lat' dir='ltr'><strong>eum-</strong></span> 
     </span>
    </p>
   </div>
   <div class='ocr_carea' id='block_1_23' title="bbox 1787 995 3349 1066">
    <p class='ocr_par' dir='ltr' id='par_1_23' title="bbox 1787 995 3349 1066">
     <span class='ocr_line' id='line_1_23' title="bbox 1787 995 3349 1066; baseline 0.005 -17"><span class='ocrx_word' id='word_1_176' title='bbox 1787 995 2012 1064; x_wconf 91' lang='lat' dir='ltr'><strong>demque</strong></span> <span class='ocrx_word' id='word_1_177' title='bbox 2048 996 2314 1051; x_wconf 88' lang='lat' dir='ltr'><strong>Christum</strong></span> <span class='ocrx_word' id='word_1_178' title='bbox 2343 997 2522 1052; x_wconf 83' lang='lat' dir='ltr'><strong>Jesum</strong></span> <span class='ocrx_word' id='word_1_179' title='bbox 2572 1013 2731 1066; x_wconf 88' lang='lat' dir='ltr'><strong>super</strong></span> <span class='ocrx_word' id='word_1_180' title='bbox 2767 1001 2944 1054; x_wconf 82' lang='lat' dir='ltr'><strong>omnia</strong></span> <span class='ocrx_word' id='word_1_181' title='bbox 2974 1002 3137 1055; x_wconf 89' lang='lat' dir='ltr'><strong>Deum</strong></span> <span class='ocrx_word' id='word_1_182' title='bbox 3186 1003 3349 1058; x_wconf 87' lang='lat' dir='ltr'><strong>bene-</strong></span> 
     </span>
    </p>
   </div>
   <div class='ocr_carea' id='block_1_24' title="bbox 1788 1085 3347 1159">
    <p class='ocr_par' dir='ltr' id='par_1_24' title="bbox 1788 1085 3347 1159">
     <span class='ocr_line' id='line_1_24' title="bbox 1788 1085 3347 1159; baseline 0.004 -20"><span class='ocrx_word' id='word_1_183' title='bbox 1788 1085 1985 1139; x_wconf 85' lang='lat' dir='ltr'><strong>dictum</strong></span> <span class='ocrx_word' id='word_1_184' title='bbox 2016 1087 2069 1140; x_wconf 90' lang='lat' dir='ltr'><strong>in</strong></span> <span class='ocrx_word' id='word_1_185' title='bbox 2109 1087 2301 1141; x_wconf 71' lang='lat' dir='ltr'><strong>szecula</strong></span> <span class='ocrx_word' id='word_1_186' title='bbox 2338 1087 2636 1140; x_wconf 87' lang='lat' dir='ltr'><strong>conﬁtetur.</strong></span> <span class='ocrx_word' id='word_1_187' title='bbox 2671 1087 2930 1153; x_wconf 85' lang='lat' dir='ltr'><strong>Quoniam</strong></span> <span class='ocrx_word' id='word_1_188' title='bbox 2957 1105 3060 1143; x_wconf 89' lang='lat' dir='ltr'><strong>non</strong></span> <span class='ocrx_word' id='word_1_189' title='bbox 3092 1108 3154 1145; x_wconf 81' lang='lat' dir='ltr'><strong>ex</strong></span> <span class='ocrx_word' id='word_1_190' title='bbox 3182 1093 3347 1159; x_wconf 84' lang='lat' dir='ltr'><strong>patri-</strong></span> 
     </span>
    </p>
   </div>
   <div class='ocr_carea' id='block_1_25' title="bbox 1786 1175 3346 1250">
    <p class='ocr_par' dir='ltr' id='par_1_25' title="bbox 1786 1175 3346 1250">
     <span class='ocr_line' id='line_1_25' title="bbox 1786 1175 3346 1250; baseline 0.004 -21"><span class='ocrx_word' id='word_1_191' title='bbox 1786 1175 1886 1229; x_wconf 86' lang='lat' dir='ltr'><strong>hus</strong></span> <span class='ocrx_word' id='word_1_192' title='bbox 1925 1190 2094 1243; x_wconf 49' lang='lat' dir='ltr'><strong>purus,</strong></span> <span class='ocrx_word' id='word_1_193' title='bbox 2129 1178 2308 1239; x_wconf 91' lang='lat' dir='ltr'><strong>homo,</strong></span> <span class='ocrx_word' id='word_1_194' title='bbox 2338 1177 2499 1230; x_wconf 83' lang='lat' dir='ltr'><strong>veluti</strong></span> <span class='ocrx_word' id='word_1_195' title='bbox 2535 1177 2755 1244; x_wconf 89' lang='lat' dir='ltr'><strong>quilibet</strong></span> <span class='ocrx_word' id='word_1_196' title='bbox 2804 1181 3218 1249; x_wconf 89' lang='lat' dir='ltr'><strong>prophetarum,</strong></span> <span class='ocrx_word' id='word_1_197' title='bbox 3254 1184 3346 1250; x_wconf 91' lang='lat' dir='ltr'><strong>qui</strong></span> 
     </span>
    </p>
   </div>
   <div class='ocr_carea' id='block_1_26' title="bbox 1785 1264 3342 1333">
    <p class='ocr_par' dir='ltr' id='par_1_26' title="bbox 1785 1264 3342 1333">
     <span class='ocr_line' id='line_1_26' title="bbox 1785 1264 3342 1333; baseline 0.006 -18"><span class='ocrx_word' id='word_1_198' title='bbox 1785 1264 2015 1330; x_wconf 82' lang='lat' dir='ltr'><strong>adoptivi</strong></span> <span class='ocrx_word' id='word_1_199' title='bbox 2048 1264 2166 1317; x_wconf 88' lang='lat' dir='ltr'><strong>Filii</strong></span> <span class='ocrx_word' id='word_1_200' title='bbox 2206 1273 2260 1319; x_wconf 90' lang='lat' dir='ltr'><strong>et</strong></span> <span class='ocrx_word' id='word_1_201' title='bbox 2311 1266 2649 1333; x_wconf 88' lang='lat' dir='ltr'><strong>nuncupativi</strong></span> <span class='ocrx_word' id='word_1_202' title='bbox 2696 1267 2790 1320; x_wconf 90' lang='lat' dir='ltr'><strong>Dei</strong></span> <span class='ocrx_word' id='word_1_203' title='bbox 2831 1269 3086 1322; x_wconf 83' lang='lat' dir='ltr'><strong>vocabulo</strong></span> <span class='ocrx_word' id='word_1_204' title='bbox 3137 1273 3342 1324; x_wconf 83' lang='lat' dir='ltr'><strong>censeri</strong></span> 
     </span>
    </p>
   </div>
   <div class='ocr_carea' id='block_1_27' title="bbox 1787 1351 3346 1428">
    <p class='ocr_par' dir='ltr' id='par_1_27' title="bbox 1787 1351 3346 1428">
     <span class='ocr_line' id='line_1_27' title="bbox 1787 1351 3346 1428; baseline 0.008 -25"><span class='ocrx_word' id='word_1_205' title='bbox 1787 1360 2047 1419; x_wconf 86' lang='lat' dir='ltr'><strong>possunt,</strong></span> <span class='ocrx_word' id='word_1_206' title='bbox 2095 1351 2187 1404; x_wconf 82' lang='lat' dir='ltr'><strong>sed</strong></span> <span class='ocrx_word' id='word_1_207' title='bbox 2215 1367 2280 1404; x_wconf 79' lang='lat' dir='ltr'><strong>ex</strong></span> <span class='ocrx_word' id='word_1_208' title='bbox 2319 1353 2487 1406; x_wconf 59' lang='lat' dir='ltr'><strong>beatae</strong></span> <span class='ocrx_word' id='word_1_209' title='bbox 2522 1352 2740 1421; x_wconf 74' lang='lat' dir='ltr'><strong>virginis</strong></span> <span class='ocrx_word' id='word_1_210' title='bbox 2790 1355 3141 1411; x_wconf 71' lang='lat' dir='ltr'><strong>immaculata:</strong></span> <span class='ocrx_word' id='word_1_211' title='bbox 3189 1357 3346 1428; x_wconf 68' lang='grc'><strong>134</strong></span> 
     </span>
    </p>
   </div>
   <div class='ocr_carea' id='block_1_28' title="bbox 1784 1442 3339 1516">
    <p class='ocr_par' dir='ltr' id='par_1_28' title="bbox 1784 1442 3339 1516">
     <span class='ocr_line' id='line_1_28' title="bbox 1784 1442 3339 1516; baseline 0.006 -24"><span class='ocrx_word' id='word_1_212' title='bbox 1784 1449 1957 1506; x_wconf 89' lang='lat' dir='ltr'><strong>utero,</strong></span> <span class='ocrx_word' id='word_1_213' title='bbox 1986 1457 2104 1511; x_wconf 67' lang='lat' dir='ltr'><strong>qua:</strong></span> <span class='ocrx_word' id='word_1_214' title='bbox 2127 1442 2193 1495; x_wconf 90' lang='lat' dir='ltr'><strong>de</strong></span> <span class='ocrx_word' id='word_1_215' title='bbox 2221 1450 2404 1496; x_wconf 86' lang='lat' dir='ltr'><strong>sancta</strong></span> <span class='ocrx_word' id='word_1_216' title='bbox 2452 1445 2865 1510; x_wconf 64' lang='lat' dir='ltr'><strong>praecedentium</strong></span> <span class='ocrx_word' id='word_1_217' title='bbox 2896 1446 3094 1507; x_wconf 70' lang='lat' dir='ltr'><strong>horum,</strong></span> <span class='ocrx_word' id='word_1_218' title='bbox 3127 1456 3339 1516; x_wconf 82' lang='lat' dir='ltr'><strong>patrum</strong></span> 
     </span>
    </p>
   </div>
   <div class='ocr_carea' id='block_1_29' title="bbox 1784 1528 3344 1596">
    <p class='ocr_par' dir='ltr' id='par_1_29' title="bbox 1784 1528 3344 1596">
     <span class='ocr_line' id='line_1_29' title="bbox 1784 1528 3344 1596; baseline 0.006 -16"><span class='ocrx_word' id='word_1_219' title='bbox 1784 1529 1947 1596; x_wconf 85' lang='lat' dir='ltr'><strong>stirpe</strong></span> <span class='ocrx_word' id='word_1_220' title='bbox 1962 1528 2326 1592; x_wconf 88' lang='lat' dir='ltr'><strong>descenderat,</strong></span> <span class='ocrx_word' id='word_1_221' title='bbox 2341 1529 2479 1583; x_wconf 89' lang='lat' dir='ltr'><strong>Deus</strong></span> <span class='ocrx_word' id='word_1_222' title='bbox 2499 1537 2549 1583; x_wconf 90' lang='lat' dir='ltr'><strong>et</strong></span> <span class='ocrx_word' id='word_1_223' title='bbox 2569 1539 2724 1585; x_wconf 84' lang='lat' dir='ltr'><strong>homo</strong></span> <span class='ocrx_word' id='word_1_224' title='bbox 2758 1535 3017 1587; x_wconf 83' lang='lat' dir='ltr'><strong>veraciter</strong></span> <span class='ocrx_word' id='word_1_225' title='bbox 3050 1543 3206 1591; x_wconf 88' lang='lat' dir='ltr'><strong>natus</strong></span> <span class='ocrx_word' id='word_1_226' title='bbox 3228 1545 3344 1590; x_wconf 87' lang='lat' dir='ltr'><strong>tan-</strong></span> 
     </span>
    </p>
   </div>
   <div class='ocr_carea' id='block_1_30' title="bbox 1783 1617 3343 1692">
    <p class='ocr_par' dir='ltr' id='par_1_30' title="bbox 1783 1617 3343 1692">
     <span class='ocr_line' id='line_1_30' title="bbox 1783 1617 3343 1692; baseline 0.007 -23"><span class='ocrx_word' id='word_1_227' title='bbox 1783 1631 1944 1685; x_wconf 88' lang='lat' dir='ltr'><strong>quam</strong></span> <span class='ocrx_word' id='word_1_228' title='bbox 1969 1632 2196 1685; x_wconf 86' lang='lat' dir='ltr'><strong>sponsus</strong></span> <span class='ocrx_word' id='word_1_229' title='bbox 2226 1617 2290 1672; x_wconf 90' lang='lat' dir='ltr'><strong>de</strong></span> <span class='ocrx_word' id='word_1_230' title='bbox 2300 1618 2535 1672; x_wconf 87' lang='lat' dir='ltr'><strong>thalamo</strong></span> <span class='ocrx_word' id='word_1_231' title='bbox 2558 1635 2654 1673; x_wconf 91' lang='lat' dir='ltr'><strong>suo</strong></span> <span class='ocrx_word' id='word_1_232' title='bbox 2669 1623 2946 1688; x_wconf 87' lang='lat' dir='ltr'><strong>processit.</strong></span> <span class='ocrx_word' id='word_1_233' title='bbox 2974 1623 3049 1677; x_wconf 91' lang='lat' dir='ltr'><strong>De</strong></span> <span class='ocrx_word' id='word_1_234' title='bbox 3068 1639 3175 1692; x_wconf 88' lang='lat' dir='ltr'><strong>quo</strong></span> <span class='ocrx_word' id='word_1_235' title='bbox 3185 1624 3343 1680; x_wconf 83' lang='lat' dir='ltr'><strong>Joan-</strong></span> 
     </span>
    </p>
   </div>
   <div class='ocr_carea' id='block_1_31' title="bbox 1781 1706 3344 1780">
    <p class='ocr_par' dir='ltr' id='par_1_31' title="bbox 1781 1706 3344 1780">
     <span class='ocr_line' id='line_1_31' title="bbox 1781 1706 3344 1780; baseline 0.006 -24"><span class='ocrx_word' id='word_1_236' title='bbox 1781 1719 1875 1759; x_wconf 87' lang='lat' dir='ltr'><strong>nes</strong></span> <span class='ocrx_word' id='word_1_237' title='bbox 1885 1707 2157 1773; x_wconf 85' lang='lat' dir='ltr'><strong>apostolus</strong></span> <span class='ocrx_word' id='word_1_238' title='bbox 2173 1706 2224 1759; x_wconf 88' lang='lat' dir='ltr'><strong>in</strong></span> <span class='ocrx_word' id='word_1_239' title='bbox 2245 1706 2466 1776; x_wconf 89' lang='lat' dir='ltr'><strong>epistola</strong></span> <span class='ocrx_word' id='word_1_240' title='bbox 2495 1723 2590 1762; x_wconf 90' lang='lat' dir='ltr'><strong>sua</strong></span> <span class='ocrx_word' id='word_1_241' title='bbox 2613 1709 2904 1764; x_wconf 88' lang='lat' dir='ltr'><strong>testiﬁcans</strong></span> <span class='ocrx_word' id='word_1_242' title='bbox 2925 1711 2996 1764; x_wconf 89' lang='lat' dir='ltr'><strong>ita</strong></span> <span class='ocrx_word' id='word_1_243' title='bbox 3013 1714 3161 1780; x_wconf 90' lang='lat' dir='ltr'><strong>ponit</strong></span> <span class='ocrx_word' id='word_1_244' title='bbox 3185 1732 3198 1766; x_wconf 75' lang='grc' dir='ltr'>ε</span> <span class='ocrx_word' id='word_1_245' title='bbox 3233 1713 3344 1768; x_wconf 88' lang='lat' dir='ltr'><strong>Sci-</strong></span> 
     </span>
    </p>
   </div>
   <div class='ocr_carea' id='block_1_32' title="bbox 1780 1795 3340 1865">
    <p class='ocr_par' dir='ltr' id='par_1_32' title="bbox 1780 1795 3340 1865">
     <span class='ocr_line' id='line_1_32' title="bbox 1780 1795 3340 1865; baseline 0.006 -19"><span class='ocrx_word' id='word_1_246' title='bbox 1780 1811 1916 1859; x_wconf 88' lang='lat' dir='ltr'><strong>mus,</strong></span> <span class='ocrx_word' id='word_1_247' title='bbox 1934 1795 2124 1863; x_wconf 88' lang='lat' dir='ltr'><strong>inquit,</strong></span> <span class='ocrx_word' id='word_1_248' title='bbox 2141 1799 2261 1865; x_wconf 85' lang='lat' dir='ltr'><strong>quia</strong></span> <span class='ocrx_word' id='word_1_249' title='bbox 2280 1795 2449 1851; x_wconf 84' lang='lat' dir='ltr'><strong>Filius</strong></span> <span class='ocrx_word' id='word_1_250' title='bbox 2463 1797 2557 1851; x_wconf 90' lang='lat' dir='ltr'><strong>Dei</strong></span> <span class='ocrx_word' id='word_1_251' title='bbox 2572 1801 2726 1864; x_wconf 76' lang='lat' dir='ltr'><strong>venit,</strong></span> <span class='ocrx_word' id='word_1_252' title='bbox 2743 1810 2790 1853; x_wconf 91' lang='lat' dir='ltr'><strong>et</strong></span> <span class='ocrx_word' id='word_1_253' title='bbox 2804 1801 2943 1854; x_wconf 83' lang='lat' dir='ltr'><strong>dedit</strong></span> <span class='ocrx_word' id='word_1_254' title='bbox 2959 1803 3100 1855; x_wconf 90' lang='lat' dir='ltr'><strong>nobis</strong></span> <span class='ocrx_word' id='word_1_255' title='bbox 3115 1819 3340 1865; x_wconf 86' lang='lat' dir='ltr'><strong>sensum,</strong></span> 
     </span>
    </p>
   </div>
   <div class='ocr_carea' id='block_1_33' title="bbox 120 1889 3342 1962">
    <p class='ocr_par' dir='ltr' id='par_1_33' title="bbox 120 1889 3342 1962">
     <span class='ocr_line' id='line_1_33' title="bbox 120 1889 3342 1962; baseline 0.002 -23"><span class='ocrx_word' id='word_1_256' title='bbox 120 1893 336 1958; x_wconf 61' lang='lat' dir='ltr'><strong>manli;</strong></span> <span class='ocrx_word' id='word_1_257' title='bbox 364 1894 611 1958; x_wconf 38' lang='lat' dir='ltr'><strong>[animi</strong></span> <span class='ocrx_word' id='word_1_258' title='bbox 627 1903 674 1948; x_wconf 73' lang='grc' dir='ltr'><strong><em>ιε</em></strong></span> <span class='ocrx_word' id='word_1_259' title='bbox 694 1893 982 1948; x_wconf 60' lang='lat' dir='ltr'><strong>Daunum.</strong></span> <span class='ocrx_word' id='word_1_260' title='bbox 1005 1893 1269 1962; x_wconf 76' lang='lat' dir='ltr'><strong>Propheta</strong></span> <span class='ocrx_word' id='word_1_261' title='bbox 1293 1893 1452 1962; x_wconf 67' lang='lat' dir='ltr'><strong>igitur</strong></span> <span class='ocrx_word' id='word_1_262' title='bbox 1468 1903 1521 1946; x_wconf 72' lang='lat' dir='ltr'><strong>ei</strong></span> <span class='ocrx_word' id='word_1_263' title='bbox 1535 1893 1674 1961; x_wconf 80' lang='lat' dir='ltr'><strong>Apo-</strong></span> <span class='ocrx_word' id='word_1_264' title='bbox 1707 1894 1751 1951; x_wconf 76' lang='grc' dir='ltr'><strong>Β</strong></span> <span class='ocrx_word' id='word_1_265' title='bbox 1781 1897 1835 1940; x_wconf 90' lang='lat' dir='ltr'><strong>ut</strong></span> <span class='ocrx_word' id='word_1_266' title='bbox 1858 1903 2221 1956; x_wconf 83' lang='lat' dir='ltr'><strong>cognoscamus</strong></span> <span class='ocrx_word' id='word_1_267' title='bbox 2249 1903 2420 1940; x_wconf 78' lang='lat' dir='ltr'><strong>rerum</strong></span> <span class='ocrx_word' id='word_1_268' title='bbox 2442 1889 2606 1942; x_wconf 89' lang='lat' dir='ltr'><strong>Deum</strong></span> <span class='ocrx_word' id='word_1_269' title='bbox 2626 1900 2673 1943; x_wconf 92' lang='lat' dir='ltr'><strong>et</strong></span> <span class='ocrx_word' id='word_1_270' title='bbox 2690 1892 2848 1944; x_wconf 87' lang='lat' dir='ltr'><strong>simus</strong></span> <span class='ocrx_word' id='word_1_271' title='bbox 2869 1893 2928 1944; x_wconf 88' lang='lat' dir='ltr'><strong>in</strong></span> <span class='ocrx_word' id='word_1_272' title='bbox 2941 1907 3052 1945; x_wconf 70' lang='lat' dir='ltr'><strong>vero</strong></span> <span class='ocrx_word' id='word_1_273' title='bbox 3079 1891 3213 1944; x_wconf 85' lang='lat' dir='ltr'><strong>Filio</strong></span> <span class='ocrx_word' id='word_1_274' title='bbox 3229 1893 3342 1961; x_wconf 82' lang='lat' dir='ltr'><strong>ejus</strong></span> 
     </span>
    </p>
   </div>
   <div class='ocr_carea' id='block_1_34' title="bbox 121 1978 1678 2048">
    <p class='ocr_par' dir='ltr' id='par_1_34' title="bbox 121 1978 1678 2048">
     <span class='ocr_line' id='line_1_34' title="bbox 121 1978 1678 2048; baseline -0.003 -10"><span class='ocrx_word' id='word_1_275' title='bbox 121 1983 295 2038; x_wconf 79' lang='lat' dir='ltr'><strong>stolas</strong></span> <span class='ocrx_word' id='word_1_276' title='bbox 314 1992 369 2038; x_wconf 91' lang='lat' dir='ltr'><strong>et</strong></span> <span class='ocrx_word' id='word_1_277' title='bbox 400 1983 564 2037; x_wconf 88' lang='lat' dir='ltr'><strong>Deum</strong></span> <span class='ocrx_word' id='word_1_278' title='bbox 589 1984 702 2038; x_wconf 89' lang='lat' dir='ltr'><strong>sine</strong></span> <span class='ocrx_word' id='word_1_279' title='bbox 725 1984 1087 2037; x_wconf 76' lang='lat' dir='ltr'><strong>additamento</strong></span> <span class='ocrx_word' id='word_1_280' title='bbox 1110 1981 1472 2048; x_wconf 88' lang='lat' dir='ltr'><strong>nuncupativi,</strong></span> <span class='ocrx_word' id='word_1_281' title='bbox 1501 1988 1554 2034; x_wconf 92' lang='lat' dir='ltr'><strong>et</strong></span> <span class='ocrx_word' id='word_1_282' title='bbox 1590 1978 1678 2033; x_wconf 85' lang='lat' dir='ltr'><strong>Fi-</strong></span> 
     </span>
    </p>
   </div>
   <div class='ocr_carea' id='block_1_35' title="bbox 120 2063 1675 2145">
    <p class='ocr_par' dir='ltr' id='par_1_35' title="bbox 120 2063 1675 2145">
     <span class='ocr_line' id='line_1_35' title="bbox 120 2063 1675 2145; baseline -0.002 -16"><span class='ocrx_word' id='word_1_283' title='bbox 120 2076 253 2130; x_wconf 90' lang='lat' dir='ltr'><strong>lium</strong></span> <span class='ocrx_word' id='word_1_284' title='bbox 296 2077 495 2145; x_wconf 86' lang='lat' dir='ltr'><strong>absque</strong></span> <span class='ocrx_word' id='word_1_285' title='bbox 543 2063 835 2144; x_wconf 75' lang='lat' dir='ltr'><strong>adiectione</strong></span> <span class='ocrx_word' id='word_1_286' title='bbox 879 2076 1109 2144; x_wconf 84' lang='lat' dir='ltr'><strong>adoptivi</strong></span> <span class='ocrx_word' id='word_1_287' title='bbox 1161 2074 1510 2137; x_wconf 91' lang='lat' dir='ltr'><strong>conﬁtentur,</strong></span> <span class='ocrx_word' id='word_1_288' title='bbox 1551 2073 1675 2140; x_wconf 87' lang='lat' dir='ltr'><strong>quia</strong></span> 
     </span>
    </p>
   </div>
   <div class='ocr_carea' id='block_1_36' title="bbox 117 2163 1680 2235">
    <p class='ocr_par' dir='ltr' id='par_1_36' title="bbox 117 2163 1680 2235">
     <span class='ocr_line' id='line_1_36' title="bbox 117 2163 1680 2235; baseline -0.003 -17"><span class='ocrx_word' id='word_1_289' title='bbox 117 2179 349 2233; x_wconf 86' lang='lat' dir='ltr'><strong>persona</strong></span> <span class='ocrx_word' id='word_1_290' title='bbox 389 2165 640 2234; x_wconf 85' lang='lat' dir='ltr'><strong>unigeniti</strong></span> <span class='ocrx_word' id='word_1_291' title='bbox 662 2180 758 2235; x_wconf 90' lang='lat' dir='ltr'><strong>per</strong></span> <span class='ocrx_word' id='word_1_292' title='bbox 801 2163 1213 2233; x_wconf 89' lang='lat' dir='ltr'><strong>assumptionem</strong></span> <span class='ocrx_word' id='word_1_293' title='bbox 1239 2164 1414 2217; x_wconf 89' lang='lat' dir='ltr'><strong>carnis</strong></span> <span class='ocrx_word' id='word_1_294' title='bbox 1434 2177 1532 2217; x_wconf 91' lang='lat' dir='ltr'><strong>nec</strong></span> <span class='ocrx_word' id='word_1_295' title='bbox 1556 2177 1680 2231; x_wconf 90' lang='lat' dir='ltr'><strong>aug-</strong></span> 
     </span>
    </p>
   </div>
   <div class='ocr_carea' id='block_1_37' title="bbox 117 2251 1676 2316">
    <p class='ocr_par' dir='ltr' id='par_1_37' title="bbox 117 2251 1676 2316">
     <span class='ocr_line' id='line_1_37' title="bbox 117 2251 1676 2316; baseline 0 -11"><span class='ocrx_word' id='word_1_296' title='bbox 117 2260 376 2315; x_wconf 87' lang='lat' dir='ltr'><strong>mentum,</strong></span> <span class='ocrx_word' id='word_1_297' title='bbox 408 2268 508 2308; x_wconf 89' lang='lat' dir='ltr'><strong>nec</strong></span> <span class='ocrx_word' id='word_1_298' title='bbox 536 2253 930 2316; x_wconf 88' lang='lat' dir='ltr'><strong>detrimentum,</strong></span> <span class='ocrx_word' id='word_1_299' title='bbox 961 2267 1058 2306; x_wconf 90' lang='lat' dir='ltr'><strong>nec</strong></span> <span class='ocrx_word' id='word_1_300' title='bbox 1083 2251 1487 2305; x_wconf 82' lang='lat' dir='ltr'><strong>mutabilitatem</strong></span> <span class='ocrx_word' id='word_1_301' title='bbox 1509 2291 1524 2314; x_wconf 93' lang='lat'><strong>,</strong></span> <span class='ocrx_word' id='word_1_302' title='bbox 1579 2265 1676 2305; x_wconf 91' lang='lat' dir='ltr'><strong>nec</strong></span> 
     </span>
    </p>
   </div>
   <div class='ocr_carea' id='block_1_38' title="bbox 115 2339 1673 2411">
    <p class='ocr_par' dir='ltr' id='par_1_38' title="bbox 115 2339 1673 2411">
     <span class='ocr_line' id='line_1_38' title="bbox 115 2339 1673 2411; baseline -0.003 -16"><span class='ocrx_word' id='word_1_303' title='bbox 115 2342 528 2410; x_wconf 80' lang='lat' dir='ltr'><strong>permixtionem</strong></span> <span class='ocrx_word' id='word_1_304' title='bbox 556 2342 782 2411; x_wconf 86' lang='lat' dir='ltr'><strong>recepit;</strong></span> <span class='ocrx_word' id='word_1_305' title='bbox 827 2343 920 2395; x_wconf 89' lang='lat' dir='ltr'><strong>sed</strong></span> <span class='ocrx_word' id='word_1_306' title='bbox 942 2341 1233 2410; x_wconf 86' lang='lat' dir='ltr'><strong>permansit</strong></span> <span class='ocrx_word' id='word_1_307' title='bbox 1275 2341 1327 2392; x_wconf 94' lang='lat' dir='ltr'><strong>id</strong></span> <span class='ocrx_word' id='word_1_308' title='bbox 1352 2339 1490 2407; x_wconf 92' lang='lat' dir='ltr'><strong>quod</strong></span> <span class='ocrx_word' id='word_1_309' title='bbox 1525 2348 1641 2393; x_wconf 88' lang='lat' dir='ltr'><strong>erat</strong></span> <span class='ocrx_word' id='word_1_310' title='bbox 1660 2379 1673 2403; x_wconf 95' lang='lat'><strong>,</strong></span> 
     </span>
    </p>
   </div>
   <div class='ocr_carea' id='block_1_39' title="bbox 117 2429 1673 2496">
    <p class='ocr_par' dir='ltr' id='par_1_39' title="bbox 117 2429 1673 2496">
     <span class='ocr_line' id='line_1_39' title="bbox 117 2429 1673 2496; baseline -0.001 -12"><span class='ocrx_word' id='word_1_311' title='bbox 117 2432 222 2485; x_wconf 77' lang='lat' dir='ltr'><strong>hoc</strong></span> <span class='ocrx_word' id='word_1_312' title='bbox 233 2439 340 2495; x_wconf 91' lang='lat' dir='ltr'><strong>est,</strong></span> <span class='ocrx_word' id='word_1_313' title='bbox 354 2445 514 2485; x_wconf 83' lang='lat' dir='ltr'><strong>verus</strong></span> <span class='ocrx_word' id='word_1_314' title='bbox 535 2431 694 2496; x_wconf 88' lang='lat' dir='ltr'><strong>Deus,</strong></span> <span class='ocrx_word' id='word_1_315' title='bbox 710 2439 764 2486; x_wconf 90' lang='lat' dir='ltr'><strong>et</strong></span> <span class='ocrx_word' id='word_1_316' title='bbox 785 2446 940 2486; x_wconf 87' lang='lat' dir='ltr'><strong>verus</strong></span> <span class='ocrx_word' id='word_1_317' title='bbox 950 2431 1044 2484; x_wconf 89' lang='lat' dir='ltr'><strong>Dei</strong></span> <span class='ocrx_word' id='word_1_318' title='bbox 1064 2429 1227 2484; x_wconf 86' lang='lat' dir='ltr'><strong>Filius</strong></span> <span class='ocrx_word' id='word_1_319' title='bbox 1246 2430 1360 2484; x_wconf 86' lang='lat' dir='ltr'><strong>sine</strong></span> <span class='ocrx_word' id='word_1_320' title='bbox 1373 2429 1580 2485; x_wconf 77' lang='lat' dir='ltr'><strong>defectu</strong></span> <span class='ocrx_word' id='word_1_321' title='bbox 1593 2429 1673 2482; x_wconf 90' lang='lat' dir='ltr'><strong>sui</strong></span> 
     </span>
    </p>
   </div>
   <div class='ocr_carea' id='block_1_40' title="bbox 115 2519 1670 2589">
    <p class='ocr_par' dir='ltr' id='par_1_40' title="bbox 115 2519 1670 2589">
     <span class='ocr_line' id='line_1_40' title="bbox 115 2519 1670 2589; baseline 0 -15"><span class='ocrx_word' id='word_1_322' title='bbox 115 2520 357 2589; x_wconf 85' lang='lat' dir='ltr'><strong>suscepit</strong></span> <span class='ocrx_word' id='word_1_323' title='bbox 387 2521 440 2574; x_wconf 94' lang='lat' dir='ltr'><strong>id</strong></span> <span class='ocrx_word' id='word_1_324' title='bbox 464 2521 603 2589; x_wconf 90' lang='lat' dir='ltr'><strong>quod</strong></span> <span class='ocrx_word' id='word_1_325' title='bbox 629 2537 732 2575; x_wconf 93' lang='lat' dir='ltr'><strong>non</strong></span> <span class='ocrx_word' id='word_1_326' title='bbox 763 2528 901 2576; x_wconf 89' lang='lat' dir='ltr'><strong>erat.</strong></span> <span class='ocrx_word' id='word_1_327' title='bbox 930 2521 1024 2575; x_wconf 91' lang='lat' dir='ltr'><strong>Ille</strong></span> <span class='ocrx_word' id='word_1_328' title='bbox 1047 2519 1285 2589; x_wconf 80' lang='lat' dir='ltr'><strong>profecto</strong></span> <span class='ocrx_word' id='word_1_329' title='bbox 1311 2535 1468 2574; x_wconf 87' lang='lat' dir='ltr'><strong>verus</strong></span> <span class='ocrx_word' id='word_1_330' title='bbox 1509 2521 1670 2585; x_wconf 90' lang='lat' dir='ltr'><strong>Deus,</strong></span> 
     </span>
    </p>
   </div>
   <div class='ocr_carea' id='block_1_41' title="bbox 113 2599 1673 2678">
    <p class='ocr_par' dir='ltr' id='par_1_41' title="bbox 113 2599 1673 2678">
     <span class='ocr_line' id='line_1_41' title="bbox 113 2599 1673 2678; baseline -0.001 -14"><span class='ocrx_word' id='word_1_331' title='bbox 113 2608 270 2677; x_wconf 85' lang='lat' dir='ltr'><strong>cujus</strong></span> <span class='ocrx_word' id='word_1_332' title='bbox 296 2610 519 2663; x_wconf 89' lang='lat' dir='ltr'><strong>thronus</strong></span> <span class='ocrx_word' id='word_1_333' title='bbox 562 2610 616 2662; x_wconf 90' lang='lat' dir='ltr'><strong>in</strong></span> <span class='ocrx_word' id='word_1_334' title='bbox 644 2599 892 2664; x_wconf 65' lang='lat' dir='ltr'><strong>tusculum</strong></span> <span class='ocrx_word' id='word_1_335' title='bbox 920 2610 1097 2664; x_wconf 71' lang='lat' dir='ltr'><strong>smeuli</strong></span> <span class='ocrx_word' id='word_1_336' title='bbox 1119 2617 1411 2678; x_wconf 85' lang='lat' dir='ltr'><strong>permanet,</strong></span> <span class='ocrx_word' id='word_1_337' title='bbox 1437 2619 1673 2664; x_wconf 90' lang='lat' dir='ltr'><strong>unctusa</strong></span> 
     </span>
    </p>
   </div>
   <div class='ocr_carea' id='block_1_42' title="bbox 114 2697 1676 2768">
    <p class='ocr_par' dir='ltr' id='par_1_42' title="bbox 114 2697 1676 2768">
     <span class='ocr_line' id='line_1_42' title="bbox 114 2697 1676 2768; baseline 0.001 -18"><span class='ocrx_word' id='word_1_338' title='bbox 114 2712 247 2752; x_wconf 88' lang='lat' dir='ltr'><strong>vero</strong></span> <span class='ocrx_word' id='word_1_339' title='bbox 269 2697 458 2752; x_wconf 87' lang='lat' dir='ltr'><strong>Deoab</strong></span> <span class='ocrx_word' id='word_1_340' title='bbox 481 2698 665 2754; x_wconf 87' lang='lat' dir='ltr'><strong>eodem</strong></span> <span class='ocrx_word' id='word_1_341' title='bbox 677 2698 987 2766; x_wconf 88' lang='lat' dir='ltr'><strong>perhibetur</strong></span> <span class='ocrx_word' id='word_1_342' title='bbox 1006 2699 1262 2767; x_wconf 87' lang='lat' dir='ltr'><strong>pr0pbeta</strong></span> <span class='ocrx_word' id='word_1_343' title='bbox 1287 2713 1302 2751; x_wconf 92' lang='lat'><strong>:</strong></span> <span class='ocrx_word' id='word_1_344' title='bbox 1330 2713 1487 2753; x_wconf 90' lang='lat' dir='ltr'><strong>verus</strong></span> <span class='ocrx_word' id='word_1_345' title='bbox 1514 2699 1676 2768; x_wconf 91' lang='lat' dir='ltr'><strong>igitur</strong></span> 
     </span>
    </p>
   </div>
   <div class='ocr_carea' id='block_1_43' title="bbox 118 2787 1674 2856">
    <p class='ocr_par' dir='ltr' id='par_1_43' title="bbox 118 2787 1674 2856">
     <span class='ocr_line' id='line_1_43' title="bbox 118 2787 1674 2856; baseline -0.001 -14"><span class='ocrx_word' id='word_1_346' title='bbox 118 2788 264 2842; x_wconf 87' lang='lat' dir='ltr'><strong>Deus</strong></span> <span class='ocrx_word' id='word_1_347' title='bbox 286 2796 482 2842; x_wconf 90' lang='lat' dir='ltr'><strong>unctus</strong></span> <span class='ocrx_word' id='word_1_348' title='bbox 501 2803 531 2841; x_wconf 91' lang='lat' dir='ltr'><strong>a</strong></span> <span class='ocrx_word' id='word_1_349' title='bbox 561 2801 689 2842; x_wconf 89' lang='lat' dir='ltr'><strong>vero</strong></span> <span class='ocrx_word' id='word_1_350' title='bbox 717 2788 843 2851; x_wconf 84' lang='lat' dir='ltr'><strong>Deo,</strong></span> <span class='ocrx_word' id='word_1_351' title='bbox 874 2803 976 2842; x_wconf 92' lang='lat' dir='ltr'><strong>non</strong></span> <span class='ocrx_word' id='word_1_352' title='bbox 1008 2788 1145 2842; x_wconf 92' lang='lat' dir='ltr'><strong>sicut</strong></span> <span class='ocrx_word' id='word_1_353' title='bbox 1173 2796 1226 2841; x_wconf 90' lang='lat' dir='ltr'><strong>tu</strong></span> <span class='ocrx_word' id='word_1_354' title='bbox 1265 2788 1388 2841; x_wconf 88' lang='lat' dir='ltr'><strong>anili</strong></span> <span class='ocrx_word' id='word_1_355' title='bbox 1425 2787 1674 2856; x_wconf 79' lang='lat' dir='ltr'><strong>fatuaque</strong></span> 
     </span>
    </p>
   </div>
   <div class='ocr_carea' id='block_1_44' title="bbox 114 2877 1675 2946">
    <p class='ocr_par' dir='ltr' id='par_1_44' title="bbox 114 2877 1675 2946">
     <span class='ocr_line' id='line_1_44' title="bbox 114 2877 1675 2946; baseline 0 -14"><span class='ocrx_word' id='word_1_356' title='bbox 114 2879 387 2936; x_wconf 72' lang='lat' dir='ltr'><strong>consuesti</strong></span> <span class='ocrx_word' id='word_1_357' title='bbox 399 2879 677 2933; x_wconf 82' lang='lat' dir='ltr'><strong>obscurius</strong></span> <span class='ocrx_word' id='word_1_358' title='bbox 691 2878 841 2934; x_wconf 79' lang='lat' dir='ltr'><strong>fauce</strong></span> <span class='ocrx_word' id='word_1_359' title='bbox 860 2879 1117 2941; x_wconf 90' lang='lat' dir='ltr'><strong>delerare,</strong></span> <span class='ocrx_word' id='word_1_360' title='bbox 1134 2879 1519 2946; x_wconf 90' lang='lat' dir='ltr'><strong>nuncupativus</strong></span> <span class='ocrx_word' id='word_1_361' title='bbox 1535 2877 1675 2932; x_wconf 89' lang='lat' dir='ltr'><strong>Deus</strong></span> 
     </span>
    </p>
   </div>
   <div class='ocr_carea' id='block_1_45' title="bbox 113 2961 1674 3030">
    <p class='ocr_par' dir='ltr' id='par_1_45' title="bbox 113 2961 1674 3030">
     <span class='ocr_line' id='line_1_45' title="bbox 113 2961 1674 3030; baseline -0.001 -6"><span class='ocrx_word' id='word_1_362' title='bbox 113 2987 145 3024; x_wconf 88' lang='lat' dir='ltr'><strong>a</strong></span> <span class='ocrx_word' id='word_1_363' title='bbox 172 2984 303 3024; x_wconf 86' lang='lat' dir='ltr'><strong>vero</strong></span> <span class='ocrx_word' id='word_1_364' title='bbox 326 2969 436 3022; x_wconf 89' lang='lat' dir='ltr'><strong>Deo</strong></span> <span class='ocrx_word' id='word_1_365' title='bbox 461 2977 652 3023; x_wconf 87' lang='lat' dir='ltr'><strong>unctus</strong></span> <span class='ocrx_word' id='word_1_366' title='bbox 679 2969 777 3030; x_wconf 88' lang='lat' dir='ltr'><strong>sit;</strong></span> <span class='ocrx_word' id='word_1_367' title='bbox 807 2970 899 3025; x_wconf 87' lang='lat' dir='ltr'><strong>sed</strong></span> <span class='ocrx_word' id='word_1_368' title='bbox 929 2985 1084 3024; x_wconf 88' lang='lat' dir='ltr'><strong>verus</strong></span> <span class='ocrx_word' id='word_1_369' title='bbox 1111 2961 1252 3024; x_wconf 89' lang='lat' dir='ltr'><strong>Deus</strong></span> <span class='ocrx_word' id='word_1_370' title='bbox 1279 2977 1469 3023; x_wconf 89' lang='lat' dir='ltr'><strong>unctus</strong></span> <span class='ocrx_word' id='word_1_371' title='bbox 1494 2984 1522 3022; x_wconf 89' lang='lat' dir='ltr'><strong>a</strong></span> <span class='ocrx_word' id='word_1_372' title='bbox 1547 2983 1674 3022; x_wconf 85' lang='lat' dir='ltr'><strong>vero</strong></span> 
     </span>
    </p>
   </div>
   <div class='ocr_carea' id='block_1_46' title="bbox 114 3057 1675 3130">
    <p class='ocr_par' dir='ltr' id='par_1_46' title="bbox 114 3057 1675 3130">
     <span class='ocr_line' id='line_1_46' title="bbox 114 3057 1675 3130; baseline 0 -17"><span class='ocrx_word' id='word_1_373' title='bbox 114 3059 226 3113; x_wconf 90' lang='lat' dir='ltr'><strong>Deo</strong></span> <span class='ocrx_word' id='word_1_374' title='bbox 250 3059 302 3112; x_wconf 92' lang='lat' dir='ltr'><strong>in</strong></span> <span class='ocrx_word' id='word_1_375' title='bbox 329 3057 499 3116; x_wconf 79' lang='lat' dir='ltr'><strong>[arma</strong></span> <span class='ocrx_word' id='word_1_376' title='bbox 518 3060 703 3130; x_wconf 87' lang='lat' dir='ltr'><strong>procul</strong></span> <span class='ocrx_word' id='word_1_377' title='bbox 730 3059 890 3116; x_wconf 89' lang='lat' dir='ltr'><strong>dubio</strong></span> <span class='ocrx_word' id='word_1_378' title='bbox 905 3061 1141 3115; x_wconf 88' lang='lat' dir='ltr'><strong>creditur</strong></span> <span class='ocrx_word' id='word_1_379' title='bbox 1159 3059 1319 3114; x_wconf 87' lang='lat' dir='ltr'><strong>servi.</strong></span> <span class='ocrx_word' id='word_1_380' title='bbox 1347 3060 1486 3113; x_wconf 88' lang='lat' dir='ltr'><strong>Deus</strong></span> <span class='ocrx_word' id='word_1_381' title='bbox 1512 3060 1675 3129; x_wconf 79' lang='lat' dir='ltr'><strong>igitur</strong></span> 
     </span>
    </p>
   </div>
   <div class='ocr_carea' id='block_1_47' title="bbox 113 3146 1670 3222">
    <p class='ocr_par' dir='ltr' id='par_1_47' title="bbox 113 3146 1670 3222">
     <span class='ocr_line' id='line_1_47' title="bbox 113 3146 1670 3222; baseline 0.002 -22"><span class='ocrx_word' id='word_1_382' title='bbox 113 3149 275 3204; x_wconf 81' lang='lat' dir='ltr'><strong>verus</strong></span> <span class='ocrx_word' id='word_1_383' title='bbox 297 3149 543 3205; x_wconf 85' lang='lat' dir='ltr'><strong>Christus</strong></span> <span class='ocrx_word' id='word_1_384' title='bbox 563 3146 716 3205; x_wconf 78' lang='lat' dir='ltr'><strong>Jesus</strong></span> <span class='ocrx_word' id='word_1_385' title='bbox 736 3151 920 3204; x_wconf 88' lang='lat' dir='ltr'><strong>habuit</strong></span> <span class='ocrx_word' id='word_1_386' title='bbox 952 3151 1171 3206; x_wconf 81' lang='lat' dir='ltr'><strong>alterius</strong></span> <span class='ocrx_word' id='word_1_387' title='bbox 1193 3152 1400 3222; x_wconf 76' lang='lat' dir='ltr'><strong>generis</strong></span> <span class='ocrx_word' id='word_1_388' title='bbox 1427 3149 1670 3214; x_wconf 78' lang='lat' dir='ltr'><strong>formam,</strong></span> 
     </span>
    </p>
   </div>
   <div class='ocr_carea' id='block_1_48' title="bbox 1782 1975 3340 2053">
    <p class='ocr_par' dir='ltr' id='par_1_48' title="bbox 1782 1975 3340 2053">
     <span class='ocr_line' id='line_1_48' title="bbox 1782 1975 3340 2053; baseline 0.006 -26"><span class='ocrx_word' id='word_1_389' title='bbox 1782 1975 1966 2030; x_wconf 88' lang='lat' dir='ltr'><strong>Hicest</strong></span> <span class='ocrx_word' id='word_1_390' title='bbox 1993 1993 2137 2030; x_wconf 76' lang='lat' dir='ltr'><strong>verus</strong></span> <span class='ocrx_word' id='word_1_391' title='bbox 2152 1977 2287 2031; x_wconf 89' lang='lat' dir='ltr'><strong>Deus</strong></span> <span class='ocrx_word' id='word_1_392' title='bbox 2301 1988 2347 2030; x_wconf 86' lang='lat' dir='ltr'><strong>et</strong></span> <span class='ocrx_word' id='word_1_393' title='bbox 2370 1980 2471 2031; x_wconf 85' lang='lat' dir='ltr'><strong>vita</strong></span> <span class='ocrx_word' id='word_1_394' title='bbox 2495 1991 2688 2034; x_wconf 67' lang='lat' dir='ltr'><strong>(eterna</strong></span> <span class='ocrx_word' id='word_1_395' title='bbox 2715 1981 2767 2051; x_wconf 93' lang='lat' dir='ltr'><strong>(I</strong></span> <span class='ocrx_word' id='word_1_396' title='bbox 2787 1982 2943 2035; x_wconf 81' lang='lat' dir='ltr'><strong>Joan.</strong></span> <span class='ocrx_word' id='word_1_397' title='bbox 2975 1999 3026 2045; x_wconf 88' lang='lat' dir='ltr'><strong>v,</strong></span> <span class='ocrx_word' id='word_1_398' title='bbox 3055 1983 3165 2053; x_wconf 66' lang='grc' dir='ltr'><strong>ΞΟ).</strong></span> <span class='ocrx_word' id='word_1_399' title='bbox 3192 1984 3340 2037; x_wconf 86' lang='grc' dir='ltr'><strong><em>ΙΙΙιιιιι</em></strong></span> 
     </span>
    </p>
   </div>
   <div class='ocr_carea' id='block_1_49' title="bbox 1783 2066 3339 2141">
    <p class='ocr_par' dir='ltr' id='par_1_49' title="bbox 1783 2066 3339 2141">
     <span class='ocr_line' id='line_1_49' title="bbox 1783 2066 3339 2141; baseline 0.003 -19"><span class='ocrx_word' id='word_1_400' title='bbox 1783 2070 1964 2137; x_wconf 91' lang='lat' dir='ltr'><strong>utique</strong></span> <span class='ocrx_word' id='word_1_401' title='bbox 1988 2066 2169 2122; x_wconf 80' lang='lat' dir='ltr'><strong>Jesum</strong></span> <span class='ocrx_word' id='word_1_402' title='bbox 2199 2067 2469 2134; x_wconf 84' lang='lat' dir='ltr'><strong>Christum</strong></span> <span class='ocrx_word' id='word_1_403' title='bbox 2509 2085 2692 2123; x_wconf 91' lang='lat' dir='ltr'><strong>verum</strong></span> <span class='ocrx_word' id='word_1_404' title='bbox 2716 2070 2907 2141; x_wconf 82' lang='lat' dir='ltr'><strong>Filium</strong></span> <span class='ocrx_word' id='word_1_405' title='bbox 2945 2072 3039 2124; x_wconf 89' lang='lat' dir='ltr'><strong>Dei</strong></span> <span class='ocrx_word' id='word_1_406' title='bbox 3076 2066 3133 2126; x_wconf 85' lang='lat' dir='ltr'><strong>et</strong></span> <span class='ocrx_word' id='word_1_407' title='bbox 3159 2089 3339 2127; x_wconf 88' lang='lat' dir='ltr'><strong>verum</strong></span> 
     </span>
    </p>
   </div>
   <div class='ocr_carea' id='block_1_50' title="bbox 1781 2148 3339 2230">
    <p class='ocr_par' dir='ltr' id='par_1_50' title="bbox 1781 2148 3339 2230">
     <span class='ocr_line' id='line_1_50' title="bbox 1781 2148 3339 2230; baseline 0.004 -20"><span class='ocrx_word' id='word_1_408' title='bbox 1781 2148 1946 2211; x_wconf 79' lang='lat' dir='ltr'><strong>Deum</strong></span> <span class='ocrx_word' id='word_1_409' title='bbox 1970 2165 2025 2210; x_wconf 91' lang='lat' dir='ltr'><strong>et</strong></span> <span class='ocrx_word' id='word_1_410' title='bbox 2047 2155 2297 2221; x_wconf 84' lang='lat' dir='ltr'><strong>Joannes,</strong></span> <span class='ocrx_word' id='word_1_411' title='bbox 2334 2167 2388 2210; x_wconf 90' lang='lat' dir='ltr'><strong>et</strong></span> <span class='ocrx_word' id='word_1_412' title='bbox 2415 2157 2630 2222; x_wconf 84' lang='lat' dir='ltr'><strong>Paulus,</strong></span> <span class='ocrx_word' id='word_1_413' title='bbox 2651 2167 2706 2212; x_wconf 87' lang='lat' dir='ltr'><strong>et</strong></span> <span class='ocrx_word' id='word_1_414' title='bbox 2729 2160 2905 2214; x_wconf 89' lang='lat' dir='ltr'><strong>omnia</strong></span> <span class='ocrx_word' id='word_1_415' title='bbox 2943 2159 3339 2230; x_wconf 86' lang='lat' dir='ltr'><strong>Scripturarum</strong></span> 
     </span>
    </p>
   </div>
   <div class='ocr_carea' id='block_1_51' title="bbox 1777 2248 3341 2319">
    <p class='ocr_par' dir='ltr' id='par_1_51' title="bbox 1777 2248 3341 2319">
     <span class='ocr_line' id='line_1_51' title="bbox 1777 2248 3341 2319; baseline 0.003 -17"><span class='ocrx_word' id='word_1_416' title='bbox 1777 2248 1992 2302; x_wconf 90' lang='lat' dir='ltr'><strong>oracula</strong></span> <span class='ocrx_word' id='word_1_417' title='bbox 2013 2255 2376 2317; x_wconf 86' lang='lat' dir='ltr'><strong>protestantur</strong></span> <span class='ocrx_word' id='word_1_418' title='bbox 2400 2263 2415 2301; x_wconf 91' lang='lat'><strong>:</strong></span> <span class='ocrx_word' id='word_1_419' title='bbox 2442 2249 2533 2318; x_wconf 91' lang='lat' dir='ltr'><strong>qui</strong></span> <span class='ocrx_word' id='word_1_420' title='bbox 2564 2257 2719 2304; x_wconf 90' lang='lat' dir='ltr'><strong>natus</strong></span> <span class='ocrx_word' id='word_1_421' title='bbox 2745 2257 2827 2304; x_wconf 89' lang='lat' dir='ltr'><strong>est</strong></span> <span class='ocrx_word' id='word_1_422' title='bbox 2851 2251 2916 2304; x_wconf 81' lang='lat' dir='ltr'><strong>de</strong></span> <span class='ocrx_word' id='word_1_423' title='bbox 2938 2249 3138 2319; x_wconf 89' lang='lat' dir='ltr'><strong>Spiritu</strong></span> <span class='ocrx_word' id='word_1_424' title='bbox 3158 2262 3341 2307; x_wconf 86' lang='lat' dir='ltr'><strong>sancto</strong></span> 
     </span>
    </p>
   </div>
   <div class='ocr_carea' id='block_1_52' title="bbox 1777 2333 3339 2406">
    <p class='ocr_par' dir='ltr' id='par_1_52' title="bbox 1777 2333 3339 2406">
     <span class='ocr_line' id='line_1_52' title="bbox 1777 2333 3339 2406; baseline 0.003 -15"><span class='ocrx_word' id='word_1_425' title='bbox 1777 2346 1830 2391; x_wconf 93' lang='lat' dir='ltr'><strong>et</strong></span> <span class='ocrx_word' id='word_1_426' title='bbox 1850 2338 2052 2406; x_wconf 84' lang='lat' dir='ltr'><strong>virgine</strong></span> <span class='ocrx_word' id='word_1_427' title='bbox 2082 2337 2270 2401; x_wconf 83' lang='lat' dir='ltr'><strong>Maria,</strong></span> <span class='ocrx_word' id='word_1_428' title='bbox 2308 2339 2396 2405; x_wconf 90' lang='lat' dir='ltr'><strong>qui</strong></span> <span class='ocrx_word' id='word_1_429' title='bbox 2433 2353 2635 2406; x_wconf 89' lang='lat' dir='ltr'><strong>passus,</strong></span> <span class='ocrx_word' id='word_1_430' title='bbox 2663 2333 2972 2402; x_wconf 73' lang='lat' dir='ltr'><strong>cruciﬁxus,</strong></span> <span class='ocrx_word' id='word_1_431' title='bbox 2995 2352 3236 2395; x_wconf 81' lang='lat' dir='ltr'><strong>mortuus</strong></span> <span class='ocrx_word' id='word_1_432' title='bbox 3285 2352 3339 2395; x_wconf 92' lang='lat' dir='ltr'><strong>et</strong></span> 
     </span>
    </p>
   </div>
   <div class='ocr_carea' id='block_1_53' title="bbox 1776 2425 3334 2496">
    <p class='ocr_par' dir='ltr' id='par_1_53' title="bbox 1776 2425 3334 2496">
     <span class='ocr_line' id='line_1_53' title="bbox 1776 2425 3334 2496; baseline 0.004 -18"><span class='ocrx_word' id='word_1_433' title='bbox 1776 2425 2010 2493; x_wconf 88' lang='lat' dir='ltr'><strong>sepultus</strong></span> <span class='ocrx_word' id='word_1_434' title='bbox 2042 2435 2125 2479; x_wconf 88' lang='lat' dir='ltr'><strong>est</strong></span> <span class='ocrx_word' id='word_1_435' title='bbox 2149 2440 2245 2494; x_wconf 91' lang='lat' dir='ltr'><strong>pro</strong></span> <span class='ocrx_word' id='word_1_436' title='bbox 2284 2427 2457 2491; x_wconf 89' lang='lat' dir='ltr'><strong>nobis,</strong></span> <span class='ocrx_word' id='word_1_437' title='bbox 2490 2429 2688 2496; x_wconf 89' lang='lat' dir='ltr'><strong>quique</strong></span> <span class='ocrx_word' id='word_1_438' title='bbox 2732 2431 2888 2484; x_wconf 88' lang='lat' dir='ltr'><strong>tertia</strong></span> <span class='ocrx_word' id='word_1_439' title='bbox 2912 2431 2996 2484; x_wconf 90' lang='lat' dir='ltr'><strong>die</strong></span> <span class='ocrx_word' id='word_1_440' title='bbox 3021 2433 3334 2496; x_wconf 83' lang='lat' dir='ltr'><strong>resurrexit,</strong></span> 
     </span>
    </p>
   </div>
   <div class='ocr_carea' id='block_1_54' title="bbox 1776 2515 3341 2581">
    <p class='ocr_par' dir='ltr' id='par_1_54' title="bbox 1776 2515 3341 2581">
     <span class='ocr_line' id='line_1_54' title="bbox 1776 2515 3341 2581; baseline 0.005 -13"><span class='ocrx_word' id='word_1_441' title='bbox 1776 2515 2013 2568; x_wconf 89' lang='lat' dir='ltr'><strong>ascendit</strong></span> <span class='ocrx_word' id='word_1_442' title='bbox 2043 2515 2095 2569; x_wconf 94' lang='lat' dir='ltr'><strong>in</strong></span> <span class='ocrx_word' id='word_1_443' title='bbox 2129 2515 2318 2570; x_wconf 89' lang='lat' dir='ltr'><strong>coelum</strong></span> <span class='ocrx_word' id='word_1_444' title='bbox 2345 2556 2359 2580; x_wconf 96' lang='lat'><strong>,</strong></span> <span class='ocrx_word' id='word_1_445' title='bbox 2419 2518 2566 2570; x_wconf 90' lang='lat' dir='ltr'><strong>sedet</strong></span> <span class='ocrx_word' id='word_1_446' title='bbox 2600 2518 2667 2571; x_wconf 89' lang='lat' dir='ltr'><strong>ad</strong></span> <span class='ocrx_word' id='word_1_447' title='bbox 2704 2519 2974 2572; x_wconf 83' lang='lat' dir='ltr'><strong>dexteram</strong></span> <span class='ocrx_word' id='word_1_448' title='bbox 3008 2521 3120 2581; x_wconf 85' lang='lat' dir='ltr'><strong>Dei.</strong></span> <span class='ocrx_word' id='word_1_449' title='bbox 3153 2531 3341 2576; x_wconf 89' lang='lat' dir='ltr'><strong>ventu-</strong></span> 
     </span>
    </p>
   </div>
   <div class='ocr_carea' id='block_1_55' title="bbox 1777 2606 3335 2677">
    <p class='ocr_par' dir='ltr' id='par_1_55' title="bbox 1777 2606 3335 2677">
     <span class='ocr_line' id='line_1_55' title="bbox 1777 2606 3335 2677; baseline 0.004 -18"><span class='ocrx_word' id='word_1_450' title='bbox 1777 2621 1971 2675; x_wconf 87' lang='lat' dir='ltr'><strong>rusque</strong></span> <span class='ocrx_word' id='word_1_451' title='bbox 1999 2614 2080 2660; x_wconf 89' lang='lat' dir='ltr'><strong>est</strong></span> <span class='ocrx_word' id='word_1_452' title='bbox 2101 2622 2222 2660; x_wconf 91' lang='lat' dir='ltr'><strong>cum</strong></span> <span class='ocrx_word' id='word_1_453' title='bbox 2245 2606 2410 2676; x_wconf 83' lang='lat' dir='ltr'><strong>gloria</strong></span> <span class='ocrx_word' id='word_1_454' title='bbox 2434 2608 2581 2662; x_wconf 85' lang='lat' dir='ltr'><strong>vivos</strong></span> <span class='ocrx_word' id='word_1_455' title='bbox 2606 2617 2659 2662; x_wconf 92' lang='lat' dir='ltr'><strong>et</strong></span> <span class='ocrx_word' id='word_1_456' title='bbox 2680 2617 2920 2664; x_wconf 91' lang='lat' dir='ltr'><strong>mortuos</strong></span> <span class='ocrx_word' id='word_1_457' title='bbox 2942 2610 3261 2677; x_wconf 77' lang='lat' dir='ltr'><strong>iudicandos</strong></span> <span class='ocrx_word' id='word_1_458' title='bbox 3283 2613 3335 2666; x_wconf 69' lang='grc' dir='ltr'><strong>δ.</strong></span> 
     </span>
    </p>
   </div>
   <div class='ocr_carea' id='block_1_56' title="bbox 1775 2695 3336 2766">
    <p class='ocr_par' dir='ltr' id='par_1_56' title="bbox 1775 2695 3336 2766">
     <span class='ocr_line' id='line_1_56' title="bbox 1775 2695 3336 2766; baseline 0.004 -17"><span class='ocrx_word' id='word_1_459' title='bbox 1775 2695 2028 2762; x_wconf 85' lang='lat' dir='ltr'><strong>Quisnam</strong></span> <span class='ocrx_word' id='word_1_460' title='bbox 2068 2697 2137 2750; x_wconf 92' lang='lat' dir='ltr'><strong>sit</strong></span> <span class='ocrx_word' id='word_1_461' title='bbox 2160 2697 2248 2750; x_wconf 91' lang='lat' dir='ltr'><strong>ille</strong></span> <span class='ocrx_word' id='word_1_462' title='bbox 2268 2696 2535 2763; x_wconf 84' lang='lat' dir='ltr'><strong>Christus,</strong></span> <span class='ocrx_word' id='word_1_463' title='bbox 2558 2715 2713 2766; x_wconf 89' lang='lat' dir='ltr'><strong>quem</strong></span> <span class='ocrx_word' id='word_1_464' title='bbox 2738 2707 2815 2765; x_wconf 91' lang='lat' dir='ltr'><strong>tu,</strong></span> <span class='ocrx_word' id='word_1_465' title='bbox 2843 2700 3108 2764; x_wconf 62' lang='lat' dir='ltr'><strong>hieretice,</strong></span> <span class='ocrx_word' id='word_1_466' title='bbox 3139 2719 3336 2756; x_wconf 90' lang='lat' dir='ltr'><strong>nuncu-</strong></span> 
     </span>
    </p>
   </div>
   <div class='ocr_carea' id='block_1_57' title="bbox 1775 2785 3330 2856">
    <p class='ocr_par' dir='ltr' id='par_1_57' title="bbox 1775 2785 3330 2856">
     <span class='ocr_line' id='line_1_57' title="bbox 1775 2785 3330 2856; baseline 0.005 -18"><span class='ocrx_word' id='word_1_467' title='bbox 1775 2785 2008 2853; x_wconf 87' lang='lat' dir='ltr'><strong>pativum</strong></span> <span class='ocrx_word' id='word_1_468' title='bbox 2051 2785 2212 2838; x_wconf 90' lang='lat' dir='ltr'><strong>Deum</strong></span> <span class='ocrx_word' id='word_1_469' title='bbox 2239 2794 2292 2838; x_wconf 90' lang='lat' dir='ltr'><strong>et</strong></span> <span class='ocrx_word' id='word_1_470' title='bbox 2323 2785 2627 2856; x_wconf 81' lang='lat' dir='ltr'><strong>adoptivum</strong></span> <span class='ocrx_word' id='word_1_471' title='bbox 2668 2788 2831 2844; x_wconf 90' lang='lat' dir='ltr'><strong>ﬁlium</strong></span> <span class='ocrx_word' id='word_1_472' title='bbox 2854 2790 3123 2844; x_wconf 80' lang='lat' dir='ltr'><strong>afﬁrmare</strong></span> <span class='ocrx_word' id='word_1_473' title='bbox 3172 2808 3330 2845; x_wconf 76' lang='lat' dir='ltr'><strong>cona-</strong></span> 
     </span>
    </p>
   </div>
   <div class='ocr_carea' id='block_1_58' title="bbox 1775 2874 3333 2950">
    <p class='ocr_par' dir='ltr' id='par_1_58' title="bbox 1775 2874 3333 2950">
     <span class='ocr_line' id='line_1_58' title="bbox 1775 2874 3333 2950; baseline 0.007 -24"><span class='ocrx_word' id='word_1_474' title='bbox 1775 2875 1868 2938; x_wconf 90' lang='lat' dir='ltr'><strong>ris,</strong></span> <span class='ocrx_word' id='word_1_475' title='bbox 1892 2874 2150 2930; x_wconf 76' lang='lat' dir='ltr'><strong>catholica</strong></span> <span class='ocrx_word' id='word_1_476' title='bbox 2189 2875 2532 2930; x_wconf 87' lang='lat' dir='ltr'><strong>nihilominus</strong></span> <span class='ocrx_word' id='word_1_477' title='bbox 2579 2879 2709 2933; x_wconf 91' lang='lat' dir='ltr'><strong>ﬁdes</strong></span> <span class='ocrx_word' id='word_1_478' title='bbox 2753 2881 2990 2950; x_wconf 78' lang='lat' dir='ltr'><strong>ignorat;</strong></span> <span class='ocrx_word' id='word_1_479' title='bbox 3030 2882 3120 2935; x_wconf 84' lang='lat' dir='ltr'><strong>sed</strong></span> <span class='ocrx_word' id='word_1_480' title='bbox 3149 2891 3203 2936; x_wconf 88' lang='lat' dir='ltr'><strong>et</strong></span> <span class='ocrx_word' id='word_1_481' title='bbox 3253 2892 3333 2937; x_wconf 78' lang='lat' dir='ltr'><strong>te-</strong></span> 
     </span>
    </p>
   </div>
   <div class='ocr_carea' id='block_1_59' title="bbox 1775 2965 3338 3041">
    <p class='ocr_par' dir='ltr' id='par_1_59' title="bbox 1775 2965 3338 3041">
     <span class='ocr_line' id='line_1_59' title="bbox 1775 2965 3338 3041; baseline 0.008 -24"><span class='ocrx_word' id='word_1_482' title='bbox 1775 2979 1894 3017; x_wconf 90' lang='lat' dir='ltr'><strong>cum</strong></span> <span class='ocrx_word' id='word_1_483' title='bbox 1925 2979 2046 3018; x_wconf 90' lang='lat' dir='ltr'><strong>eum</strong></span> <span class='ocrx_word' id='word_1_484' title='bbox 2071 2965 2208 3019; x_wconf 89' lang='lat' dir='ltr'><strong>scire</strong></span> <span class='ocrx_word' id='word_1_485' title='bbox 2235 2966 2404 3020; x_wconf 91' lang='lat' dir='ltr'><strong>modis</strong></span> <span class='ocrx_word' id='word_1_486' title='bbox 2451 2969 2695 3022; x_wconf 90' lang='lat' dir='ltr'><strong>omnibus</strong></span> <span class='ocrx_word' id='word_1_487' title='bbox 2731 2971 3087 3041; x_wconf 81' lang='lat' dir='ltr'><strong>&#39;dedignatur.</strong></span> <span class='ocrx_word' id='word_1_488' title='bbox 3134 2973 3338 3029; x_wconf 80' lang='lat' dir='ltr'><strong>Habeto</strong></span> 
     </span>
    </p>
   </div>
   <div class='ocr_carea' id='block_1_60' title="bbox 1776 3055 3342 3129">
    <p class='ocr_par' dir='ltr' id='par_1_60' title="bbox 1776 3055 3342 3129">
     <span class='ocr_line' id='line_1_60' title="bbox 1776 3055 3342 3129; baseline 0.003 -19"><span class='ocrx_word' id='word_1_489' title='bbox 1776 3065 1831 3110; x_wconf 93' lang='lat' dir='ltr'><strong>tu</strong></span> <span class='ocrx_word' id='word_1_490' title='bbox 1857 3057 1951 3109; x_wconf 91' lang='lat' dir='ltr'><strong>tibi</strong></span> <span class='ocrx_word' id='word_1_491' title='bbox 1983 3055 2145 3110; x_wconf 90' lang='lat' dir='ltr'><strong>alium</strong></span> <span class='ocrx_word' id='word_1_492' title='bbox 2174 3072 2293 3110; x_wconf 89' lang='lat' dir='ltr'><strong>cum</strong></span> <span class='ocrx_word' id='word_1_493' title='bbox 2324 3058 2642 3126; x_wconf 83' lang='lat' dir='ltr'><strong>sequacibus</strong></span> <span class='ocrx_word' id='word_1_494' title='bbox 2665 3059 2788 3123; x_wconf 89' lang='lat' dir='ltr'><strong>tuis,</strong></span> <span class='ocrx_word' id='word_1_495' title='bbox 2814 3061 2902 3129; x_wconf 93' lang='lat' dir='ltr'><strong>qui</strong></span> <span class='ocrx_word' id='word_1_496' title='bbox 2931 3077 3035 3116; x_wconf 93' lang='lat' dir='ltr'><strong>non</strong></span> <span class='ocrx_word' id='word_1_497' title='bbox 3071 3072 3152 3116; x_wconf 92' lang='lat' dir='ltr'><strong>est</strong></span> <span class='ocrx_word' id='word_1_498' title='bbox 3184 3069 3342 3117; x_wconf 76' lang='lat' dir='ltr'><strong>natus</strong></span> 
     </span>
    </p>
   </div>
   <div class='ocr_carea' id='block_1_61' title="bbox 1777 3145 3336 3221">
    <p class='ocr_par' dir='ltr' id='par_1_61' title="bbox 1777 3145 3336 3221">
     <span class='ocr_line' id='line_1_61' title="bbox 1777 3145 3336 3221; baseline 0.004 -21"><span class='ocrx_word' id='word_1_499' title='bbox 1777 3145 1842 3200; x_wconf 90' lang='lat' dir='ltr'><strong>de</strong></span> <span class='ocrx_word' id='word_1_500' title='bbox 1873 3145 2074 3215; x_wconf 89' lang='lat' dir='ltr'><strong>Spiritu</strong></span> <span class='ocrx_word' id='word_1_501' title='bbox 2113 3147 2307 3203; x_wconf 84' lang='lat' dir='ltr'><strong>sancto</strong></span> <span class='ocrx_word' id='word_1_502' title='bbox 2333 3157 2387 3200; x_wconf 90' lang='lat' dir='ltr'><strong>et</strong></span> <span class='ocrx_word' id='word_1_503' title='bbox 2434 3147 2599 3202; x_wconf 81' lang='lat' dir='ltr'><strong>Maria</strong></span> <span class='ocrx_word' id='word_1_504' title='bbox 2630 3149 2834 3219; x_wconf 83' lang='lat' dir='ltr'><strong>virgine</strong></span> <span class='ocrx_word' id='word_1_505' title='bbox 2856 3192 2869 3214; x_wconf 96' lang='lat'><strong>,</strong></span> <span class='ocrx_word' id='word_1_506' title='bbox 2922 3154 3336 3221; x_wconf 89' lang='lat' dir='ltr'><strong>nuncupativum</strong></span> 
     </span>
    </p>
   </div>
   <div class='ocr_carea' id='block_1_62' title="bbox 114 3235 3338 3311">
    <p class='ocr_par' dir='ltr' id='par_1_62' title="bbox 114 3235 3338 3311">
     <span class='ocr_line' id='line_1_62' title="bbox 114 3235 3338 3311; baseline 0.001 -18"><span class='ocrx_word' id='word_1_507' title='bbox 114 3241 169 3293; x_wconf 92' lang='lat' dir='ltr'><strong>in</strong></span> <span class='ocrx_word' id='word_1_508' title='bbox 195 3254 299 3308; x_wconf 88' lang='lat' dir='ltr'><strong>qua</strong></span> <span class='ocrx_word' id='word_1_509' title='bbox 325 3239 450 3308; x_wconf 86' lang='lat' dir='ltr'><strong>ungi</strong></span> <span class='ocrx_word' id='word_1_510' title='bbox 470 3239 651 3308; x_wconf 80' lang='lat' dir='ltr'><strong>possit</strong></span> <span class='ocrx_word' id='word_1_511' title='bbox 677 3254 706 3291; x_wconf 94' lang='lat' dir='ltr'><strong>a</strong></span> <span class='ocrx_word' id='word_1_512' title='bbox 735 3240 841 3292; x_wconf 90' lang='lat' dir='ltr'><strong>Deo</strong></span> <span class='ocrx_word' id='word_1_513' title='bbox 860 3254 1014 3299; x_wconf 85' lang='lat' dir='ltr'><strong>vero;</strong></span> <span class='ocrx_word' id='word_1_514' title='bbox 1050 3254 1151 3293; x_wconf 91' lang='lat' dir='ltr'><strong>non</strong></span> <span class='ocrx_word' id='word_1_515' title='bbox 1175 3246 1350 3292; x_wconf 89' lang='lat' dir='ltr'><strong>tamen</strong></span> <span class='ocrx_word' id='word_1_516' title='bbox 1385 3239 1567 3292; x_wconf 88' lang='lat' dir='ltr'><strong>habuit</strong></span> <span class='ocrx_word' id='word_1_517' title='bbox 1591 3239 1669 3291; x_wconf 86' lang='lat' dir='ltr'><strong>al-</strong></span> <span class='ocrx_word' id='word_1_518' title='bbox 1698 3241 1742 3302; x_wconf 83' lang='lat' dir='ltr'><strong><em>C</em></strong></span> <span class='ocrx_word' id='word_1_519' title='bbox 1776 3235 1976 3296; x_wconf 88' lang='lat' dir='ltr'><strong>Deum;</strong></span> <span class='ocrx_word' id='word_1_520' title='bbox 1999 3249 2094 3288; x_wconf 83' lang='lat' dir='ltr'><strong>nos</strong></span> <span class='ocrx_word' id='word_1_521' title='bbox 2117 3244 2292 3288; x_wconf 91' lang='lat' dir='ltr'><strong>autem</strong></span> <span class='ocrx_word' id='word_1_522' title='bbox 2315 3252 2496 3291; x_wconf 87' lang='lat' dir='ltr'><strong>verum</strong></span> <span class='ocrx_word' id='word_1_523' title='bbox 2525 3238 2713 3303; x_wconf 92' lang='lat' dir='ltr'><strong>Deum,</strong></span> <span class='ocrx_word' id='word_1_524' title='bbox 2737 3246 2791 3294; x_wconf 91' lang='lat' dir='ltr'><strong>et</strong></span> <span class='ocrx_word' id='word_1_525' title='bbox 2803 3241 3128 3311; x_wconf 84' lang='lat' dir='ltr'><strong>unigenitum</strong></span> <span class='ocrx_word' id='word_1_526' title='bbox 3149 3242 3338 3298; x_wconf 87' lang='lat' dir='ltr'><strong>Filium</strong></span> 
     </span>
    </p>
   </div>
   <div class='ocr_carea' id='block_1_63' title="bbox 116 3327 1668 3398">
    <p class='ocr_par' dir='ltr' id='par_1_63' title="bbox 116 3327 1668 3398">
     <span class='ocr_line' id='line_1_63' title="bbox 116 3327 1668 3398; baseline 0.001 -17"><span class='ocrx_word' id='word_1_527' title='bbox 116 3329 283 3382; x_wconf 89' lang='lat' dir='ltr'><strong>terius</strong></span> <span class='ocrx_word' id='word_1_528' title='bbox 307 3327 426 3381; x_wconf 83' lang='lat' dir='ltr'><strong>Filii</strong></span> <span class='ocrx_word' id='word_1_529' title='bbox 457 3342 758 3396; x_wconf 88' lang='lat' dir='ltr'><strong>personam,</strong></span> <span class='ocrx_word' id='word_1_530' title='bbox 785 3343 882 3397; x_wconf 88' lang='lat' dir='ltr'><strong>per</strong></span> <span class='ocrx_word' id='word_1_531' title='bbox 919 3343 1078 3398; x_wconf 86' lang='lat' dir='ltr'><strong>quam</strong></span> <span class='ocrx_word' id='word_1_532' title='bbox 1105 3343 1161 3384; x_wconf 87' lang='lat' dir='ltr'><strong>se</strong></span> <span class='ocrx_word' id='word_1_533' title='bbox 1207 3329 1462 3398; x_wconf 85' lang='lat' dir='ltr'><strong>duplicari</strong></span> <span class='ocrx_word' id='word_1_534' title='bbox 1501 3330 1668 3398; x_wconf 89' lang='lat' dir='ltr'><strong>possit</strong></span> 
     </span>
    </p>
   </div>
   <div class='ocr_carea' id='block_1_64' title="bbox 112 3415 1660 3491">
    <p class='ocr_par' dir='ltr' id='par_1_64' title="bbox 112 3415 1660 3491">
     <span class='ocr_line' id='line_1_64' title="bbox 112 3415 1660 3491; baseline 0 -17"><span class='ocrx_word' id='word_1_535' title='bbox 112 3419 168 3474; x_wconf 90' lang='lat' dir='ltr'><strong>in</strong></span> <span class='ocrx_word' id='word_1_536' title='bbox 188 3419 434 3471; x_wconf 85' lang='lat' dir='ltr'><strong>alterum.</strong></span> <span class='ocrx_word' id='word_1_537' title='bbox 461 3415 720 3483; x_wconf 86' lang='lat' dir='ltr'><strong>Quoniam</strong></span> <span class='ocrx_word' id='word_1_538' title='bbox 768 3434 872 3472; x_wconf 93' lang='lat' dir='ltr'><strong>non</strong></span> <span class='ocrx_word' id='word_1_539' title='bbox 901 3433 1124 3487; x_wconf 86' lang='lat' dir='ltr'><strong>persona</strong></span> <span class='ocrx_word' id='word_1_540' title='bbox 1154 3420 1428 3491; x_wconf 87' lang='lat' dir='ltr'><strong>unigeniti,</strong></span> <span class='ocrx_word' id='word_1_541' title='bbox 1451 3419 1543 3474; x_wconf 87' lang='lat' dir='ltr'><strong>sed</strong></span> <span class='ocrx_word' id='word_1_542' title='bbox 1573 3435 1660 3474; x_wconf 88' lang='lat' dir='ltr'><strong>na-</strong></span> 
     </span>
    </p>
   </div>
   <div class='ocr_carea' id='block_1_65' title="bbox 114 3508 1672 3567">
    <p class='ocr_par' dir='ltr' id='par_1_65' title="bbox 114 3508 1672 3567">
     <span class='ocr_line' id='line_1_65' title="bbox 114 3508 1672 3567; baseline 0.003 -5"><span class='ocrx_word' id='word_1_543' title='bbox 114 3517 356 3562; x_wconf 87' lang='lat' dir='ltr'><strong>turarum</strong></span> <span class='ocrx_word' id='word_1_544' title='bbox 385 3508 666 3562; x_wconf 84' lang='lat' dir='ltr'><strong>diversitas</strong></span> <span class='ocrx_word' id='word_1_545' title='bbox 693 3510 1054 3566; x_wconf 86' lang='lat' dir='ltr'><strong>tantummodo</strong></span> <span class='ocrx_word' id='word_1_546' title='bbox 1089 3512 1140 3564; x_wconf 92' lang='lat' dir='ltr'><strong>in</strong></span> <span class='ocrx_word' id='word_1_547' title='bbox 1170 3511 1270 3566; x_wconf 89' lang='lat' dir='ltr'><strong>hoc</strong></span> <span class='ocrx_word' id='word_1_548' title='bbox 1295 3512 1672 3567; x_wconf 88' lang='lat' dir='ltr'><strong>incarnationis</strong></span> 
     </span>
    </p>
   </div>
   <div class='ocr_carea' id='block_1_66' title="bbox 113 3602 1670 3671">
    <p class='ocr_par' dir='ltr' id='par_1_66' title="bbox 113 3602 1670 3671">
     <span class='ocr_line' id='line_1_66' title="bbox 113 3602 1670 3671; baseline 0.002 -17"><span class='ocrx_word' id='word_1_549' title='bbox 113 3609 452 3655; x_wconf 82' lang='lat' dir='ltr'><strong>sacramento</strong></span> <span class='ocrx_word' id='word_1_550' title='bbox 478 3602 674 3669; x_wconf 88' lang='lat' dir='ltr'><strong>recepit</strong></span> <span class='ocrx_word' id='word_1_551' title='bbox 701 3602 1092 3656; x_wconf 88' lang='lat' dir='ltr'><strong>discretionem.</strong></span> <span class='ocrx_word' id='word_1_552' title='bbox 1123 3603 1252 3656; x_wconf 83' lang='lat' dir='ltr'><strong>Nam</strong></span> <span class='ocrx_word' id='word_1_553' title='bbox 1275 3618 1485 3671; x_wconf 84' lang='lat' dir='ltr'><strong>semper</strong></span> <span class='ocrx_word' id='word_1_554' title='bbox 1511 3619 1670 3658; x_wconf 89' lang='lat' dir='ltr'><strong>verus</strong></span> 
     </span>
    </p>
   </div>
   <div class='ocr_carea' id='block_1_67' title="bbox 112 3687 1669 3760">
    <p class='ocr_par' dir='ltr' id='par_1_67' title="bbox 112 3687 1669 3760">
     <span class='ocr_line' id='line_1_67' title="bbox 112 3687 1669 3760; baseline 0.003 -20"><span class='ocrx_word' id='word_1_555' title='bbox 112 3697 166 3741; x_wconf 88' lang='lat' dir='ltr'><strong>et</strong></span> <span class='ocrx_word' id='word_1_556' title='bbox 199 3689 506 3759; x_wconf 87' lang='lat' dir='ltr'><strong>unigenitus</strong></span> <span class='ocrx_word' id='word_1_557' title='bbox 539 3687 725 3751; x_wconf 85' lang='lat' dir='ltr'><strong>Filius,</strong></span> <span class='ocrx_word' id='word_1_558' title='bbox 760 3704 1073 3759; x_wconf 90' lang='lat' dir='ltr'><strong>semperque</strong></span> <span class='ocrx_word' id='word_1_559' title='bbox 1105 3707 1261 3746; x_wconf 85' lang='lat' dir='ltr'><strong>verus</strong></span> <span class='ocrx_word' id='word_1_560' title='bbox 1295 3701 1349 3746; x_wconf 91' lang='lat' dir='ltr'><strong>et</strong></span> <span class='ocrx_word' id='word_1_561' title='bbox 1369 3707 1528 3760; x_wconf 91' lang='lat' dir='ltr'><strong>super</strong></span> <span class='ocrx_word' id='word_1_562' title='bbox 1553 3707 1669 3746; x_wconf 93' lang='lat' dir='ltr'><strong>om-</strong></span> 
     </span>
    </p>
   </div>
   <div class='ocr_carea' id='block_1_68' title="bbox 113 3777 1670 3851">
    <p class='ocr_par' dir='ltr' id='par_1_68' title="bbox 113 3777 1670 3851">
     <span class='ocr_line' id='line_1_68' title="bbox 113 3777 1670 3851; baseline 0.003 -20"><span class='ocrx_word' id='word_1_563' title='bbox 113 3779 197 3832; x_wconf 86' lang='lat' dir='ltr'><strong>nia</strong></span> <span class='ocrx_word' id='word_1_564' title='bbox 229 3779 367 3832; x_wconf 89' lang='lat' dir='ltr'><strong>Deus</strong></span> <span class='ocrx_word' id='word_1_565' title='bbox 399 3777 706 3833; x_wconf 89' lang='lat' dir='ltr'><strong>benedictus</strong></span> <span class='ocrx_word' id='word_1_566' title='bbox 728 3781 780 3833; x_wconf 91' lang='lat' dir='ltr'><strong>in</strong></span> <span class='ocrx_word' id='word_1_567' title='bbox 807 3779 1019 3835; x_wconf 59' lang='lat' dir='ltr'><strong>saecula.</strong></span> <span class='ocrx_word' id='word_1_568' title='bbox 1045 3781 1110 3834; x_wconf 86' lang='lat' dir='ltr'><strong>Et</strong></span> <span class='ocrx_word' id='word_1_569' title='bbox 1129 3783 1416 3836; x_wconf 90' lang='lat' dir='ltr'><strong>secundum</strong></span> <span class='ocrx_word' id='word_1_570' title='bbox 1444 3781 1670 3851; x_wconf 91' lang='lat' dir='ltr'><strong>id,quod</strong></span> 
     </span>
    </p>
   </div>
   <div class='ocr_carea' id='block_1_69' title="bbox 125 3865 1669 3940">
    <p class='ocr_par' dir='ltr' id='par_1_69' title="bbox 125 3865 1669 3940">
     <span class='ocr_line' id='line_1_69' title="bbox 125 3865 1669 3940; baseline 0.005 -23"><span class='ocrx_word' id='word_1_571' title='bbox 125 3865 344 3921; x_wconf 80' lang='lat' dir='ltr'><strong>Verbum</strong></span> <span class='ocrx_word' id='word_1_572' title='bbox 372 3868 426 3920; x_wconf 85' lang='lat' dir='ltr'><strong>in</strong></span> <span class='ocrx_word' id='word_1_573' title='bbox 454 3869 705 3938; x_wconf 87' lang='lat' dir='ltr'><strong>principio</strong></span> <span class='ocrx_word' id='word_1_574' title='bbox 731 3870 868 3937; x_wconf 85' lang='lat' dir='ltr'><strong>apud</strong></span> <span class='ocrx_word' id='word_1_575' title='bbox 892 3870 1080 3934; x_wconf 90' lang='lat' dir='ltr'><strong>Deum,</strong></span> <span class='ocrx_word' id='word_1_576' title='bbox 1107 3881 1160 3925; x_wconf 85' lang='lat' dir='ltr'><strong>et</strong></span> <span class='ocrx_word' id='word_1_577' title='bbox 1177 3871 1328 3937; x_wconf 80' lang='lat' dir='ltr'><strong>juxta</strong></span> <span class='ocrx_word' id='word_1_578' title='bbox 1352 3872 1499 3934; x_wconf 91' lang='lat' dir='ltr'><strong>illud,</strong></span> <span class='ocrx_word' id='word_1_579' title='bbox 1527 3871 1669 3940; x_wconf 90' lang='lat' dir='ltr'><strong>quod</strong></span> 
     </span>
    </p>
   </div>
   <div class='ocr_carea' id='block_1_70' title="bbox 121 3956 1666 4029">
    <p class='ocr_par' dir='ltr' id='par_1_70' title="bbox 121 3956 1666 4029">
     <span class='ocr_line' id='line_1_70' title="bbox 121 3956 1666 4029; baseline 0.004 -21"><span class='ocrx_word' id='word_1_580' title='bbox 121 3956 342 4010; x_wconf 88' lang='lat' dir='ltr'><strong>Verbum</strong></span> <span class='ocrx_word' id='word_1_581' title='bbox 367 3973 490 4010; x_wconf 89' lang='lat' dir='ltr'><strong>caro</strong></span> <span class='ocrx_word' id='word_1_582' title='bbox 517 3957 711 4026; x_wconf 78' lang='lat' dir='ltr'><strong>factum</strong></span> <span class='ocrx_word' id='word_1_583' title='bbox 731 3967 804 4011; x_wconf 90' lang='lat' dir='ltr'><strong>est</strong></span> <span class='ocrx_word' id='word_1_584' title='bbox 825 3968 872 4012; x_wconf 88' lang='lat' dir='ltr'><strong>et</strong></span> <span class='ocrx_word' id='word_1_585' title='bbox 901 3960 1144 4013; x_wconf 79' lang='lat' dir='ltr'><strong>habitavit</strong></span> <span class='ocrx_word' id='word_1_586' title='bbox 1166 3961 1218 4013; x_wconf 88' lang='lat' dir='ltr'><strong>in</strong></span> <span class='ocrx_word' id='word_1_587' title='bbox 1245 3961 1387 4014; x_wconf 89' lang='lat' dir='ltr'><strong>nobis</strong></span> <span class='ocrx_word' id='word_1_588' title='bbox 1416 3960 1591 4029; x_wconf 83' lang='lat' dir='ltr'><strong>(Joan.</strong></span> <span class='ocrx_word' id='word_1_589' title='bbox 1629 3977 1666 4027; x_wconf 84' lang='lat' dir='ltr'><strong>t,</strong></span> 
     </span>
    </p>
   </div>
   <div class='ocr_carea' id='block_1_71' title="bbox 112 4045 1669 4117">
    <p class='ocr_par' dir='ltr' id='par_1_71' title="bbox 112 4045 1669 4117">
     <span class='ocr_line' id='line_1_71' title="bbox 112 4045 1669 4117; baseline 0.003 -19"><span class='ocrx_word' id='word_1_590' title='bbox 112 4047 158 4106; x_wconf 80' lang='grc' dir='ltr'><strong><em>Ι,</em></strong></span> <span class='ocrx_word' id='word_1_591' title='bbox 194 4046 304 4117; x_wconf 73' lang='grc' dir='ltr'><strong><em>ιι),</em></strong></span> <span class='ocrx_word' id='word_1_592' title='bbox 327 4045 427 4100; x_wconf 88' lang='lat' dir='ltr'><strong>sub</strong></span> <span class='ocrx_word' id='word_1_593' title='bbox 443 4047 691 4100; x_wconf 89' lang='lat' dir='ltr'><strong>universa</strong></span> <span class='ocrx_word' id='word_1_594' title='bbox 732 4047 853 4101; x_wconf 72' lang='lat' dir='ltr'><strong>cadi</strong></span> <span class='ocrx_word' id='word_1_595' title='bbox 889 4047 1164 4103; x_wconf 87' lang='lat' dir='ltr'><strong>latitudine</strong></span> <span class='ocrx_word' id='word_1_596' title='bbox 1195 4050 1554 4104; x_wconf 90' lang='lat' dir='ltr'><strong>sincerissima</strong></span> <span class='ocrx_word' id='word_1_597' title='bbox 1590 4051 1669 4103; x_wconf 89' lang='lat' dir='ltr'><strong>in-</strong></span> 
     </span>
    </p>
   </div>
   <div class='ocr_carea' id='block_1_72' title="bbox 112 4137 1670 4207">
    <p class='ocr_par' dir='ltr' id='par_1_72' title="bbox 112 4137 1670 4207">
     <span class='ocr_line' id='line_1_72' title="bbox 112 4137 1670 4207; baseline 0.003 -17"><span class='ocrx_word' id='word_1_598' title='bbox 112 4137 374 4193; x_wconf 76' lang='lat' dir='ltr'><strong>violabilis</strong></span> <span class='ocrx_word' id='word_1_599' title='bbox 400 4137 522 4190; x_wconf 87' lang='lat' dir='ltr'><strong>ﬁdei</strong></span> <span class='ocrx_word' id='word_1_600' title='bbox 547 4137 726 4206; x_wconf 86' lang='lat' dir='ltr'><strong>regula</strong></span> <span class='ocrx_word' id='word_1_601' title='bbox 753 4146 807 4191; x_wconf 90' lang='lat' dir='ltr'><strong>et</strong></span> <span class='ocrx_word' id='word_1_602' title='bbox 831 4138 1106 4192; x_wconf 89' lang='lat' dir='ltr'><strong>verissimo</strong></span> <span class='ocrx_word' id='word_1_603' title='bbox 1147 4141 1419 4207; x_wconf 69' lang='lat' dir='ltr'><strong>praedicat,</strong></span> <span class='ocrx_word' id='word_1_604' title='bbox 1465 4148 1519 4193; x_wconf 91' lang='lat' dir='ltr'><strong>et</strong></span> <span class='ocrx_word' id='word_1_605' title='bbox 1545 4140 1670 4194; x_wconf 88' lang='lat' dir='ltr'><strong>reli-</strong></span> 
     </span>
    </p>
   </div>
   <div class='ocr_carea' id='block_1_73' title="bbox 109 4224 1669 4297">
    <p class='ocr_par' dir='ltr' id='par_1_73' title="bbox 109 4224 1669 4297">
     <span class='ocr_line' id='line_1_73' title="bbox 109 4224 1669 4297; baseline 0.003 -17"><span class='ocrx_word' id='word_1_606' title='bbox 109 4228 257 4297; x_wconf 83' lang='lat' dir='ltr'><strong>gioso</strong></span> <span class='ocrx_word' id='word_1_607' title='bbox 283 4225 474 4280; x_wconf 88' lang='lat' dir='ltr'><strong>adorat</strong></span> <span class='ocrx_word' id='word_1_608' title='bbox 503 4224 712 4279; x_wconf 73' lang='lat' dir='ltr'><strong>alfectu.</strong></span> <span class='ocrx_word' id='word_1_609' title='bbox 757 4226 891 4281; x_wconf 87' lang='lat' dir='ltr'><strong>Hinc</strong></span> <span class='ocrx_word' id='word_1_610' title='bbox 914 4227 1040 4281; x_wconf 89' lang='lat' dir='ltr'><strong>illud</strong></span> <span class='ocrx_word' id='word_1_611' title='bbox 1064 4235 1167 4291; x_wconf 81' lang='lat' dir='ltr'><strong>est,</strong></span> <span class='ocrx_word' id='word_1_612' title='bbox 1196 4229 1337 4297; x_wconf 91' lang='lat' dir='ltr'><strong>quod</strong></span> <span class='ocrx_word' id='word_1_613' title='bbox 1369 4229 1420 4282; x_wconf 93' lang='lat' dir='ltr'><strong>in</strong></span> <span class='ocrx_word' id='word_1_614' title='bbox 1471 4231 1669 4289; x_wconf 88' lang='lat' dir='ltr'><strong>amoris</strong></span> 
     </span>
    </p>
   </div>
   <div class='ocr_carea' id='block_1_74' title="bbox 107 4316 1662 4386">
    <p class='ocr_par' dir='ltr' id='par_1_74' title="bbox 107 4316 1662 4386">
     <span class='ocr_line' id='line_1_74' title="bbox 107 4316 1662 4386; baseline 0.001 -15"><span class='ocrx_word' id='word_1_615' title='bbox 107 4317 367 4382; x_wconf 85' lang='lat' dir='ltr'><strong>carmine,</strong></span> <span class='ocrx_word' id='word_1_616' title='bbox 410 4316 751 4384; x_wconf 85' lang='lat' dir='ltr'><strong>epithalamio</strong></span> <span class='ocrx_word' id='word_1_617' title='bbox 797 4332 990 4386; x_wconf 84' lang='lat' dir='ltr'><strong>sponsa</strong></span> <span class='ocrx_word' id='word_1_618' title='bbox 1043 4319 1398 4374; x_wconf 89' lang='lat' dir='ltr'><strong>modulamine</strong></span> <span class='ocrx_word' id='word_1_619' title='bbox 1446 4329 1662 4374; x_wconf 89' lang='lat' dir='ltr'><strong>cantat:</strong></span> 
     </span>
    </p>
   </div>
   <div class='ocr_carea' id='block_1_75' title="bbox 106 4396 1666 4475">
    <p class='ocr_par' dir='ltr' id='par_1_75' title="bbox 106 4396 1666 4475">
     <span class='ocr_line' id='line_1_75' title="bbox 106 4396 1666 4475; baseline 0.002 -16"><span class='ocrx_word' id='word_1_620' title='bbox 106 4406 342 4460; x_wconf 83' lang='lat' dir='ltr'><strong>Dilectus</strong></span> <span class='ocrx_word' id='word_1_621' title='bbox 363 4422 505 4460; x_wconf 86' lang='lat' dir='ltr'><strong>meus</strong></span> <span class='ocrx_word' id='word_1_622' title='bbox 527 4396 776 4460; x_wconf 83' lang='lat' dir='ltr'><strong>candidus</strong></span> <span class='ocrx_word' id='word_1_623' title='bbox 798 4417 844 4461; x_wconf 90' lang='lat' dir='ltr'><strong>et</strong></span> <span class='ocrx_word' id='word_1_624' title='bbox 877 4408 1214 4475; x_wconf 83' lang='lat' dir='ltr'><strong>rubicundus,</strong></span> <span class='ocrx_word' id='word_1_625' title='bbox 1241 4408 1430 4463; x_wconf 86' lang='lat' dir='ltr'><strong>electus</strong></span> <span class='ocrx_word' id='word_1_626' title='bbox 1458 4426 1521 4463; x_wconf 73' lang='lat' dir='ltr'><strong>ea:</strong></span> <span class='ocrx_word' id='word_1_627' title='bbox 1549 4409 1666 4463; x_wconf 87' lang='lat' dir='ltr'><strong>mil-</strong></span> 
     </span>
    </p>
   </div>
   <div class='ocr_carea' id='block_1_76' title="bbox 105 4493 1659 4566">
    <p class='ocr_par' dir='ltr' id='par_1_76' title="bbox 105 4493 1659 4566">
     <span class='ocr_line' id='line_1_76' title="bbox 105 4493 1659 4566; baseline 0.003 -19"><span class='ocrx_word' id='word_1_628' title='bbox 105 4496 240 4549; x_wconf 83' lang='lat' dir='ltr'><strong>libus</strong></span> <span class='ocrx_word' id='word_1_629' title='bbox 264 4493 442 4563; x_wconf 81' lang='lat' dir='ltr'><strong>(Cant.</strong></span> <span class='ocrx_word' id='word_1_630' title='bbox 465 4510 512 4556; x_wconf 91' lang='lat' dir='ltr'><strong>v,</strong></span> <span class='ocrx_word' id='word_1_631' title='bbox 543 4495 650 4564; x_wconf 66' lang='lat'><strong>{0).</strong></span> <span class='ocrx_word' id='word_1_632' title='bbox 672 4495 938 4551; x_wconf 88' lang='lat' dir='ltr'><strong>Candidus</strong></span> <span class='ocrx_word' id='word_1_633' title='bbox 967 4498 1217 4550; x_wconf 85' lang='lat' dir='ltr'><strong>nimirum</strong></span> <span class='ocrx_word' id='word_1_634' title='bbox 1243 4511 1338 4566; x_wconf 90' lang='lat' dir='ltr'><strong>per</strong></span> <span class='ocrx_word' id='word_1_635' title='bbox 1365 4497 1417 4551; x_wconf 91' lang='lat' dir='ltr'><strong>id</strong></span> <span class='ocrx_word' id='word_1_636' title='bbox 1436 4499 1577 4566; x_wconf 90' lang='lat' dir='ltr'><strong>quod</strong></span> <span class='ocrx_word' id='word_1_637' title='bbox 1607 4500 1659 4552; x_wconf 90' lang='lat' dir='ltr'><strong>in</strong></span> 
     </span>
    </p>
   </div>
   <div class='ocr_carea' id='block_1_77' title="bbox 1774 3325 3341 3403">
    <p class='ocr_par' dir='ltr' id='par_1_77' title="bbox 1774 3325 3341 3403">
     <span class='ocr_line' id='line_1_77' title="bbox 1774 3325 3341 3403; baseline 0.005 -24"><span class='ocrx_word' id='word_1_638' title='bbox 1774 3325 1867 3379; x_wconf 88' lang='lat' dir='ltr'><strong>Dei</strong></span> <span class='ocrx_word' id='word_1_639' title='bbox 1912 3325 2182 3380; x_wconf 91' lang='lat' dir='ltr'><strong>Christum</strong></span> <span class='ocrx_word' id='word_1_640' title='bbox 2209 3327 2389 3382; x_wconf 84' lang='lat' dir='ltr'><strong>Jesum</strong></span> <span class='ocrx_word' id='word_1_641' title='bbox 2420 3329 2700 3388; x_wconf 82' lang='lat' dir='ltr'><strong>Dominum</strong></span> <span class='ocrx_word' id='word_1_642' title='bbox 2742 3338 3003 3394; x_wconf 89' lang='lat' dir='ltr'><strong>nostrum,</strong></span> <span class='ocrx_word' id='word_1_643' title='bbox 3050 3334 3138 3403; x_wconf 90' lang='lat' dir='ltr'><strong>qui</strong></span> <span class='ocrx_word' id='word_1_644' title='bbox 3185 3343 3341 3387; x_wconf 86' lang='lat' dir='ltr'><strong>natus</strong></span> 
     </span>
    </p>
   </div>
   <div class='ocr_carea' id='block_1_78' title="bbox 1773 3415 3342 3490">
    <p class='ocr_par' dir='ltr' id='par_1_78' title="bbox 1773 3415 3342 3490">
     <span class='ocr_line' id='line_1_78' title="bbox 1773 3415 3342 3490; baseline 0.004 -20"><span class='ocrx_word' id='word_1_645' title='bbox 1773 3426 1856 3470; x_wconf 88' lang='lat' dir='ltr'><strong>est</strong></span> <span class='ocrx_word' id='word_1_646' title='bbox 1909 3416 1975 3469; x_wconf 90' lang='lat' dir='ltr'><strong>de</strong></span> <span class='ocrx_word' id='word_1_647' title='bbox 2025 3415 2226 3484; x_wconf 91' lang='lat' dir='ltr'><strong>Spiritu</strong></span> <span class='ocrx_word' id='word_1_648' title='bbox 2272 3425 2458 3471; x_wconf 89' lang='lat' dir='ltr'><strong>sancto</strong></span> <span class='ocrx_word' id='word_1_649' title='bbox 2499 3426 2554 3471; x_wconf 91' lang='lat' dir='ltr'><strong>et</strong></span> <span class='ocrx_word' id='word_1_650' title='bbox 2583 3417 2745 3471; x_wconf 78' lang='lat' dir='ltr'><strong>Maria</strong></span> <span class='ocrx_word' id='word_1_651' title='bbox 2783 3420 3021 3490; x_wconf 76' lang='lat' dir='ltr'><strong>virgine,</strong></span> <span class='ocrx_word' id='word_1_652' title='bbox 3070 3431 3125 3476; x_wconf 91' lang='lat' dir='ltr'><strong>et</strong></span> <span class='ocrx_word' id='word_1_653' title='bbox 3181 3425 3342 3477; x_wconf 86' lang='lat' dir='ltr'><strong>habe-</strong></span> 
     </span>
    </p>
   </div>
   <div class='ocr_carea' id='block_1_79' title="bbox 1772 3506 3337 3568">
    <p class='ocr_par' dir='ltr' id='par_1_79' title="bbox 1772 3506 3337 3568">
     <span class='ocr_line' id='line_1_79' title="bbox 1772 3506 3337 3568; baseline 0.004 -7"><span class='ocrx_word' id='word_1_654' title='bbox 1772 3522 1892 3562; x_wconf 88' lang='lat' dir='ltr'><strong>mus</strong></span> <span class='ocrx_word' id='word_1_655' title='bbox 1938 3515 1993 3560; x_wconf 93' lang='lat' dir='ltr'><strong>et</strong></span> <span class='ocrx_word' id='word_1_656' title='bbox 2055 3507 2368 3561; x_wconf 82' lang='lat' dir='ltr'><strong>habebimus</strong></span> <span class='ocrx_word' id='word_1_657' title='bbox 2416 3517 2470 3561; x_wconf 91' lang='lat' dir='ltr'><strong>et</strong></span> <span class='ocrx_word' id='word_1_658' title='bbox 2519 3508 2570 3561; x_wconf 92' lang='lat' dir='ltr'><strong>in</strong></span> <span class='ocrx_word' id='word_1_659' title='bbox 2622 3506 2801 3563; x_wconf 79' lang='lat' dir='ltr'><strong>futuro</strong></span> <span class='ocrx_word' id='word_1_660' title='bbox 2851 3510 3045 3565; x_wconf 67' lang='lat' dir='ltr'><strong>saeculo</strong></span> <span class='ocrx_word' id='word_1_661' title='bbox 3106 3513 3337 3568; x_wconf 75' lang='lat' dir='ltr'><strong>halzituri</strong></span> 
     </span>
    </p>
   </div>
   <div class='ocr_carea' id='block_1_80' title="bbox 1773 3596 3340 3668">
    <p class='ocr_par' dir='ltr' id='par_1_80' title="bbox 1773 3596 3340 3668">
     <span class='ocr_line' id='line_1_80' title="bbox 1773 3596 3340 3668; baseline 0.002 -16"><span class='ocrx_word' id='word_1_662' title='bbox 1773 3613 1987 3661; x_wconf 89' lang='lat' dir='ltr'><strong>sumus;</strong></span> <span class='ocrx_word' id='word_1_663' title='bbox 2043 3597 2280 3665; x_wconf 88' lang='lat' dir='ltr'><strong>quicum</strong></span> <span class='ocrx_word' id='word_1_664' title='bbox 2328 3596 2485 3650; x_wconf 82' lang='lat' dir='ltr'><strong>Patre</strong></span> <span class='ocrx_word' id='word_1_665' title='bbox 2518 3606 2572 3652; x_wconf 93' lang='lat' dir='ltr'><strong>et</strong></span> <span class='ocrx_word' id='word_1_666' title='bbox 2612 3596 2813 3668; x_wconf 87' lang='lat' dir='ltr'><strong>Spiritu</strong></span> <span class='ocrx_word' id='word_1_667' title='bbox 2868 3601 3230 3653; x_wconf 87' lang='lat' dir='ltr'><strong>sanctovivit</strong></span> <span class='ocrx_word' id='word_1_668' title='bbox 3285 3611 3340 3655; x_wconf 88' lang='lat' dir='ltr'><strong>et</strong></span> 
     </span>
    </p>
   </div>
   <div class='ocr_carea' id='block_1_81' title="bbox 1772 3687 3340 3760">
    <p class='ocr_par' dir='ltr' id='par_1_81' title="bbox 1772 3687 3340 3760">
     <span class='ocr_line' id='line_1_81' title="bbox 1772 3687 3340 3760; baseline 0.002 -19"><span class='ocrx_word' id='word_1_669' title='bbox 1772 3697 1959 3758; x_wconf 86' lang='lat' dir='ltr'><strong>regnat</strong></span> <span class='ocrx_word' id='word_1_670' title='bbox 1988 3688 2126 3741; x_wconf 89' lang='lat' dir='ltr'><strong>Deus</strong></span> <span class='ocrx_word' id='word_1_671' title='bbox 2172 3688 2224 3740; x_wconf 94' lang='lat' dir='ltr'><strong>in</strong></span> <span class='ocrx_word' id='word_1_672' title='bbox 2255 3687 2514 3741; x_wconf 86' lang='lat' dir='ltr'><strong>Trinitate</strong></span> <span class='ocrx_word' id='word_1_673' title='bbox 2552 3687 2786 3756; x_wconf 80' lang='lat' dir='ltr'><strong>perfecta</strong></span> <span class='ocrx_word' id='word_1_674' title='bbox 2809 3690 2862 3742; x_wconf 86' lang='lat' dir='ltr'><strong>et</strong></span> <span class='ocrx_word' id='word_1_675' title='bbox 2881 3705 3023 3744; x_wconf 90' lang='lat' dir='ltr'><strong>nunc</strong></span> <span class='ocrx_word' id='word_1_676' title='bbox 3046 3699 3100 3744; x_wconf 91' lang='lat' dir='ltr'><strong>et</strong></span> <span class='ocrx_word' id='word_1_677' title='bbox 3127 3705 3340 3760; x_wconf 90' lang='lat' dir='ltr'><strong>semper</strong></span> 
     </span>
    </p>
   </div>
   <div class='ocr_carea' id='block_1_82' title="bbox 1769 3779 3332 3853">
    <p class='ocr_par' dir='ltr' id='par_1_82' title="bbox 1769 3779 3332 3853">
     <span class='ocr_line' id='line_1_82' title="bbox 1769 3779 3332 3853; baseline 0.004 -23"><span class='ocrx_word' id='word_1_678' title='bbox 1769 3793 1866 3846; x_wconf 87' lang='lat' dir='ltr'><strong>per</strong></span> <span class='ocrx_word' id='word_1_679' title='bbox 1887 3785 2075 3832; x_wconf 86' lang='lat' dir='ltr'><strong>cuncta</strong></span> <span class='ocrx_word' id='word_1_680' title='bbox 2102 3787 2154 3832; x_wconf 91' lang='lat' dir='ltr'><strong>et</strong></span> <span class='ocrx_word' id='word_1_681' title='bbox 2183 3779 2387 3832; x_wconf 88' lang='lat' dir='ltr'><strong>inliuita</strong></span> <span class='ocrx_word' id='word_1_682' title='bbox 2417 3779 2608 3833; x_wconf 66' lang='lat' dir='ltr'><strong>sarcula</strong></span> <span class='ocrx_word' id='word_1_683' title='bbox 2657 3781 2989 3843; x_wconf 74' lang='lat' dir='ltr'><strong>szeculorum,</strong></span> <span class='ocrx_word' id='word_1_684' title='bbox 3016 3798 3202 3846; x_wconf 90' lang='lat' dir='ltr'><strong>amen;</strong></span> <span class='ocrx_word' id='word_1_685' title='bbox 3242 3787 3332 3853; x_wconf 86' lang='lat' dir='ltr'><strong>qui</strong></span> 
     </span>
    </p>
   </div>
   <div class='ocr_carea' id='block_1_83' title="bbox 1770 3867 3335 3935">
    <p class='ocr_par' dir='ltr' id='par_1_83' title="bbox 1770 3867 3335 3935">
     <span class='ocr_line' id='line_1_83' title="bbox 1770 3867 3335 3935; baseline 0.004 -16"><span class='ocrx_word' id='word_1_686' title='bbox 1770 3867 1910 3920; x_wconf 84' lang='lat' dir='ltr'><strong>dedit</strong></span> <span class='ocrx_word' id='word_1_687' title='bbox 1932 3867 2256 3934; x_wconf 76' lang='lat' dir='ltr'><strong>semetipsum</strong></span> <span class='ocrx_word' id='word_1_688' title='bbox 2277 3883 2370 3935; x_wconf 86' lang='lat' dir='ltr'><strong>pro</strong></span> <span class='ocrx_word' id='word_1_689' title='bbox 2394 3867 2560 3929; x_wconf 90' lang='lat' dir='ltr'><strong>nobis,</strong></span> <span class='ocrx_word' id='word_1_690' title='bbox 2587 3877 2642 3920; x_wconf 88' lang='lat' dir='ltr'><strong>ut</strong></span> <span class='ocrx_word' id='word_1_691' title='bbox 2680 3885 2772 3921; x_wconf 86' lang='lat' dir='ltr'><strong>nos</strong></span> <span class='ocrx_word' id='word_1_692' title='bbox 2811 3869 3077 3922; x_wconf 82' lang='lat' dir='ltr'><strong>redimeret</strong></span> <span class='ocrx_word' id='word_1_693' title='bbox 3106 3869 3168 3920; x_wconf 88' lang='lat' dir='ltr'><strong>ab</strong></span> <span class='ocrx_word' id='word_1_694' title='bbox 3193 3875 3335 3926; x_wconf 88' lang='lat' dir='ltr'><strong>omni</strong></span> 
     </span>
    </p>
   </div>
   <div class='ocr_carea' id='block_1_84' title="bbox 1769 3954 3332 4026">
    <p class='ocr_par' dir='ltr' id='par_1_84' title="bbox 1769 3954 3332 4026">
     <span class='ocr_line' id='line_1_84' title="bbox 1769 3954 3332 4026; baseline 0.003 -16"><span class='ocrx_word' id='word_1_695' title='bbox 1769 3957 2036 4026; x_wconf 85' lang='lat' dir='ltr'><strong>iniquitate</strong></span> <span class='ocrx_word' id='word_1_696' title='bbox 2064 3954 2186 4025; x_wconf 85' lang='lat' dir='ltr'><strong>(Tit.</strong></span> <span class='ocrx_word' id='word_1_697' title='bbox 2215 3971 2277 4019; x_wconf 89' lang='grc' dir='ltr'><strong><em>ιι,</em></strong></span> <span class='ocrx_word' id='word_1_698' title='bbox 2306 3954 2423 4025; x_wconf 63' lang='lat' dir='ltr'><strong>li);</strong></span> <span class='ocrx_word' id='word_1_699' title='bbox 2461 3956 2652 4024; x_wconf 90' lang='lat' dir='ltr'><strong>cuique</strong></span> <span class='ocrx_word' id='word_1_700' title='bbox 2679 3957 2853 4021; x_wconf 88' lang='lat' dir='ltr'><strong>Pater,</strong></span> <span class='ocrx_word' id='word_1_701' title='bbox 2887 3967 2942 4012; x_wconf 92' lang='lat' dir='ltr'><strong>ut</strong></span> <span class='ocrx_word' id='word_1_702' title='bbox 2971 3959 3332 4015; x_wconf 87' lang='lat' dir='ltr'><strong>abundantius</strong></span> 
     </span>
    </p>
   </div>
   <div class='ocr_carea' id='block_1_85' title="bbox 1769 4046 3331 4120">
    <p class='ocr_par' dir='ltr' id='par_1_85' title="bbox 1769 4046 3331 4120">
     <span class='ocr_line' id='line_1_85' title="bbox 1769 4046 3331 4120; baseline 0.004 -21"><span class='ocrx_word' id='word_1_703' title='bbox 1769 4046 2164 4101; x_wconf 87' lang='lat' dir='ltr'><strong>commendaret</strong></span> <span class='ocrx_word' id='word_1_704' title='bbox 2197 4047 2248 4099; x_wconf 91' lang='lat' dir='ltr'><strong>in</strong></span> <span class='ocrx_word' id='word_1_705' title='bbox 2280 4047 2434 4102; x_wconf 88' lang='lat' dir='ltr'><strong>nobis</strong></span> <span class='ocrx_word' id='word_1_706' title='bbox 2455 4061 2604 4101; x_wconf 89' lang='lat' dir='ltr'><strong>suam</strong></span> <span class='ocrx_word' id='word_1_707' title='bbox 2641 4049 2978 4115; x_wconf 87' lang='lat' dir='ltr'><strong>charitatem,</strong></span> <span class='ocrx_word' id='word_1_708' title='bbox 3008 4066 3111 4105; x_wconf 85' lang='lat' dir='ltr'><strong>non</strong></span> <span class='ocrx_word' id='word_1_709' title='bbox 3140 4065 3331 4120; x_wconf 82' lang='lat' dir='ltr'><strong>peper-</strong></span> 
     </span>
    </p>
   </div>
   <div class='ocr_carea' id='block_1_86' title="bbox 1769 4135 3363 4210">
    <p class='ocr_par' dir='ltr' id='par_1_86' title="bbox 1769 4135 3363 4210">
     <span class='ocr_line' id='line_1_86' title="bbox 1769 4135 3363 4210; baseline 0.003 -20"><span class='ocrx_word' id='word_1_710' title='bbox 1769 4135 1861 4198; x_wconf 92' lang='lat' dir='ltr'><strong>cit,</strong></span> <span class='ocrx_word' id='word_1_711' title='bbox 1887 4135 1978 4189; x_wconf 89' lang='lat' dir='ltr'><strong>sed</strong></span> <span class='ocrx_word' id='word_1_712' title='bbox 2003 4150 2100 4203; x_wconf 91' lang='lat' dir='ltr'><strong>pro</strong></span> <span class='ocrx_word' id='word_1_713' title='bbox 2123 4135 2276 4189; x_wconf 90' lang='lat' dir='ltr'><strong>nobis</strong></span> <span class='ocrx_word' id='word_1_714' title='bbox 2299 4137 2545 4190; x_wconf 90' lang='lat' dir='ltr'><strong>omnibus</strong></span> <span class='ocrx_word' id='word_1_715' title='bbox 2570 4137 2787 4191; x_wconf 90' lang='lat' dir='ltr'><strong>tradidit</strong></span> <span class='ocrx_word' id='word_1_716' title='bbox 2818 4138 2995 4205; x_wconf 90' lang='lat' dir='ltr'><strong>illum;</strong></span> <span class='ocrx_word' id='word_1_717' title='bbox 3023 4154 3180 4208; x_wconf 86' lang='lat' dir='ltr'><strong>quem</strong></span> <span class='ocrx_word' id='word_1_718' title='bbox 3193 4141 3333 4210; x_wconf 85' lang='lat' dir='ltr'><strong>Apo-</strong></span> <span class='ocrx_word' id='word_1_719' title='bbox 3357 4193 3363 4201; x_wconf 85' lang='grc'><strong>,</strong></span> 
     </span>
    </p>
   </div>
   <div class='ocr_carea' id='block_1_87' title="bbox 1769 4224 3330 4295">
    <p class='ocr_par' dir='ltr' id='par_1_87' title="bbox 1769 4224 3330 4295">
     <span class='ocr_line' id='line_1_87' title="bbox 1769 4224 3330 4295; baseline 0.003 -16"><span class='ocrx_word' id='word_1_720' title='bbox 1769 4225 1934 4279; x_wconf 88' lang='lat' dir='ltr'><strong>stolus</strong></span> <span class='ocrx_word' id='word_1_721' title='bbox 1977 4224 2267 4293; x_wconf 91' lang='lat' dir='ltr'><strong>proprium,</strong></span> <span class='ocrx_word' id='word_1_722' title='bbox 2321 4239 2424 4278; x_wconf 91' lang='lat' dir='ltr'><strong>non</strong></span> <span class='ocrx_word' id='word_1_723' title='bbox 2465 4226 2770 4295; x_wconf 89' lang='lat' dir='ltr'><strong>adoptivum</strong></span> <span class='ocrx_word' id='word_1_724' title='bbox 2817 4228 2981 4282; x_wconf 91' lang='lat' dir='ltr'><strong>ﬁlium</strong></span> <span class='ocrx_word' id='word_1_725' title='bbox 3026 4232 3330 4285; x_wconf 88' lang='lat' dir='ltr'><strong>conﬁtetur.</strong></span> 
     </span>
    </p>
   </div>
   <div class='ocr_carea' id='block_1_88' title="bbox 1771 4315 3330 4391">
    <p class='ocr_par' dir='ltr' id='par_1_88' title="bbox 1771 4315 3330 4391">
     <span class='ocr_line' id='line_1_88' title="bbox 1771 4315 3330 4391; baseline 0.004 -23"><span class='ocrx_word' id='word_1_726' title='bbox 1771 4316 2013 4386; x_wconf 86' lang='lat' dir='ltr'><strong>Propria,</strong></span> <span class='ocrx_word' id='word_1_727' title='bbox 2048 4316 2236 4385; x_wconf 90' lang='lat' dir='ltr'><strong>inquit,</strong></span> <span class='ocrx_word' id='word_1_728' title='bbox 2262 4333 2356 4370; x_wconf 89' lang='lat' dir='ltr'><strong>suo</strong></span> <span class='ocrx_word' id='word_1_729' title='bbox 2389 4315 2525 4370; x_wconf 81' lang='lat' dir='ltr'><strong>Filio</strong></span> <span class='ocrx_word' id='word_1_730' title='bbox 2553 4334 2655 4370; x_wconf 91' lang='lat' dir='ltr'><strong>non</strong></span> <span class='ocrx_word' id='word_1_731' title='bbox 2677 4321 2900 4389; x_wconf 82' lang='lat' dir='ltr'><strong>pepercit</strong></span> <span class='ocrx_word' id='word_1_732' title='bbox 2931 4320 3091 4384; x_wconf 84' lang='lat' dir='ltr'><strong>Deus,</strong></span> <span class='ocrx_word' id='word_1_733' title='bbox 3120 4322 3209 4375; x_wconf 88' lang='lat' dir='ltr'><strong>sed</strong></span> <span class='ocrx_word' id='word_1_734' title='bbox 3237 4339 3330 4391; x_wconf 85' lang='lat' dir='ltr'><strong>pro</strong></span> 
     </span>
    </p>
   </div>
   <div class='ocr_carea' id='block_1_89' title="bbox 1769 4405 3333 4481">
    <p class='ocr_par' dir='ltr' id='par_1_89' title="bbox 1769 4405 3333 4481">
     <span class='ocr_line' id='line_1_89' title="bbox 1769 4405 3333 4481; baseline 0.003 -21"><span class='ocrx_word' id='word_1_735' title='bbox 1769 4406 1913 4460; x_wconf 86' lang='lat' dir='ltr'><strong>nobis</strong></span> <span class='ocrx_word' id='word_1_736' title='bbox 1959 4407 2191 4459; x_wconf 88' lang='lat' dir='ltr'><strong>omnibus</strong></span> <span class='ocrx_word' id='word_1_737' title='bbox 2223 4405 2439 4458; x_wconf 82' lang='lat' dir='ltr'><strong>tradidit</strong></span> <span class='ocrx_word' id='word_1_738' title='bbox 2481 4405 2628 4460; x_wconf 85' lang='lat' dir='ltr'><strong>illum</strong></span> <span class='ocrx_word' id='word_1_739' title='bbox 2659 4408 2832 4476; x_wconf 86' lang='lat' dir='ltr'><strong>(llam.</strong></span> <span class='ocrx_word' id='word_1_740' title='bbox 2874 4425 2966 4462; x_wconf 88' lang='lat' dir='ltr'><strong>vm</strong></span> <span class='ocrx_word' id='word_1_741' title='bbox 2998 4449 3011 4473; x_wconf 99' lang='lat'><strong>,</strong></span> <span class='ocrx_word' id='word_1_742' title='bbox 3055 4410 3162 4481; x_wconf 66' lang='lat'><strong>32).</strong></span> <span class='ocrx_word' id='word_1_743' title='bbox 3199 4410 3333 4464; x_wconf 78' lang='lat' dir='ltr'><strong>Hinc</strong></span> 
     </span>
    </p>
   </div>
   <div class='ocr_carea' id='block_1_90' title="bbox 1770 4492 3328 4564">
    <p class='ocr_par' dir='ltr' id='par_1_90' title="bbox 1770 4492 3328 4564">
     <span class='ocr_line' id='line_1_90' title="bbox 1770 4492 3328 4564; baseline 0.005 -18"><span class='ocrx_word' id='word_1_744' title='bbox 1770 4494 1902 4547; x_wconf 89' lang='lat' dir='ltr'><strong>alias</strong></span> <span class='ocrx_word' id='word_1_745' title='bbox 1927 4492 2157 4548; x_wconf 81' lang='lat' dir='ltr'><strong>Joannes</strong></span> <span class='ocrx_word' id='word_1_746' title='bbox 2182 4493 2506 4564; x_wconf 86' lang='lat' dir='ltr'><strong>evangelista</strong></span> <span class='ocrx_word' id='word_1_747' title='bbox 2554 4502 2784 4549; x_wconf 89' lang='lat' dir='ltr'><strong>testatur</strong></span> <span class='ocrx_word' id='word_1_748' title='bbox 2811 4498 3028 4552; x_wconf 86' lang='lat' dir='ltr'><strong>dicens:</strong></span> <span class='ocrx_word' id='word_1_749' title='bbox 3061 4500 3150 4554; x_wconf 88' lang='lat' dir='ltr'><strong>Sic</strong></span> <span class='ocrx_word' id='word_1_750' title='bbox 3188 4501 3328 4554; x_wconf 89' lang='lat' dir='ltr'><strong>Deus</strong></span> 
     </span>
    </p>
   </div>
   <div class='ocr_carea' id='block_1_91' title="bbox 103 4573 3330 4662">
    <p class='ocr_par' dir='ltr' id='par_1_91' title="bbox 103 4573 3330 4662">
     <span class='ocr_line' id='line_1_91' title="bbox 103 4573 3330 4662; baseline 0.002 -25"><span class='ocrx_word' id='word_1_751' title='bbox 103 4584 359 4653; x_wconf 82' lang='lat' dir='ltr'><strong>principio</strong></span> <span class='ocrx_word' id='word_1_752' title='bbox 384 4593 495 4636; x_wconf 88' lang='lat' dir='ltr'><strong>erat</strong></span> <span class='ocrx_word' id='word_1_753' title='bbox 543 4581 761 4638; x_wconf 85' lang='lat' dir='ltr'><strong>Verbum</strong></span> <span class='ocrx_word' id='word_1_754' title='bbox 783 4601 801 4638; x_wconf 90' lang='lat'><strong><em>:</em></strong></span> <span class='ocrx_word' id='word_1_755' title='bbox 833 4586 1156 4662; x_wconf 83' lang='lat' dir='ltr'><strong>rubicundus</strong></span> <span class='ocrx_word' id='word_1_756' title='bbox 1179 4602 1306 4640; x_wconf 86' lang='lat' dir='ltr'><strong>vero</strong></span> <span class='ocrx_word' id='word_1_757' title='bbox 1328 4601 1424 4656; x_wconf 89' lang='lat' dir='ltr'><strong>per</strong></span> <span class='ocrx_word' id='word_1_758' title='bbox 1451 4588 1502 4642; x_wconf 92' lang='lat' dir='ltr'><strong>id</strong></span> <span class='ocrx_word' id='word_1_759' title='bbox 1522 4590 1662 4656; x_wconf 83' lang='lat' dir='ltr'><strong>quod</strong></span> <span class='ocrx_word' id='word_1_760' title='bbox 1694 4573 1741 4631; x_wconf 78' lang='grc' dir='ltr'><strong>Ῐ)</strong></span> <span class='ocrx_word' id='word_1_761' title='bbox 1767 4584 1946 4638; x_wconf 75' lang='lat' dir='ltr'><strong>dilexit</strong></span> <span class='ocrx_word' id='word_1_762' title='bbox 1983 4583 2232 4641; x_wconf 83' lang='lat' dir='ltr'><strong>mundum</strong></span> <span class='ocrx_word' id='word_1_763' title='bbox 2259 4624 2273 4649; x_wconf 95' lang='lat'><strong>,</strong></span> <span class='ocrx_word' id='word_1_764' title='bbox 2324 4594 2377 4637; x_wconf 86' lang='lat' dir='ltr'><strong>ut</strong></span> <span class='ocrx_word' id='word_1_765' title='bbox 2413 4582 2610 4638; x_wconf 85' lang='lat' dir='ltr'><strong>Filium</strong></span> <span class='ocrx_word' id='word_1_766' title='bbox 2640 4602 2790 4638; x_wconf 85' lang='lat' dir='ltr'><strong>suum</strong></span> <span class='ocrx_word' id='word_1_767' title='bbox 2819 4590 3134 4658; x_wconf 83' lang='lat' dir='ltr'><strong>unigenitum</strong></span> <span class='ocrx_word' id='word_1_768' title='bbox 3183 4591 3330 4645; x_wconf 88' lang='lat' dir='ltr'><strong>daret</strong></span> 
     </span>
    </p>
   </div>
   <div class='ocr_carea' id='block_1_92' title="bbox 119 4670 1659 4745">
    <p class='ocr_par' dir='ltr' id='par_1_92' title="bbox 119 4670 1659 4745">
     <span class='ocr_line' id='line_1_92' title="bbox 119 4670 1659 4745; baseline 0.005 -21"><span class='ocrx_word' id='word_1_769' title='bbox 119 4670 338 4728; x_wconf 72' lang='lat' dir='ltr'><strong>Verbum</strong></span> <span class='ocrx_word' id='word_1_770' title='bbox 360 4689 482 4727; x_wconf 90' lang='lat' dir='ltr'><strong>caro</strong></span> <span class='ocrx_word' id='word_1_771' title='bbox 505 4673 700 4743; x_wconf 76' lang='lat' dir='ltr'><strong>factum</strong></span> <span class='ocrx_word' id='word_1_772' title='bbox 727 4683 798 4727; x_wconf 84' lang='lat' dir='ltr'><strong>est</strong></span> <span class='ocrx_word' id='word_1_773' title='bbox 815 4684 860 4728; x_wconf 89' lang='lat' dir='ltr'><strong>et</strong></span> <span class='ocrx_word' id='word_1_774' title='bbox 876 4676 1118 4729; x_wconf 80' lang='lat' dir='ltr'><strong>habitavit</strong></span> <span class='ocrx_word' id='word_1_775' title='bbox 1143 4677 1196 4730; x_wconf 89' lang='lat' dir='ltr'><strong>in</strong></span> <span class='ocrx_word' id='word_1_776' title='bbox 1209 4677 1372 4730; x_wconf 84' lang='lat' dir='ltr'><strong>nobis.</strong></span> <span class='ocrx_word' id='word_1_777' title='bbox 1398 4677 1659 4745; x_wconf 61' lang='lat' dir='ltr'><strong>Proptera</strong></span> 
     </span>
    </p>
   </div>
   <div class='ocr_carea' id='block_1_93' title="bbox 105 4761 1662 4836">
    <p class='ocr_par' dir='ltr' id='par_1_93' title="bbox 105 4761 1662 4836">
     <span class='ocr_line' id='line_1_93' title="bbox 105 4761 1662 4836; baseline 0.004 -21"><span class='ocrx_word' id='word_1_778' title='bbox 105 4761 508 4832; x_wconf 69' lang='lat' dir='ltr'><strong>quadripertitaa</strong></span> <span class='ocrx_word' id='word_1_779' title='bbox 555 4763 728 4817; x_wconf 91' lang='lat' dir='ltr'><strong>crucis</strong></span> <span class='ocrx_word' id='word_1_780' title='bbox 780 4779 1045 4834; x_wconf 87' lang='lat' dir='ltr'><strong>purpureo</strong></span> <span class='ocrx_word' id='word_1_781' title='bbox 1077 4765 1128 4818; x_wconf 91' lang='lat' dir='ltr'><strong>in</strong></span> <span class='ocrx_word' id='word_1_782' title='bbox 1159 4775 1334 4822; x_wconf 88' lang='lat' dir='ltr'><strong>roseto</strong></span> <span class='ocrx_word' id='word_1_783' title='bbox 1361 4807 1375 4831; x_wconf 96' lang='lat'><strong>,</strong></span> <span class='ocrx_word' id='word_1_784' title='bbox 1416 4783 1662 4836; x_wconf 90' lang='lat' dir='ltr'><strong>aspersus</strong></span> 
     </span>
    </p>
   </div>
   <div class='ocr_carea' id='block_1_94' title="bbox 105 4842 1662 4923">
    <p class='ocr_par' dir='ltr' id='par_1_94' title="bbox 105 4842 1662 4923">
     <span class='ocr_line' id='line_1_94' title="bbox 105 4842 1662 4923; baseline 0.004 -16"><span class='ocrx_word' id='word_1_785' title='bbox 105 4855 342 4923; x_wconf 84' lang='lat' dir='ltr'><strong>pretioso</strong></span> <span class='ocrx_word' id='word_1_786' title='bbox 390 4854 660 4921; x_wconf 87' lang='lat' dir='ltr'><strong>sanguinis</strong></span> <span class='ocrx_word' id='word_1_787' title='bbox 708 4865 886 4919; x_wconf 90' lang='lat' dir='ltr'><strong>ostro,</strong></span> <span class='ocrx_word' id='word_1_788' title='bbox 945 4842 1270 4912; x_wconf 79' lang='lat' dir='ltr'><strong>rubicundus</strong></span> <span class='ocrx_word' id='word_1_789' title='bbox 1321 4859 1662 4913; x_wconf 85' lang='lat' dir='ltr'><strong>nihilominus</strong></span> 
     </span>
    </p>
   </div>
   <div class='ocr_carea' id='block_1_95' title="bbox 106 4941 1657 5015">
    <p class='ocr_par' dir='ltr' id='par_1_95' title="bbox 106 4941 1657 5015">
     <span class='ocr_line' id='line_1_95' title="bbox 106 4941 1657 5015; baseline 0.003 -19"><span class='ocrx_word' id='word_1_790' title='bbox 106 4944 260 5014; x_wconf 87' lang='lat' dir='ltr'><strong>[Pro,</strong></span> <span class='ocrx_word' id='word_1_791' title='bbox 289 4941 477 5014; x_wconf 88' lang='lat' dir='ltr'><strong>etiam]</strong></span> <span class='ocrx_word' id='word_1_792' title='bbox 499 4957 705 5011; x_wconf 71' lang='lat' dir='ltr'><strong>sponsa:</strong></span> <span class='ocrx_word' id='word_1_793' title='bbox 731 4945 951 5000; x_wconf 89' lang='lat' dir='ltr'><strong>dilectus</strong></span> <span class='ocrx_word' id='word_1_794' title='bbox 971 4946 1209 5000; x_wconf 85' lang='lat' dir='ltr'><strong>refulsit:</strong></span> <span class='ocrx_word' id='word_1_795' title='bbox 1239 4947 1322 4999; x_wconf 91' lang='lat' dir='ltr'><strong>cui</strong></span> <span class='ocrx_word' id='word_1_796' title='bbox 1351 4962 1446 5015; x_wconf 87' lang='lat' dir='ltr'><strong>per</strong></span> <span class='ocrx_word' id='word_1_797' title='bbox 1467 4947 1657 5001; x_wconf 84' lang='lat' dir='ltr'><strong>Isaiam</strong></span> 
     </span>
    </p>
   </div>
   <div class='ocr_carea' id='block_1_96' title="bbox 104 5031 1659 5098">
    <p class='ocr_par' dir='ltr' id='par_1_96' title="bbox 104 5031 1659 5098">
     <span class='ocr_line' id='line_1_96' title="bbox 104 5031 1659 5098; baseline 0.003 -13"><span class='ocrx_word' id='word_1_798' title='bbox 104 5032 303 5086; x_wconf 82' lang='lat' dir='ltr'><strong>dicitur</strong></span> <span class='ocrx_word' id='word_1_799' title='bbox 326 5051 340 5079; x_wconf 71' lang='grc' dir='ltr'>ε</span> <span class='ocrx_word' id='word_1_800' title='bbox 372 5031 546 5096; x_wconf 82' lang='lat' dir='ltr'><strong>Quare</strong></span> <span class='ocrx_word' id='word_1_801' title='bbox 569 5031 777 5084; x_wconf 87' lang='lat' dir='ltr'><strong>rubrum</strong></span> <span class='ocrx_word' id='word_1_802' title='bbox 801 5041 872 5086; x_wconf 87' lang='lat' dir='ltr'><strong>est</strong></span> <span class='ocrx_word' id='word_1_803' title='bbox 896 5033 1248 5087; x_wconf 84' lang='lat' dir='ltr'><strong>indumentum</strong></span> <span class='ocrx_word' id='word_1_804' title='bbox 1261 5044 1489 5098; x_wconf 85' lang='lat' dir='ltr'><strong>tuum,et</strong></span> <span class='ocrx_word' id='word_1_805' title='bbox 1513 5038 1659 5089; x_wconf 83' lang='lat' dir='ltr'><strong>vesti-</strong></span> 
     </span>
    </p>
   </div>
   <div class='ocr_carea' id='block_1_97' title="bbox 105 5097 1653 5195">
    <p class='ocr_par' dir='ltr' id='par_1_97' title="bbox 105 5097 1653 5195">
     <span class='ocr_line' id='line_1_97' title="bbox 105 5097 1653 5195; baseline 0.003 -22"><span class='ocrx_word' id='word_1_806' title='bbox 105 5097 276 5176; x_wconf 61' lang='lat' dir='ltr'><strong>use&#39;lta</strong></span> <span class='ocrx_word' id='word_1_807' title='bbox 295 5131 387 5174; x_wconf 83' lang='lat' dir='ltr'><strong>tua</strong></span> <span class='ocrx_word' id='word_1_808' title='bbox 404 5121 535 5174; x_wconf 87' lang='lat' dir='ltr'><strong>sicut</strong></span> <span class='ocrx_word' id='word_1_809' title='bbox 561 5120 871 5175; x_wconf 85' lang='lat' dir='ltr'><strong>calcantium</strong></span> <span class='ocrx_word' id='word_1_810' title='bbox 901 5122 952 5174; x_wconf 92' lang='lat' dir='ltr'><strong>in</strong></span> <span class='ocrx_word' id='word_1_811' title='bbox 967 5123 1215 5177; x_wconf 83' lang='lat' dir='ltr'><strong>torculari</strong></span> <span class='ocrx_word' id='word_1_812' title='bbox 1239 5124 1369 5194; x_wconf 88' lang='lat' dir='ltr'><strong>(Isa.</strong></span> <span class='ocrx_word' id='word_1_813' title='bbox 1405 5097 1556 5190; x_wconf 71' lang='lat' dir='ltr'><strong>txltt,</strong></span> <span class='ocrx_word' id='word_1_814' title='bbox 1579 5125 1653 5195; x_wconf 75' lang='lat'><strong>2).</strong></span> 
     </span>
    </p>
   </div>
   <div class='ocr_carea' id='block_1_98' title="bbox 106 5277 1656 5346">
    <p class='ocr_par' dir='ltr' id='par_1_98' title="bbox 106 5277 1656 5346">
     <span class='ocr_line' id='line_1_98' title="bbox 106 5277 1656 5346; baseline 0.003 -13"><span class='ocrx_word' id='word_1_815' title='bbox 106 5279 338 5334; x_wconf 71' lang='lat' dir='ltr'><strong>Christus</strong></span> <span class='ocrx_word' id='word_1_816' title='bbox 382 5294 446 5332; x_wconf 68' lang='lat' dir='ltr'><strong>ex</strong></span> <span class='ocrx_word' id='word_1_817' title='bbox 492 5277 724 5346; x_wconf 85' lang='lat' dir='ltr'><strong>patribus</strong></span> <span class='ocrx_word' id='word_1_818' title='bbox 773 5281 1051 5332; x_wconf 82' lang='lat' dir='ltr'><strong>secundant</strong></span> <span class='ocrx_word' id='word_1_819' title='bbox 1090 5298 1331 5336; x_wconf 84' lang='lat' dir='ltr'><strong>carnem:</strong></span> <span class='ocrx_word' id='word_1_820' title='bbox 1377 5284 1656 5336; x_wconf 81' lang='lat' dir='ltr'><strong>secundum</strong></span> 
     </span>
    </p>
   </div>
   <div class='ocr_carea' id='block_1_99' title="bbox 171 5345 1658 5413">
    <p class='ocr_par' dir='ltr' id='par_1_99' title="bbox 171 5345 1658 5413">
     <span class='ocr_line' id='line_1_99' title="bbox 171 5345 1658 5413; baseline 0.003 -13"><span class='ocrx_word' id='word_1_821' title='bbox 171 5349 490 5402; x_wconf 67' lang='lat' dir='ltr'><strong>divinitatem</strong></span> <span class='ocrx_word' id='word_1_822' title='bbox 517 5363 586 5399; x_wconf 74' lang='lat' dir='ltr'><strong>ca:-</strong></span> <span class='ocrx_word' id='word_1_823' title='bbox 606 5345 713 5400; x_wconf 86' lang='lat' dir='ltr'><strong>Deo</strong></span> <span class='ocrx_word' id='word_1_824' title='bbox 744 5346 923 5412; x_wconf 86' lang='lat' dir='ltr'><strong>Patre,</strong></span> <span class='ocrx_word' id='word_1_825' title='bbox 950 5365 1095 5404; x_wconf 83' lang='lat' dir='ltr'><strong>verus</strong></span> <span class='ocrx_word' id='word_1_826' title='bbox 1137 5349 1306 5413; x_wconf 85' lang='lat' dir='ltr'><strong>Deus,</strong></span> <span class='ocrx_word' id='word_1_827' title='bbox 1340 5371 1440 5407; x_wconf 87' lang='lat' dir='ltr'><strong>non</strong></span> <span class='ocrx_word' id='word_1_828' title='bbox 1464 5371 1658 5406; x_wconf 78' lang='lat' dir='ltr'><strong>nuncn-</strong></span> 
     </span>
    </p>
   </div>
   <div class='ocr_carea' id='block_1_100' title="bbox 169 5415 1658 5488">
    <p class='ocr_par' dir='ltr' id='par_1_100' title="bbox 169 5415 1658 5488">
     <span class='ocr_line' id='line_1_100' title="bbox 169 5415 1658 5488; baseline 0.005 -20"><span class='ocrx_word' id='word_1_829' title='bbox 169 5419 394 5488; x_wconf 82' lang='lat' dir='ltr'><strong>patirus,</strong></span> <span class='ocrx_word' id='word_1_830' title='bbox 419 5417 793 5488; x_wconf 81' lang='lat' dir='ltr'><strong>quemignorat</strong></span> <span class='ocrx_word' id='word_1_831' title='bbox 816 5415 946 5483; x_wconf 72' lang='lat' dir='ltr'><strong>ﬁdes</strong></span> <span class='ocrx_word' id='word_1_832' title='bbox 973 5419 1246 5473; x_wconf 83' lang='lat' dir='ltr'><strong>catholica.</strong></span> <span class='ocrx_word' id='word_1_833' title='bbox 1278 5421 1444 5477; x_wconf 86' lang='lat' dir='ltr'><strong>Unius</strong></span> <span class='ocrx_word' id='word_1_834' title='bbox 1482 5422 1658 5476; x_wconf 85' lang='lat' dir='ltr'><strong>Patris</strong></span> 
     </span>
    </p>
   </div>
   <div class='ocr_carea' id='block_1_101' title="bbox 169 5486 809 5554">
    <p class='ocr_par' dir='ltr' id='par_1_101' title="bbox 169 5486 809 5554">
     <span class='ocr_line' id='line_1_101' title="bbox 169 5486 809 5554; baseline 0.002 -17"><span class='ocrx_word' id='word_1_835' title='bbox 169 5487 405 5554; x_wconf 81' lang='lat' dir='ltr'><strong>proprius</strong></span> <span class='ocrx_word' id='word_1_836' title='bbox 430 5486 478 5539; x_wconf 90' lang='lat' dir='ltr'><strong>et</strong></span> <span class='ocrx_word' id='word_1_837' title='bbox 500 5486 809 5554; x_wconf 87' lang='lat' dir='ltr'><strong>unigenitus.</strong></span> 
     </span>
    </p>
   </div>
   <div class='ocr_carea' id='block_1_102' title="bbox 173 5574 1666 5647">
    <p class='ocr_par' dir='ltr' id='par_1_102' title="bbox 173 5574 1666 5647">
     <span class='ocr_line' id='line_1_102' title="bbox 173 5574 1666 5647; baseline 0.007 -20"><span class='ocrx_word' id='word_1_838' title='bbox 173 5574 316 5630; x_wconf 83' lang='lat' dir='ltr'><strong>Pauli</strong></span> <span class='ocrx_word' id='word_1_839' title='bbox 349 5576 516 5647; x_wconf 89' lang='lat' dir='ltr'><strong>igitur</strong></span> <span class='ocrx_word' id='word_1_840' title='bbox 541 5575 607 5628; x_wconf 89' lang='lat' dir='ltr'><strong>ad</strong></span> <span class='ocrx_word' id='word_1_841' title='bbox 638 5575 904 5631; x_wconf 74' lang='lat' dir='ltr'><strong>Romanos</strong></span> <span class='ocrx_word' id='word_1_842' title='bbox 938 5575 1231 5636; x_wconf 83' lang='lat' dir='ltr'><strong>istiusmodi</strong></span> <span class='ocrx_word' id='word_1_843' title='bbox 1263 5583 1542 5638; x_wconf 88' lang='lat' dir='ltr'><strong>scribentis</strong></span> <span class='ocrx_word' id='word_1_844' title='bbox 1581 5598 1666 5637; x_wconf 88' lang='lat' dir='ltr'><strong>ca-</strong></span> 
     </span>
    </p>
   </div>
   <div class='ocr_carea' id='block_1_103' title="bbox 171 5709 1659 5777">
    <p class='ocr_par' dir='ltr' id='par_1_103' title="bbox 171 5709 1659 5777">
     <span class='ocr_line' id='line_1_103' title="bbox 171 5709 1659 5777; baseline 0.002 -15"><span class='ocrx_word' id='word_1_845' title='bbox 171 5721 194 5750; x_wconf 80' lang='grc'><strong>·</strong></span> <span class='ocrx_word' id='word_1_846' title='bbox 228 5709 448 5763; x_wconf 75' lang='lat' dir='ltr'><strong>Videtur</strong></span> <span class='ocrx_word' id='word_1_847' title='bbox 464 5709 670 5768; x_wconf 85' lang='lat' dir='ltr'><strong>deesse,</strong></span> <span class='ocrx_word' id='word_1_848' title='bbox 691 5709 827 5777; x_wconf 79' lang='lat' dir='ltr'><strong>quod</strong></span> <span class='ocrx_word' id='word_1_849' title='bbox 853 5709 970 5777; x_wconf 76' lang='lat' dir='ltr'><strong>fuit,</strong></span> <span class='ocrx_word' id='word_1_850' title='bbox 989 5719 1045 5763; x_wconf 89' lang='lat' dir='ltr'><strong>ut</strong></span> <span class='ocrx_word' id='word_1_851' title='bbox 1061 5727 1248 5766; x_wconf 88' lang='lat' dir='ltr'><strong>sensus</strong></span> <span class='ocrx_word' id='word_1_852' title='bbox 1259 5727 1362 5767; x_wconf 90' lang='lat' dir='ltr'><strong>non</strong></span> <span class='ocrx_word' id='word_1_853' title='bbox 1384 5713 1659 5768; x_wconf 79' lang='lat' dir='ltr'><strong>claudicet.</strong></span> 
     </span>
    </p>
   </div>
   <div class='ocr_carea' id='block_1_104' title="bbox 169 5778 1662 5851">
    <p class='ocr_par' dir='ltr' id='par_1_104' title="bbox 169 5778 1662 5851">
     <span class='ocr_line' id='line_1_104' title="bbox 169 5778 1662 5851; baseline 0.001 -16"><span class='ocrx_word' id='word_1_854' title='bbox 169 5780 197 5822; x_wconf 70' lang='grc' dir='ltr'>δ</span> <span class='ocrx_word' id='word_1_855' title='bbox 230 5778 506 5843; x_wconf 78' lang='lat' dir='ltr'><strong>Judiearc,</strong></span> <span class='ocrx_word' id='word_1_856' title='bbox 539 5779 615 5832; x_wconf 89' lang='lat' dir='ltr'><strong>sic</strong></span> <span class='ocrx_word' id='word_1_857' title='bbox 642 5779 692 5832; x_wconf 89' lang='lat' dir='ltr'><strong>in</strong></span> <span class='ocrx_word' id='word_1_858' title='bbox 719 5778 845 5834; x_wconf 88' lang='lat' dir='ltr'><strong>edit.</strong></span> <span class='ocrx_word' id='word_1_859' title='bbox 876 5779 952 5833; x_wconf 89' lang='lat' dir='ltr'><strong>Du</strong></span> <span class='ocrx_word' id='word_1_860' title='bbox 979 5779 1172 5835; x_wconf 87' lang='lat' dir='ltr'><strong>Chcsn.</strong></span> <span class='ocrx_word' id='word_1_861' title='bbox 1204 5792 1414 5851; x_wconf 83' lang='lat' dir='ltr'><strong>notatur</strong></span> <span class='ocrx_word' id='word_1_862' title='bbox 1441 5785 1492 5836; x_wconf 93' lang='lat' dir='ltr'><strong>in</strong></span> <span class='ocrx_word' id='word_1_863' title='bbox 1523 5798 1662 5836; x_wconf 85' lang='lat' dir='ltr'><strong>mar-</strong></span> 
     </span>
    </p>
   </div>
   <div class='ocr_carea' id='block_1_105' title="bbox 1767 4668 3330 4748">
    <p class='ocr_par' dir='ltr' id='par_1_105' title="bbox 1767 4668 3330 4748">
     <span class='ocr_line' id='line_1_105' title="bbox 1767 4668 3330 4748; baseline 0.003 -18"><span class='ocrx_word' id='word_1_864' title='bbox 1767 4692 1863 4746; x_wconf 91' lang='lat' dir='ltr'><strong>pro</strong></span> <span class='ocrx_word' id='word_1_865' title='bbox 1886 4677 2068 4731; x_wconf 86' lang='lat' dir='ltr'><strong>mundi</strong></span> <span class='ocrx_word' id='word_1_866' title='bbox 2095 4675 2264 4732; x_wconf 89' lang='lat' dir='ltr'><strong>salute</strong></span> <span class='ocrx_word' id='word_1_867' title='bbox 2293 4675 2470 4744; x_wconf 79' lang='lat' dir='ltr'><strong>(Joan.</strong></span> <span class='ocrx_word' id='word_1_868' title='bbox 2519 4693 2602 4741; x_wconf 86' lang='grc' dir='ltr'><strong><em>ιιι,</em></strong></span> <span class='ocrx_word' id='word_1_869' title='bbox 2634 4677 2740 4747; x_wconf 77' lang='grc'><strong>16).</strong></span> <span class='ocrx_word' id='word_1_870' title='bbox 2779 4668 3114 4748; x_wconf 87' lang='lat' dir='ltr'><strong>Uuigenitum</strong></span> <span class='ocrx_word' id='word_1_871' title='bbox 3141 4682 3286 4736; x_wconf 84' lang='lat' dir='ltr'><strong>dedit</strong></span> <span class='ocrx_word' id='word_1_872' title='bbox 3313 4722 3330 4745; x_wconf 86' lang='lat'><strong>.</strong></span> 
     </span>
    </p>
   </div>
   <div class='ocr_carea' id='block_1_106' title="bbox 1769 4767 3331 4840">
    <p class='ocr_par' dir='ltr' id='par_1_106' title="bbox 1769 4767 3331 4840">
     <span class='ocr_line' id='line_1_106' title="bbox 1769 4767 3331 4840; baseline 0.003 -21"><span class='ocrx_word' id='word_1_873' title='bbox 1769 4782 1872 4820; x_wconf 87' lang='lat' dir='ltr'><strong>non</strong></span> <span class='ocrx_word' id='word_1_874' title='bbox 1910 4767 2237 4835; x_wconf 90' lang='lat' dir='ltr'><strong>adoptivum.</strong></span> <span class='ocrx_word' id='word_1_875' title='bbox 2285 4767 2457 4831; x_wconf 86' lang='lat' dir='ltr'><strong>Nulla,</strong></span> <span class='ocrx_word' id='word_1_876' title='bbox 2507 4767 2746 4836; x_wconf 90' lang='lat' dir='ltr'><strong>inquam,</strong></span> <span class='ocrx_word' id='word_1_877' title='bbox 2780 4769 2874 4824; x_wconf 91' lang='lat' dir='ltr'><strong>tibi</strong></span> <span class='ocrx_word' id='word_1_878' title='bbox 2905 4771 3195 4840; x_wconf 87' lang='lat' dir='ltr'><strong>sophistica</strong></span> <span class='ocrx_word' id='word_1_879' title='bbox 3246 4789 3331 4826; x_wconf 88' lang='lat' dir='ltr'><strong>ra-</strong></span> 
     </span>
    </p>
   </div>
   <div class='ocr_carea' id='block_1_107' title="bbox 1769 4856 3327 4924">
    <p class='ocr_par' dir='ltr' id='par_1_107' title="bbox 1769 4856 3327 4924">
     <span class='ocr_line' id='line_1_107' title="bbox 1769 4856 3327 4924; baseline 0.003 -16"><span class='ocrx_word' id='word_1_880' title='bbox 1769 4857 1929 4919; x_wconf 89' lang='lat' dir='ltr'><strong>tione,</strong></span> <span class='ocrx_word' id='word_1_881' title='bbox 1951 4857 2170 4924; x_wconf 88' lang='lat' dir='ltr'><strong>remigio</strong></span> <span class='ocrx_word' id='word_1_882' title='bbox 2186 4856 2229 4908; x_wconf 93' lang='lat' dir='ltr'><strong>si</strong></span> <span class='ocrx_word' id='word_1_883' title='bbox 2259 4857 2450 4924; x_wconf 88' lang='lat' dir='ltr'><strong>pennis</strong></span> <span class='ocrx_word' id='word_1_884' title='bbox 2466 4857 2628 4912; x_wconf 86' lang='lat' dir='ltr'><strong>etiam</strong></span> <span class='ocrx_word' id='word_1_885' title='bbox 2644 4872 2748 4912; x_wconf 91' lang='lat' dir='ltr'><strong>non</strong></span> <span class='ocrx_word' id='word_1_886' title='bbox 2776 4857 3051 4922; x_wconf 63' lang='lat' dir='ltr'><strong>columbae,</strong></span> <span class='ocrx_word' id='word_1_887' title='bbox 3076 4861 3166 4913; x_wconf 85' lang='lat' dir='ltr'><strong>sed</strong></span> <span class='ocrx_word' id='word_1_888' title='bbox 3186 4867 3327 4913; x_wconf 78' lang='lat' dir='ltr'><strong>stru-</strong></span> 
     </span>
    </p>
   </div>
   <div class='ocr_carea' id='block_1_108' title="bbox 1769 4946 3331 5008">
    <p class='ocr_par' dir='ltr' id='par_1_108' title="bbox 1769 4946 3331 5008">
     <span class='ocr_line' id='line_1_108' title="bbox 1769 4946 3331 5008; baseline 0.003 -9"><span class='ocrx_word' id='word_1_889' title='bbox 1769 4947 2008 4999; x_wconf 91' lang='lat' dir='ltr'><strong>thionum</strong></span> <span class='ocrx_word' id='word_1_890' title='bbox 2035 4946 2215 4998; x_wconf 84' lang='lat' dir='ltr'><strong>volare</strong></span> <span class='ocrx_word' id='word_1_891' title='bbox 2260 4946 2494 5008; x_wconf 88' lang='lat' dir='ltr'><strong>coneris,</strong></span> <span class='ocrx_word' id='word_1_892' title='bbox 2526 4946 2630 5000; x_wconf 90' lang='lat' dir='ltr'><strong>duo</strong></span> <span class='ocrx_word' id='word_1_893' title='bbox 2671 4947 2888 5000; x_wconf 89' lang='lat' dir='ltr'><strong>relativa</strong></span> <span class='ocrx_word' id='word_1_894' title='bbox 2935 4949 3146 5002; x_wconf 85' lang='lat' dir='ltr'><strong>nomina</strong></span> <span class='ocrx_word' id='word_1_895' title='bbox 3174 4949 3331 5004; x_wconf 77' lang='lat' dir='ltr'><strong>unius</strong></span> 
     </span>
    </p>
   </div>
   <div class='ocr_carea' id='block_1_109' title="bbox 1764 5035 3321 5104">
    <p class='ocr_par' dir='ltr' id='par_1_109' title="bbox 1764 5035 3321 5104">
     <span class='ocr_line' id='line_1_109' title="bbox 1764 5035 3321 5104; baseline 0.003 -15"><span class='ocrx_word' id='word_1_896' title='bbox 1764 5036 1882 5091; x_wconf 84' lang='lat' dir='ltr'><strong>Filii</strong></span> <span class='ocrx_word' id='word_1_897' title='bbox 1915 5035 1979 5088; x_wconf 87' lang='lat' dir='ltr'><strong>ad</strong></span> <span class='ocrx_word' id='word_1_898' title='bbox 2006 5051 2284 5104; x_wconf 70' lang='lat' dir='ltr'><strong>personam</strong></span> <span class='ocrx_word' id='word_1_899' title='bbox 2325 5036 2480 5094; x_wconf 88' lang='lat' dir='ltr'><strong>unius</strong></span> <span class='ocrx_word' id='word_1_900' title='bbox 2507 5035 2683 5089; x_wconf 86' lang='lat' dir='ltr'><strong>Patris</strong></span> <span class='ocrx_word' id='word_1_901' title='bbox 2735 5035 2934 5090; x_wconf 87' lang='lat' dir='ltr'><strong>referre</strong></span> <span class='ocrx_word' id='word_1_902' title='bbox 2990 5038 3321 5093; x_wconf 87' lang='lat' dir='ltr'><strong>conceditur.</strong></span> 
     </span>
    </p>
   </div>
   <div class='ocr_carea' id='block_1_110' title="bbox 1767 5117 3330 5193">
    <p class='ocr_par' dir='ltr' id='par_1_110' title="bbox 1767 5117 3330 5193">
     <span class='ocr_line' id='line_1_110' title="bbox 1767 5117 3330 5193; baseline 0.002 -15"><span class='ocrx_word' id='word_1_903' title='bbox 1767 5126 2143 5180; x_wconf 78' lang='lat' dir='ltr'><strong>Animadverte</strong></span> <span class='ocrx_word' id='word_1_904' title='bbox 2187 5125 2312 5193; x_wconf 91' lang='lat' dir='ltr'><strong>quid</strong></span> <span class='ocrx_word' id='word_1_905' title='bbox 2343 5117 2600 5177; x_wconf 80' lang='lat' dir='ltr'><strong>dixerim:</strong></span> <span class='ocrx_word' id='word_1_906' title='bbox 2627 5141 2729 5177; x_wconf 90' lang='lat' dir='ltr'><strong>non</strong></span> <span class='ocrx_word' id='word_1_907' title='bbox 2757 5125 2957 5192; x_wconf 89' lang='lat' dir='ltr'><strong>poteris</strong></span> <span class='ocrx_word' id='word_1_908' title='bbox 2982 5125 3147 5180; x_wconf 87' lang='lat' dir='ltr'><strong>ﬁlium</strong></span> <span class='ocrx_word' id='word_1_909' title='bbox 3185 5135 3236 5180; x_wconf 91' lang='lat' dir='ltr'><strong>et</strong></span> <span class='ocrx_word' id='word_1_910' title='bbox 3269 5127 3330 5180; x_wconf 91' lang='lat' dir='ltr'><strong>ﬁ-</strong></span> 
     </span>
    </p>
   </div>
   <div class='ocr_carea' id='block_1_111' title="bbox 1766 5211 3325 5285">
    <p class='ocr_par' dir='ltr' id='par_1_111' title="bbox 1766 5211 3325 5285">
     <span class='ocr_line' id='line_1_111' title="bbox 1766 5211 3325 5285; baseline 0.002 -18"><span class='ocrx_word' id='word_1_911' title='bbox 1766 5214 1912 5280; x_wconf 86' lang='lat' dir='ltr'><strong>lium,</strong></span> <span class='ocrx_word' id='word_1_912' title='bbox 1931 5214 2068 5284; x_wconf 89' lang='lat' dir='ltr'><strong>quod</strong></span> <span class='ocrx_word' id='word_1_913' title='bbox 2091 5223 2172 5267; x_wconf 90' lang='lat' dir='ltr'><strong>est</strong></span> <span class='ocrx_word' id='word_1_914' title='bbox 2197 5213 2473 5267; x_wconf 79' lang='lat' dir='ltr'><strong>relativum</strong></span> <span class='ocrx_word' id='word_1_915' title='bbox 2501 5214 2564 5266; x_wconf 77' lang='lat' dir='ltr'><strong>ad</strong></span> <span class='ocrx_word' id='word_1_916' title='bbox 2585 5213 2804 5281; x_wconf 88' lang='lat' dir='ltr'><strong>aliquid,</strong></span> <span class='ocrx_word' id='word_1_917' title='bbox 2819 5211 2919 5270; x_wconf 86' lang='lat' dir='ltr'><strong>hoc</strong></span> <span class='ocrx_word' id='word_1_918' title='bbox 2932 5223 3032 5279; x_wconf 88' lang='lat' dir='ltr'><strong>est,</strong></span> <span class='ocrx_word' id='word_1_919' title='bbox 3054 5217 3325 5285; x_wconf 90' lang='lat' dir='ltr'><strong>proprium</strong></span> 
     </span>
    </p>
   </div>
   <div class='ocr_carea' id='block_1_112' title="bbox 1764 5303 3328 5372">
    <p class='ocr_par' dir='ltr' id='par_1_112' title="bbox 1764 5303 3328 5372">
     <span class='ocr_line' id='line_1_112' title="bbox 1764 5303 3328 5372; baseline 0.001 -14"><span class='ocrx_word' id='word_1_920' title='bbox 1764 5312 1818 5358; x_wconf 90' lang='lat' dir='ltr'><strong>et</strong></span> <span class='ocrx_word' id='word_1_921' title='bbox 1863 5304 2187 5372; x_wconf 84' lang='lat' dir='ltr'><strong>adoptivum,</strong></span> <span class='ocrx_word' id='word_1_922' title='bbox 2237 5303 2324 5356; x_wconf 92' lang='lat' dir='ltr'><strong>uni</strong></span> <span class='ocrx_word' id='word_1_923' title='bbox 2361 5303 2626 5356; x_wconf 87' lang='lat' dir='ltr'><strong>ascribere</strong></span> <span class='ocrx_word' id='word_1_924' title='bbox 2651 5303 2898 5372; x_wconf 88' lang='lat' dir='ltr'><strong>genitori.</strong></span> <span class='ocrx_word' id='word_1_925' title='bbox 2942 5303 3071 5356; x_wconf 73' lang='lat' dir='ltr'><strong>Nam</strong></span> <span class='ocrx_word' id='word_1_926' title='bbox 3108 5319 3228 5358; x_wconf 91' lang='lat' dir='ltr'><strong>cum</strong></span> <span class='ocrx_word' id='word_1_927' title='bbox 3257 5307 3328 5359; x_wconf 90' lang='lat' dir='ltr'><strong>sit</strong></span> 
     </span>
    </p>
   </div>
   <div class='ocr_carea' id='block_1_113' title="bbox 1765 5394 3323 5464">
    <p class='ocr_par' dir='ltr' id='par_1_113' title="bbox 1765 5394 3323 5464">
     <span class='ocr_line' id='line_1_113' title="bbox 1765 5394 3323 5464; baseline 0 -14"><span class='ocrx_word' id='word_1_928' title='bbox 1765 5397 1902 5450; x_wconf 88' lang='lat' dir='ltr'><strong>Deus</strong></span> <span class='ocrx_word' id='word_1_929' title='bbox 1929 5395 2265 5464; x_wconf 84' lang='lat' dir='ltr'><strong>omnipotens</strong></span> <span class='ocrx_word' id='word_1_930' title='bbox 2301 5394 2456 5446; x_wconf 86' lang='lat' dir='ltr'><strong>Pater</strong></span> <span class='ocrx_word' id='word_1_931' title='bbox 2513 5410 2664 5456; x_wconf 91' lang='lat' dir='ltr'><strong>unus,</strong></span> <span class='ocrx_word' id='word_1_932' title='bbox 2697 5409 2965 5462; x_wconf 88' lang='lat' dir='ltr'><strong>unumque</strong></span> <span class='ocrx_word' id='word_1_933' title='bbox 3003 5404 3323 5450; x_wconf 64' lang='lat' dir='ltr'><strong>coaeternum</strong></span> 
     </span>
    </p>
   </div>
   <div class='ocr_carea' id='block_1_114' title="bbox 1767 5483 3323 5556">
    <p class='ocr_par' dir='ltr' id='par_1_114' title="bbox 1767 5483 3323 5556">
     <span class='ocr_line' id='line_1_114' title="bbox 1767 5483 3323 5556; baseline -0.001 -15"><span class='ocrx_word' id='word_1_934' title='bbox 1767 5487 1865 5542; x_wconf 86' lang='lat' dir='ltr'><strong>sibi</strong></span> <span class='ocrx_word' id='word_1_935' title='bbox 1891 5487 2132 5556; x_wconf 86' lang='lat' dir='ltr'><strong>genuerit</strong></span> <span class='ocrx_word' id='word_1_936' title='bbox 2154 5485 2566 5552; x_wconf 86' lang='lat' dir='ltr'><strong>omnipotentem</strong></span> <span class='ocrx_word' id='word_1_937' title='bbox 2591 5483 2782 5537; x_wconf 81' lang='lat' dir='ltr'><strong>Filium</strong></span> <span class='ocrx_word' id='word_1_938' title='bbox 2808 5499 2820 5535; x_wconf 91' lang='lat'>:</span> <span class='ocrx_word' id='word_1_939' title='bbox 2850 5499 2954 5551; x_wconf 86' lang='lat' dir='ltr'><strong>quo</strong></span> <span class='ocrx_word' id='word_1_940' title='bbox 2980 5485 3138 5554; x_wconf 81' lang='lat' dir='ltr'><strong>igitur</strong></span> <span class='ocrx_word' id='word_1_941' title='bbox 3168 5494 3323 5553; x_wconf 85' lang='lat' dir='ltr'><strong>pacto</strong></span> 
     </span>
    </p>
   </div>
   <div class='ocr_carea' id='block_1_115' title="bbox 1767 5573 3325 5648">
    <p class='ocr_par' dir='ltr' id='par_1_115' title="bbox 1767 5573 3325 5648">
     <span class='ocr_line' id='line_1_115' title="bbox 1767 5573 3325 5648; baseline 0 -19"><span class='ocrx_word' id='word_1_942' title='bbox 1767 5590 1902 5629; x_wconf 89' lang='lat' dir='ltr'><strong>unus</strong></span> <span class='ocrx_word' id='word_1_943' title='bbox 1938 5583 2094 5628; x_wconf 87' lang='lat' dir='ltr'><strong>natus</strong></span> <span class='ocrx_word' id='word_1_944' title='bbox 2131 5575 2285 5628; x_wconf 90' lang='lat' dir='ltr'><strong>unius</strong></span> <span class='ocrx_word' id='word_1_945' title='bbox 2310 5573 2564 5648; x_wconf 76' lang='lat' dir='ltr'><strong>genitoris</strong></span> <span class='ocrx_word' id='word_1_946' title='bbox 2605 5582 2656 5626; x_wconf 87' lang='lat' dir='ltr'><strong>et</strong></span> <span class='ocrx_word' id='word_1_947' title='bbox 2683 5574 2927 5642; x_wconf 86' lang='lat' dir='ltr'><strong>proprius</strong></span> <span class='ocrx_word' id='word_1_948' title='bbox 2970 5585 3026 5628; x_wconf 90' lang='lat' dir='ltr'><strong>et</strong></span> <span class='ocrx_word' id='word_1_949' title='bbox 3049 5576 3325 5644; x_wconf 75' lang='lat' dir='ltr'><strong>adoptivus</strong></span> 
     </span>
    </p>
   </div>
   <div class='ocr_carea' id='block_1_116' title="bbox 1765 5709 3325 5834">
    <p class='ocr_par' dir='ltr' id='par_1_116' title="bbox 1765 5709 3325 5834">
     <span class='ocr_line' id='line_1_116' title="bbox 1765 5709 3325 5834; baseline 0.003 -69"><span class='ocrx_word' id='word_1_950' title='bbox 1765 5712 2051 5833; x_wconf 47' lang='lat' dir='ltr'><strong>giuelglsed</strong></span> <span class='ocrx_word' id='word_1_951' title='bbox 2083 5713 2292 5834; x_wconf 55' lang='lat' dir='ltr'><strong>pl&#39;wasis</strong></span> <span class='ocrx_word' id='word_1_952' title='bbox 2319 5712 2538 5781; x_wconf 57' lang='lat' dir='ltr'><strong>propria.</strong></span> <span class='ocrx_word' id='word_1_953' title='bbox 2567 5709 2795 5774; x_wconf 79' lang='lat' dir='ltr'><strong>Paulini,</strong></span> <span class='ocrx_word' id='word_1_954' title='bbox 2827 5719 2883 5765; x_wconf 91' lang='lat' dir='ltr'><strong>ut</strong></span> <span class='ocrx_word' id='word_1_955' title='bbox 2903 5720 2980 5765; x_wconf 74' lang='lat' dir='ltr'><strong>est</strong></span> <span class='ocrx_word' id='word_1_956' title='bbox 3009 5711 3169 5766; x_wconf 83' lang='lat' dir='ltr'><strong>etiam</strong></span> <span class='ocrx_word' id='word_1_957' title='bbox 3199 5713 3325 5769; x_wconf 80' lang='lat' dir='ltr'><strong>hor.-</strong></span> 
     </span>
     <span class='ocr_line' id='line_1_117' title="bbox 1767 5782 2199 5834; baseline -0.005 0"><span class='ocrx_word' id='word_1_958' title='bbox 1767 5793 1873 5834; x_wconf 92' lang='lat' dir='ltr'><strong>mct</strong></span> <span class='ocrx_word' id='word_1_959' title='bbox 1919 5799 2013 5834; x_wconf 78' lang='grc' dir='ltr'><strong><em>ιι..</em></strong></span> <span class='ocrx_word' id='word_1_960' title='bbox 2042 5798 2086 5831; x_wconf 85' lang='grc'><strong>‹·.</strong></span> <span class='ocrx_word' id='word_1_961' title='bbox 2153 5782 2199 5832; x_wconf 84' lang='lat'><strong>7.</strong></span> 
     </span>
    </p>
   </div>
   <div class='ocr_carea' id='block_1_117' title="bbox 1767 5782 2199 5844">
    <p class='ocr_par' dir='ltr' id='par_1_117' title="bbox 1767 5782 2199 5844">
     <span class='ocr_line' id='line_1_118' title="bbox 1767 5782 2199 5844; baseline -0.012 -7"><span class='ocrx_word' id='word_1_962' title='bbox 1767 5793 1873 5837; x_wconf 88' lang='lat' dir='ltr'><strong>mct</strong></span> <span class='ocrx_word' id='word_1_963' title='bbox 1899 5783 2013 5844; x_wconf 86' lang='lat' dir='ltr'><strong>Iib.,</strong></span> <span class='ocrx_word' id='word_1_964' title='bbox 2042 5798 2086 5831; x_wconf 84' lang='lat' dir='ltr'><strong>c.</strong></span> <span class='ocrx_word' id='word_1_965' title='bbox 2123 5782 2199 5834; x_wconf 82' lang='lat' dir='ltr'><strong>i&#39;i&#39;.</strong></span> 
     </span>
    </p>
   </div>
  </div>
