3926 6436
182 462 282 521 413

879 416 1476 515 οοιιτιιΑἰτει,ιριςιι
1515 447 1746 509 URGEL

1844 450 2043 508 'ANUM
2081 452 2255 507 LIBRI
2293 451 2374 505 Ill.
2405 479 2475 491 --
2505 449 2629 503 LIB.
2663 447 2703 500 Ι.

3179 401 3190 414 λ
3271 445 3371 502 tu

185 582 570 648 gravatumque
594 578 675 626 est
700 585 794 624 cor
819 578 967 623 tuum
1002 568 1163 621 etiam
1191 567 1292 620 hac
1319 565 1453 628 vice,
1483 570 1741 631 quatenus
1769 562 1816 619 Α
1841 564 2089 630 quoniam
2116 563 2228 631 ipse
2255 562 2320 616 de
2351 561 2592 630 sepulcro
2620 565 2812 626 Corpus
2842 573 2994 610 suum
3028 557 3383 620 suscitaverit,

185 662 454 721 exinanita
475 662 530 715 in
561 659 764 714 cunctis
784 655 1242 712 adinventionibus
1265 654 1369 707 tuis
1387 652 1740 720 qualicunque

186 751 307 808 tidei
332 761 437 805 tua:
460 750 644 819 fruge,
692 747 973 816 impleatur
1027 744 1079 797 in
1120 751 1170 797 te
1211 743 1576 812 propheticum
1613 738 1741 792 itlud

187 841 568 898 lamentatricis
597 840 792 893 editum
821 837 966 892 vocis
985 835 1312 897 vaticinium,
1344 831 1570 886 dicentis
1595 848 1608 882 ε
1642 828 1737 881 Re-

184 933 390 987 siduum
415 948 582 985 eruca:
619 916 833 982 comedit
870 926 1104 988 locusta,
1143 936 1187 977 et
1232 923 1489 976 residuum
1530 920 1737 973 locustte

186 1023 403 1077 comedit
443 1022 661 1083 brucus,
706 1027 754 1071 et
796 1016 1057 1069 residuum
1101 1015 1243 1066 bruci
1294 1012 1511 1064 comedit
1560 1009 1736 1076 rubigo

185 1110 322 1182 (Joel
372 1110 501 1179 ιβ).
523 1106 749 1162 Attende
789 1105 913 1173 quid
971 1103 1227 1171 sequitur.
1266 1098 1734 1168 Expergiscimini,

182 1199 466 1260 subinfert,
495 1198 655 1261 ebrii,
691 1204 737 1248 et
781 1197 916 1264 ﬂete.
948 1192 1157 1256 Auxisti
1196 1191 1322 1259 quin
1367 1189 1544 1258 potius
1580 1192 1736 1254 Supra

181 1291 390 1360 pondus
421 1287 624 1358 peccati
645 1285 846 1355 plumbi
873 1296 898 1322 ιι
927 1283 1198 1336 talentum.
1219 1281 1299 1382 ἱγι
1321 1286 1378 1332 ιιι
1407 1293 1512 1331 non
1547 1284 1598 1330 te
1642 1291 1736 1343 pu-

182 1382 307 1436 deat
332 1380 508 1435 dicere
541 1376 863 1440 inﬁrmitatis
905 1373 1190 1442 obligatum
1237 1367 1556 1424 necessitate
1585 1367 1736 1420 Chri-

182 1480 326 1546 stum
347 1468 530 1523 Jesum
557 1483 655 1537 pro
679 1481 736 1520 se
772 1463 1088 1532 quantocius
1120 1474 1369 1516 exorasse
1396 1499 1410 1522 ,
1455 1465 1509 1510 et
1539 1457 1736 1510 idcirco
1784 1522 1788 1526 ι

181 1563 352 1615 Deum
390 1574 573 1611 verum
598 1557 740 1611 credi
767 1570 871 1609 non
905 1569 1061 1623 posse
1087 1551 1346 1614 causaris,
1369 1549 1457 1617 qui
1486 1561 1735 1601 necessa-

180 1652 322 1704 rium
358 1647 544 1702 habuit
587 1661 681 1714 pro
722 1659 779 1697 se
827 1644 988 1697 etiam
1012 1656 1186 1695 orare.
1235 1641 1310 1694 De
1350 1639 1541 1707 quibus
1578 1636 1738 1689 latius

180 1754 341 1809 supra
365 1738 518 1806 juxta
543 1736 696 1790 exilis
739 1733 1095 1802 intelligentia:
1139 1745 1270 1784 mea:
1298 1742 1598 1782 mensuram
1627 1764 1641 1787 ,
1681 1733 1736 1776 ut

179 1833 320 1899 ipse,
351 1828 417 1882 de
440 1841 544 1895 quo
593 1825 875 1894 loquimur,
908 1822 1107 1890 largire
1134 1820 1376 1888 dignatus
1429 1823 1528 1898 est,
1560 1814 1738 1880 dispu-

180 1894 329 1974 tasse
359 1894 573 1972 menon
599 1913 802 1981 abjuro.
1438 1894 1444 1898 ’

763 2019 985 2076 CAPUT
1021 2017 1152 2072 LVI.

183 2160 352 2214 Locus
375 2157 526 2211 Pauli
552 2155 864 2225 explicatus:
889 2151 1121 2225 Christus
1143 2146 1423 2225 secundum
1446 2143 1582 2225 quod
1603 2142 1737 2225 Deus

250 2239 326 2282 est
354 2217 624 2282 suscitavit.
645 2241 715 2287 se,
741 2221 1019 2276 secundum
1046 2217 1366 2287 quodihomo
1395 2223 1502 2266 est:
1530 2228 1629 2263 non
1660 2222 1738 2262 ta-

251 2315 369 2350 men
396 2296 530 2349 alius
556 2286 809 2347 suscitans
838 2299 886 2342 et
909 2287 1044 2341 alius
1068 2286 1365 2339 suscitatus.

257 2408 370 2461 lloc
414 2405 574 2476 igitur
605 2401 754 2456 Pauli
787 2397 1148 2453 testimonium
1186 2395 1308 2453 tuis,
1338 2401 1396 2446 ut
1437 2392 1510 2444 ita
1543 2391 1734 2452 dicam,

185 2514 315 2554 usus
350 2498 403 2550 in
450 2494 681 2548 medium
722 2490 899 2544 verbis
941 2489 1220 2544 deductum
1254 2485 1377 2553 quia
1427 2483 1490 2536 de
1517 2479 1738 2534 Domino

183 2589 312 2642 Iesu
337 2585 552 2640 Christo
579 2580 887 2652 prophetico
920 2584 1190 2644 assumpto
1224 2571 1437 2627 oraculo
1464 2570 1734 2624 docuerit:

189 2678 267 2732 Tu
298 2693 350 2730 es
378 2673 617 2728 sacerdos
653 2672 708 2724 in
744 2679 989 2723 internum
1031 2663 1310 2718 secundum
1349 2661 1578 2714 ordinem
1611 2658 1741 2712 Mel-

184 2765 474 2828 cltisedech,
504 2770 558 2817 et
584 2760 853 2829 atljecerit,
886 2757 987 2822 Qui
1024 2759 1076 2810 in
1107 2757 1303 2819 diebus,
1336 2753 1594 2821 inquiens,
1626 2767 1740 2803 car-

189 2857 269 2908 uis
311 2868 422 2906 sua:
457 2866 628 2920 preces
665 2847 1158 2918 supplicationesque
1193 2842 1259 2894 ad
1295 2858 1427 2901 eum,
1468 2841 1555 2909 qui
1581 2839 1739 2908 possit

187 2947 386 3001 salvum
417 2945 564 2997 illum
602 2959 633 2995 a
676 2951 835 2994 morte
886 2940 1078 3007 facere,
1107 2954 1222 2989 cum
1253 2935 1474 2991 clamore
1503 2933 1669 2987 valido
1693 2940 1741 2984 ct

188 3034 433 3104 lacrymis
464 3032 682 3100 oﬂ'erens
707 3039 753 3082 et
784 3028 1057 3082 exauditus
1084 3036 1156 3080 est
1186 3042 1277 3094 pro
1308 3042 1401 3078 sua
1441 3022 1737 3076 reverentia.

192 3124 258 3176 lit
286 3122 407 3191 quia
437 3127 542 3174 non
577 3119 676 3174 sibi
709 3132 878 3185 neque
906 3132 1002 3186 pro
1030 3131 1104 3179 se,
1133 3116 1223 3169 sed
1256 3117 1390 3169 sicut
1417 3111 1621 3182 praefati
1657 3127 1742 3165 su-

1841 652 2008 720 ipsius
2051 652 2228 706 divino
2272 651 2476 720 prolato
2523 650 2742 702 docetur
2795 647 3130 706 testimonio,
3190 643 3388 700 Judaais
3426 687 3427 690 η

1841 757 1958 795 cum
1989 739 2424 797 diceret:Solvite
2456 735 2694 807 templum
2727 737 2840 797 hoc,
2868 744 2912 786 et
2939 735 2991 786 in
3018 734 3180 786 tribus
3210 732 3387 787 diebus

1838 831 2092 885 suscitabo
2123 830 2254 883 illud
2280 829 2457 900 (Joan.
2485 843 2541 886 ιι,
2572 824 2677 892 19).
2720 825 2783 876 Et
2813 823 2951 891 quod
2993 823 3060 876 sit
3106 822 3384 891 templum,

1838 920 1902 972 de
1927 934 2030 985 quo
2063 919 2288 976 dixerat,
2332 913 2666 982 Evangelista
2696 911 2912 972 indicat,
2941 925 3058 964 cum
3087 908 3382 977 subiungit:

1839 1008 1952 1060 Hoc
1981 1017 2147 1060 autem
2185 1005 2402 1082 dicebat,‘
2421 1004 2484 1055 de
2519 1001 2704 1070 templo
2743 1001 2970 1068 corporis
3001 1000 3100 1052 sui.
3139 999 3202 1051 Et
3235 998 3386 1060 illud,

1840 1096 2115 1165 Propterea
2157 1111 2236 1146 me
2264 1085 2418 1145 Pater
2457 1091 2646 1160 diligit,
2692 1093 2814 1159 quia
2859 1106 2949 1158 ego
2991 1105 3124 1156 pono
3162 1089 3390 1140 animam

1835 1200 2023 1246 meam,
2052 1192 2096 1235 et
2121 1185 2304 1234 iterum
2328 1197 2473 1232 sumo
2495 1196 2626 1232 eam.
2649 1179 2958 1231 Potestatem
2986 1177 3146 1228 habeo
3170 1176 3392 1244 ponendi

1836 1273 2062 1323 animam
2097 1256 2263 1322 meam
2286 1310 2298 1331 ,
2327 1278 2374 1322 et
2397 1277 2694 1337 potestatem
2725 1267 2884 1319 habeo
2924 1267 3109 1318 iterum
3153 1265 3391 1318 sumendi

1835 1376 1947 1417 eam
1971 1359 2146 1426 (Joan.
2174 1374 2226 1421 χ,
2254 1358 2338 1419 l7,
2364 1358 2470 1426 18).
2510 1358 2575 1410 Et
2607 1358 2896 1410 notandum
2933 1355 3070 1422 quod
3105 1362 3388 1424 potestate.

1836 1462 1940 1499 non
1993 1447 2306 1499 necessitate
2374 1444 2638 1513 posuerit,
2701 1453 2756 1497 et
2804 1444 2995 1497 iterum
3051 1444 3395 1511 resumpserit

1838 1537 2067 1593 animam
2101 1537 2281 1588 suam;
2307 1533 2373 1586 Et
2399 1548 2582 1586 rursus
2612 1537 2624 1584 ἑ
2657 1533 2783 1585 Cum
2809 1548 3078 1584 surrexere
3103 1531 3391 1600 pra‘cedam

1835 1643 1922 1680 uos
1946 1628 1999 1678 in
2015 1624 2307 1686 Calilwam,
2325 1633 2378 1677 et
2402 1624 2484 1676 his
2510 1623 2699 1676 similia
2721 1622 2928 1691 (Matth.
2948 1637 3095 1684 xxvi,
3120 1620 3229 1687 32).
3256 1620 3390 1672 Nam

1836 1716 1956 1782 quia
1977 1715 2114 1766 Deus
2136 1714 2468 1767 suscitaverit
2489 1727 2607 1764 eum
2627 1711 3028 1764 innumerabilia
3046 1719 3388 1776 utrorumque

1837 1803 2296 1855 Testamentorum
2356 1800 2570 1853 oracula
2625 1807 3001 1867 protestantur.
3055 1797 3121 1852 Ut
3149 1807 3228 1850 est
3259 1797 3387 1850 illud

1729 1911 1732 1913 λ
1769 1907 1815 1966 Β
1839 1888 2092 1958 Apostoli,
2107 1890 2152 1942 si
2167 1887 2429 1955 confessus
2443 1888 2623 1955 fueris,
2640 1889 2831 1954 inquit,
2845 1888 2899 1939 in
2915 1895 3099 1938 oretuo
3116 1886 3390 1937 Dominum

1833 1983 2010 2036 Jesum
2037 1979 2314 2041 Christum,
2333 1974 2679 2031 et'credideris
2708 1978 2762 2028 in
2785 1977 2937 2028 corde
2961 1984 3069 2036 tuo,
3098 1974 3233 2040 quod
3255 1973 3392 2026 Deus

1833 2069 1980 2124 illum
2010 2068 2327 2121 suscitaverit
2373 2085 2404 2119 a
2428 2067 2662 2128 mortuis,
2693 2064 2864 2118 salvus
2894 2066 2994 2116 eris
3032 2063 3209 2132 (Rom.
3240 2079 3292 2126 χ,
3314 2062 3389 2129 9).

1835 2156 1900 2209 Et
1927 2155 2091 2210 alibi:
2118 2154 2344 2223 Cumque
2381 2162 2817 2206 consummassent
2854 2153 3057 2211 omnia,
3087 2167 3202 2220 qua:
3235 2150 3299 2202 de
3333 2167 3392 2202 eo

1833 2247 2023 2313 scripta
2041 2252 2207 2307 erant,
2222 2244 2525 2312 deponentes
2543 2259 2656 2294 eum
2677 2242 2739 2295 de
2761 2241 2897 2310 ligno
2918 2249 3195 2310 posuerunt
3216 2239 3270 2291 in
3289 2254 3396 2290 mo-

1835 2340 2094 2385 numento.
2115 2332 2250 2383 Deus
2267 2347 2379 2384 vero
2399 2332 2658 2383 suscitavit
2681 2347 2796 2383 eum
2824 2348 2854 2383 α
2879 2330 3095 2383 mortuis
3118 2328 3252 2393 (Act.
3277 2343 3395 2390 xm,

1835 2423 1924 2486 29,
1948 2422 2056 2492 50).
2107 2421 2171 2473 Et
2192 2421 2314 2488 quia
2342 2419 2571 2487 Spiritus
2616 2428 2828 2472 sanctus
2845 2421 2983 2473 Deus
3000 2429 3098 2480 est,
3133 2427 3244 2473 tota
3274 2433 3395 2471 cum

1837 2513 2087 2572 Trinitas,
2123 2519 2178 2563 et
2200 2511 2378 2574 Pater,
2415 2519 2468 2563 et
2491 2510 2600 2577 ipse
2631 2508 2818 2572 Filius,
2849 2517 2903 2560 et
2925 2507 3155 2576 Spiritus
3178 2513 3398 2560 sanctus

1839 2603 1904 2657 de
1934 2602 2176 2671 sepulcro
2203 2601 2558 2654 resuscitavit.
2585 2599 2687 2654 Sed
2711 2615 2814 2652 non
2843 2607 2924 2652 est
2951 2599 3084 2652 alter
3110 2598 3274 2650 Filius
3304 2598 3396 2666 qui

1839 2691 2131 2754 suscitavit,
2177 2699 2229 2744 et
2264 2691 2398 2743 alter
2442 2691 2730 2744 suscitatus
2762 2708 2773 2742 :
2803 2703 3106 2757 quanquam
3139 2689 3208 2741 sit
3244 2687 3390 2740 aliud

1838 2790 1892 2835 et
1912 2782 2069 2842 aliud,
2097 2781 2197 2834 hoc
2219 2787 2319 2842 est,
2351 2780 2586 2832 divinum
2612 2789 2665 2832 et
2694 2780 3012 2842 humanum;
3050 2793 3187 2830 unus
3215 2787 3390 2831 tamen

1837 2881 1918 2924 est
1941 2869 2131 2931 Filius,
2171 2869 2436 2923 suscitans
2470 2876 2523 2921 et
2562 2869 2878 2931 suscitatus,
2923 2869 3012 2936 qui
3050 2873 3306 2936 potestate
3329 2879 3394 2919 ac

1840 2960 2108 3013 voluntate
2127 2958 2303 3026 posuit
2324 2973 2418 3026 pro
2444 2956 2615 3016 nobis,
2647 2971 2750 3009 non
2766 2970 2862 3024 pro
2884 2971 2940 3008 se
2953 2956 3185 3008 animam
3211 2947 3391 3008 suam:

1839 3056 2102 3116 potestate
2137 3047 2219 3100 vel
2256 3033 2548 3109 voluntate,
2578 3045 2700 3113 quia
2733 3061 2836 3098 una
2867 3052 2947 3098 est
2975 3043 3149 3096 Patris
3177 3044 3395 3112 ejusque

1841 3140 2104 3200 voluntas,
2130 3153 2225 3205 pro
2257 3137 2409 3190 nobis
2433 3136 2635 3193 oravit:
2662 3151 2757 3204 pro
2782 3136 2954 3197 nobis,
2983 3150 3084 3188 non
3111 3150 3206 3203 pro
3235 3151 3312 3199 se,
3344 3136 3396 3188 in

192 3211 513 3275 mus,.itobis
543 3216 596 3261 et
620 3207 901 3275 pronobis
933 3204 1122 3265 oravit,
1149 3219 1247 3271 pro
1269 3204 1458 3269 quibus
1490 3204 1658 3262 nasci,
1687 3207 1739 3251 et

1844 3229 2027 3282 diebus
2055 3227 2233 3281 carnis
2263 3241 2371 3280 sum
2398 3241 2582 3295 preces
2607 3224 3120 3294 supplicationesque
3151 3225 3217 3278 ad
3249 3240 3394 3289 eum,

192 3302 327 3358 mori
374 3299 622 3368 dignatus
651 3303 751 3358 est,
779 3294 1173 3362 Seripturarum
1205 3292 1360 3362 136
1389 3290 1628 3359 superius
1656 3303 1742 3342 as-

191 3389 440 3446 set-tionis
483 3393 681 3440 nostra:
718 3382 955 3450 conjecta
999 3382 1432 3436 documentorum
1479 3379 1743 3449 praeconia

190 3476 606 3536 evidentissimis
626 3475 827 3544 prolata
855 3475 1104 3544 leguntur
1133 3474 1466 3527 testimoniis.
1500 3472 1601 3538 Qui
1621 3489 1742 3541 pos-

190 3573 258 3626 sit
281 3578 454 3622 autem
475 3565 621 3618 illum
651 3582 682 3617 a
704 3575 863 3615 morte
885 3563 1081 3616 saluum
1104 3563 1289 3630 facere,
1316 3577 1421 3630 quo
1447 3561 1582 3616 forte
1610 3571 1739 3628 tum,

195 3666 318 3719 dum
358 3662 409 3715 te
447 3661 636 3726 laqueo
661 3657 860 3730 erroris
893 3655 1138 3724 suspendi
1167 3655 1289 3723 quia
1328 3671 1432 3709 ,ιοιι
1461 3656 1740 3718 abnueras,

194 3755 398 3808 arctius
423 3751 620 3805 nodum
665 3748 864 3802 ansulte
889 3748 1271 3810 constrinxisti,
1303 3747 1536 3801 nomium
1576 3745 1744 3800 nostri

193 3851 275 3898 est
319 3841 446 3912 styli
474 3852 727 3894 mucrone
770 3837 1008 3890 absolute
1053 3836 1314 3889 sermonis
1352 3835 1486 3888 ratio
1512 3834 1747 3903 promul-

195 3941 355 4003 gata,
420 3926 750 3982 necessitatis
799 3925 974 3993 potius
1024 3938 1182 3992 quam
1227 3923 1460 3976 avaritiae
1507 3923 1747 3992 exigente

194 4035 446 4078 censura.
478 4019 630 4073 Nunc
654 4025 828 4070 autem
855 4015 980 4084 quid
1019 4016 1090 4068 sit
1122 4014 1316 4069 salvum
1344 4015 1488 4067 illum
1515 4016 1672 4085 possit
1716 4031 1748 4066 a

195 4121 363 4166 morte
404 4108 574 4177 facere
618 4120 988 4173 exsequamur.
1038 4103 1196 4164 Nihil,
1228 4104 1464 4171 inquam,
1499 4103 1661 4177 aliud,
1693 4110 1752 4155 ut

199 4200 330 4254 mihi
354 4174 586 4257 videtur,
622 4209 721 4247 nec
766 4193 921 4246 aliter
960 4191 1177 4260 intelligi
1226 4192 1461 4255 docetur,
1509 4174 1611 4243 nisi
1660 4189 1749 4257 qui

197 4292 371 4362 possit
396 4303 516 4342 eum
547 4302 576 4340 a
607 4286 829 4340 mortuis
857 4285 1132 4338 suscitare.
1163 4283 1288 4337 Tale
1309 4293 1390 4337 est
1411 4284 1551 4337 enim
1579 4282 1753 4337 dicere

197 4404 229 4439 a
253 4391 421 4436 morte
461 4379 658 4434 salvum
701 4377 888 4446 facere,
920 4375 1073 4444 quale
1107 4384 1188 4428 est
1226 4375 1461 4443 proﬁteri
1509 4390 1538 4427 a
1583 4383 1753 4428 morte

198 4471 538 4527 resuscitare.
571 4467 636 4521 Et
661 4462 782 4535 quia
813 4465 1181 4534 inseparabilia
1210 4473 1332 4518 sunt
1358 4481 1568 4534 semper
1593 4482 1752 4536 opera

1840 3317 1932 3387 qui
1972 3316 2137 3386 possit
2166 3316 2311 3368 illum
2345 3329 2375 3366 a
2405 3324 2574 3368 morte
2605 3314 2811 3367 salvum
2863 3313 3055 3376 facere,
3083 3313 3238 3368 fudit.
3297 3314 3396 3380 Qui

1842 3408 2181 3476 semetipsum
2205 3421 2302 3475 pro
2328 3404 2478 3458 nobis
2500 3404 2725 3456 hostiam
2749 3403 2940 3456 obtulit
2964 3404 3070 3456 Deo
3100 3405 3150 3456 in
3179 3406 3396 3458 olorem

1842 3498 2140 3560 suavitatis,
2186 3510 2284 3565 pro
2326 3494 2478 3548 nobis
2522 3493 2864 3560 semetipsum
2910 3491 3114 3544 salvum
3165 3507 3193 3544 a
3228 3502 3397 3546 morte

1843 3587 1988 3651 fecit,
2015 3589 2116 3641 hoc
2140 3593 2240 3648 est,
2274 3600 2309 3638 ,a
2344 3582 2566 3636 mortuis
2597 3581 2888 3635 suscitavit.
2925 3579 3071 3634 L'ude
3100 3575 3230 3638 bene
3259 3579 3400 3648 Apo-

1845 3675 2011 3730 stolus
2033 3675 2156 3728 huic
2181 3671 2414 3741 capitulo
2441 3679 2849 3724 consentaneam
2897 3669 3238 3724 membratim
3273 3685 3394 3722 sen-

1845 3765 2066 3819 tentiam
2116 3763 2433 3816 subnectens
2486 3759 2612 3827 quid
2663 3759 2855 3812 dixerit
2911 3758 3228 3825 explicarit,
3280 3773 3398 3811 cuni
3487 3763 3493 3769 '

1844 3855 2089 3926 protinus
2125 3850 2406 3906 subinfcrt.
2445 3850 2533 3902 Ait
2561 3849 2703 3902 enim
2731 3866 2745 3904 :
2776 3849 2843 3900 Et
2878 3849 3081 3918 quidem
3125 3865 3240 3900 cum
3274 3859 3404 3902 esset

1848 3941 2019 3996 Filius
2044 3941 2158 4004 Dei,
2189 3940 2370 3993 didicit
2405 3955 2467 3992 ea:
2500 3939 2578 3990 his
2607 3954 2721 4007 quw
2750 3955 2931 4008 passus
2960 3948 3031 3991 est
3066 3937 3404 3991 obedientiam

1851 4030 2036 4102 (Hebr.
2063 4045 2113 4093 ν,
2142 4030 2217 4099 8).
2259 4029 2425 4082 Filius
2474 4029 2658 4095 utique
2707 4028 2797 4082 Dei
2839 4027 2990 4095 juxta
3029 4028 3176 4082 Pauli
3222 4043 3404 4082 vocem

1848 4134 2034 4188 passus
2068 4125 2167 4180 est,
2184 4125 2238 4169 et
2261 4131 2325 4168 ex
2355 4117 2439 4169 his
2464 4131 2581 4183 qua:
2607 4131 2794 4183 passus
2818 4122 2918 4177 est,
2943 4115 3125 4168 didicit
3150 4115 3402 4169 obedien-

1850 4210 1998 4271 tiam,
2029 4215 2082 4260 et
2103 4222 2132 4259 a
2161 4205 2384 4258 mortuis
2409 4205 2694 4258 suscitatus
2721 4214 2820 4258 εει.
2849 4203 3194 4274 [inpassibilis
3215 4218 3402 4272 nempe

1833 4313 2041 4368 'passus
2075 4305 2175 4359 est,
2219 4304 2273 4348 et
2306 4294 2619 4348 immortalis
2666 4301 2908 4347 mortuus
2955 4302 3056 4352 est,
3102 4301 3154 4346 et
3194 4295 3404 4360 semper

1852 4388 2037 4451 vivens
2064 4384 2348 4438 suscitatus
2373 4390 2473 4435 est.
2511 4381 2625 4450 Ipse
2661 4390 2741 4435 est
2776 4391 2828 4435 et
2862 4397 2965 4434 non
3001 4381 3155 4434 alius.
3191 4381 3290 4462 Q'ui
3315 4381 3404 4435 de-

1853 4475 2067 4535 scendit,
2096 4475 2170 4526 ait
2193 4471 2440 4540 Magister
2463 4471 2717 4540 gentium,
2753 4471 2860 4540 ipse
2885 4480 2957 4524 est
2979 4481 3024 4524 et
3051 4471 3137 4541 qui
3175 4470 3402 4525 ascendit

198 4559 505 4621 Trinitatis,
535 4558 672 4611 sicut
699 4557 749 4608 in
780 4564 932 4608 utero
958 4555 1177 4623 virginis
1215 4562 1322 4609 tota
1349 4555 1582 4609 Trinitas
1629 4571 1746 4624 ope-

1855 4580 2006 4634 super
2030 4578 2202 4616 omnes
2225 4549 2391 4621 caélos,
2418 4569 2470 4612 ut
2499 4560 2726 4628 impleret
2752 4561 2922 4612 omnia
2953 4543 3160 4628 (Eplies.
3192 4575 3264 4622 tv,
3293 4559 3399 4628 10).

200 4662 318 4705 rata
345 4657 426 4703 est
445 4645 709 4700 hominem
729 4643 1019 4705 Christum,
1045 4643 1116 4696 ita
1137 4658 1255 4696 eum
1285 4643 1348 4696 de
1374 4642 1614 4710 sepulcro
1640 4651 1750 4698 tota

201 4740 443 4795 Trinitas
494 4752 524 4790 a
564 4734 789 4790 mortuis
825 4747 928 4786 non
967 4731 1217 4785 abnuitur
1257 4732 1559 4786 suscitasse.
1621 4732 1750 4785 Nam

201 4833 328 4900 quia
354 4829 514 4882 Pater
537 4833 672 4878 eum’
685 4821 1037 4885 suscitaverit,
1066 4819 1260 4875 Paulus
1288 4822 1473 4876 scribit
1510 4821 1575 4875 ad
1599 4821 1755 4875 Gala-

204 4931 288 4975 tas
326 4919 440 4972 ita:
471 4912 669 4968 Paulus
706 4910 965 4980 apostolus
1015 4927 1117 4962 non
1154 4908 1216 4961 ab
1242 4910 1551 4972 hominibus,
1597 4926 1755 4978 neque

205 5025 298 5079 per
326 5005 606 5065 hominem,
635 4999 723 5054 sed
763 5015 852 5069 per
876 4998 1055 5052 Iesum
1084 4999 1342 5052 Christum
1385 5009 1431 5052 et
1456 5000 1619 5052 Deum
1647 5000 1755 5053 Pa-

207 5110 360 5159 trem,
403 5091 490 5162 qui
535 5091 799 5143 suscitavit
843 5104 958 5144 cum
1004 5107 1036 5142 a
1065 5092 1280 5143 mortuis
1322 5089 1462 5144 (Cal.
1509 5091 1645 5158 1,1).
1695 5091 1759 5144 Et

867 5197 871 5200 ,
894 5175 900 5206 ο
1731 5173 1758 5191 ο

283 5240 307 5267 ι
347 5224 553 5280 Plumbi
583 5222 852 5276 talentum.
899 5221 1168 5276 Talentum
1216 5224 1567 5278 communiter
1607 5241 1762 5278 usur-

212 5305 389 5371 patur,
413 5311 512 5365 pro
541 5292 677 5371 auri,
705 5293 1010 5371 argenti,-et
1035 5293 1282 5371 igogerlus
1308 5309 1482 5348 rerum
1499 5294 1762 5371 (determi-

214 5360 338 5423 itata
383 5360 643 5418 numerali
687 5361 1000 5426 quantitate.
1049 5360 1140 5415 Sic
1189 5361 1461 5415 Talentum
1499 5362 1758 5426 Atticum,

217 5435 592 5506 Babylonicum
613 5471 628 5494 ,
680 5429 995 5506 Eubt-ieum,
1051 5429 1368 5506 llebraicuut
1389 5472 1401 5493 ,
1434 5431 1758 5506 .Egyptium,

215 5499 418 5562 certum
456 5516 734 5556 numerum
779 5499 1041 5552 minarum
1072 5499 1150 5550 vel
1191 5501 1561 5555 drael‘imarutu
1595 5502 1767 5553 conti-

218 5589 343 5630 nere
373 5574 717 5633 dicebantur;
749 5569 815 5623 de
838 5569 1029 5638 quibus
1057 5567 1158 5621 late
1181 5569 1401 5623 Budzeus
1438 5570 1490 5623 in
1516 5568 1663 5624 libris
1690 5570 1764 5626 De

219 5660 355 5708 asse,
393 5655 449 5698 et
489 5640 750 5706 Georgius
786 5638 1027 5708 Agricola
1073 5638 1124 5690 in
1175 5638 1266 5690 lib.
1312 5639 1383 5691 De
1424 5640 1686 5693 mensuris
1713 5649 1767 5692 et

219 5660 355 5708 asse,
393 5655 449 5698 et
489 5655 750 5706 Georgius
786 5655 829 5691 Α
869 5655 1027 5693 necta
1073 5655 1124 5690 ιιι
1175 5655 1266 5690 ιιι).
1312 5655 1383 5691 ue
1424 5655 1686 5693 mensuris
1713 5655 1764 5692 et

217 5714 558 5787 ponderibus.
588 5655 881 5787 Aliquaitdgo
907 5715 1080 5787 tamen
1105 5721 1202 5787 pra
1227 5708 1522 5787 quantitate
1568 5708 1764 5787 ponde:-

223 5777 312 5840 i‘ali
345 5782 674 5844 sumebatur,
702 5786 754 5831 ut
782 5777 1003 5832 habetur
1027 5793 1086 5831 ex
1117 5777 1348 5830 Vitruvio
1371 5777 1458 5830 lib.
1489 5792 1540 5842 ς,
1566 5777 1756 5847 capiti

1857 4654 2096 4721 Namque
2122 4651 2245 4719 quia
2284 4649 2419 4703 idem
2458 4657 2539 4702 est
2572 4649 2682 4716 ipse
2714 4656 2954 4702 mortuus
2982 4656 3036 4707 et
3071 4649 3280 4716 Semper
3321 4650 3400 4700 vi-

1858 4757 2009 4805 vens,
2039 4738 2369 4794 manifestius
2404 4738 2453 4788 in
2492 4744 2768 4804 prospectu
2804 4737 3032 4804 positum
3067 4737 3117 4789 in
3145 4736 3400 4806 Apocaly-

1858 4831 1993 4899 psim
2041 4827 2264 4896 legentis
2307 4824 2518 4878 oculum
2567 4840 2670 4876 non
2708 4822 2911 4898 ellugit,
2959 4838 3078 4876 cum
3113 4837 3265 4876 servo
3305 4836 3402 4876 suo

1859 4918 2069 4981 Joanni,
2115 4915 2357 4984 imposita
2398 4928 2558 4981 super
2595 4927 2715 4965 cum
2764 4911 3011 4973 dextera,
3060 4909 3294 4977 proliteri
3337 4910 3403 4964 de

1806 5046 1814 5050 -
1859 5009 2030 5077 scipso
2069 5022 2172 5058 ιιοιι
2217 5003 2522 5063 abhorruit,
2565 5001 2781 5053 dicens:
2825 4998 2998 5070 Nplite
3045 5001 3225 5051 timere
3254 5014 3272 5050 :
3309 5014 3402 5067 ego

1858 5115 1971 5152 sum
1995 5097 2188 5163 primus
2213 5104 2258 5148 et
2288 5093 2608 5156 novissimus,
2639 5091 2732 5143 hoc
2762 5101 2832 5142 est
2857 5088 2892 5143 Δ
2915 5099 2960 5142 ct
2989 5097 3055 5153 Ω,
3080 5085 3218 5142 ιίυίε
3248 5098 3293 5140 ct
3321 5087 3400 5156 fui

1860 5233 1913 5285 in
1947 5231 2074 5290 fine,
2125 5229 2213 5281 ubi
2257 5226 2321 5279 de
2365 5225 2625 5278 testudine
2669 5222 2909 5291 Agetoris
2952 5220 3246 5291 Byzantini,
3287 5219 3400 5271 ait:
3468 5261 3475 5268 .

1866 5319 1883 5351 ι
1909 5299 2284 5353 Gubernabant
2311 5310 2426 5348 eam
2455 5293 2692 5347 homines
2720 5290 2948 5350 Centum,
2978 5290 3256 5342 habentem
3279 5304 3404 5356 pon-

1864 5371 1961 5424 dus
1983 5367 2229 5420 talentum
2255 5371 2478 5432 quatunr
2502 5361 2741 5432 millium,
2769 5359 2905 5432 quod
2933 5360 2992 5432 fit
3024 5358 3400 5432 quadringenta

1864 5435 2131 5505 octoginta
2161 5426 2320 5505 millia
2347 5433 2538 5498 pondo.
2573 5451 2590 5482 δ
2626 5430 2689 5505 lit
2715 5426 2924 5497 quidem
2951 5428 3191 5505 Currum
3217 5426 3376 5478 Τάλαν

1864 5528 1947 5562 τον
1984 5498 2264 5571 aliquando
2311 5502 2362 5568 ip
2392 5516 2479 5552 um
2508 5499 2712 5568 pondus
2744 5507 2845 5554 est.
2874 5498 3010 5571 unde
3027 5499 3285 5571 ΔΤοιλτιντόω
3326 5503 3405 5571 est

1898 5563 2110 5635 ondero,
2139 5574 2277 5624 sicut
2308 5563 2653 5628 ἆντιτὰλὶνςος
2673 5580 2751 5624 cst
2769 5566 3138 5635 a’quipondet‘ts
3166 5563 3408 5635 eratQui—

1898 5593 2110 5635 onaero,
2139 5593 2277 5624 Stcus
2308 5593 2652 5628 a‘rtt‘ratt'ntfos
2673 5593 3138 5635 εδιηίμιψυηυωω
3166 5593 3214 5613 n
3245 5593 3408 5630 acquu-

1863 5593 2073 5697 librium
2126 5641 2341 5694 faciens.
2398 5638 2598 5692 l’luutbi
2647 5653 2770 5703 ergo
2819 5637 3066 5689 talentum
3115 5643 3194 5685 est
3222 5633 3414 5700 ingens

1865 5712 2060 5780 plumbi
2090 5711 2308 5780 pondus.
