3926 6452
455 470 560 527 ιὲὃ

1365 463 1421 518 ε.
1462 460 1729 517 ΡΑυιιΝι
1768 451 2220 512 PATBIARCHA‘J
2259 449 2727 518 AQUILEIENSIS

3611 133 3818 240 ’Ἢ

3555 442 3653 500 ιιθ

456 587 707 631 mortuus.
753 574 820 628 Et
863 589 976 627 ecce
1009 590 1121 627 sum
1155 573 1323 626 vivens
1362 573 1417 625 in
1455 571 1646 625 swcula
1692 568 2000 624 saeculorum
2026 571 2078 627 Δ
2107 562 2260 632 13⁸1
2305 563 2524 618 sedeant
2576 543 2639 615 in;
2681 560 2938 616 excelsis?
2964 558 3066 625 _An
3089 558 3230 626 quod
3277 566 3361 611 est
3408 555 3661 624 perlidius

458 661 642 732 (Apoc.
681 677 718 726 ι,
750 661 832 723 l7,
865 670 911 714 et
933 675 1064 721 xm,
1092 659 1200 728 l3).

1012 746 1236 802 CAPUT
1273 745 1425 801 LVII.

457 835 713 891 Christum
739 837 913 891 sedere
939 838 1007 890 ad
1033 837 1294 890 dexteram
1327 835 1502 888 Patris
1541 837 1724 888 evincit
1760 851 1862 888 non
1898 849 2005 886 esse

526 908 920 974 nuncupativum
956 905 1151 968 Deum,
1179 905 1266 957 sed
1311 920 1484 956 verum
1517 920 1534 956 :
1569 920 1672 957 non
1710 903 2004 972 adeptioum

525 975 711 1042 ﬁlium,
752 977 840 1027 sed
875 976 1159 1043 proprium.

521 1066 715 1134 Accipe
751 1080 877 1140 ergo
910 1072 963 1118 et
999 1066 1100 1118 hoc
1127 1064 1267 1118 beati
1293 1063 1441 1116 Pauli
1467 1062 1818 1117 clarissimum
1853 1061 2003 1114 testi-

454 1155 708 1209 monium.
747 1154 852 1206 Lex
889 1154 1148 1205 constituit
1185 1154 1444 1215 homines,
1485 1152 1676 1219 inquit,
1716 1150 2002 1204 sacerdotes

452 1243 802 1310 infirmitatem
828 1243 1101 1295 habentes:
1123 1259 1288 1296 sermo
1323 1251 1491 1295 autem
1515 1241 1890 1310 jurisjurandi,
1914 1241 2003 1309 qui

455 1341 568 1399 post
596 1331 751 1398 legem
793 1340 880 1390 est,
914 1329 1107 1382 Filium
1147 1331 1202 1382 in
1233 1339 1479 1382 teternum
1509 1325 1787 1398 perfectum
1816 1325 2000 1397 (Hebr.

452 1435 545 1480 vn,
576 1419 688 1486 28).
722 1418 1100 1474 Animadverte
1127 1419 1354 1488 qualiter
1384 1418 1664 1487 Apostolus
1693 1417 2002 1471 discreverit

454 1509 590 1560 inter
611 1508 774 1560 Deum
814 1508 1210 1575 hominemque,
1259 1516 1313 1560 et
1355 1509 1499 1580 inter
1537 1521 1701 1572 puros
1741 1505 2001 1557 homines.

452 1597 516 1647 Et
549 1595 706 1664 paulo
742 1605 887 1663 post,
924 1595 1129 1659 Talem,
1172 1596 1372 1662 inquit,
1412 1595 1656 1646 habemus
1691 1593 2004 1661 pontificem,

449 1684 538 1752 qui
564 1685 796 1737 consedet
827 1686 880 1735 in
909 1686 1173 1746 dexteram
1199 1684 1332 1736 sedis
1362 1683 1728 1752 magnitudinis
1761 1683 1814 1734 in
1841 1681 2006 1734 excel-

451 1772 522 1824 sis
554 1770 736 1840 (Hebr.
767 1786 880 1832 vm,
913 1762 1003 1838 'l).
1061 1769 1202 1824 Ecce
1246 1769 1439 1824 Paulus
1487 1771 1631 1824 hunc
1675 1769 2002 1837 pontiﬁcem,

453 1876 612 1928 quem
643 1868 699 1912 tu
749 1860 1165 1926 nuncupativum
1208 1860 1371 1913 Deum
1409 1869 1462 1914 et
1503 1857 1806 1928 adoptivum
1837 1859 2001 1912 (ilium

411 1997 413 2000 ι
452 1948 685 2015 perﬁdia:
707 1947 858 2016 lingis
884 1964 1069 2002 somno
1099 1949 1423 2018 consopitus,
1442 1949 1632 2003 Filium
1663 1950 1714 2002 in
1745 1957 2002 2002 teternum

451 2035 742 2102 perfectum
784 2037 1071 2091 consedere
1113 2039 1165 2090 in
1202 2038 1477 2092 dexteram
1509 2038 1650 2091 sedis
1679 2037 2001 2104 magnitudi-

453 2126 538 2180 nis
563 2125 615 2178 in
638 2127 871 2186 excelsis
891 2135 1136 2181 testatur.
1166 2127 1230 2180 Et
1255 2144 1359 2180 non
1391 2128 1559 2180 solum
1606 2127 1806 2186 sedere,
1835 2125 1926 2179 sed
1952 2132 2005 2177 et

452 2214 723 2285 signauter
747 2217 1055 2280 consedere,
1078 2219 1178 2270 hoc
1203 2226 1286 2270 est
1307 2217 1464 2270 simul
1490 2231 1610 2268 cum
1638 2215 1794 2269 Patre
1819 2215 2004 2268 sedere

452 2305 777 2373 perhibetur.
802 2305 964 2371 Cujus
989 2313 1059 2367 te,
1087 2306 1375 2374 interrogo,
1394 2305 1620 2358 vesania;-
1644 2302 1823 2356 infelix
1846 2303 2006 2370 impio

451 2402 667 2460 stupore
716 2394 952 2446 denudas
1005 2395 1337 2447 attonitum?
1391 2385 1487 2446 ita.
1519 2393 1571 2446 in
1618 2401 1864 2470 promptu
1912 2407 2006 2460 pa-

453 2487 570 2536 tens
591 2490 872 2550 utrumque
900 2482 1037 2537 latus
1065 2484 1403 2552 syllogisticis
1427 2485 1630 2552 prmbes
1657 2485 1906 2540 cornibus
1927 2484 2004 2538 fo-

452 2571 699 2634 tlcndum,
733 2581 990 2641 quatenus
1019 2573 1156 2626 nulla
1188 2590 1252 2627 ex
1280 2583 1430 2642 parte
1455 2573 1703 2628 ﬂexuosis
1727 2575 2005 2628 elucubra-

451 2668 558 2712 tum
577 2659 778 2714 sinibus
797 2662 1012 2716 eliciens
1028 2663 1174 2716 virus
1196 2665 1419 2716 evadere
1438 2663 1641 2732 possis?
1655 2662 1785 2716 Nam
1811 2678 2007 2717 nuncu-

449 2746 684 2812 pativum
703 2755 755 2800 et
780 2763 957 2801 verum
981 2749 1167 2812 Deum,
1195 2749 1497 2817 adoptivum
1522 2759 1574 2804 et
1591 2765 1776 2805 verum
1791 2751 2004 2816 Filium,

449 2835 833 2898 falsissimum,
901 2852 1062 2890 unum
1113 2837 1381 2892 Christum
1428 2839 1773 2908 pronuntiare
1828 2840 2005 2911 lingua

447 2924 716 2976 causaris:
746 2932 976 2990 quatuor
1000 2925 1344 2981 nihilominus
1368 2927 1706 2990 introducere
1732 2928 2006 2983 infamaris

446 3025 724 3078 personas,
772 3027 892 3066 cum
935 3014 1075 3068 trino
1099 3015 1238 3069 Deus
1283 3017 1650 3071 tantummodo
1685 3033 1907 3071 numero
1952 3019 2004 3071 in

447 3113 793 3166 personarum
841 3103 1066 3171 gaudeat
1113 3104 1473 3170 distinctione,
1520 3115 1573 3160 et
1627 3107 1900 3162 individuo
1953 3108 2005 3160 in

448 3201 784 3244 sacramento
816 3192 1184 3260 inseparabilis
1209 3196 1452 3248 essentia:
1479 3196 1699 3265 recipiat
1725 3198 1995 3252 unionem.

446 3277 846 3348 Nuncupativus
877 3285 1070 3336 etenim
1116 3291 1169 3338 et
1209 3300 1385 3350 verus,
1413 3287 1659 3356 proprius
1702 3298 1756 3342 et
1789 3288 1996 3358 adopti—

447 3384 567 3431 vus,
605 3385 710 3422 non
745 3372 1025 3436 naturalia,
1066 3375 1159 3429 sed
1193 3376 1491 3443 personalia
1534 3377 1836 3431 nominasse
1884 3379 2002 3445 quis

447 3457 719 3528 ambiget?
778 3460 1149 3530 Nunquidnam
1205 3465 1525 3520 catholicum
1564 3467 1867 3534 bonumque
1908 3467 2002 3521 tibi

449 3549 675 3606 videtur.
713 3560 770 3605 ut
805 3553 909 3608 duo
930 3555 1032 3618 Dii,
1057 3555 1267 3627 duoque
1287 3557 1410 3611 Filii
1447 3558 1498 3611 in
1529 3559 1801 3612 dexteram
1829 3560 2004 3614 Patris

446 3789 457 3801 .
517 3734 541 3801 ιι
565 3722 809 3801 Οοιαεζηιρ
837 3741 964 3801 vero.
979 3743 1240 3801 numerus.
1272 3728 1369 3784 llic
1398 3730 1484 3783 ille
1505 3738 1587 3784 est
1633 3732 1697 3785 de
1729 3747 1836 3801 quo
1867 3734 2003 3788 mira

444 3791 658 3870 iactant
681 3791 1039 3870 Pythagorici.
1068 3795 1164 3870 __Ad
1195 3813 1322 3870 rem
1374 3808 1688 3870 praesentem
1733 3791 1801 3855 sit
1851 3803 2000 3868 illud,

444 3860 584 3936 quod
607 3860 698 3914 lib.
727 3860 742 3913 ι
775 3863 826 3914 in
856 3879 1027 3917 somn.
1048 3866 1328 3936 Scipionis
1355 3860 1471 3936 cap.
1503 3869 1554 3933 5,
1593 3872 1777 3924 scribit
1801 3860 2004 3926 Maera;

444 3929 583 3992 bius,
612 3945 799 4000 nempe
825 3947 942 3986 esse
969 3935 1055 4003 qui
1081 3929 1358 4003 generatur
1403 3929 1448 3991 et
1482 3929 1708 4007 generat.
1738 3939 1870 3993 Nam
1917 3941 2002 3995 hic

445 4013 699 4052 numerus
741 4013 970 4069 quatuor
1005 4029 1020 4051 ο
1052 4011 1105 4055 et
1134 4007 1370 4059 nascitur
1415 4008 1480 4059 de
1526 4009 1747 4069 duobus,
1777 4017 1832 4062 et
1882 4021 2004 4063 octo

444 4076 734 4148 generat...
760 4071 1098 4138 Pythagorici
1124 4071 1265 4148 hunc
1310 4091 1588 4148 numerum
1625 4077 2000 4148 (octonarium)

445 4143 699 4216 iustitiam
740 4143 1248 4216 vocaverunt,_quia
1286 4145 1488 4212 primus
1517 4143 1752 4201 omnium
1788 4147 1860 4200 ita
1899 4143 2004 4203 sol-

447 4211 589 4256 vitur
612 4211 963 4284 inuti-umeros
991 4211 1193 4284 puriter
1229 4211 1402 4281 pares,
1433 4215 1533 4270 hoc
1571 4224 1651 4270 est
1686 4218 1768 4270 bis
1794 4228 2006 4284 quater—

448 4277 990 4356 nanutnihilominus
1035 4279 1088 4330 in
1127 4277 1551 4356 numerosaeque
1600 4277 1826 4356 pariter-
1850 4302 2004 4356 pares

447 4343 638 4396 divisio
681 4361 892 4416 quoque
946 4347 1056 4416 ipsa
1104 4349 1340 4404 solvatur
1388 4353 1440 4406 in
1467 4343 1572 4408 'bis
1600 4343 1756 4407 'bina.
1807 4343 2002 4410 Eadem

485 4427 656 4485 uoque
693 4415 947 4482 qualitate
965 4415 1295 4484 contexitur,
1325 4421 1378 4476 id
1420 4432 1520 4485 est,
1554 4424 1636 4478 bis
1664 4425 1786 4477 bina
1835 4425 1936 4477 bis.
1982 4447 1997 4476 ι

494 4488 516 4558 t
530 4481 647 4562 hoc
672 4493 749 4536 est
783 4486 922 4562 quod
953 4487 1080 4540 dicit
1103 4481 1353 4562 Paulinus
1377 4481 1517 4560 quod
1548 4494 1782 4562 quadrus
1807 4508 1864 4548 se
1885 4509 2003 4562 per-

449 4554 610 4600 mittit
635 4565 730 4618 per
763 4554 992 4606 medium
1023 4560 1212 4610 secari.

519 4617 546 4655 δ
579 4617 729 4700 Quod
743 4621 880 4676 basis
900 4625 964 4676 sit
977 4629 1251 4700 t_e_tragoui.
1276 4626 1589 4700 Plutarchus
1608 4630 1700 4684 lib.
1725 4631 1799 4684 De
1817 4632 2007 4688 anima:

450 4695 830 4770 procreatione
859 4707 923 4747 ex
976 4695 1212 4770 Timzeo:
1248 4699 1573 4770 _¢_Equidem
1627 4708 1878 4770 tetractys
1921 4702 2009 4756 illa

450 4771 541 4807 seu
591 4761 868 4824 quaternio
903 4764 1340 4840 {Pythagoricis
1368 4761 1658 4840 _tantopere
1705 4761 2006 4840 praedicata,

450 4841 638 4910 ueinpe
665 4843 916 4910 numerus
940 4832 1006 4886 56
1021 4832 1084 4886 id
1121 4832 2007 4910 habetmirum,'quod'componié

451 4902 657 4978 turpest”
683 4902 868 4964 primis
914 4905 1424 4978 quatuorgparilus,
1465 4917 1516 4959 et
1549 4902 1737 4977 primis
1783 4902 2011 4978 quatuor

451 4966 743 5043 imparibus
780 4966 1034 5046 numeris.
1067 4993 1088 5046 ξ
1141 4966 1302 5046 Primi
1355 4966 1814 5046 autem-quatuor
1854 4993 2010 5045 pares

449 5037 655 5115 numeri
682 5045 802 5112 sunt
822 5037 873 5100 2,
902 5041 956 5103 4,
984 5042 1034 5102 6,
1060 5044 1110 5096 8.
1140 5043 1448 5115 Primivero
1473 5037 1700 5115 impares
1726 5037 1928 5111 Δ1,Ξ’›,’5,
1954 5048 2004 5112 7,

449 5114 582 5184 quos
611 5111 653 5153 si
700 5111 1040 5184 insomnium
1070 5112 1303 5181 colligas,
1351 5115 1418 5168 56
1455 5111 1648 5169 cllic'les
1674 5133 1687 5179 ;
1722 5119 1901 5184 sicque
1929 5127 2006 5170 te—

451 5174 1002 5255 tiag‘ou‘untobabcbis,
1044 5174 1220 5248 cuvus'
1239 5174 1379 5236 basis
1422 5194 1502 5238 est
1529 5174 1915 5255 quaternarius,
1952 5196 2009 5240 ut

453 5237 579 5291 dicit
603 5238 872 5296 Paulinus.

524 5306 772 5390 evil-abet
794 5313 848 5364 in
878 5331 929 5367 se
956 5325 1261 5390 sacramenti
1285 5322 1525 5390 ﬁguram.
1574 5324 1628 5377 Si
1671 5326 2003 5380 ethnicorum

455 5374 942 5463 theologos;
970 5386 1108 5463 sicut
1137 5374 1400 5444 terna'riuus
1423 5374 1648 5461 superis,

461 5447 639 5497 uarius
686 5447 1036 5510 Diis'inferis
1083 5465 1134 5511 et
1174 5473 1357 5515 eorum
1411 5447 1693 5533 mysteriis
1735 5447 2000 5520 etrsacris

2106 653 2280 706 omnis
2308 651 2542 721 perﬁdia:
2576 660 2631 705 et
2664 650 2887 718 nequius
2929 645 3510 715 universzesnequitim,
3538 659 3661 699 sce-

2105 741 2388 795 lestissimo
2422 755 2584 794 ausus
2636 754 2696 794 es
2739 753 2831 792 ore
2872 737 3104 806 garrire,
3148 743 3413 803 quatenus
3461 734 3660 786 trinum

2103 843 2371 896 unumque
2417 829 2579 880 Deum
2626 825 3005 895 quadripertita
3052 823 3378 892 distinguere
3427 821 3664 874 sectione

2104 917 2325 972 nitaris?
2372 918 2539 971 Porro
2584 931 2689 970 non
2740 923 2822 970 est
2867 914 3122 984 scriptum
3166 913 3353 976 sedete,
3383 912 3475 966 sed
3523 911 3666 964 sede.

2105 1007 2296 1061 Trinus
2354 1020 2583 1074 namque
2619 1019 2871 1059 numerus
2905 1003 3065 1058 dividi
3095 1014 3433 1070 nequaquam
3471 1006 3663 1069 potest,

2103 1103 2158 1147 et
2196 1103 2370 1148 tamen
2410 1103 2522 1148 tres
2558 1109 2722 1146 unum
2763 1101 2906 1155 sunt,
2934 1105 2998 1146 eo
3025 1090 3166 1160 quod
3213 1099 3397 1143 sancta
3427 1087 3667 1142 Trinitas

2105 1172 2473 1254 inseparabilis
2513 1192 2836 1253 perseveret.
2882 1183 3125 1249 Quadrus
3168 1197 3295 1236 vero
3335 1194 3359 1220 ιι
3407 1196 3669 1235 numerus

2104 1277 2272 1330 secari
2329 1291 2386 1330 se
2431 1290 2526 1344 per
2574 1275 2806 1328 medium
2849 1274 3049 1342 absque
3079 1263 3197 1324 ulla
3242 1268 3670 1323 contradictione

2103 1366 2365 1433 permittit
2395 1384 2407 1417 :
2437 1365 2575 1419 unde
2602 1373 2656 1417 et
2699 1381 2730 1418 a
2773 1363 3028 1432 mysterio
3075 1359 3356 1416 ineliabilis
3388 1361 3670 1414 Trinitatis

2106 1453 2312 1507 alienus
2346 1455 2554 1507 existet.
2589 1453 2758 1507 Habet
2800 1452 3011 1505 interim
3046 1451 3100 1503 in
3138 1465 3217 1514 se,
3254 1464 3320 1503 eo
3351 1449 3499 1517 quod
3521 1450 3668 1504 basis

2106 1543 2175 1596 sit
2202 1543 2229 1581 ι’
2256 1542 2539 1611 tetragoni,
2568 1541 2824 1594 sacratius
2868 1539 3186 1593 sacramenti
3217 1549 3252 1597 ,ο
3283 1538 3534 1608 ﬁguram,
3577 1538 3671 1592 sed

2105 1647 2136 1686 a
2163 1632 2442 1686 Trinitatis
2482 1632 2786 1686 omnimodo
2831 1631 3085 1685 societate
3129 1638 3418 1684 exsortem.
3469 1629 3671 1684 Unicus

2108 1725 2266 1794 igitur
2291 1733 2390 1787 est,
2423 1725 2515 1792 qui
2549 1723 2696 1777 sedet
2724 1723 2792 1776 ad
2832 1723 3102 1776 dexteram
3132 1720 3326 1785 Patris,
3361 1720 3567 1790 quique
3603 1734 3669 1774 ex

2107 1823 2329 1882 paterno
2364 1822 2517 1867 utero
2553 1821 2676 1866 ante
2701 1811 3033 1874 Luciferum,
3065 1818 3119 1864 et
3157 1826 3222 1863 ex
3257 1810 3485 1886 virginis
3515 1808 3669 1861 vulva

2037 1918 2079 1979 Β
2108 1904 2160 1956 in
2193 1887 2428 1970 tempore
2456 1903 2682 1971 genitus,
2716 1900 2958 1954 Christus
2981 1897 3136 1953 Jesus
3159 1899 3414 1952 Dominus
3462 1907 3667 1959 noster,

2105 2007 2261 2045 verus
2311 1993 2449 2044 Deus
2493 1982 2755 2056 v‘erusque
2797 1987 2964 2041 Filius
3007 1987 3103 2041 Dei
3153 2001 3168 2038 :
3219 1985 3670 2053 quemadmodum

2106 2078 2268 2133 Marci
2315 2078 2650 2148 evangelista:
2698 2075 3025 2130 lucidissimo
3070 2065 3371 2129 declaratur
3424 2075 3666 2128 oraculo.

2107 2165 2172 2218 Et
2201 2167 2468 2229 Dominus,
2509 2167 2699 2234 inquit,
2734 2165 2906 2228 Iesus,
2923 2174 3192 2234 postquam
3226 2161 3431 2216 locutus
3459 2171 3534 2215 est
3573 2163 3669 2222 eis,

2105 2265 2396 2324 assumptus
2435 2265 2508 2308 est
2552 2256 2606 2308 in
2644 2254 2824 2308 caelum
2848 2294 2862 2318 ,
2909 2263 2954 2308 et
2985 2253 3122 2308 sedet
3161 2253 3229 2306 ad
3275 2252 3542 2305 dexteram
3575 2251 3676 2304 Dei

2106 2345 2295 2416 (Marc.
2346 2346 2587 2415 xvi,19).
2647 2346 2821 2399 Eccur
2868 2359 2974 2398 non
3017 2343 3359 2398 confunderis
3383 2342 3672 2396 Dominum

2103 2435 2284 2490 Jesum
2305 2435 2576 2490 Christum
2619 2436 2890 2490 sedentem
2921 2435 2975 2488 in
3003 2437 3279 2488 dexteram
3313 2431 3490 2486 Patris
3536 2449 3674 2488 nun-

2104 2525 2406 2592 cupativum
2434 2525 2597 2578 Deum
2620 2532 2672 2577 et
2697 2524 3001 2592 adoptivum
3025 2502 3220 2576 Filium
3249 2523 3524 2577 conﬁteri?
3546 2539 3675 2578 cum

2104 2612 2234 2664 nulli
2285 2613 2388 2666 alio
2433 2613 2797 2681 nuncupativo
2828 2612 2938 2666 Deo
2979 2612 3138 2665 Pater
3183 2613 3381 2666 dixerit
3417 2654 3429 2664 .
3466 2612 3603 2666 Sede
3639 2632 3673 2666 a

2105 2701 2299 2753 dextris
2321 2703 2467 2764 meis,
2493 2702 2654 2753 donec
2675 2718 2866 2768 ponam
2894 2703 3127 2764 inimicos
3143 2713 3259 2756 tuos
3280 2702 3562 2756 scabellum
3588 2721 3676 2757 ne-

2103 2791 2228 2844 dum
2263 2801 2468 2844 tuorum
2509 2791 2676 2863 (Psul.
2708 2808 2818 2856 (ιιι,
2847 2793 2923 2860 1),
2966 2793 3070 2847 nisi
3110 2793 3384 2863 unigenito
3409 2794 3545 2848 Filio
3579 2795 3676 2848 Dei

2106 2881 2329 2935 Domino
2375 2891 2558 2936 nostro
2593 2881 2720 2936 Jesu
2748 2882 2965 2938 Christo
3002 2901 3014 2936 :
3054 2885 3144 2953 qui
3183 2900 3303 2939 cum
3341 2887 3530 2939 eodem
3565 2887 3676 2940 Deo

2106 2971 2265 3030 Patre
2293 2975 2674 3042 omnipotente,
2702 2984 2756 3028 et
2789 2975 2991 3042 Spiritu
3021 2985 3207 3030 sancto
3231 2977 3364 3029 vivit
3391 2987 3446 3030 et
3485 2988 3678 3047 regnat

2107 3061 2246 3115 Deus
2274 3063 2325 3114 in
2353 3062 2613 3116 Trinitate
2641 3063 2875 3130 perfecta
2901 3078 2995 3132 per
3020 3066 3196 3118 omnia
3229 3066 3422 3120 saacula
3451 3067 3676 3122 seculo-

2112 3166 2250 3203 rum.
2286 3151 2473 3204 Amen.

2024 3261 2072 3324 ς
2170 3237 2390 3307 Sumpto
2417 3239 2578 3308 igitur
2606 3240 2670 3294 de
2696 3229 2932 3294 eXtre'ma
2959 3250 3110 3309 parte
3143 3241 3282 3305 libri,
3309 3241 3473 3297 Marci
3505 3259 3673 3298 evan-

2104 3327 2303 3396 gelista:
2331 3327 2503 3382 ﬁnalis
2533 3329 2807 3382 sententia:
2833 3330 3102 3399 gratisono
3125 3332 3451 3392 testimonio,
3484 3336 3674 3388 termi-

2105 3417 2210 3470 nali
2245 3428 2564 3485 quapropter
2607 3419 2815 3473 libellus
2851 3419 2950 3473 iste
2972 3419 3082 3487 jam
3123 3420 3339 3491 jamque
3381 3424 3666 3478 claudatur

2112 3505 2300 3560 limitis
2322 3506 2445 3561 ﬁne.

2104 3739 2570 3809 ascribiturtVidc
2606 3740 2874 3794 Lutatium
2904 3742 2957 3795 in
2981 3741 3108 3796 illud
3135 3743 3290 3797 Statii
3314 3744 3407 3798 lib.
3440 3761 3494 3807 v,
3525 3763 3665 3809 vers.

2105 3806 2346 3861 86:
2393 3806 2589 3886 Quater
2633 3825 2731 3886 ειυς
2770 3825 2949 3886 sereuo
2991 3811 3231 3886 intonuit,
3279 3823 3382 3886 etc.
3426 3806 3674 3886 llludqtie

2104 3891 2314 3950 quoque
2356 3876 2590 3950 solemne
2630 3875 3544 3950 jusjurandum__Pythagoricorum,
3584 3875 3669 3940 'de

2104 3961 2208 4012 quo
2238 3944 2535 4019 Macrobius
2558 3946 2611 3999 in
2651 3962 2784 4019 sum.
2835 3945 2979 4016 Scip.
3013 3944 3104 4001 lib'.
3138 3963 3174 4011 ι,
3219 3944 3341 4019 cap.
3374 3950 3443 4004 6:
3479 3971 3494 4000 ε
3532 3944 3673 4018 Quu-

2105 4015 2396 4090 ternarium
2422 4013 2756 4090 Pythagorici
2801 4013 2959 4090 quem
2999 4013 3506 4090 τιτρακτύνίὀωιιι
3537 4013 3675 4078 adeo

2103 4083 2255 4151 quasi
2300 4084 2366 4137 ad
2391 4083 2774 4151 perfectionem
2805 4087 2998 4139 animae
3024 4083 3378 4154 pertinentem
3408 4091 3555 4145 inter
3583 4110 3672 4147 ar—

2103 4168 2258 4230 cana-
2288 4162 2629 4230 venerantur,
2664 4163 2720 4207 ut
2764 4170 2829 4208 ex
2877 4170 2943 4209 eo
2971 4154 3322 4224 iurisiurandi
3353 4160 3671 4230 religionem

2104 4221 2204 4274 sibi
2233 4220 2475 4275 fecerint.
2718 4266 2724 4272 .
2973 4220 2986 4224 ⁷
3109 4220 3121 4272 ἶ

2241 4334 2308 4386 Οὐ
2328 4333 2494 4403 μᾶτὸν
2512 4335 2725 4407 ἡμετέρᾳ
2752 4333 2900 4405 ψυχῇ
2931 4337 3217 4408 παραδόντα
3246 4349 3544 4414 ’τετρακτύν⁹

2102 4443 2158 4496 ld
2179 4452 2284 4505 est,
2307 4442 2446 4507 Non,
2466 4460 2562 4566 ἔξι-
2581 4445 2668 4512 qui
2697 4455 2885 4498 nostra:
2906 4448 3093 4498 anima:
3113 4463 3380 4500 numerum
3397 4448 3540 4502 dedit
3566 4453 3683 4520 ipse

2103 4522 2424 4566 auaternum.
2539 4513 2568 4566 d
2594 4513 2676 4566 his
2720 4515 2855 4566 addo
2883 4516 3192 4566 sacratiora.
3240 4530 3430 4566 nemne
3474 4536 3670 4566 nonwn

2138 4522 2424 4586 uqtemum.
2466 4513 2568 4566 Sed
2594 4513 2680 4586 his
2710 4515 2855 4586 addo
2883 4516 3192 4586 sacratiora.
3240 4530 3430 4586 nempe
3474 4513 3671 4574 nomon

2035 4597 2086 4655 ι)
2111 4581 2203 4634 Dei
2230 4581 2721 4656 rttpayéppetrevjd
2746 4591 2829 4636 est
2852 4585 3319 4656 quatuoriilitteris
3360 4581 3415 4640 et
3451 4590 3668 4656 quidem

2110 4651 2544 4718 vocaliL'us'apud
2573 4652 2824 4706 Hebraeos
2858 4651 3055 4707 efferri.
3087 4655 3184 4708 llic
3206 4664 3386 4708 autem
3413 4651 3672 4712 omitten-

2111 4719 2352 4797 dusnon
2392 4729 2473 4797 est
2501 4719 2649 4773 locus
2672 4719 2958 4797 Ambrosii,
2996 4723 3087 4777 lib.
3133 4724 3198 4776 de
3243 4723 3512 4778 lncarnat.
3547 4743 3665 4797 cap.

2112 4787 2164 4849 7,
2186 4788 2274 4840 ubi
2303 4789 2402 4861 hoc
2429 4789 2616 4861 ipsum_
2626 4789 2764 4861 quod
2803 4791 3070 4853 Paulinus,
3121 4803 3513 4861 argumentum,
3561 4787 3672 4850 ιιξι-

2110 4867 2262 4930 ctans
2279 4856 2505 4930 excludit
2520 4874 2558 4911 va
2578 4856 2836 4930 Trinitate
2864 4856 3268 4927 quaternitatem
3290 4856 3665 4930 personarum.

2110 4926 2200 4978 Ait
2235 4934 2408 4978 autem
2439 4928 2514 4981 sic
2543 4945 2553 4980 :
2585 4946 2602 4977 ι
2639 4927 2744 4981 Nec
2777 4926 2938 4982 timeo
2960 4945 3028 4984 ne
3055 4933 3260 4984 tetrada
3288 4926 3474 4986 ridear
3514 4935 3671 4988 indu-

2111 5009 2279 5074 (λέξιςεξθεΔ
2301 5009 2398 5074 nos
2425 5011 2546 5074 vere
2574 4997 2757 5074 solam,
2807 4999 2895 5074 qui
2929 4999 3042 5074 .hoc
3091 5000 3399 5074 asserimus,
3439 5003 3672 5074 colimus

2113 5062 2446 5142 Trinitatem.
2490 5065 2602 5142 lflon
2646 5066 2792 5142 enim
2816 5062 3082 5142 Christum
3110 5069 3303 5142 divido,
3334 5062 3458 5124 cum
3487 5073 3668 5126 carnis

2113 5131 2232 5203 ejus
2249 5131 2642 5203 divinitatisque
2673 5135 2938 5203 distinguo
2961 5139 3308 5191 substantiam
3332 5156 3346 5203 ;
3381 5142 3474 5195 sed
3502 5158 3666 5195 unum

2111 5201 2378 5276 Christum
2405 5218 2524 5276 eum
2553 5201 2721 5276 Patre
2730 5213 2787 5276 et
2800 5201 3008 5276 Spiritu
3035 5207 3125 5260 Dei
3153 5201 3420 5276 prmdieo;
3455 5220 3507 5262 et
3551 5212 3671 5264 illos

2115 5271 2300 5351 magis,
2329 5271 2417 5338 qui
2444 5287 2657 5351 carnem
2684 5271 2884 5351 Christi
2916 5275 3070 5351 unius
3092 5271 3528 5351 etun_diviuitate
3551 5282 3667 5351 ejus

2113 5338 2293 5460 dticuuit
2341 5356 2459 5395 esse
2516 5343 2845 5405 substantiae,
2897 5346 3100 5398 tetrada
3148 5346 3399 5401 inducere
3448 5338 3672 5405 demou-

2113 5422 2135 5459 s
2165 5424 2218 5459 ra
2239 5425 2308 5460 ao.
2340 5428 2355 5459 ι

2111 5422 2308 5461 ειτιιιξο.
2340 5428 2355 5459 ι
