3926 6468
138 513 236 568 417

815 513 1086 570 comas
1124 508 1413 564 rmch
1455 503 1984 574 URGELUTANDM
2022 493 2200 559 metu
2237 507 2320 562 lll.
2362 538 2428 547 —-
2464 508 2587 561 LIB.
2614 473 2690 560 ‘u.

3248 499 3350 559 ΗΒ

197 645 3353 676 W

1245 762 1402 832 138
1453 759 1751 835 LIBER
1801 755 2349 833 SECUNDUS.

647 999 872 1057 CAPUT
916 997 1202 1054 PRIMUM.
1225 1017 1227 1019 ί

141 1124 291 1176 Iesus
329 1104 725 1188 prwdeatinatus
771 1110 941 1188 ilius
971 1109 1064 1188 Dei
1098 1109 1178 1188 in
1199 1107 1382 1188 virtute
1419 1099 1699 1188 secundum

208 1172 466 1258 Spiritum
511 1181 956 1258 sanctiﬁcationis,
992 1187 1069 1258 ut.
1107 1179 1179 1228 ait
1228 1172 1445 1232 Paulus.
1493 1186 1597 1223 non
1612 1183 1705 1237 per

205 1248 558 1323 adoptionem,
588 1261 643 1304 ut
670 1248 814 1303 aiunt
843 1248 1093 1301 haeretici.

206 1367 422 1422 Initium
459 1365 621 1435 igitur
647 1361 768 1416 libri
803 1357 1018 1414 secundi
1045 1357 1110 1411 de
1138 1354 1398 1424 principio
1445 1353 1571 1405 sane
1596 1348 1708 1417 epi-

141 1459 398 1514 stularum
432 1453 574 1510 beati
614 1450 854 1521 Apostoli
904 1445 1191 1514 mundique
1241 1441 1475 1496 doctoris
1507 1437 1706 1509 egregii

140 1545 377 1601 exordiri
409 1543 681 1612 incipiam,
724 1545 984 1608 quatenus
1012 1534 1293 1588 verborum
1338 1530 1566 1583 stamina
1601 1527 1708 1581 dis-

141 1635 438 1706 putationis
478 1644 503 1671 ι
534 1631 686 1684 radio
739 1628 879 1682 illius
921 1626 1140 1680 edoctus
1185 1619 1477 1691 magisterii
1516 1616 1709 1672 fultus-

144 1741 252 1795 que
282 1724 490 1778 valeam
533 1719 906 1774 discriminare
945 1713 1247 1785 praesidiis:
1292 1711 1485 1779 ﬁlaque
1529 1710 1710 1763 admo-

142 1818 269 1867 dum
303 1809 568 1866 efIIuentia
609 1808 786 1878 typico
811 1807 1008 1860 inserta
1040 1803 1300 1868 licjalorio
1334 1803 1556 1855 sincera:
1594 1813 1712 1853 sus-

142 1913 302 1973 cepto
348 1901 471 1955 ﬁdei
521 1899 749 1970 pectine,
779 1895 1191 1961 caelestibusque
1228 1889 1483 1960 inspectis
1531 1898 1712 1942 texere

143 1991 362 2046 indiciis
402 2005 507 2043 non
539 1998 859 2055 torpescam.
895 1983 1110 2046 Paulus,
1155 1982 1342 2049 inquit,
1369 1995 1542 2032 servus
1583 1977 1710 2032 Jesu

145 2080 365 2141 Christi,
418 2086 623 2131 vocatas
663 2073 954 2142 Apostolus,
1007 2078 1299 2139 segregatus
1336 2068 1391 2119 in
1431 2064 1711 2133 Evangelia

145 2169 268 2230 Dei,
291 2166 429 2237 quod
451 2172 571 2217 ante
590 2162 894 2231 promiserat
914 2175 1004 2228 per
1023 2159 1292 2227 prophetas
1320 2173 1439 2210 suos
1456 2157 1512 2208 in
1535 2155 1710 2223 Scrip-

146 2260 283 2311 turis
311 2253 504 2308 sanctis
530 2252 594 2304 de
631 2249 772 2302 Filia
803 2263 919 2311 sua,
948 2248 1034 2316 qui
1062 2247 1230 2315 factus
1260 2255 1331 2298 est
1353 2247 1398 2299 ei
1431 2262 1494 2298 ex
1523 2245 1713 2298 semine

1730 1010 1777 1064 Α
1804 999 2028 1059 pagatus
2062 991 2395 1058 perditionis,
2437 993 2601 1062 ipsius
2626 1006 2837 1060 quoque
2862 997 3218 1062 praeveniente
3236 1014 3358 1068 gra-

1803 1080 1877 1132 tia
1911 1093 2020 1146 per
2046 1080 2316 1134 lavacrum
2354 1081 2772 1151 regenerationis
2819 1081 2958 1136 effici
3005 1083 3145 1140 ﬁlius
3186 1087 3362 1144 lucis:

1803 1181 1873 1220 an
1931 1167 2107 1234 potius
2165 1170 2617 1236 quemadmodum
2669 1168 3015 1223 excellentius
3079 1172 3362 1243 singularis

1803 1255 2099 1309 nativitatis
2141 1254 2258 1324 ejus
2293 1256 2461 1324 gloria
2495 1257 2836 1324 praedicatur,
2875 1257 2947 1312 ita
2993 1259 3086 1313 ﬁlii
3137 1262 3368 1331 dignitas

1805 1346 2148 1416 singulariter
2175 1347 2330 1401 modo
2346 1348 2597 1401 -mirabili
2627 1348 2986 1416 perdocetur?
3015 1350 3369 1406 Pnedestina-

1807 1446 1894 1490 tus
1923 1445 2027 1499 est,
2070 1435 2170 1500 ais,
2203 1436 2371 1490 Filius
2397 1437 2512 1490 Dei.
2544 1435 2646 1490 Per
2672 1437 2833 1504 quod,
2877 1441 3202 1506 expressius,
3250 1455 3367 1502 oro,

1808 1526 2038 1580 declara.
2076 1524 2237 1580 Forte
2269 1541 2365 1596 per
2401 1525 2780 1594 adoptionem?
2807 1526 2982 1581 Absit.
3022 1528 3370 1600 Nequaquam

1808 1632 1905 1686 per
1932 1617 2288 1686 adoptionem.
2323 1618 2432 1672 lloc
2460 1618 2603 1671 enim
2637 1618 2872 1671 hmretici
2918 1621 3227 1687 usurpatius
3266 1637 3371 1676 non

1809 1718 2054 1765 metuunt
2081 1724 2385 1764 susurrare.
2424 1709 2841 1763 Prurdestinatus
2879 1709 3057 1778 itaque
3083 1709 3250 1766 Filius
3281 1713 3376 1766 Dei

1809 1798 1863 1852 in
1889 1797 2085 1851 virtute
2114 1797 2403 1851 secundum
2435 1795 2692 1865 Spiritum
2720 1797 3158 1852 sanctiﬁcationis
3192 1814 3260 1853 ex
3292 1816 3377 1852 re-

1811 1886 2142 1941 surrectione
2175 1894 2507 1964 mortuorum
2548 1883 2674 1940 Jesu
2711 1886 2910 1940 Christi
2938 1888 3145 1941 Domini
3179 1891 3371 1943 nostri.

1814 1975 1958 2030 Satis
2008 1975 2243 2043 satisque
2296 1973 2600 2027 consolatus
2652 1988 2711 2028 es
2800 1990 2900 2038 me,
2933 1977 3086 2032 beate
3139 1980 3377 2048 apostole

1813 2065 1994 2119 Paule.
2022 2063 2299 2126 Reﬁoruit,
2327 2063 2604 2129 profiteor,
2632 2077 2699 2115 ex
2738 2062 2839 2117 hoc
2859 2078 2985 2117 caro
3016 2080 3151 2129 mea,
3180 2077 3235 2120 et
3275 2068 3377 2120 hoc

1812 2161 1896 2208 est
1924 2167 2098 2206 meum
2127 2151 2482 2220 refrigerium.
2517 2151 2575 2203 In
2604 2151 2798 2204 virtute
2829 2167 3058 2221 namque
3085 2156 3376 2210 secundum

1815 2243 2073 2313 Spiritum
2104 2240 2560 2304 sanctiﬁcationis,
2591 2255 2696 2294 non
2722 2240 2775 2294 in
2803 2241 3084 2310 adoptione
3105 2245 3380 2312 prazdesti-

147 2345 323 2400 David
355 2341 636 2397 secundum
662 2354 887 2400 carnem,
917 2337 1006 2406 qui
1035 2335 1425 2405 prmdestinatus
1446 2343 1518 2388 est
1545 2332 1592 2385 F
1596 2333 1715 2386 ilius
1749 2339 1789 2395 Β
1820 2341 1974 2388 natus
2009 2340 2094 2387 est
2121 2331 2261 2386 ﬁlius
2299 2332 2430 2395 Dei;
2456 2333 2707 2400 quoniam
2747 2333 2917 2387 virtus
2952 2332 3212 2387 Altissimi
3254 2335 3379 2389 bea-

151 2432 247 2486 Dei
274 2430 452 2502 (Rom.
485 2445 525 2491 ι,
556 2427 579 2480 1
609 2442 692 2495 seq
721 2425 760 2492 ).
793 2424 1094 2477 Secundum
1124 2422 1176 2475 i:l
1197 2416 1337 2475 enim
1380 2422 1573 2476 dicitur
1596 2435 1721 2489 pro-

148 2520 237 2574 cul
300 2517 458 2572 dubio
509 2513 934 2583 praedestinatus,
985 2510 1126 2578 quod
1191 2509 1362 2563 factus
1411 2524 1476 2563 ex
1507 2509 1723 2561 semine

153 2608 329 2665 David
378 2606 672 2660 secundum
715 2616 932 2656 carnem
971 2608 1329 2670 prasconatur.
1379 2598 1492 2662 Dic,
1541 2613 1722 2666 quaeso

152 2707 229 2762 te,
273 2712 307 2751 ο
337 2695 592 2764 Magister
629 2691 899 2752 Gentium,
945 2704 1130 2743 curam
1168 2703 1358 2759 gerens
1401 2703 1506 2741 non
1551 2690 1724 2740 solum

153 2788 436 2849 Romana),
461 2783 555 2838 sed
590 2782 830 2836 omnium
855 2779 1235 2843 Ecelesiarum,
1268 2780 1358 2848 qui
1383 2795 1487 2834 non
1512 2779 1580 2833 ab
1623 2778 1723 2832 ho—

152 2879 411 2939 minibus,
442 2887 616 2943 ncque
642 2886 738 2942 per
766 2869 1058 2931 hominem,
1083 2869 1175 2922 sed
1203 2884 1302 2937 per
1344 2869 1724 2923 revelationem

151 2966 281 3020 Jesu
303 2965 506 3019 Christi
529 2961 670 3033 (Gal.
704 2978 744 3025 ι,
775 2961 826 3024 l,
862 2959 950 3023 ll,
991 2957 1099 3028 1⁸2),
1127 2958 1219 3026 qui
1244 2958 1557 3025 loquebatur
1577 2957 1629 3008 in
1653 2965 1725 3018 te,

151 3052 419 3124 quidquid
470 3052 749 3115 docueras,
803 3046 1074 3103 didicisti;
1102 3061 1199 3115 per
1248 3047 1606 3122 adoptionem,
1631 3060 1729 3114 pu-

153 3151 317 3196 tasne
354 3139 764 3209 praedestinatus
788 3145 865 3191 est
902 3134 1136 3191 Verbum
1165 3150 1293 3190 caro
1325 3133 1521 3188 factum
1560 3133 1728 3188 Filius

155 3231 271 3296 Dei,
306 3229 471 3284 veluti
495 3227 717 3298 quilibet
740 3228 1055 3294 electorum,
1089 3230 1154 3284 de
1188 3241 1363 3282 massa
1392 3233 1572 3279 tamen
1606 3238 1729 3292 pro-

223 3383 673 3455 ‘_Diaptttationis
694 3384 884 3455 radia._
910 3381 1326 3455 Inter_textori:e
1365 3379 1496 3431 artis
1532 3391 1729 3446 organa

153 3453 224 3507 ab
250 3449 452 3510 Ovidio
475 3454 656 3507 radius
685 3453 1000 3515 recensitus,
1022 3449 1244 3518 ejusque
1268 3463 1399 3503 usus
1425 3462 1547 3502 cum
1572 3455 1728 3500 caete.

161 3526 236 3578 ris
264 3524 517 3592 proditus
541 3521 753 3575 Metam.
784 3522 877 3576 lib.
911 3537 988 3587 vr,
1013 3535 1064 3573 v.
1095 3519 1164 3574 55
1193 3537 1204 3571 :

286 3611 410 3660 Tela
433 3612 552 3672 jugo
569 3612 732 3671 juncta
757 3617 830 3659 est
857 3623 870 3672 ς
893 3617 1078 3672 stamen
1100 3609 1314 3658 secernit
1334 3607 1515 3672 arundo
1541 3620 1553 3654 :

289 3669 534 3721 Inseritur
556 3669 762 3718 medium
788 3671 934 3718 radiis
956 3671 1246 3728 subtegmeu
1269 3669 1417 3716 seruis
1439 3706 1450 3726 ,

288 3734 431 3790 Quod
453 3732 588 3790 digiti
613 3732 897 3790 expediunt,
922 3737 1064 3790 atque
1082 3727 1218 3790 inter
1236 3729 1438 3775 stamina
1457 3727 1670 3775 ductum.

288 3788 540 3841 Percussa
569 3788 749 3840 feriunt
770 3791 939 3838 inserti
965 3788 1155 3850 pectine
1177 3788 1368 3836 dentes.

161 3871 283 3936 Quo
312 3870 465 3924 enim
499 3869 605 3922 alio
649 3868 1020 3930 instrumento,
1051 3882 1212 3989 quam
1254 3865 1516 3927 navicula,
1562 3865 1613 3919 id
1658 3874 1740 3919 est

161 3940 342 3989 radio-
361 3939 675 3989 subteamen
706 3937 1000 3989 inseritur?
1024 3937 1069 3989 Α
1094 3937 1140 3989 ia
1172 3935 1326 3989 huius
1365 3936 1497 3987 artis
1537 3935 1736 3988 instru-

158 3935 342 4000 radio.
361 3939 675 4005 subtegmen
706 3937 1000 3990 inseritur?
1024 3935 1140 3990 Alia
1172 3935 1340 4005 hujus_
1365 3936 1497 3987 artis
1518 3935 1736 4005 instru-

161 4003 766 4128 mentarggn‘omissis
818 4005 1001 4068 radiis,
1030 4012 1274 4074 recenset
1322 4003 1598 4058 Lucretius
1642 4004 1734 4056 lib.

169 4091 226 4128 ν.
267 4091 322 4128 v.
392 4089 428 4128 ο
505 4112 518 4125 .

169 4091 226 4140 v,
267 4091 322 4129 v.
357 4089 518 4128 won.

293 4161 534 4213 loaubula
555 4151 615 4209 ae
632 4160 744 4220 fusi,
771 4161 912 4221 radit,
941 4161 1200 4222 scappique
1222 4165 1468 4208 sonantes.

159 4244 364 4314 Itaque
389 4243 646 4314 Paulinus
677 4242 846 4314 radio,
887 4241 1440 4314 liciatorio,_pectine,
1492 4239 1739 4314 stamine,

162 4308 278 4375 filo;
332 4310 818 4371 discriminatione,
873 4318 1082 4363 textura
1124 4309 1289 4361 utitur
1340 4308 1618 4376 allegorice
1675 4311 1743 4363 ad

161 4382 493 4436 ordiendum
525 4377 906 4446 texendamque
942 4378 1100 4432 telam
1128 4377 1499 4446 disputationis
1522 4377 1742 4431 alteram

164 4460 359 4504 contra
419 4448 669 4502 Felicem.
716 4445 1225 4516 Allegoriarquidcm
1283 4461 1387 4499 non
1438 4446 1744 4514 infrequens

164 4520 308 4590 apud
335 4520 658 4590 scriptores,
689 4532 807 4569 cum
830 4515 908 4590 _de
932 4515 1123 4590 aliqua
1156 4516 1476 4590 actionevcl
1505 4516 1743 4590 oratione

165 4583 354 4642 sermo
377 4583 472 4640 sit.
498 4587 659 4652 Isaias
684 4599 806 4647 xxv,
830 4584 858 4634 7
884 4599 896 4635 :
921 4585 986 4635 Et
1011 4583 1347 4652 prafcipitabit
1375 4585 1441 4652 in
1457 4592 1626 4635 monte
1647 4585 1744 4636 ista

166 4659 362 4778 {aciem
406 4650 602 4706 vinculi
627 4652 853 4720 colligati
889 4648 1042 4720 super
1076 4648 1249 4702 omnes
1281 4648 1516 4728 papulas,
1559 4659 1613 4702 et
1663 4659 1744 4704 te-

189 4742 273 4778 am
315 4737 488 4778 anam
517 4721 723 4773 orditus
762 4729 843 4771 est
864 4735 1018 4778 super
1049 4734 1220 4770 omnes
1249 4727 1500 4771 nationes.
1553 4719 1620 4772 Et
1649 4721 1744 4772 ite-

189 4742 273 4778 :nn
315 4721 723 4791 quamportlitus
749 4719 843 4791 est
864 4719 1018 4791 super
1049 4734 1220 4770 omnes
1249 4719 1508 4791 nationes.
1553 4719 1620 4772 Et
1649 4721 1746 4791 ite-

167 4809 291 4846 rum
323 4785 462 4853 xxx,
497 4790 516 4841 l
547 4806 559 4841 :
602 4787 689 4841 Va:
726 4788 823 4856 lilii
853 4785 1152 4849 desertores,
1178 4797 1250 4856 fut
1302 4785 1536 4853 faceretis
1574 4790 1748 4841 conci-

166 4862 296 4914 lium
318 4871 371 4914 et
393 4875 504 4916 non
523 4874 586 4910 ea:
607 4874 685 4909 me
702 4867 756 4910 et
783 4857 1089 4912 ordiremini
1124 4855 1382 4924 telam.fct
1406 4872 1507 4908 non
1526 4872 1616 4924 per
1643 4857 1748 4924 spi-

169 4933 332 4983 ritam
350 4942 556 5001 meum.
585 4926 866 4980 Plautusin
881 4925 1128 4978 Bacchid.
1153 4939 1204 4974 v.
1223 4923 1344 4985 526,
1365 4939 1445 4976 ac.
1475 4923 1534 4986 u,
1566 4940 1641 4977 sc.
1670 4923 1739 4975 3:

300 5019 429 5067 Exo:
445 5030 502 5065 sa
528 5016 631 5064 haec
656 5014 750 5063 tela
768 5027 858 5062 non
884 5013 1010 5061 male
1034 5023 1107 5060 es“.
1127 5011 1319 5060 omnino
1341 5013 1474 5072 mihi,
1531 5066 1533 5069 τ

209 5114 270 5151 ro
300 5100 412 5152 hoc
443 5092 848 5163 negotiumSed
874 5093 1015 5163 etab
1038 5091 1276 5163 Etruscis
1299 5091 1490 5163 poetis
1496 5103 1747 5161 usurpata

209 5114 270 5151 το
300 5111 412 5152 hoc
443 5111 848 5163 ncgnuumccu
874 5111 928 5145 ει
949 5111 1015 5146 an
1038 5111 1276 5145 LITUSCIS
1299 5111 1475 5158 μορυς
1496 5111 1747 5161 usurpata

169 5111 274 5217 Erit
320 5180 436 5217 non
468 5161 634 5215 semel
672 5161 881 5230 phrasis
922 5158 1091 5230 hujus,
1120 5159 1399 5230 elegantia.
1447 5159 1750 5228 Torquatus

173 5234 394 5302 quidem
429 5230 477 5283 Τ
481 5245 635 5282 assus
667 5228 819 5282 Cant.
854 5237 926 5292 iv,
951 5238 1047 5281 str.
1070 5228 1174 5280 εις

365 5317 520 5366 'l'essl
551 5316 592 5361 la
616 5315 734 5371 tela,
761 5315 851 5363 ehe
876 5305 909 5362 ﬁ
939 5322 1116 5362 mastro
1139 5315 1291 5362 ordita

368 5377 435 5426 Di
463 5383 607 5424 canto
631 5375 825 5421 veeehio
843 5375 1114 5422 esecutrice
1134 5375 1302 5422 ardita.

252 5457 420 5528 139
448 5452 862 5528 Et‘Franciscus
875 5451 1162 5528 Petrarcha
1183 5452 1236 5505 in
1258 5450 1369 5528 ρᾶς
1394 5465 1513 5528 quae
1533 5452 1714 5528 incipit
1740 5470 1752 5504 :

181 5519 600 5592 Iro—pverisanda,
624 5521 734 5574 Str.
764 5519 885 5584 υιιη
912 5520 1034 5572 vita:
1052 5533 1160 5573 smn
1181 5520 1455 5588 periodum
1479 5519 1595 5574 tela:
1617 5519 1761 5573 com-

185 5600 386 5660 parat:

306 5683 413 5731 (She
438 5691 539 5739 pur
562 5675 882 5739 deliberando
899 5675 960 5722 ho
983 5673 1370 5739 voltoalsubbio

228 5771 234 5776 η
307 5734 452 5792 ὓηιί
475 5746 616 5797 parte
644 5739 767 5785 ornat
790 5734 914 5784 della
938 5738 1028 5784 mla
1056 5735 1151 5783 tela
1178 5737 1348 5783 breve.

191 5840 417 5912 ilusque
446 5835 582 5892 facit
607 5835 844 5890 Narseus
858 5837 1151 5905 responsio,
1166 5836 1252 5904 qui
1275 5835 1486 5904 Sophia:
1503 5850 1559 5890 se
1575 5837 1640 5888 ab
1658 5837 1758 5889 Ita-

1774 4976 1825 5034 Ι)

1823 2431 1891 2477 ιω
1913 2421 2253 2476 obumbravit
2278 2421 2493 2488 virgini,
2521 2429 2573 2475 et
2602 2421 2836 2490 Spiritus
2866 2432 3084 2477 sanctus
3104 2424 3381 2479 inviolabi-

1821 2510 1893 2563 lia
1939 2518 2182 2564 materna
2235 2509 2438 2564 viscera
2487 2509 2780 2565 fecundans
2812 2513 3201 2567 sanctificavit:
3233 2515 3379 2568 ideo-

1822 2614 1926 2669 que
1974 2609 2028 2654 et
2053 2599 2194 2668 quod
2225 2609 2407 2652 natum
2444 2608 2526 2654 est
2568 2616 2634 2654 ex
2663 2616 2727 2655 ea
2755 2609 3021 2667 sancttnn,
3055 2614 3275 2659 vocatus
3302 2615 3386 2660 est

1823 2691 1990 2746 Filius
2030 2690 2144 2744 Dei.
2175 2689 2297 2744 Ideo
2332 2690 2454 2758 quia
2491 2690 2723 2758 Spiritus
2753 2701 2968 2746 sanctus
3008 2695 3228 2762 replevit
3265 2706 3381 2750 nte.

1823 2797 1942 2835 rum
1969 2781 2205 2852 virginis,
2232 2789 2285 2835 et
2315 2781 2486 2834 virtus
2505 2780 2762 2836 Altissimi
2787 2782 3126 2837 obumbravit
3153 2785 3225 2848 ei,
3257 2785 3386 2839 Ver-

1825 2873 2058 2940 bumque
2101 2886 2239 2925 caro.
2258 2869 2454 2924 factum
2491 2880 2594 2935 est,
2639 2888 2743 2927 non
2789 2874 3054 2928 connnuni
3091 2875 3388 2944 adoptionis

1826 2959 2100 3023 vocabulo,
2132 2959 2223 3014 sed
2251 2961 2591 3029 singulariter
2614 2962 2874 3016 Altissimi
2932 2965 3274 3034 proprietatis
3300 2983 3390 3018 no-

1828 3050 1971 3104 mine
2015 3059 2238 3102 vocatus
2268 3059 2351 3103 est
2385 3049 2573 3104 Filius.
2606 3051 2723 3106 Non
2762 3053 2904 3106 enim
2951 3037 3229 3112 arundinis
3273 3071 3389 3108 mu-

1829 3151 1990 3190 crone
2014 3137 2067 3202 ι’,
2098 3151 2196 3191 nec
2224 3136 2580 3202 frustratorie,
2609 3139 2702 3192 sed
2731 3141 2994 3194 veraciter
3021 3141 3273 3208 scriptum
3317 3143 3390 3196 lc-

1831 3225 1991 3295 gitur,
2029 3224 2252 3279 Verbum
2282 3243 2403 3280 cara
2438 3227 2632 3295 factum
2659 3237 2754 3293 est,
2780 3237 2826 3281 et
2856 3228 3101 3295 habitavit
3132 3232 3185 3284 in
3221 3231 3386 3292 nobis,

1831 3379 1900 3431 lia
1917 3379 2216 3452 revocanti,
2231 3390 2308 3446 et,
2325 3384 2465 3450 quod
2481 3384 2756 3438 eunuchus
2773 3394 2933 3452 esset,
2950 3386 3088 3440 inter
3109 3387 3313 3452 puellas
3329 3388 3395 3442 ad

1830 3463 1995 3518 pensa
2029 3449 2122 3518 lini
2170 3449 2410 3518 lanzeque
2450 3455 2779 3516 amandanti,
2810 3449 3012 3507 remisit
3044 3473 3062 3503 ι
3101 3449 3281 3509 Talem
3333 3472 3394 3511 se

1833 3517 2002 3589 eidem
2032 3516 2186 3570 telam
2235 3516 2560 3584 arditurum,
2588 3522 2796 3588 qualem
2846 3523 2958 3589 ipsa
3002 3523 3127 3576 dum
3163 3525 3387 3589 viveret,

1835 3587 2099 3660 deponere
2132 3603 2254 3660 non,
2289 3599 2488 3660 posset.
2525 3608 2542 3640 ι
2575 3587 2828 3660 Ουυόγοι
2866 3587 3144 3660 prccstitit,
3175 3587 3396 3647 clicieus

1758 3651 1801 3712 C
1834 3651 2210 3726 Langobardos
2244 3651 2531 3711 ili—Italiam
2567 3651 2702 3726 teste
2739 3659 2820 3712 P..
2855 3651 3086 3714 Diacnno
3133 3651 3196 3714 de
3253 3671 3389 3726 gest.

1837 3723 2169 3798 bongobard.
2195 3726 2286 3778 lib.
2313 3742 2385 3798 n,
2402 3742 2520 3796 cap.
2552 3727 2609 3798 ii,
2635 3723 2718 3782 οἶιὶ
2747 3738 2922 3782 tamen
2955 3746 3056 3782 nnn
3080 3723 3398 3798 astipulantur

1837 3792 2096 3845 Baronius
2123 3801 2304 3847 noster
2325 3797 2389 3848 ad
2431 3792 2516 3847 an.
2548 3795 2668 3857 567,
2698 3813 2751 3849 η.
2781 3799 2838 3850 ll
2890 3799 3137 3852 evincens
3186 3792 3250 3852 ex
3293 3799 3395 3852 Co-

1837 3861 1988 3938 rippo
2017 3869 2140 3938 tunc
2180 3863 2230 3938 in
2279 3860 2426 3915 Italia
2451 3880 2576 3938 ⁵ηοῐι
2610 3867 2947 3938 inilnoratum
2976 3866 3271 3928 Narseteut,
3300 3867 3396 3920 sed

1837 3937 1992 4002 antea
2029 3930 2699 4002 jam_Cptistantinopolilit
2743 3941 3068 3995 revocatum,
3100 3949 3400 4002 magnoque

1839 3998 1890 4049 in
1931 3998 2131 4060 honore
2157 3998 2414 4051 habitum.
2467 3998 2550 4052 'l‘u
2584 4000 2991 4054 elucidationem
3031 4001 3109 4055 rei
3163 3998 3283 4060 p'ete
3310 3998 3397 4055 'cx

1837 4065 2035 4137 gritica
2058 4066 2117 4137 P.
2150 4067 2298 4137 Pagi,
2315 4067 2696 4137 tres_1_\'arsetcs
2725 4069 3028 4122 inmedium
3054 4065 3395 4137 proferentis.

1839 4133 1943 4186 Sed
1965 4149 2029 4186 ne
2055 4133 2385 4206 dimittamus
2407 4135 2556 4206 ﬁlum
2587 4136 2701 4188 tela:
2731 4146 2942 4200 nostra',
2972 4137 3041 4192 nil
3058 4133 3393 4206 frequentius

1839 4216 1972 4273 pene
2000 4202 2416 4273 occurritgquam
2469 4204 2586 4258 telae
2629 4214 2959 4273 textumque
3012 4202 3262 4272 allegoria
3305 4207 3398 4261 ubi

1840 4271 2017 4338 agitur
2044 4271 2108 4322 de
2131 4271 2395 4324 scribendi
2428 4273 2654 4336 ratione,
2687 4274 2760 4326 ita
2791 4282 2850 4326 ut
2874 4271 3043 4326 texere
3073 4271 3135 4326 et
3154 4285 3322 4328 textus
3345 4284 3400 4328 ct

1840 4338 1924 4390 his
1945 4338 2138 4408 similia
2165 4356 2267 4392 non
2294 4341 2468 4394 minus
2492 4342 2556 4394 de
2579 4341 2846 4408 loquendi,
2875 4357 3032 4408 quam
3075 4343 3140 4395 de
3186 4345 3399 4398 texendi

1841 4415 1954 4478 arte
1981 4407 2243 4461 dicantur.
2263 4410 2450 4464 Cicero
2471 4407 2663 4461 Famil.
2692 4409 2783 4463 lib.
2811 4407 3061 4478 lx,eplst.
3083 4410 3144 4463 2i
3179 4428 3190 4463 :
3223 4430 3239 4460 ι
3267 4413 3398 4478 Epi-

1841 4475 2007 4528 stolas
2028 4491 2154 4530 vero
2176 4478 2500 4545 quotidianis
2529 4478 2705 4531 verbis
2752 4475 3207 4533 texere—solemus.
3242 4500 3259 4529 ν
3305 4475 3397 4534 Sic

1841 4558 2050 4616 quoque
2075 4545 2139 4599 de
2166 4548 2373 4616 placitis
2405 4555 2642 4616 veterum
2682 4547 3031 4614 quorumdam
3062 4549 3403 4616 philosopho-

1844 4627 1962 4666 rum
1993 4614 2214 4683 loquens
2250 4615 2564 4683 Francisctis
2598 4614 2890 4669 Petrarcha
2939 4617 2991 4669 in
3032 4614 3115 4676 eo,
3143 4614 3284 4683 quod
3324 4617 3403 4670 in-

1843 4673 2294 4750 scripsif’l‘riaafa
2317 4682 2452 4735 della
2481 4681 2645 4735 Fama
2676 4698 2793 4752 cap.
2818 4685 2873 4748 5,
2902 4685 3043 4737 circa
3080 4673 3275 4739 ﬁnem;

1860 4791 1869 4795 ·
1965 4772 2050 4820 Poi
2070 4786 2157 4820 con
2179 4785 2296 4832 gran
2320 4772 2576 4828 subblo,'et
2598 4785 2684 4819 con
2709 4771 2897 4820 mirahtl
2922 4772 3024 4820 fuso

1968 4833 2076 4880 Vidi
2102 4831 2200 4880 tela
2219 4831 2349 4880 sottll
2372 4839 2530 4881 tesser
2547 4832 2796 4894 Chrislppo

1850 4920 1903 4964 et
1940 4913 2097 4980 paulo
2116 4918 2235 4979 post
2267 4928 2279 4962 :

1974 4998 2012 5059 Ε
2042 5011 2128 5059 per
2148 4999 2320 5046 formar
2341 5013 2424 5048 sua
2447 4999 2572 5048 bella
2594 4999 2871 5059 intentione
2964 5043 2966 5046 ,

1978 5058 2148 5106 Lasua
2173 5059 2270 5107 tela
2285 5059 2441 5121 gentil
2465 5069 2624 5108 tcsser
2648 5058 2865 5109 Cleante.

1854 5139 1993 5208 Ergo
2033 5137 2135 5192 hac
2169 5138 2419 5208 allegoria
2465 5153 2593 5191 usus
2627 5146 2683 5192 et
2716 5139 2991 5193 Paulinus.

1924 5226 1952 5264 ι’
2010 5225 2129 5278 Non
2179 5225 2314 5277 enim
2361 5224 2632 5277 arundinis
2678 5239 2938 5277 mucrone.
2991 5222 3100 5277 Cur
3152 5223 3404 5280 Paulinus

1856 5293 2052 5362 excipit
2099 5294 2185 5345 hic
2236 5291 2542 5362 arundinem
2573 5293 2824 5362 innocens
2847 5293 3065 5362 omnino
3101 5293 3407 5360 scriptionis

1856 5359 2132 5430 organum,
2161 5367 2215 5430 et
2240 5359 2546 5430 indifferens
2567 5359 2804 5430 veritatis
2824 5360 3187 5430 mendaciique
3211 5359 3407 5430 instru-

1859 5425 2130 5497 mentum?
2157 5427 2237 5480 An
2264 5427 2399 5481 forte
2427 5429 2548 5497 quia
2578 5429 2884 5497 signum‘sit
2908 5425 3130 5494 alicujus
3170 5425 3406 5496 profanae

1860 5496 1971 5549 rei?
1995 5495 2250 5565 Equidem
2273 5497 2410 5563 apud
2445 5491 2749 5565 scriptores,
2786 5491 3092 5565 frequenter
3124 5491 3409 5565 usurpatur

1861 5579 1958 5632 pro
1982 5577 2044 5615 ea
2074 5562 2378 5632 scriptione,
2404 5577 2523 5632 qua;
2553 5562 2842 5617 vanitatem
2866 5562 3200 5632 fabulamque
3222 5562 3409 5632 sapere

1862 5630 1994 5684 solet
2023 5649 2036 5684 :
2067 5641 2120 5683 et
2143 5630 2193 5684 si
2214 5633 2404 5698 placet,
2428 5631 2560 5684 adde
2587 5647 2651 5685 ex
2691 5632 2878 5691 Gnido,
2907 5630 3098 5685 Veneri
3117 5630 3296 5693 sacra,
3324 5630 3410 5682 vel

1863 5699 2096 5769 Egypto
2119 5701 2354 5751 moribus
2367 5713 2635 5767 corrupta,
2659 5700 2888 5765 luxuque
2917 5698 3174 5769 defluente
3211 5699 3262 5750 in
3289 5711 3410 5765 pre-

1866 5768 1952 5820 tio’
1979 5769 2198 5838 habites
2213 5769 2858 5838 arundinescalamosque
2879 5768 3114 5838 getsiusu
3153 5777 3411 5838 p_r:_cstan-

1865 5838 1968 5890 tior
1987 5851 2045 5894 ‘s.
2070 5835 2272 5903 origine
2303 5844 2478 5889 tamen
2505 5836 2747 5890 infames.
2776 5833 2912 5888 Audi
2939 5833 3172 5888 Plinium
3184 5833 3276 5888 lib.
3302 5847 3409 5896 xvi,
