3926 6456
163 425 255 481 421

840 426 1106 482 CONTRA
1149 427 1437 483 FELICEM
1478 428 2005 485 [ERGEIJJTANUM
2029 431 2215 486 LIBRI
2255 426 2336 485 ιιι.
2375 464 2445 473 -—
2484 434 2605 488 LIB.
2642 433 2703 488 ll.

3258 441 3361 494 £22

162 546 347 593 saneto
386 536 698 591 concinente
731 536 949 606 Spiritu,
998 554 1093 607 per
1135 556 1294 609 quem
1350 543 1717 597 reconciliatus
1742 545 1791 603 Δ
1818 544 2077 611 rapinam,
2114 547 2207 601 sed
2246 561 2341 615 per
2375 556 2617 603 naturam
2668 552 2889 620 aequalis
2932 552 3175 609 Christus
3210 553 3363 610 Iesus

161 637 301 681 esset
326 628 559 680 mundus
600 627 707 681 Deo
760 625 959 681 celebri
1000 629 1286 692 docuisses,
1317 629 1472 695 Deus,
1516 632 1711 700 inquis,

161 723 268 765 erat
310 715 367 766 in
409 713 612 768 Christo
652 714 900 773 mundum
940 718 1277 771 reconcilians
1310 719 1408 772 sibi
1435 718 1487 789 (1
1516 719 1635 773 Cor.
1659 737 1710 785 v,

162 800 267 870 l9),
293 817 359 855 ex
389 802 491 856 hoc
516 803 797 857 haereticus
818 803 916 857 iste
940 805 1189 872 capitulo,
1222 806 1513 876 impietatis
1542 812 1715 863 muni-

164 899 249 943 tus
281 890 468 954 armis,
498 890 696 946 idcirco
729 893 1094 949 contradicere
1128 894 1395 950 Christum
1422 897 1588 951 Deum
1618 914 1711 955 ve-

163 994 281 1032 rum
323 978 610 1034 falsissima
637 996 743 1035 non
789 989 963 1049 cessat
1011 974 1320 1049 assertione,
1349 987 1599 1054 quoniam
1634 987 1715 1040 tli-

162 1069 304 1123 xisse
333 1078 385 1123 te
416 1068 718 1125 infamando
743 1071 1023 1139 conjectat,
1051 1071 1189 1126 Deus
1219 1083 1331 1127 erat
1386 1074 1443 1127 in
1485 1072 1709 1140 Christo,

160 1164 214 1209 et
238 1172 346 1211 non
373 1156 591 1220 dixeris,
619 1156 759 1210 Deus
797 1167 908 1211 erat
935 1158 1185 1213 Christus.
1218 1159 1360 1215 More
1388 1176 1485 1216 suo
1521 1169 1575 1215 et
1611 1163 1712 1216 hoc

162 1245 524 1299 testimonium
548 1244 685 1300 sicut
705 1244 838 1298 alias
855 1245 1144 1314 depravare
1164 1262 1266 1302 non
1284 1250 1551 1303 erubescit
1573 1248 1714 1303 Seri-

160 1343 343 1401 pturas
382 1348 398 1387 :
426 1335 576 1402 quasi
604 1335 739 1389 alius
764 1335 832 1389 sit
858 1336 999 1390 Deus
1040 1336 1093 1390 in
1118 1336 1348 1400 Christo,
1376 1347 1428 1392 et
1472 1339 1609 1394 alius
1641 1342 1712 1396 sit

156 1422 403 1476 Christus
446 1424 628 1488 homo,
671 1424 724 1476 in
781 1438 887 1493 quo
934 1433 1050 1478 erat
1093 1424 1252 1489 Deus,
1299 1441 1418 1480 cum
1461 1444 1599 1483 unus
1642 1432 1711 1485 sit

155 1509 404 1564 Christus
429 1508 605 1574 Iesus,
653 1512 792 1566 Deus
835 1513 1012 1567 homo.
1062 1513 1217 1568 Aliud
1264 1514 1527 1579 videlicet,
1574 1518 1713 1572 sicut

156 1598 353 1666 stepius
378 1598 659 1667 repetitum
682 1607 785 1662 est,
811 1616 908 1669 per
930 1602 982 1655 id
1000 1602 1142 1669 quod
1178 1602 1338 1667 Deus,
1369 1594 1431 1656 cf
1446 1604 1587 1658 aliud
1616 1619 1712 1674 per

155 1687 207 1739 id
228 1689 371 1754 quod
398 1687 574 1749 homo,
603 1687 696 1741 sed
738 1703 842 1742 non
871 1689 1004 1743 alius
1028 1688 1275 1745 Christus
1304 1692 1464 1757 Deus,
1485 1703 1538 1747 et
1574 1694 1711 1749 alius

152 1775 403 1830 Christus
458 1776 660 1830 homo:
693 1791 831 1831 unus
871 1777 1118 1847 idemque
1163 1786 1246 1833 est
1286 1779 1529 1836 Christus
1572 1783 1710 1838 Deus

1814 630 2278 711 unigenitus‘Dcus
2313 635 2404 689 Dei
2435 637 2617 704 utique
2647 636 2812 691 Filius
2845 651 3120 706 permanet
3147 642 3274 697 Deo.
3303 641 3360 698 Si

1812 719 1974 787 igitur
1995 718 2238 776 Christus
2269 720 2443 788 Iesus,
2484 726 2924 792 quemadmodum
2947 732 3251 797 apostolicis
3280 733 3361 787 in-

1811 805 2067 858 struimur
2089 808 2414 863 documentis
2450 826 2556 865 non
2585 814 2843 881 rapinam,
2879 823 2981 880 etc,
3012 819 3102 873 sed
3142 830 3364 876 natura-

1809 892 1932 948 liter
1953 896 2171 964 mqualis
2211 906 2293 951 est
2320 898 2465 953 Deo:
2496 900 2769 973 interrogo
2806 920 2950 975 ergo,
2987 910 3108 977 quis
3138 918 3220 965 est
3268 912 3358 967 illo

1809 980 2072 1046 Christus,
2098 985 2150 1037 in
2178 1000 2282 1053 quo
2309 995 2424 1040 erat
2446 988 2604 1053 Deus,
2625 998 2678 1043 et
2704 991 2815 1059 ipse
2835 984 3083 1052 abnuitur
3102 996 3356 1067 objectiol

1808 1070 1965 1132 nibus
2010 1072 2116 1127 tuis
2152 1090 2254 1128 non
2298 1088 2453 1133 verus
2486 1078 2660 1132 Deus?
2698 1079 3092 1151 Nuncupativus
3138 1092 3350 1157 quidem

1807 1158 1947 1212 Deus
1990 1175 2097 1213 non
2138 1171 2315 1229 potest
2358 1167 2576 1235 aequalis
2611 1183 2728 1223 esse
2761 1185 2888 1224 vero
2934 1173 3059 1229 Deo.
3109 1176 3357 1235 Christus

1809 1246 1970 1315 igitur
1996 1246 2152 1303 Iesus
2188 1250 2445 1306 Dominus
2474 1262 2675 1321 noster,
2704 1259 2756 1311 in
2778 1274 2883 1326 quo
2902 1260 3054 1328 juxta
3083 1264 3231 1321 Pauli
3260 1280 3353 1322 vo;

1808 1350 1924 1389 cem
1945 1336 2084 1391 Deus
2118 1347 2252 1403 erat,
2296 1346 2350 1394 et
2377 1340 2491 1410 ipse
2517 1343 2666 1414 14],
2694 1345 2936 1404 Christus
2962 1351 3103 1409 Deus
3126 1367 3261 1411 erat.
3292 1359 3348 1412 In

1809 1422 1979 1476 forma
2006 1425 2255 1480 nimirum
2289 1428 2384 1482 Dei
2416 1429 2700 1499 Apostolus
2732 1433 2997 1491 Christum
3026 1438 3206 1497 Iesum
3236 1442 3362 1500 esse'

1808 1520 2133 1581 protestatur
2159 1530 2172 1567 :
2202 1518 2466 1585 quomodo
2510 1536 2614 1575 non
2666 1522 2805 1577 Deus
2849 1529 3165 1585 naturaliter
3199 1549 3354 1589 verus

1807 1607 1907 1664 est,
1937 1603 2026 1669 qui
2055 1603 2106 1655 in
2130 1602 2297 1659 forma
2320 1607 2409 1660 Dei
2435 1624 2551 1662 esse
2573 1613 2835 1667 veraciter
2859 1615 2926 1668 ab
2945 1615 3199 1685 Apostolo
3221 1638 3356 1690 pra:-

1806 1683 2051 1738 dicatur?
2077 1686 2141 1739 Et
2165 1703 2286 1742 cum
2308 1690 2360 1743 in
2395 1690 2561 1746 forma
2594 1695 2686 1748 Dei
2710 1697 2928 1765 aequalis
2949 1683 3055 1756 Deo
3081 1683 3239 1769 esset,
3270 1722 3355 1761 se—

1808 1773 2089 1840 metipsum
2127 1776 2419 1833 exinanivit
2464 1780 2690 1838 formam
2735 1791 2872 1842 servi
2914 1792 3225 1861 suscipiens,
3260 1813 3357 1853 cur

89 1852 92 1857 ’
152 1867 334 1921 homo.
362 1866 521 1934 De“,
552 1867 746 1936 inquis,
796 1878 906 1941 em;
948 1871 1004 1923 ίη
1047 1869 1268 1936 σιιτίειο,
1298 1874 1422 1942 quia
1462 1873 1704 1929 Christus
1731 1856 1778 1915 Β
1808 1877 1911 1958 non
1940 1866 2253 1958 naturaliter
2275 1884 2433 1924 verus
2455 1872 2524 1924 sit
2556 1873 2747 1929 homo?
2778 1876 2927 1943 Quod
2958 1882 3002 1935 si
3031 1878 3349 1958 interrogem

146 1953 507 2007 essentialiter
552 1963 669 2009 erat
715 1955 855 2009 Deus
899 1964 953 2010 et
988 1958 1178 2022 homo;
1210 1961 1459 2027 quoniam
1501 1962 1555 2015 in
1594 1963 1708 2030 ipso

149 2040 476 2108 complacuit
497 2056 710 2095 omnem
740 2042 1118 2110 plenitudinem
1141 2046 1435 2101 divinitatis
1467 2048 1707 2103 habitare

147 2126 520 2193 corporaliter,
546 2128 649 2182 hoc
671 2136 835 2183 estut
861 2132 1165 2199 expressius
1190 2134 1431 2199 dixerim,
1465 2135 1702 2190 dealiter.

147 2213 413 2276 Quoniam
439 2224 657 2282 propter
689 2217 1061 2286 suscipientem
1089 2220 1274 2287 Deum,
1316 2232 1370 2277 et
1406 2234 1706 2295 susceptum

148 2303 420 2357 hominem
458 2302 701 2359 Christus
736 2304 890 2361 Iesus
937 2318 991 2362 et
1025 2324 1181 2365 verus
1213 2314 1505 2380 permansit
1545 2314 1702 2380 Deus,

144 2399 199 2442 et
226 2405 385 2445 verus
419 2392 741 2457 naturaliter
774 2393 943 2450 factus
981 2405 1065 2449 est
1092 2397 1269 2452 homo.
1310 2398 1482 2454 Surda
1524 2402 1705 2472 itaque

146 2479 431 2534 haereticus
474 2480 574 2535 iste
618 2496 745 2537 aure
790 2483 989 2552 legerat
1033 2486 1311 2541 charitatis
1359 2488 1700 2556 charismata,

144 2579 268 2631 qua:
302 2566 749 2636 Philippensibus,
776 2585 843 2625 ne
869 2583 1166 2639 quaererent
1206 2576 1566 2644 unusquisque
1586 2593 1703 2646 qua:

146 2668 244 2706 sua
278 2664 482 2719 essent,
510 2655 603 2710 sed
641 2671 759 2731 quae
799 2658 1040 2725 alterius,
1081 2664 1452 2717 commendare
1481 2664 1707 2721 sollicite

144 2745 421 2799 studuisti.
448 2744 564 2799 Hoc
582 2748 784 2810 sentite,
807 2748 906 2812 ais,
927 2750 980 2802 in
1015 2750 1152 2802 vobis
1179 2751 1319 2819 quod
1342 2762 1389 2805 et
1412 2754 1471 2806 in
1500 2752 1704 2808 Christo

144 2833 271 2886 Iesu
307 2850 326 2886 :
356 2837 446 2904 qui
483 2852 600 2888 eum
633 2837 688 2889 in
718 2837 887 2906 [arma
913 2838 1009 2892 Dei
1033 2849 1180 2905 esset,
1217 2857 1319 2893 non
1347 2843 1579 2911 rapinam
1616 2861 1704 2898 ar-

144 2922 367 2974 bitratus
393 2931 466 2975 est
493 2939 600 2977 esse
626 2941 680 2977 se
707 2926 954 2996 a'qualem
984 2927 1104 2991 Deo,
1132 2930 1221 2982 sed
1250 2932 1571 3000 semetipsum
1592 2936 1702 2988 exi-

144 3012 363 3074 naniuit,
386 3011 610 3080 formam
659 3016 790 3068 servi
827 3017 1079 3084 accipiens
1119 3017 1380 3088 (Philipp.
1419 3037 1485 3082 tt,
1518 3019 1582 3085 5,
1612 3021 1695 3091 6).

143 3095 339 3161 Quaero
376 3113 505 3167 ergo
532 3112 562 3151 a
590 3107 659 3162 te,
679 3115 719 3162 ,o
743 3100 990 3156 bairetice
1027 3104 1270 3159 veritatis
1317 3106 1628 3176 refragator,
1653 3110 1699 3164 si

143 3184 394 3240 Christus
413 3186 573 3242 Iesus
604 3186 824 3259 [videtur
846 3189 1017 3245 deesse
1030 3191 1197 3262 Deus]
1216 3207 1381 3253 verus
1406 3170 1511 3249 non
1536 3170 1697 3261 esset,
1726 3170 1773 3233 θ

144 3275 410 3338 quomodo
455 3277 610 3329 datur
648 3276 877 3346 intellegi
915 3276 1067 3345 juxta
1104 3280 1411 3347 Apostolum
1448 3283 1501 3336 in
1533 3281 1701 3337 forma

147 3361 241 3414 Dei
269 3376 390 3430 esse
409 3362 718 3416 Christum?
743 3362 876 3418 Cum
904 3364 1036 3419 nihil
1062 3367 1133 3420 sit
1155 3367 1298 3421 aliud
1329 3369 1382 3421 in
1409 3368 1580 3423 forma
1605 3371 1699 3425 Dei

145 3463 284 3509 esse,
321 3449 429 3503 nisi
472 3450 525 3503 in
573 3459 761 3506 natura
802 3452 894 3506 Dei
922 3471 935 3505 :
966 3463 1018 3509 et
1046 3470 1273 3515 rursum.
1306 3456 1527 3511 formam
1558 3460 1699 3514 servi

144 3538 438 3606 suscipere,
452 3538 555 3593 hoc
574 3547 657 3593 est
671 3540 899 3596 hominis
917 3550 1160 3597 naturam
1183 3559 1472 3600 assumere.
1495 3545 1553 3599 Si
1571 3561 1700 3616 ergo

142 3627 392 3683 Christus
422 3625 578 3683 Iesus
618 3630 909 3683 secundum
946 3632 1286 3699 apostolicam
1318 3634 1611 3690 doctrinam
1643 3636 1699 3689 in

144 3718 312 3767 turma
341 3715 437 3769 Dei
456 3724 591 3778 erat,
613 3715 713 3768 hoc
738 3725 821 3771 est
846 3716 900 3770 in
938 3726 1125 3771 natura
1149 3718 1262 3782 Dei,
1289 3735 1385 3773 cur
1409 3735 1514 3775 non
1542 3729 1699 3775 natu-

146 3802 330 3856 raliter
357 3803 428 3856 sit
456 3811 613 3857 'verus
647 3804 817 3858 Deus?
839 3812 893 3857 et
922 3805 967 3859 si
993 3820 1113 3859 cum
1142 3806 1193 3858 in
1222 3806 1386 3860 forma
1415 3808 1507 3862 Dei
1534 3817 1695 3871 esset,

144 3889 371 3943 fortnam
410 3891 551 3943 servi
596 3891 846 3959 suscepit,
886 3892 1116 3946 hominis
1156 3894 1397 3947 videlicet
1432 3905 1692 3961 naturam,

145 3993 237 4029 cur
264 3992 372 4030 non
414 3978 727 4032 naturaliter
747 3979 817 4034 sit
840 3994 995 4034 verus
1024 3979 1213 4035 homo?
1234 3997 1298 4035 ex
1327 3974 1698 4053 utraquc'ergo

146 4074 356 4130 natura,
384 4066 562 4120 divina
600 4067 859 4135 siquidem
902 4078 955 4121 et
984 4068 1237 4132 humana,
1277 4071 1520 4125 Christus
1544 4069 1697 4124 Iesus

143 4160 195 4203 et
228 4166 385 4205 verus
424 4152 562 4206 Deus
604 4162 657 4207 et
697 4169 853 4207 verus
896 4156 1009 4209 sine
1053 4156 1514 4226 dubietalis.(Vid.
1539 4159 1627 4212 lib.
1655 4177 1694 4223 ι,

144 4258 188 4290 c.
230 4242 311 4303 t3,
338 4238 442 4293 col.
471 4241 595 4304 365,
625 4258 675 4293 η.
708 4241 756 4310 ιι)
784 4242 1083 4310 palpatione
1108 4244 1340 4297 creditur
1361 4245 1538 4299 homo.

750 4330 975 4386 CAPUT
1012 4333 1097 4386 IV.

145 4421 407 4472 Christum
432 4419 651 4487 formam
672 4421 802 4472 servi
825 4422 1205 4489 suscipientem,
1220 4424 1325 4476 non
1341 4426 1573 4479 amisisse
1594 4427 1697 4479 veri

213 4488 234 4537 Ι
261 4488 339 4540 ilii
376 4486 562 4558 stamen
585 4505 604 4539 ε
637 4504 726 4539 nec
751 4486 1037 4558 duplicasse
1060 4491 1115 4541 in
1136 4486 1450 4558 adoptivum,
1476 4510 1566 4547 nec
1600 4496 1698 4546 im-

208 4564 440 4674 niutasse
489 4554 544 4606 in
593 4554 992 4624 nuncupativum
1035 4554 1260 4626 exemplo
1307 4554 1544 4627 populari
1603 4563 1696 4615 de-

210 4639 237 4674 ε
259 4632 401 4674 amt.

210 4632 401 4675 claret.

208 4711 326 4766 Iam
346 4728 416 4768 ex
441 4712 542 4766 hoc
575 4728 679 4766 non
708 4712 802 4766 tibi
830 4714 1151 4782 permittitur
1187 4715 1253 4768 ad
1276 4715 1547 4770 latibulum
1578 4733 1696 4787 pcr—

148 4801 275 4855 tidizt:
302 4810 412 4855 tua:
438 4797 699 4868 refugere.
740 4800 1006 4855 Patefacta
1036 4802 1283 4855 nimirum
1315 4812 1521 4856 constat
1549 4820 1694 4857 men-

146 4890 273 4944 dacii
302 4891 381 4944 tui
407 4888 576 4951 fovea,
607 4889 661 4941 in
686 4904 790 4957 qua
816 4889 1077 4957 palpitans
1099 4890 1340 4943 habitare
1364 4889 1548 4959 refuga
1570 4906 1695 4945 con-

147 4996 410 5036 sueverns.
460 4979 745 5049 Apostolus
796 4980 976 5048 itaque
1032 4980 1227 5048 clamat
1282 4981 1511 5035 veridica
1566 4999 1694 5038 voce

147 5068 412 5123 Christum
434 5066 637 5130 Iesum,
668 5083 787 5122 eum
817 5068 869 5121 in
898 5069 1066 5122 forma
1111 5069 1203 5123 Dei
1232 5078 1393 5131 esset,
1422 5085 1524 5124 non
1554 5073 1694 5140 rapi-

150 5170 262 5210 nam
288 5155 612 5213 arbitratum
650 5170 709 5211 se
737 5170 854 5211 esse
901 5156 1155 5226 aequalem
1191 5157 1317 5210 Deo.
1354 5156 1469 5209 Non
1511 5160 1693 5228 utique

212 5295 237 5323 ι
274 5281 427 5337 Nihil
444 5282 648 5362 proprii
676 5281 848 5362 infert,
876 5281 1353 5362 potentis_dedecus,
1384 5280 1459 5335 vel
1484 5283 1692 5340 nolentis

212 5298 237 5323 ι
274 5298 424 5337 mnu
444 5298 646 5405 proprii
676 5298 848 5349 ηιιετι,
876 5298 1353 5362 patenusaeaecus,
1384 5298 1457 5335 vet
1484 5298 1692 5340 eatenus

145 5352 402 5421 honorem.
426 5420 429 5421 ν
491 5356 618 5421 crha
650 5364 753 5404 non
771 5357 957 5421 'cspio,
979 5361 1032 5421 et
1050 5365 1109 5421 st
1137 5365 1348 5421 sensum
1375 5364 1439 5404 ex
1469 5366 1694 5421 sequen-

151 5420 279 5488 tibus
304 5420 436 5475 ntihi
464 5419 896 5488 videarassequi.
925 5418 1186 5487 Quidquid
1208 5418 1576 5488 potestateivel
1608 5437 1692 5476 vo-

150 5486 340 5566 luntate
376 5489 574 5566 agitur,
611 5486 743 5566 nihil
777 5484 987 5566 proprie
1019 5484 1309 5566 dedecoris,
1348 5484 1431 5566 vel
1477 5487 1692 5544 honoris

150 5553 633 5625 det_rim_eotanert
659 5553 855 5625 potenti
876 5553 970 5625 ‘vel
989 5553 1515 5625 volenti._Considera
1551 5572 1691 5625 przea
1720 5568 1725 5571 ‘

150 5621 379 5691 cedentia
402 5632 458 5678 et
486 5620 785 5691 sequentia,
821 5632 875 5678 et
902 5623 1040 5677 hanc
1060 5635 1178 5691 esse
1207 5620 1411 5675 Paulini
1438 5620 1684 5689 mentem,

150 5700 285 5759 puto,
314 5689 591 5748 fateberis}
622 5689 792 5748 Verba
831 5699 1005 5748 autem
1049 5690 1293 5747 videntur
1324 5690 1402 5745 sic
1426 5698 1689 5763 utcunque

1807 1950 2137 2021 Apostolum,
2169 1957 2288 2024 quis
2325 1966 2405 2012 est
2431 1960 2522 2028 qui
2550 1964 2887 2029 semetipsum
2928 1950 3357 2031 exinanivit‘for-

1806 2054 1948 2094 mam
1974 2043 2113 2096 servi
2157 2045 2481 2113 suscipiens?
2502 2048 2763 2117 Christus,
2794 2054 2884 2116 ait,
2923 2053 3097 2122 Iesus,
3129 2063 3219 2130 qui
3249 2079 3353 2120 non

1806 2132 2046 2199 rapinam
2090 2134 2376 2191 arbitratus
2415 2145 2497 2191 est
2540 2152 2657 2194 esse
2697 2142 2914 2211 aaqualis
2940 2146 3064 2201 Deo.
3089 2148 3355 2210 Potestate

1804 2231 1931 2285 ergo
1967 2218 2050 2272 vel
2086 2220 2357 2277 voluntate
2394 2224 2638 2282 Christus
2675 2226 2847 2296 Iesus,
2893 2247 2998 2287 non
3037 2241 3353 2296 necessitate

1805 2312 2040 2370 coactus,
2072 2305 2126 2360 in
2170 2308 2336 2362 forma
2385 2310 2478 2365 Dei
2500 2327 2847 2381 permanens,
2873 2325 3211 2393 semetipsum
3240 2333 3353 2385 exi-

1805 2401 2025 2465 nanivit,
2056 2403 2281 2459 formam
2319 2408 2459 2461 servi
2503 2412 2753 2480 suscepit.
2800 2413 3066 2472 Potestate
3107 2424 3265 2479 etiam
3299 2426 3351 2479 iu

1804 2486 1973 2551 forma
2032 2494 2171 2545 servi
2218 2494 2461 2562 dignatus
2505 2507 2588 2552 est
2628 2501 2804 2557 minor
2847 2504 2961 2559 lieri
3004 2508 3181 2566 Patre.
3237 2515 3352 2583 lpse

1803 2580 2022 2644 etenim,
2046 2587 2099 2632 et
2125 2595 2228 2634 non
2257 2584 2390 2637 alius
2410 2584 2653 2644 Christus
2672 2588 2844 2657 Iesus,
2872 2610 3029 2650 verus
3054 2599 3144 2653 Dei
3169 2580 3354 2667 Filius,

1804 2667 1894 2734 qui
1923 2675 1977 2720 et
2005 2669 2058 2723 in
2089 2667 2255 2725 forma
2297 2674 2440 2729 servi
2480 2676 2673 2743 minor,
2706 2681 2836 2734 etin
2872 2681 3041 2740 forma
3073 2688 3165 2743 Dei
3211 2692 3356 2748 Patri

1803 2766 2079 2824 permanet
2099 2762 2337 2828 aequalis.
2361 2762 2624 2834 Quidquid
2648 2783 2776 2840 ergo
2794 2780 3053 2840 potestate
3074 2779 3154 2831 vel
3177 2782 3357 2837 volun-

1805 2853 1911 2898 tate
1939 2848 2133 2927 agitur,
2164 2851 2294 2904 nihil
2319 2855 2515 2922 proprii
2564 2855 2746 2923 infert,
2789 2865 3021 2929 potentis
3050 2867 3276 2924 dedecus
3303 2884 3351 2934 α.
3410 2876 3421 2885 ”

1802 2933 1884 2987 vel
1927 2934 2154 2991 volentis
2197 2939 2473 2995 honorem.
2522 2943 2657 2999 Nam
2694 2947 2739 3001 si
2784 2950 3046 3020 quispiam
3083 2956 3354 3024 cujusdam

1801 3026 1944 3095 regis
1970 3026 2127 3093 illius,
2156 3036 2215 3082 ut
2254 3028 2484 3086 humano
2528 3049 2628 3089 usu
2661 3034 2869 3105 loquar,
2918 3057 3129 3098 servum
3176 3063 3351 3115 suum,

1800 3111 2015 3179 pietatis
2038 3115 2274 3170 devictus
2297 3118 2592 3185 clementia,
2622 3131 2882 3191 potestate
2908 3139 2997 3183 aut
3034 3132 3194 3187 etiam
3221 3111 3348 3205 pro;

1800 3202 1914 3269 pria
1964 3202 2229 3259 voluntate
2263 3207 2315 3260 in
2344 3209 2523 3264 oscula
2569 3228 2747 3279 ruens,
2799 3218 3127 3288 amplexatus
3167 3202 3347 3293 fuerit,

1799 3295 1889 3340 aut
1911 3296 2113 3343 vestem
2130 3293 2268 3346 servi
2288 3310 2392 3349 non
2415 3295 2729 3367 dedignatur
2748 3307 3085 3377 semetipsum
3108 3311 3348 3379 induere,

1798 3375 1879 3430 vel
1901 3386 2046 3434 certe
2072 3379 2338 3436 infirmum
2365 3388 2594 3453 propriis
2620 3390 2686 3443 ad
2728 3375 2949 3448 domum
2989 3375 3351 3458 misericordia

1800 3475 1972 3522 motus
2015 3478 2285 3536 reportare
2325 3472 2552 3529 voluerit
2582 3476 2814 3531 humeris
2834 3520 2848 3543 ,
2876 3497 3164 3554 curamque
3190 3488 3347 3555 illius,

1798 3571 1950 3611 versa
1977 3558 2089 3611 vice
2118 3561 2267 3628 quasi
2309 3560 2555 3625 famulus,
2597 3582 2719 3637 cum
2766 3571 2835 3623 sit
2861 3573 3124 3640 dominus,
3152 3578 3348 3635 habere

1797 3662 1902 3701 non
1924 3648 2223 3716 despexerit
2246 3669 2259 3703 :
2290 3656 2542 3722 numquid
2565 3671 2662 3726 pro
2691 3659 2773 3713 his
2798 3662 3045 3718 dominus
3072 3669 3343 3740 Indulgen-

1798 3734 1884 3787 tia:
1906 3737 2157 3792 exhibitis
2190 3740 2345 3795 rebus
2387 3742 2707 3799 dominantis
2733 3751 2973 3806 amisisse
3012 3734 3342 3830 privilegium

1795 3821 2108 3888 aestimatur,
2154 3826 2236 3880 vel
2285 3830 2522 3897 pristina:
2549 3838 2827 3902 potestatis
2858 3821 3103 3909 perdidit,
3135 3821 3228 3901 vel
3245 3849 3344 3905 mi-
3406 3864 3409 3865 '

1796 3910 1929 3972 nuit,
1975 3912 2058 3967 vel
2100 3914 2381 3971 minutavit
2406 3918 2433 3958 δ
2462 3920 2787 3989 dignitatem,
2831 3936 2922 3980 aut
2954 3937 3169 3998 propter
3200 3934 3346 3991 illato

1795 3998 2003 4051 servilis
2043 3998 2327 4057 famulatus
2374 4006 2630 4062 beneﬁcio
2672 4010 2964 4069 dominatui
3002 4032 3098 4072 suo
3124 4024 3344 4079 contulit

1769 4085 2148 4154 deformitatis
2166 4090 2434 4159 injuriam,
2458 4104 2549 4149 aut
2571 4110 2789 4168 propter
2805 4113 3002 4159 vestem
3026 4110 3163 4163 servi
3187 4128 3343 4180 quam

1797 4172 2058 4240 induerat,
2085 4176 2242 4232 desiit
2270 4180 2384 4248 ejus
2409 4198 2546 4250 esse,
2574 4188 2724 4254 cujus
2758 4206 2913 4246 verus
2954 4203 3069 4248 erat
3096 4172 3235 4254 illius
3261 4217 3344 4254 re-

1794 4260 1907 4329 gis?
1933 4261 2048 4351 l‘ion
2075 4265 2286 4335 utique;
2319 4272 2409 4325 sed
2448 4277 2737 4340 permansit
2780 4278 2891 4346 ipse
2917 4283 3009 4349 qui
3036 4282 3229 4351 fuerat,
3256 4304 3345 4343 ve-

1796 4363 1887 4403 rus
1921 4349 2059 4407 filius
2084 4356 2240 4423 regis.
2267 4356 2361 4412 llis
2388 4359 2459 4412 ita
2490 4366 2734 4428 peractis,
2768 4382 2871 4419 non
2897 4369 3072 4425 amisit
3099 4349 3224 4429 verit
3249 4377 3339 4431 lilii

1798 4455 2009 4506 nomen,
2036 4460 2135 4499 nec
2158 4446 2441 4513 duplicavit
2474 4450 2526 4503 in
2550 4453 2878 4521 adoptivum,
2903 4472 3004 4515 nec
3046 4462 3343 4519 immutavit

1798 4531 1853 4585 in
1877 4534 2307 4623 nuncupativum.
2336 4535 2390 4591 Si
2415 4554 2540 4608 ergo
2562 4541 2824 4599 hominem
2848 4548 2949 4603 hoc
2969 4564 3121 4617 posse
3140 4553 3341 4623 absque

1794 4618 1877 4704 sui
1906 4612 2210 4677 dominatus
2244 4625 2561 4682 detrimento
2588 4632 2843 4698 perﬁcere
2869 4612 3230 4704 possibilitatis
3250 4612 3339 4697 ra-
3422 4650 3429 4658 “

1794 4703 1869 4757 ῑὶο
1911 4721 2016 4760 non
2046 4710 2378 4775 contradicit,
2414 4715 2498 4769 cui
2542 4733 2647 4772 non
2691 4703 2881 4774 cuncta
2919 4725 3339 4792 possibilia'con-

1793 4800 1955 4859 stant,
2003 4805 2199 4883 quanto
2244 4800 2413 4870 magis
2454 4803 2624 4870 Deus,
2667 4808 2755 4875 qui
2808 4811 2981 4864 omnia
3028 4829 3338 4885 quacunque

1792 4880 1949 4934 voluit
1976 4880 2093 4951 fecit
2120 4882 2290 4954 (Psal.
2315 4902 2532 4956 enim,
2563 4890 2639 4961 6),
2663 4892 2747 4946 cui
2772 4896 2906 4949 nihil
2928 4880 3154 4964 dillicile,
3182 4880 3338 4956 nihil-

1791 4982 1894 5034 que
1936 4981 2053 5022 esse
2093 4969 2416 5039 impossibile
2448 4991 2478 5030 a
2510 4977 2655 5032 nullo
2692 4995 2882 5035 sanum
2919 4985 3129 5052 sapiens
3176 4993 3337 5044 corde

1791 5055 2110 5123 suspicatur,
2155 5060 2348 5128 cuique
2387 5062 2489 5117 hoe
2531 5078 2650 5120 esse
2689 5081 2849 5135 posse
2881 5072 3019 5136 quod
3062 5073 3194 5128 velle
3221 5079 3338 5129 est?

1793 5143 1988 5201 Subest
2030 5149 2174 5204 enim
2210 5150 2284 5203 illi
2334 5154 2511 5207 omnia
2554 5169 2711 5223 posse
2736 5157 2875 5225 quod
2902 5159 3011 5215 vult
3047 5161 3199 5233 (Sep.
3235 5179 3332 5229 xit,

1789 5299 2128 5393 emendanda.
2152 5319 2164 5353 :
2192 5303 2728 5393 qtiiduuial‘po‘testajte
2751 5308 2832 5391 vel
2865 5310 3132 5393 voluntate
3160 5313 3333 5393 agitur

1791 5365 1920 5446 nihil
1955 5369 2165 5446 proprie
2189 5365 2347 5426 infert
2372 5365 2569 5446 potenti
2593 5374 2881 5446 dedecoris,
2908 5365 2990 5431 vel
3023 5365 3329 5435 volenti'ﬁin;

1791 5432 2022 5519 honoris,
2134 5447 2235 5519 est,
2269 5432 2568 5519 noniinl‘ert
2602 5443 2828 5498 dedecus
2862 5432 2960 5500 nec
3014 5432 3329 5503 inbuerit—tn

1789 5509 1873 5554 est
1897 5506 2099 5571 potenti
2129 5514 2183 5559 et
2209 5506 2425 5584 volenti.

1859 5570 1901 5650 δ’
1937 5568 2024 5625 Vel
2049 5574 2336 5652 minutam.
2371 5574 2649 5655 mutitare,
2680 5578 2755 5632 ait
2790 5579 2870 5635 Du
2903 5580 3100 5702 (legisse,
3122 5589 3205 5636 est
3238 5584 3330 5637 mi-

1790 5646 1954 5691 nutim
2005 5654 2367 5695 comminuere.
2427 5644 2600 5699 Utitur
2642 5644 2870 5702 Thomas
2910 5648 2976 5702 W
3057 5656 3330 5702 turbamus

1784 5644 2367 5777 gzéimmflomminuere.
2427 5644 2600 5699 Utitur
2642 5644 2870 5704 Thomas
2910 5644 3333 5720 Wafsinghamus
