3926 6470
647 484 760 538 (33

1456 463 1498 510 δ
1546 484 1602 538 S.
1643 481 1909 538 PAULINI
1943 476 2394 534 PATRIARCIIKE
2438 475 2903 542 AQUILEIENSIS

3526 19 3926 266 τε

3741 481 3840 537 ωδ

649 589 765 656 18);
795 588 1024 656 alioquin
1050 602 1151 640 non
1175 595 1312 641 esset
1330 587 1680 655 omnipotens,
1707 589 1752 642 si
1779 601 1931 656 posse
1952 587 2000 639 ei
2029 585 2180 639 dees-
2206 587 2256 646 Δ
2281 590 2496 651 Propter
2526 593 2748 638 mortem
2792 588 2966 640 ενυοίε
3008 587 3292 644 omnium“
3328 592 3476 648 mum
3494 635 3509 658 ν
3553 604 3612 650 εί
3647 595 3843 650 habere

645 685 728 728 set
744 671 890 742 quod
917 675 1058 730 velit.
1090 674 1216 727 Nam
1245 676 1331 743 qui
1361 676 1699 743 semetipsum
1721 682 1996 743 potestate,
2025 683 2098 738 et,
2123 682 2182 727 ut

643 762 838 817 clarius
868 763 970 833 [AL
1002 763 1199 833 carius]
1231 765 1432 828 dicam,
1467 764 1680 831 pietatis
1715 764 2038 833 benignitate
2070 764 2182 816 exi-

642 851 862 911 nanivit,
889 850 1112 903 formam
1141 849 1278 902 servi
1319 850 1628 918 suscipiens,
1663 850 1949 917 eademque
1974 864 2183 917 quoque

639 937 900 1006 potestate
942 939 1024 990 vel
1065 939 1276 1006 pietatis
1313 939 1603 992 voluntaria
1646 939 1949 1007 dignatione
1991 946 2176 990 semet-

633 1026 810 1093 ipsum
838 1025 1159 1088 humiliavit,
1191 1042 1294 1080 non
1333 1026 1529 1079 invitus
1554 1025 1636 1078 vel
1673 1035 1906 1089 coactus,
1945 1026 2037 1079 sed
2071 1025 2182 1092 ipse

570 1143 576 1146 η
637 1129 734 1180 pro
761 1115 912 1167 nobis
938 1114 1351 1168 misericorditer
1373 1115 1687 1178 humiliavit,
1720 1115 1836 1182 pius
1859 1130 1956 1183 pro
1984 1115 2179 1182 impiis,

637 1200 939 1255 misericors
963 1216 1058 1269 pro
1099 1201 1328 1265 miseris,
1343 1201 1695 1271 clemenspro
1720 1202 2026 1257 scelestibus
2050 1201 2180 1272 [Pro

635 1286 912 1358 scelestis],
940 1288 1213 1356 factusque
1231 1289 1481 1344 obediens
1501 1305 1666 1357 usque
1683 1295 1747 1345 ad
1769 1301 2013 1354 mortem,
2040 1307 2179 1344 mor-

632 1380 741 1426 tem
771 1381 947 1427 autem
976 1375 1148 1429 crucis
1178 1375 1424 1445 (Philipp.
1459 1393 1519 1442 ιι,
1551 1377 1626 1447 8).
1655 1377 1805 1444 Quod
1833 1380 2042 1447 quidem
2069 1381 2183 1434 hmo

631 1462 810 1514 omnia
839 1461 1238 1530 Redemptorem
1262 1473 1501 1518 nostrum
1535 1479 1710 1534 regem
1760 1467 2038 1520 Dominum
2085 1467 2182 1520 Sa-

632 1551 813 1614 baoth,
869 1551 1081 1620 verique
1137 1554 1278 1622 regis
1326 1552 1516 1607 Filium
1569 1555 1623 1607 in
1679 1556 1962 1622 semetipso
2010 1555 2206 1612 factus.

631 1637 813 1699 homo,
837 1638 1135 1692 exercuisse
1162 1651 1187 1680 ι
1217 1639 1436 1693 sincera:
1463 1637 1804 1705 professionis
1831 1641 2067 1694 omnium
2097 1657 2180 1695 re-

629 1727 959 1795 demptorum
994 1727 1312 1782 inviolabilis
1341 1727 1471 1782 fides
1513 1729 1765 1783 declarat.
1811 1729 1912 1784 Per
1956 1732 2008 1784 id
2034 1733 2176 1786 enim

627 1816 768 1882 quod
803 1815 1014 1883 indigno
1057 1830 1211 1869 servo
1258 1817 1515 1884 benignus
1561 1818 1828 1886 porrigere
1865 1820 2044 1873 oscula
2071 1835 2174 1873 non

2281 685 2472 722 nomen
2500 670 2638 738 quod
2680 681 2761 725 est
2795 688 2952 741 super
2985 689 3140 730 omne
3174 693 3365 733 nomen
3397 680 3540 735 idem
3575 684 3842 738 veridicos

2281 758 2464 812 doctor
2487 760 2721 826 exponit,
2747 776 2865 814 cum
2888 764 3130 829 protinus
3153 767 3430 831 subinfert,
3460 767 3530 821 Ut
3559 771 3617 823 in
3640 774 3840 826 nomine

2280 844 2404 897 Jesu
2443 862 2588 898 omne
2615 863 2744 915 genu
2764 849 3021 916 ﬂectatur,
3055 852 3364 916 caelestium,
3399 852 3760 925 terrestrium,
3794 871 3840 915 et

2279 931 2614 997 infernarum.
2645 933 2763 997 Cui,
2805 937 3040 1005 inquam,
3077 940 3176 993 nisi
3208 956 3332 996 vero
3355 943 3464 998 Deo
3486 961 3652 1000 omne
3676 947 3839 1004 ﬂecti-

2278 1029 2367 1074 tur
2392 1025 2560 1090 genu?
2587 1026 2723 1082 sicut
2749 1030 2860 1096 ipse
2897 1045 2992 1098 per
3020 1032 3207 1087 Isaiam
3246 1037 3559 1104 prophetam
3596 1049 3837 1102 testatur.

2279 1108 2459 1164 dicens
2488 1125 2502 1163 :
2532 1113 2660 1166 Ante
2699 1131 2778 1167 me
2812 1132 2914 1169 non
2948 1120 3313 1188 estiformatus
3346 1124 3516 1189 Deus,
3549 1137 3600 1181 et
3623 1138 3739 1197 post
3764 1145 3840 1181 me

2279 1216 2380 1252 non
2408 1202 2503 1253 erit
2539 1218 2557 1255 .'
2584 1205 2705 1270 quia
2733 1207 2857 1258 mihi
2884 1209 3113 1276 ﬂectetur
3138 1229 3287 1267 omne
3312 1232 3466 1285 genu,
3494 1229 3544 1270 et
3569 1219 3837 1287 conﬁtebi-

2280 1295 2365 1339 tur
2393 1290 2555 1342 omnis
2595 1289 2772 1360 lingua
2811 1293 2942 1364 (lsa.
2986 1312 3138 1363 xuu,
3185 1302 3269 1365 10,
3316 1313 3363 1356 et
3402 1320 3525 1369 XLV,
3573 1306 3689 1377 24).
3745 1308 3836 1374 Qui

2279 1389 2405 1430 vero
2430 1391 2526 1446 per
2559 1379 2749 1436 Isaiam
2777 1394 2900 1439 ante
2935 1389 3112 1441 omnia
3141 1397 3194 1444 et
3226 1400 3345 1458 post
3375 1395 3558 1447 omnia
3584 1411 3752 1450 unum
3785 1414 3840 1452 se

2277 1469 2720 1543 sublimatumque
2750 1491 2908 1546 super
2936 1494 3091 1534 omne
3111 1484 3381 1550 perhibuit
3413 1487 3606 1551 Deum,
3633 1491 3837 1561 sibique

2276 1554 2518 1614 flectione
2536 1562 2810 1620 confessus
2832 1582 2985 1635 genu,
3012 1570 3182 1639 ipsum
3207 1574 3445 1641 profecto
3467 1577 3674 1634 Paulus
3697 1554 3839 1635 (ζέε-ἱ-

2276 1651 2415 1698 stum
2459 1648 2660 1703 scilicet
2693 1660 2746 1704 et
2783 1651 2961 1708 Jesum
2993 1661 3183 1714 asserit
3221 1677 3412 1719 nomen
3441 1667 3647 1723 habere
3685 1685 3839 1738 super

2275 1745 2432 1785 omne
2461 1749 2672 1800 nomen,
2699 1737 2917 1810 ejusque
2949 1745 3000 1799 in
3030 1750 3244 1805 nomine
3270 1767 3429 1809 omne
3457 1771 3598 1824 genu
3625 1737 3836 1816 flectem-

2277 1818 2400 1912 dum
2427 1822 2672 1878 insinuat.
2706 1827 2773 1882 Et
2805 1833 2894 1898 qui
2927 1849 3024 1901 per
3049 1841 3291 1894 eumdem
3319 1818 3640 1912 prophetam
3671 1852 3832 1905 conli-

627 1901 960 1970 dedignatur,
993 1901 1138 1969 juxta
1168 1903 1306 1957 illius
1330 1913 1548 1972 prorsus
1566 1905 1904 1970 desiderium,
1927 1922 2046 1973 qua:
2067 1907 2174 1960 cla-
2205 1903 2250 1962 Β
2279 1907 2376 1959 teri
2426 1925 2484 2001 se
2528 1914 2803 1971 denuntiat
2837 1935 3046 1976 omnem
3083 1901 3344 1997 linguam;
3377 1901 3550 2001 ipsum
3581 1940 3834 1995 nimirum

627 1992 825 2052 mabat,
858 1988 1126 2044 Oseuletur
1149 2008 1230 2066 me
1253 1993 1426 2046 osculo
1456 1995 1560 2048 oris
1581 1996 1662 2048 sui
1694 1994 1867 2064 (Cant.
1895 2013 1938 2061 ι,
1962 1996 2015 2066 1)
2041 2015 2054 2051 :
2084 2012 2179 2065 per

628 2077 681 2130 id
710 2077 868 2131 etiam
898 2080 1036 2146 quod
1077 2065 1276 2136 vestem
1323 2083 1480 2144 servi,
1525 2083 1628 2138 hoc
1660 2091 1763 2148 est,
1802 2065 2177 2141 incarnationis

626 2163 862 2218 velamen
911 2168 1178 2235 suscipere
1215 2183 1320 2222 non
1367 2171 1645 2233 recusavit,
1694 2174 1982 2250 secundum
2013 2175 2175 2229 anhe-

628 2251 786 2306 lantis
816 2253 957 2307 illius
981 2255 1285 2322 suspirium,
1317 2257 1407 2325 qui
1450 2257 1602 2324 plena
1645 2263 1945 2329 exoptantis
1987 2278 2176 2316 exora-

625 2341 715 2394 bat
759 2343 936 2395 cordis
975 2343 1250 2398 dulcedine
1286 2347 1492 2412 dicens,
1524 2348 1737 2418 Suscipe
1776 2367 1856 2404 me
1899 2352 2173 2404 secundum

623 2428 879 2497 eloquium
905 2440 1065 2490 tuum,
1097 2442 1151 2484 ut
1193 2434 1377 2497 vivam,
1401 2445 1449 2487 et
1482 2452 1544 2492 ne
1564 2436 1850 2504 confundas
1885 2455 1966 2491 me
2000 2440 2064 2492 ab
2097 2443 2177 2493 in-

624 2518 971 2585 conspectione
994 2535 1105 2572 mea
1134 2519 1302 2590 (Psal.
1335 2537 1519 2586 cxvm,
1550 2525 1691 2596 116),
1727 2533 1783 2580 et
1821 2526 1966 2592 illud,
1992 2528 2174 2582 Domi-

624 2620 720 2658 nus
747 2615 1004 2675 susceptor
1022 2617 1094 2660 est
1123 2609 1309 2662 animae
1323 2627 1459 2667 mea
1480 2610 1652 2682 (Psal.
1681 2629 1795 2677 LIII,
1823 2613 1907 2684 6);
1937 2617 2174 2684 quinimo

622 2706 720 2759 per
740 2692 792 2747 id
820 2694 959 2761 quod
985 2695 1195 2750 inﬁmo
1219 2713 1458 2768 peneque
1478 2709 1688 2754 mortuo
1713 2705 1867 2756 se‘rvo
1891 2703 2175 2760 famulatus

623 2792 731 2832 non
760 2779 1036 2834 abhorruit
1066 2782 1094 2820 δ
1128 2783 1409 2852 obsequela
1461 2788 1692 2841 remedia
1729 2788 2040 2845 clementius
2078 2793 2176 2845 im-

587 2889 592 2892 -
625 2868 841 2934 pertire,
875 2868 1181 2938 inllnitaque
1209 2871 1388 2942 largiri
1412 2875 1665 2929 benellcia
1699 2877 2041 2934 inenarrabili
2069 2897 2172 2935 non

626 2953 826 3006 distulit
856 2955 1074 3022 pietate,
1101 2957 1155 3010 in
1185 2965 1391 3013 tantum
1419 2971 1474 3014 ut
1494 2977 1560 3016 ex
1583 2965 1725 3018 omni
1753 2975 1905 3034 parte
1931 2966 2175 3021 vulnera-

627 3049 737 3096 tum
781 3046 1016 3114 sentique
1056 3048 1231 3104 vivum
1269 3051 1512 3107 relictum
1561 3057 1790 3125 propriis
1827 3059 2061 3113 humeris
2109 3061 2174 3113 ad

623 3133 833 3184 domum
869 3135 1156 3190 curationis
1181 3153 1287 3191 non
1315 3140 1624 3209 despexerit
1650 3151 1922 3212 reportare
1949 3162 1962 3198 :
1989 3155 2174 3205 sanato

625 3219 874 3272 nimirum
905 3221 955 3273 in
985 3223 1182 3288 palatio
1209 3226 1328 3280 solii
1379 3229 1460 3281 sui
1502 3231 1644 3298 regio
1684 3233 1781 3285 sub
1828 3233 2056 3286 culmine
2091 3247 2173 3288 re-
2197 3221 2244 3282 ο

627 3305 730 3372 cipi
760 3320 879 3358 cum
909 3306 1073 3372 gloria
1104 3310 1349 3379 dignatus
1371 3323 1453 3367 est
1486 3317 1806 3387 triumphali.
1845 3320 1955 3375 liae
1983 3323 2176 3392 quippe

624 3395 914 3448 curationis
962 3397 1130 3451 salute
1158 3401 1423 3470 indigebat
1465 3404 1570 3468 ille,
1602 3407 1690 3474 qui
1720 3409 1846 3462 totis
1871 3411 2176 3478 prtecordiis

625 3483 814 3536 anxius
839 3487 1113 3550 exorabat,
1143 3487 1384 3544 Miserere
1411 3494 1507 3546 mei
1539 3493 1772 3558 Domine,
1817 3499 2063 3564 quoniam
2094 3500 2177 3551 in-

623 3569 809 3635 ﬁrmus
855 3588 968 3624 sunt
1001 3588 1173 3627 :sana
1207 3593 1287 3628 me
1333 3578 1552 3631 Domine
1578 3580 1747 3646 (Psal.
1784 3596 1857 3645 v1,
1884 3583 1972 3653 5);
2011 3592 2064 3638 et
2091 3585 2176 3639 ille

627 3657 870 3712 similiter
896 3661 985 3728 qui
1011 3662 1241 3727 dicebat,
1281 3663 1425 3718 Sana
1446 3683 1548 3731 me,
1582 3667 1821 3734 Domine,
1842 3681 1888 3724 et
1914 3673 2136 3727 sanabor
2157 3691 2178 3728 :

625 3743 820 3823 salmtm
845 3763 922 3799 me
959 3749 1040 3816 [ac
1066 3761 1111 3803 et
1149 3752 1318 3807 salvus
1342 3771 1446 3817 ero,
1478 3757 1719 3825 quoniam
1754 3758 1867 3812 laus
1894 3777 2006 3815 mea
2029 3771 2084 3815 tu
2121 3780 2174 3816 es

629 3831 838 3902 (Jerem.
871 3850 999 3898 xvn,
1032 3838 1139 3906 14).

1145 3926 1296 3999 142
1335 3928 1559 3985 CAPUT
1598 3933 1660 3986 v.

633 4026 830 4082 Nomen
861 4047 1011 4108 super
1043 4050 1188 4087 omne
1217 4054 1427 4111 nomen,
1465 4048 1512 4092 et
1548 4043 1710 4111 omnis
1749 4045 2034 4111 genu/lexin
2075 4063 2176 4101 non

698 4100 926 4183 convenit
968 4104 1305 4183 nuncupatim
1338 4105 1485 4182 _Dea,
1525 4110 1611 4161 sed
1653 4100 1771 4163 vero
1811 4127 1830 4165 :
1868 4100 2020 4166 Jesus
2057 4100 2176 4183 ergo

699 4164 867 4229 Deus,
897 4169 976 4218 cui
1006 4167 1112 4235 lucc
1139 4164 1461 4225 conveniunt.

701 4271 833 4336 Quid
861 4273 1037 4341 itaque
1063 4275 1114 4326 in
1139 4276 1579 4346 subsequentibus
1603 4289 1852 4351 sequatur
1874 4293 2175 4357 apostolicis

632 4360 808 4414 verbis
850 4361 1188 4438 nihilominus
1227 4375 1350 4419 sunt
1385 4369 1711 4455 explicanda.
1755 4373 1972 4444 Propter
2005 4382 2171 4448 quod,

633 4452 732 4514 ait,
774 4459 820 4502 et
856 4449 989 4504 Deus
1025 4452 1172 4504 illum
1212 4449 1482 4520 exaltam’l,
1516 4468 1562 4511 et
1608 4461 1811 4516 donavit
1856 4464 1932 4517 illi
1971 4484 2172 4534 nomen,

631 4540 765 4607 quod
792 4550 862 4593 est
890 4557 1040 4609 super
1066 4557 1209 4596 omne
1239 4561 1418 4598 nomen
1437 4587 1450 4610 ,
1485 4558 1536 4600 ut
1563 4551 1616 4602 in
1643 4555 1844 4606 nomine
1880 4555 2004 4609 Jesu
2031 4573 2174 4612 omne
2203 4536 2250 4593 υ

633 4643 761 4695 genu
783 4629 1018 4694 ﬂectatur
1048 4628 1295 4700 (Philipp.
1329 4651 1386 4696 ιι,
1413 4637 1464 4697 9,
1499 4636 1604 4707 10).
1644 4639 1842 4696 Nomen
1871 4659 2059 4714 nempe
2086 4661 2173 4699 su-

633 4729 728 4782 per
760 4729 914 4768 omne
958 4733 1144 4772 nomen
1184 4721 1346 4775 solius
1383 4724 1471 4778 Dei
1501 4728 1613 4780 veri
1644 4737 1754 4792 est,
1798 4735 2011 4799 verique
2058 4735 2173 4788 Filii

635 4806 747 4858 Dei.
804 4804 1219 4874 Nuncupativum
1268 4827 1394 4866 vero
1421 4853 1435 4877 ,
1484 4817 1562 4868 vel
1614 4819 1915 4886 adoptivum
1982 4838 2173 4878 nomen

636 4905 739 4942 non
774 4906 949 4959 supra,
979 4892 1068 4945 sed
1106 4894 1258 4948 infra.
1287 4897 1342 4950 In
1381 4909 1604 4968 utroque
1640 4907 1934 4959 communia
1961 4910 2173 4962 nomina

636 4980 989 5034 continentur.
1018 4981 1093 5034 Tu
1122 4985 1330 5050 quidem
1367 4989 1510 5043 illum
1539 4999 1744 5046 astrues
1766 4999 2173 5064 nuncupativum

637 5067 798 5120 Deum
837 5075 889 5119 et
923 5069 1220 5135 adoptivum
1260 5074 1421 5129 filium
1442 5118 1456 5140 ,
1493 5081 1930 5147 quemadmodum
1957 5094 2059 5140 tua:
2085 5089 2173 5141 lit-

636 5163 763 5209 tera;
787 5163 1163 5224 protestantur,
1206 5163 1294 5230 qui
1337 5164 1507 5221 factus
1533 5171 1782 5227 obediens
1807 5183 1888 5228 est
1915 5191 2080 5244 usque
2109 5179 2175 5232 ad

636 5254 890 5310 mortem,
937 5255 1157 5302 mortem
1196 5264 1368 5307 autem
1410 5258 1601 5312 crucis.
1641 5261 1921 5330 Apostolus
1962 5266 2174 5332 quidem

670 5382 734 5452 __t
750 5371 902 5452 ’μορε
930 5388 945 5426 :
975 5373 1278 5452 Redemptor
1296 5394 1464 5452 noster
1484 5402 1574 5440 rex
1593 5387 1904 5446 Dominus...
1935 5410 2172 5449 exercue-

639 5438 724 5512 rit.
750 5438 827 5512 Ita
848 5438 909 5492 in
940 5457 1103 5512 marg.
1141 5438 1264 5499 c'dit.
1295 5450 1371 5502 Du
1397 5438 1627 5510 Chesnii'.

709 5507 737 5545 δ
753 5505 1080 5592 .Fartt‘tulatui
1092 5529 1192 5566 non
1207 5516 1469 5592 abhorruit
1487 5505 1752 5592 o—lis‘e—quela
1776 5530 2036 5584 remedia..
2047 5571 2058 5584 .
2075 5535 2168 5586 im—

641 5576 838 5662 p'rrtire‘.
869 5574 1062 5662 Sensus
1079 5590 1171 5662 “est
1209 5599 1232 5662 :_
1257 5599 1358 5636 non
1387 5574 2164 5662 apsumi;'iihpéﬁiic"}é7x}§£§.

642 5643 1046 5731 (133,10b'i0q1'18l3
1077 5647 1390 5731 famulatus.-
1405 5652 1679 5731 ορδσφῳια
1702 5643 2165 5731 inSt-$6.156;

643 5716 689 5759 et
715 5712 990 5777 olisequcla
1016 5712 1294 5772 famulatus
1317 5723 1417 5773 erit
1446 5712 1722 5780 famulatus
1751 5712 2167 5799 meﬁivgertivsji'ta

2274 1996 2622 2082 grandissono
2658 2019 2832 2071 przeco
2867 2007 3008 2064 illius
3042 1996 3302 2083 tonitruo,
3347 1996 3525 2079 omnis
3569 2027 3752 2097 lingua
3780 2043 3832 2084 ut

2273 2083 2603 2153 conﬁteatur,
2636 2094 2890 2160 explicuit
2919 2098 2972 2152 in
3000 2101 3164 2169 gloria
3199 2121 3317 2162 esse
3353 2110 3447 2166 Dei
3491 2083 3695 2172 Patri;
3726 2120 3831 2182 Dic,

2275 2537 2391 2577 rum
2423 2525 2648 2583 filiorum
2686 2531 2917 2591 flectitur
2943 2555 3100 2597 omne
3127 2561 3284 2614 genu,
3315 2525 3639 2622 caelestium,
3669 2525 3831 2616 lcrre-

2273 2613 2483 2678 strium,
2512 2627 2565 2671 et
2590 2619 3064 2682 infernorum‘laut
3091 2613 3248 2700 quem
3272 2613 3340 2692 ex
3389 2641 3496 2696 illis
3531 2648 3834 2702 omnis-lin-

2273 2717 2375 2770 gua
2406 2696 2700 2763 confitetur
2746 2713 2798 2766 in
2847 2716 3011 2784 gloria
3052 2696 3169 2777 esse
3211 2725 3304 2781 Dei
3348 2729 3526 2786 Patris
3546 2696 3830 2792 tit—cuin

2275 2792 2510 2850 invenire
2543 2799 2701 2854 alium
2738 2810 3079 2872 quaerendum
3115 2813 3366 2872 deficiens
3395 2820 3620 2878 minime
3646 2835 3830 2894 potue-

2275 2883 2376 2946 ris,
2404 2885 2505 2939 nisi
2545 2886 2812 2946 Christum
2857 2895 3037 2950 Jesum
3088 2915 3272 2956 verum
3312 2905 3508 2974 Deum,
3544 2883 3834 2985 verumque

2272 2971 2600 3040 unigenitum
2626 2977 2816 3034 Filium
2843 2983 2955 3047 Dei,
2988 2986 3070 3040 vel
3112 3004 3251 3045 nunc
3287 2990 3439 3062 [Pro,
3468 2971 3620 3071 tunc]
3653 3010 3706 3056 te
3735 2971 3827 3057 ob-

2275 3065 2727 3129 secro,,pmniteat
2754 3073 3005 3135 prmteriti
3044 3077 3196 3143 mali,
3239 3089 3296 3133 ut
3335 3065 3623 3152 resipiscas
3659 3096 3828 3145 tamen

2275 3144 2557 3214 aliquando
2591 3167 2622 3205 a
2648 3154 2839 3212 diaboli
2869 3161 3084 3230 laqueo,
3115 3182 3142 3219 a
3169 3184 3275 3237 quo
3302 3144 3543 3239 capti-vus
3581 3182 3751 3234 teneri

2274 3239 2484 3325 speculo
2513 3253 2534 3280 ο
2571 3247 2886 3314 prospiceris
2929 3254 3136 3311 sincero
3171 3261 3445 3317 catholica:
3485 3265 3609 3320 fidei
3655 3271 3821 3325 oculo.

2273 3323 2516 3383 Christus
2551 3331 2712 3400 igitur
2752 3334 2907 3392 Jesus
2954 3341 3004 3395 in
3049 3343 3214 3411 gloria
3250 3356 3329 3401 est
3364 3351 3455 3405 Dei
3489 3355 3683 3409 Patris.
3717 3323 3824 3412 Alia

2274 3415 2464 3509 quippe
2515 3419 2678 3486 gloria
2709 3430 3046 3494 nuncupativi
3102 3433 3192 3487 Dei
3238 3444 3291 3489 et
3335 3440 3570 3509 adoptivi
3620 3444 3738 3509 filii,
3777 3456 3826 3500 et

2274 3502 2424 3557 valde
2450 3505 2602 3576 longe
2631 3512 2972 3569 excellentius
2991 3517 3092 3572 alia
3115 3529 3198 3575 est
3220 3523 3383 3592 gloria
3411 3530 3520 3582 veri
3553 3531 3669 3592 Dei,
3698 3535 3827 3587 veri-

2272 3607 2374 3661 que
2396 3594 2513 3650 Filii
2541 3598 2658 3664 Dei,
2687 3616 2805 3669 qute
2834 3610 3131 3665 communis
3157 3612 3230 3666 illi
3265 3627 3345 3670 est
3369 3633 3490 3672 cum
3515 3620 3627 3675 Deo
3653 3621 3819 3682 Patre.

2273 3694 2563 3754 sanctoque
2583 3703 2702 3746 cum
2731 3692 2948 3761 Spiritu.
2981 3698 3119 3754 Deus
3146 3703 3400 3758 nimirum
3441 3707 3589 3762 illum
3626 3713 3821 3766 exalta-

2272 3771 2374 3832 vit,
2403 3781 2456 3825 et
2485 3775 2696 3830 denavit
2725 3781 2796 3833 illi
2820 3797 3034 3849 nomen,
3062 3791 3202 3856 quod
3239 3801 3320 3845 est
3350 3809 3509 3863 super
3540 3813 3702 3852 omne
3729 3817 3822 3855 no-

2275 3873 2424 3923 men,
2459 3863 2666 3919 virtutis
2703 3869 2904 3924 scilicet
2931 3881 2986 3926 et
3022 3876 3345 3947 divinitatis,
3383 3900 3501 3952 quae
3535 3888 3590 3940 in
3617 3888 3823 3943 Christo

2274 3952 2621 4018 corporaliter
2659 3956 2709 4009 in
2751 3955 2892 4014 omni
2938 3964 3265 4031 plenitudine
3304 3972 3608 4040 habitabat,
3657 3988 3713 4032 et
3749 3993 3823 4033 est

2273 4035 2326 4087 in
2357 4036 2463 4090 illo.
2502 4038 2559 4092 In
2589 4042 2731 4096 nullo
2759 4059 2974 4112 prorsus
3000 4052 3104 4104 alio
3126 4058 3300 4109 omnis
3329 4035 3606 4126 plenitudo
3641 4065 3823 4120 divini-

2273 4125 2399 4177 tatis
2419 4131 2761 4196 corporaliter
2789 4134 3029 4191 habitare
3059 4125 3380 4207 perhibetur,
3407 4148 3510 4204 nisi
3537 4151 3591 4204 in
3617 4151 3826 4208 Christo

2271 4208 2395 4264 Jesu
2427 4215 2771 4283 solummodo,
2799 4224 2887 4289 qui
2918 4235 3001 4278 est
3025 4242 3183 4283 verus
3210 4239 3264 4286 et
3287 4226 3596 4304 unigenitus
3621 4241 3716 4296 Dei
3743 4243 3823 4298 Fi-

2273 4295 2394 4350 lius.

2873 4378 3095 4436 CAPUT
3133 4386 3219 4440 Vl.

2276 4453 2448 4546 Nemo
2466 4457 2826 4546 in_§c‘ripturils
2853 4469 3138 4546 appellatur
3173 4473 3345 4531 Filius
3384 4479 3499 4546 Dei,
3533 4487 3640 4541 nisi
3678 4487 3824 4543 Chri-

2342 4533 2450 4620 stus
2467 4529 2730 4620 expliciti
2752 4529 2928 4620 illud}.
2945 4529 3820 4620 ﬁem‘onaseend—it—in—cuil'umriiisi

2343 4593 2736 4714 Eglodescendit
2768 4603 2833 4656 de
2872 4607 3004 4662 coelo
3041 4593 3821 4690 numidia};“($333:

2275 5398 2512 5469 Plautus,
2538 5410 2682 5464 Asin.
2711 5429 2761 5466 v.
2787 5419 2872 5482 75,
2905 5430 3008 5478 act.
3037 5442 3077 5490 ι,
3105 5443 3179 5483 sc.
3206 5431 3256 5484 1.

2395 5493 2836 5578 ρὲηεξεεςςῃξεθ,
2859 5507 3060 5578 bibatis,
3081 5515 3245 5578 liberis
3261 5521 3377 5578 suis,

2395 5555 2486 5646 (lui
2511 5559 2625 5605 mihi
2650 5555 3190 5630 auscultabauﬂl-s'cie-uvt
3203 5555 3512 5640 biiléli'iotam
3529 5587 3646 5646 jam.

2313 5634 2483 5734 ςξδηξίη
2517 5639 2875 5734 ἴλίωίξηίίξαζζι
2913 5666 2943 5700 α
2982 5657 3178 5734 ψέξαιξῖ
3199 5650 3491 5734 Δνίίιεμιιιιὶιξ
3518 5686 3585 5724 ea:
3603 5674 3809 5733 Hart/lia

2269 5697 2492 5756 diximus
2510 5707 2563 5758 in
2594 5718 2697 5760 not.
2729 5697 3170 5788 ad
3197 5697 3232 5790 δ’
3252 5697 3476 5787 Σῖῗυιέἱῗέ
