3926 6424
482 416 739 526 ⁵ιςι

1482 440 1539 493 S.
1581 439 1847 493 PAULlNl
1886 435 2335 490 PATRIARCILE
2375 438 2839 504 AQUILEIENSIS

3676 442 3778 498 828

586 550 783 613 calam,
808 533 905 604 nisi
938 551 1025 619 qui
1062 547 1314 601 descendit
1343 547 1404 598 de
1436 545 1577 599 ario.
1617 545 1683 601 Et
1707 544 1856 614 quasi
1893 545 2116 597 interro-
2146 548 2187 599 Α
2219 533 2523 599 tummodo:
2562 547 2727 601 altera
2752 548 2944 615 ubique
2974 548 3027 602 in
3049 549 3183 604 cosio
3208 558 3262 604 et
3288 550 3338 604 iu
3373 560 3540 616 terra,
3571 552 3681 608 hoc
3701 570 3778 608 est

587 639 829 706 gantihus
861 654 918 694 se
955 638 1073 706 quis
1114 636 1494 713 descendisset,
1549 636 1910 702 responderet,
1954 629 2120 683 Filius

586 729 804 783 hominis
828 729 915 796 qui
941 738 1011 781 est
1038 728 1092 780 in
1121 725 1244 781 calo
1271 741 1288 778 :
1316 727 1427 793 ipse
1455 732 1508 778 et
1533 723 1862 779 descendisse
1892 722 1957 775 de
1989 718 2123 774 caelo

587 816 773 870 Filium
800 816 1046 879 hominis,
1075 825 1129 869 et
1149 830 1266 868 esse
1289 823 1411 867 tunc
1443 815 1495 867 in
1525 813 1658 867 coelo
1679 827 1798 865 cum
1824 811 2124 877 loqueretur

584 907 638 958 in
667 914 831 969 terra,
868 912 924 958 et
956 905 1238 958 ascendere
1278 904 1366 957 ubi
1399 911 1516 955 erat
1550 902 1697 969 prius
1734 901 1881 953 testis
1912 906 2012 951 est.
2044 897 2123 950 Tu

586 1008 710 1049 vero
737 995 819 1048 his
845 994 1152 1048 clarissimis
1171 993 1327 1045 dictis
1362 993 1539 1045 animo
1566 990 1826 1043 obsistens
1850 986 2121 1053 sacrilego,

586 1099 684 1140 nec
729 1084 1062 1139 descendisse
1104 1097 1248 1145 eum,
1293 1096 1389 1135 nec
1431 1094 1547 1133 esse
1588 1088 1710 1132 tunc
1747 1079 1798 1131 in
1838 1077 1991 1136 caelo,
2030 1088 2125 1127 nec

582 1173 866 1227 ascendere
889 1158 1138 1224 mentitus
1157 1184 1215 1224 es
1237 1170 1320 1223 ubi
1342 1175 1457 1221 erat
1480 1168 1642 1236 prius,
1668 1168 1768 1220 hoc
1788 1174 1866 1219 est
1893 1165 1944 1217 in
1967 1165 2119 1218 cmlo.

582 1260 660 1313 Ac
683 1270 777 1324 per
805 1258 907 1313 hoc
934 1258 1129 1327 (ingere
1152 1258 1347 1311 videris
1374 1257 1572 1324 tropica
1599 1255 1862 1309 locutione
1892 1254 1991 1307 hoc
2020 1252 2123 1306 Do-

584 1345 838 1400 minicum
861 1347 1317 1413 venerandumque
1343 1344 1725 1412 promulgatum
1752 1343 1912 1395 fuisse
1939 1356 2127 1395 oracu-

584 1435 693 1488 lum
716 1436 869 1489 sienti
891 1442 973 1489 est
1004 1435 1169 1488 moris
1192 1433 1329 1487 sacri
1358 1433 1550 1501 eloquii
1588 1432 1833 1501 congruis
1861 1431 2126 1498 certisque.

585 1522 637 1575 in
661 1521 791 1576 locus
808 1531 1013 1587 partem
1046 1506 1142 1592 pro
1168 1531 1278 1576 toto
1298 1561 1312 1585 ,
1342 1522 1422 1574 vel
1458 1531 1601 1576 certe
1638 1529 1804 1581 totum
1840 1535 1935 1587 pro
1975 1529 2126 1588 parte

582 1610 896 1678 signiﬁcare.
925 1609 1029 1663 Sed
1054 1611 1299 1678 quoniam
1332 1610 1456 1662 huic
1493 1609 1671 1676 generi
1703 1608 2003 1670 locutionis,
2041 1609 2125 1662 cui

584 1699 773 1765 lingute
797 1699 1030 1753 debitum
1067 1698 1352 1751 inollicioso
1383 1696 1504 1762 jure
1542 1698 1738 1750 servire
1774 1697 2011 1764 coegisti,
2048 1694 2127 1748 in-

581 1788 839 1857 capatiilis
870 1788 1115 1842 nimirum
1156 1802 1339 1841 sensus
1382 1788 1686 1856 ignorantiae
1722 1796 1953 1854 egestate
1983 1786 2127 1841 labo-

588 1889 776 1931 rantis.
803 1875 1038 1945 ejusdem
1068 1884 1121 1930 te
1146 1877 1365 1945 contigit
1394 1877 1605 1930 modum
1635 1876 1997 1929 rationabilius
2031 1890 2144 1947 ne-.

585 1965 721 2019 scire
763 1962 1044 2020 locutionis
1091 1984 1103 2019 :
1147 1975 1201 2019 et
1244 1967 1439 2035 idcirco
1484 1968 1555 2021 ibi
1598 1967 1734 2020 hanc
1771 1967 2127 2019 inhormitert|

579 2052 867 2109 locutionis
884 2056 1114 2124 regulam
1134 2055 1486 2109 introduxisse
1508 2066 1559 2108 te
1583 2055 1757 2108 nullus
1781 2064 1926 2123 patet
1958 2056 2129 2110 aditus

584 2140 939 2206 defensmuis,
996 2144 1088 2197 ubi
1118 2144 1184 2196 "ei
1225 2144 1587 2197 introducendi
1636 2143 1782 2198 locus
1827 2144 2131 2197 conceditur

586 2222 779 2287 nullus.
808 2232 1058 2301 Biportita
1089 2233 1344 2301 siquidem
1374 2232 1527 2299 hujus
1552 2233 1749 2300 tropice
1772 2232 2127 2300 distinguitur,

586 2320 727 2375 sicut
769 2314 927 2390 supra
956 2320 1246 2379 docuimus,
1277 2319 1401 2372 trito
1428 2334 1670 2373 sermone
1716 2320 1940 2387 qualitas
1989 2320 2132 2373 locu-

586 2409 770 2473 tionis,
796 2426 913 2464 cum
929 2425 1039 2478 pro
1069 2418 1176 2463 toto
1198 2411 1407 2465 homine
1431 2425 1551 2477 pars
1571 2410 1743 2478 aliqua
1776 2415 2006 2479 ponitur,
2031 2413 2131 2466 hoc

591 2504 701 2562 est,
738 2498 847 2551 sola
878 2512 1033 2561 caro,
1060 2498 1195 2553 sicut
1226 2507 1305 2551 est
1339 2498 1467 2552 illud
1510 2514 1524 2552 :
1574 2497 1766 2552 Videbit
1810 2501 1973 2553 omnis
2011 2516 2130 2553 caro

585 2587 817 2642 salutare
846 2587 937 2640 Dei
960 2590 1119 2642 nostri
1141 2587 1288 2658 (Luc.
1319 2605 1402 2652 ιιι,
1427 2588 1512 2657 (ἷ);
1542 2598 1631 2643 aut
1653 2604 1684 2642 e
1703 2591 1988 2653 contrario,
2011 2606 2130 2644 cum

591 2676 756 2730 solius
774 2676 962 2732 anima:
985 2678 1507 2747 memoriaitangitur,
1533 2688 1591 2730 ut
1616 2679 1668 2731 in
1698 2677 1924 2733 .‘dosaico
1948 2681 2133 2734 adi-er.

591 2765 721 2818 titur
741 2767 877 2834 stylo
907 2783 919 2817 :
952 2764 1238 2830 Descendit,
1275 2768 1457 2834 inquit,
1476 2768 1652 2821 Jac-ob
1688 2769 1742 2821 in
1772 2768 2051 2839 Aigyptum
2080 2772 2132 2826 in

592 2855 860 2908 animabus
880 2857 1207 2924 septuaginta
1230 2853 1376 2926 (Gen.
1405 2871 1546 2919 XLVI,
1575 2856 1662 2921 27,
1691 2867 1737 2910 et
1760 2857 1911 2911 Deut.
1942 2876 1997 2923 χ,
2018 2860 2128 2930 22),

596 2956 650 2995 .-t
680 2943 806 2997 illud
850 2945 1029 3012 peribit
1072 2948 1242 2998 anima
1289 2944 1379 2998 illa
1386 2948 1491 3033 ,ἀς
1528 2939 1656 3033 coetu
1703 2947 1928 3014 ﬁliorum
1968 2948 2133 3003 Israel

588 3026 791 3097 '(Exod.
820 3045 916 3093 xu,
958 3028 1063 3099 19).
1105 3029 1177 3082 lbi
1208 3026 1442 3099 prolecio
1474 3030 1633 3098 hujus
1663 3033 1940 3089 locutionis
1975 3036 2131 3090 intel-

591 3117 695 3187 legi
728 3106 912 3172 modus
939 3119 1112 3191 debet,
1140 3120 1229 3172 ubi
1264 3135 1367 3173 non
1414 3121 1681 3191 signanter
1710 3138 1928 3191 persona
1969 3125 2133 3180 intro-

592 3206 821 3267 ducitur,
852 3206 941 3261 sed
977 3205 1255 3261 diversitas
1280 3210 1616 3278 distinguitur
1651 3220 1955 3266 naturarum
1982 3232 1994 3266 :
2021 3213 2134 3270 lloc

594 3295 787 3363 quippe
825 3294 876 3348 in
916 3294 1031 3348 loco
1072 3310 1208 3349 unus
1239 3276 1334 3348 Dei
1376 3276 1704 3366 hominisque
1741 3297 1902 3354 Filius
1936 3317 2039 3355 non
2067 3303 2132 3359 de

595 3381 909 3439 naturalium
947 3382 1320 3439 discretionum
1357 3384 1628 3452 qualitate,
1660 3388 1752 3441 sed
1794 3390 1858 3443 de
1895 3403 2134 3456 personae

597 3470 848 3540 unigeniti
878 3472 1057 3526 docuit
1090 3473 1310 3526 unitate.

1177 3562 1398 3616 CAPUT
1438 3564 1544 3617 Vll.

599 3647 771 3720 Pergit
803 3650 970 3703 adhuc
1012 3650 1272 3773 explicaret
1303 3652 1428 3732 quid
1451 3653 1537 3772 [sit
1593 3651 1642 3704 F
1645 3652 1762 3707 ilius
1795 3655 2011 3709 hominis
2046 3657 2133 3725 qui

1199 3736 1252 3772 es
1281 3737 1349 3773 λιιι
1377 3736 1451 3773 σω
1471 3737 1520 3773 o.

1199 3736 1349 3773 881⁸111
1377 3736 1520 3774 cano.

665 3821 831 3875 Porro
852 3836 970 3876 cum
992 3821 1120 3876 dicit
1143 3841 1155 3874 :
1194 3822 1353 3876 Nemo
1377 3825 1602 3877 ascendit
1624 3826 1676 3877 in
1701 3826 1897 3890 calam,
1928 3831 2027 3883 nisi
2044 3835 2132 3900 qui

597 3905 853 3959 descendit
880 3906 944 3957 de
964 3903 1104 3969 caelo,
1126 3913 1180 3958 et
1201 3907 1419 3969 addidit,
1443 3904 1609 3960 Filius
1634 3908 1851 3965 hominis
1874 3914 1959 3982 qui
1988 3918 2135 3970 estin

597 3991 743 4057 calo,
770 3992 1157 4047 evidentissima
1179 3996 1416 4048 veritatis
1449 3996 1868 4056 manife‘statione
1911 4004 2137 4059 innotuit

599 4080 790 4137 Filium
819 4082 1044 4136 hominis
1066 4084 1236 4151 ipsum
1260 4096 1376 4137 esse
1396 4086 1484 4152 qui
1513 4088 1780 4141 descendit
1802 4090 1868 4144 de
1894 4090 2028 4145 cmlo
2050 4091 2136 4147 Fi—

600 4171 703 4226 lius
725 4169 838 4225 Dei.
874 4168 1104 4223 Alterius
1127 4178 1268 4223 certe
1299 4173 1508 4239 generis
1535 4173 1776 4239 formam,
1807 4179 1906 4233 hoc
1939 4188 2020 4234 est
2044 4197 2135 4235 na-

599 4269 774 4313 turam
799 4258 1027 4325 suscepit
1069 4273 1133 4313 ex
1165 4259 1394 4328 virgine,
1439 4277 1543 4315 non
1579 4263 1792 4319 alterius
1830 4268 1919 4321 ﬁlii
1950 4284 2134 4336 perso-

604 4339 891 4403 nam.‘Non
912 4356 1003 4422 gest
1030 4349 1170 4402 enim
1194 4348 1327 4402 alter
1354 4364 1447 4418 per
1473 4350 1528 4403 id
1552 4355 1689 4419 quod
1726 4353 1889 4408 Filius
1916 4366 1997 4410 est
2038 4361 2135 4413 ho-

601 4438 779 4492 minis.
809 4436 913 4492 Sed
935 4438 1075 4491 aliud
1101 4447 1182 4492 est
1206 4452 1301 4505 per
1325 4439 1376 4493 id
1404 4441 1539 4508 quod
1561 4442 1717 4496 homo
1739 4430 1930 4509 ests-ct
1961 4457 2135 4503 tamen

604 4526 743 4580 Dens
770 4535 822 4579 et
850 4526 1006 4579 homo
1034 4541 1169 4579 unus
1198 4535 1278 4579 est
1305 4527 1395 4580 Dei
1425 4537 1480 4581 et
1502 4528 1727 4585 hominis
1756 4532 1914 4587 ﬁlius.
1937 4534 2135 4591 Natura

601 4630 830 4686 namque
856 4616 1040 4681 altera,
1080 4615 1180 4669 hoc
1203 4623 1286 4670 est
1307 4615 1567 4683 hominis,
1608 4629 1723 4673 erat
1767 4622 1819 4674 in
1849 4630 1988 4678 terra
2019 4633 2135 4680 tan-

676 4745 882 4818 {lianc
920 4748 1217 4818 inltoriniter
1258 4748 1528 4803 locutionis
1570 4752 1814 4818 regulam.
1864 4755 1993 4811 Tota
2026 4760 2137 4814 lure

606 4814 851 4884 periodus
877 4816 1007 4868 satis
1032 4814 1247 4868 confusa
1267 4818 1509 4881 videtur;
1551 4814 1645 4872 nec
1671 4822 1847 4875 ausim
1877 4826 2138 4883 ullatenus

606 4898 795 4962 manus
816 4896 1097 4951 apponere,
1126 4896 1192 4934 ne
1210 4885 1501 4963 ςχονὶξὶιςιιι
1524 4901 1553 4963 a
1580 4889 2000 4963 mentel’aulini,
2023 4912 2138 4963 qtae

610 4951 664 5005 in
684 4965 908 5013 summa,
923 4959 976 5004 et
1002 4966 1104 5005 uno
1125 4952 1284 5006 verbo
1310 4952 1435 5005 mihi
1456 4953 1662 5006 videtur
1681 4957 1799 5011 talis
1822 4951 2007 5018 fuisse}
2034 4951 2138 5018 non

609 5032 728 5096 esse
767 5018 878 5096 hic_
899 5018 1350 5096 locumnliguratze
1373 5019 1663 5096 locutionis
1687 5024 1766 5077 vel
1798 5029 2041 5096 tropicze,
2083 5042 2142 5086 ut

612 5084 755 5137 Felix
802 5086 1020 5140 vuleiat.
1069 5084 1327 5154 ngierum
1366 5088 1695 5154 inlaormiter,
1734 5107 1824 5147 seu
1871 5084 2142 5155 i'norniitcr

613 5170 716 5207 non
762 5168 950 5205 novum
977 5157 1208 5225 _verbum
1237 5156 1301 5208 ab
1328 5156 1536 5225 inermis
1583 5162 1721 5225 quod
1767 5172 1849 5216 est
1879 5165 2048 5219 eidem
2079 5185 2141 5224 ac

614 5238 722 5273 sine
749 5236 925 5272 norma
945 5223 1371 5295 sicutigonormis
1394 5238 1421 5275 a
1445 5223 1623 5295 norma
1645 5228 1891 5295 alienum,
1922 5238 2141 5290 enormis

616 5297 1047 5369 extra-nonnum.
1077 5291 1215 5369 Vide‘
1228 5293 1472 5369 adnotata
1501 5293 1563 5369 ad
1588 5293 1672 5369 ἕρ
1695 5291 1893 5369 Concil.
1922 5302 2139 5369 Foroju—

619 5356 739 5427 lien.
771 5355 870 5427 litt.
904 5368 950 5407 ι.
984 5357 1317 5427 loversibus,
1344 5360 1432 5427 qui
1454 5355 1685 5427 epistola:
1714 5367 1779 5417 69
1805 5374 1967 5422 sancti
1996 5355 2143 5425 Boni-

619 5423 737 5494 facii
771 5424 996 5494 episcopi
1034 5424 1325 5494 Moguntini
1361 5423 1720 5494 subjiciuntur
1762 5448 1864 5487 non
1899 5453 1999 5489 una
2030 5423 2143 5494 vice

620 5490 1147 5562 verituminvenics,
1178 5509 1280 5562 quo
1317 5490 1572 5562 intelligas
1604 5499 1741 5553 circa
1771 5510 1976 5557 tetatem
2002 5490 2138 5562 pati;

624 5514 834 5542 vcrmuu
873 5514 1132 5556 IIIVUIIICS,
1178 5514 1280 5561 quo
1317 5514 1473 5550 llltclll
1514 5514 1572 5551 as
1604 5514 1741 5553 eirea
1771 5514 1976 5557 tetatem
2002 5514 2138 5562 Pau-

620 5557 709 5610 lini
740 5558 861 5636 illud
890 5559 1066 5612 tritum
1102 5577 1196 5616 usu
1244 5561 1422 5618 fuisse.
1460 5514 1702 5622 ἐδηιιίηο
1737 5571 1909 5637 primo
1945 5579 2023 5630 sic
2055 5592 2142 5630 oc-

621 5638 782 5678 ευιτιι
809 5638 825 5676 8
2014 5664 2015 5667 η

2218 633 2412 687 divina.
2442 636 2617 692 Potuit
2639 651 2765 707 ergo
2791 637 2930 706 quod
2968 639 3072 710 duo
3100 648 3271 704 erant,
3302 640 3542 695 divinum
3573 642 3781 697 scilicet

2219 730 2271 774 et
2296 721 2611 787 humanum,
2653 726 2794 779 aliud
2836 727 2888 779 in
2925 728 3061 782 caelo
3085 736 3138 780 et
3164 728 3358 796 ubique
3382 744 3527 793 esse,
3554 738 3610 783 ct
3634 730 3779 784 aliud

2219 811 2273 865 in
2301 822 2439 866 terra
2466 813 2809 869 solummodo.
2842 815 2953 869 Non
2980 824 3155 870 tamen
3182 818 3350 886 potuit
3379 816 3490 883 ille,
3519 819 3617 887 qui
3642 834 3779 873 unus

2220 911 2333 955 erat
2360 901 2523 957 Filius
2543 903 2782 959 videlicet
2814 905 2902 958 Dei
2927 915 2981 958 et
3004 906 3372 970 hominis,non
3402 915 3556 963 totus
3581 908 3780 977 ubique

2210 978 2355 1051 esse,
2384 990 2435 1042 io
2463 990 2597 1044 caelo
2632 1000 2831 1060 pariter
2855 1000 2907 1046 et
2934 992 2987 1045 in
3019 1004 3178 1048 terra.
3216 993 3421 1063 Ubique
3450 1010 3584 1050 sane
3611 1005 3777 1059 totus,

2221 1078 2342 1145 quia
2388 1094 2524 1132 unus
2560 1090 2642 1133 est
2687 1088 2741 1132 et
2785 1082 3115 1149 omnipotens
3142 1082 3312 1144 Deus,
3358 1100 3497 1140 unus
3528 1085 3780 1156 idemque

2220 1166 2594 1234 omnipotentis
2620 1167 2710 1220 Dei
2740 1177 2792 1222 et
2821 1170 3049 1225 hominis
3068 1172 3250 1225 Filius.
3282 1172 3527 1228 Humana
3548 1190 3781 1244 namque

2221 1262 2410 1306 natura
2440 1270 2544 1307 non
2568 1257 2836 1311 descendit
2857 1259 2921 1312 de
2948 1261 3103 1325 cudo,
3126 1276 3223 1315 nec
3246 1260 3344 1317 fuit
3365 1264 3437 1318 ibi
3460 1265 3779 1335 priusquam

2222 1340 2275 1394 in
2306 1341 2467 1395 Deum
2493 1353 2758 1414 assumpta
2785 1349 3092 1402 ascenderet
3113 1352 3463 1418 corporaliter
3476 1354 3535 1406 in
3560 1355 3777 1408 caelum.

2222 1426 2387 1481 Filius
2410 1440 2584 1483 autem
2613 1433 2841 1489 hominis
2865 1438 2988 1504 quia
3011 1454 3146 1492 unus
3168 1440 3413 1509 iJemque
3452 1443 3570 1511 ipse
3593 1454 3675 1498 est
3703 1443 3781 1497 Fi-

2222 1513 2323 1569 lius
2359 1517 2471 1579 Dei,
2498 1528 2552 1572 et
2577 1521 2641 1575 de
2667 1523 2802 1576 coelo
2827 1525 3095 1581 descendit
3121 1530 3259 1583 unde
3281 1544 3557 1598 nunquam
3582 1533 3781 1588 disces-

2223 1612 2383 1667 serat,
2413 1616 2465 1658 et
2494 1606 2547 1659 in
2581 1608 2715 1662 coelo
2737 1621 2852 1663 erat
2876 1628 2994 1665 cum
3021 1613 3321 1681 loqueretur
3348 1619 3402 1671 in
3428 1627 3573 1672 terra
3598 1636 3613 1685 ;
3646 1632 3702 1673 et
3727 1622 3778 1675 in

2225 1700 2421 1746 terram
2444 1696 2586 1749 venit
2610 1699 2699 1751 ubi
2724 1708 2869 1765 erat,
2914 1710 2965 1755 et
2998 1704 3049 1756 in
3086 1705 3278 1758 malum
3318 1714 3645 1763 ascensurus
3668 1722 3782 1766 erat

2225 1797 2320 1849 per
2350 1784 2400 1836 id
2424 1787 2562 1852 quod
2590 1788 2747 1843 homo
2775 1800 2871 1853 est,
2908 1802 2961 1845 et
2987 1793 3058 1847 ibi
3087 1796 3326 1849 ascendit
3351 1797 3439 1850 ubi
3478 1808 3601 1852 erat
3633 1801 3779 1870 prius

2226 1887 2321 1940 per
2348 1874 2400 1927 id
2427 1877 2565 1943 quod
2605 1877 2739 1931 Deus
2787 1889 2885 1933 est.
2937 1882 3142 1937 Domini
3188 1902 3415 1955 namque
3453 1897 3578 1943 sunt
3618 1894 3775 1946 verba

2225 1963 2447 2018 dicentis
2473 1982 2486 2017 :
2530 1965 2694 2020 Nemo
2722 1970 2946 2023 ascendit
2970 1973 3021 2025 in
3049 1973 3247 2040 corium,
3277 1978 3377 2030 nisi
3396 1981 3488 2048 qui
3512 1981 3777 2036 descendit

2224 2049 2287 2102 de
2312 2051 2454 2104 calo.
2485 2052 2561 2107 Tu
2579 2070 2705 2109 vero
2730 2060 3091 2114 contradicere
3117 2068 3399 2118 temerario
3419 2081 3556 2120 ausu
3582 2071 3778 2139 satagis

2226 2140 2456 2203 veritati,
2488 2141 2754 2198 allirtuans
2788 2145 2975 2200 Filium
3020 2148 3245 2204 hominis
3286 2168 3393 2206 non
3436 2154 3779 2213 descendiSSe

2227 2229 2292 2282 de
2331 2232 2485 2296 coelo,
2528 2247 2699 2301 neque
2728 2233 2890 2289 fuisse
2918 2238 2988 2291 ibi
3024 2240 3332 2310 priusquam
3383 2236 3702 2301 nasceretur
3726 2250 3777 2302 in

2228 2322 2388 2378 terra,
2411 2318 2501 2371 sed
2523 2326 2725 2373 tantum
2753 2318 2941 2377 Filium
2969 2326 3058 2379 Dei
3080 2328 3143 2381 de
3168 2328 3531 2387 coeloassrris
3562 2334 3778 2390 descen—

2227 2403 2383 2459 disse.
2415 2407 2543 2463 lllud
2576 2412 2767 2479 quippe
2792 2414 3013 2467 veritas:
3038 2417 3142 2471 hoc
3168 2419 3504 2477 mendacium
3534 2426 3775 2492 protulit.

2807 2524 3030 2581 CAPUT
3068 2529 3197 2582 Vill.

2297 2607 2381 2660 Ex
2410 2609 2723 2678 confessione
2752 2611 2942 2736 Felicis
2985 2620 3150 2697 arguit
3189 2622 3355 2692 ipsum
3398 2625 3531 2679 duos
3573 2627 3770 2693 ﬁlios-

2850 2702 2880 2736 α
2923 2697 3141 2736 mittere.

2850 2697 3141 2740 admittere.

2297 2761 2611 2833 interrogari
2640 2766 2774 2857 forte
2798 2784 2827 2822 a
2860 2774 3012 2827 nobis
3032 2775 3295 2831 debueras
3322 2783 3444 2849 quis
3472 2784 3576 2838 iste
3601 2789 3676 2840 sit
3697 2790 3778 2843 Fi-

2231 2852 2330 2904 lius
2356 2853 2603 2921 hominis,
2629 2860 2717 2925 qui
2743 2852 2845 2912 non
2870 2861 3141 2916 descendit
3160 2862 3310 2929 juxta
3334 2877 3477 2923 tuam
3510 2877 3776 2931 vesaniam

2231 2940 2297 2993 de
2337 2942 2499 3007 cmlo,
2547 2960 2717 3014 neque
2761 2945 2862 3000 fuit
2908 2949 2979 3003 ibi
3022 2951 3327 3022 priusquam
3372 2973 3687 3017 nasceretur
3728 2968 3778 3020 in

2156 3078 2169 3085 -
2194 3096 2203 3101 _
2232 3037 2393 3084 terra.
2432 3034 2535 3088 Sed
2572 3037 2760 3091 melius
2802 3041 3075 3097 mendacio
3107 3046 3394 3113 resistere,
3440 3066 3606 3119 quam
3651 3054 3777 3109 falso

2233 3121 2418 3175 audire
2443 3124 2509 3177 ab
2535 3139 2599 3178 eo
2618 3128 2816 3193 putavi.
2846 3128 2991 3186 Scito
3015 3147 3142 3201 ergo
3171 3143 3221 3189 te
3243 3150 3307 3189 ex
3336 3152 3401 3191 eo
3426 3145 3572 3208 quod
3596 3155 3778 3213 protu-

2235 3210 2628 3276 letas,duarum
2650 3218 2941 3273 inarescunt
2976 3222 3181 3290 laqueis
3207 3210 3619 3297 strangulatum:
3652 3234 3779 3289 Nam

2231 3314 2350 3354 cum
2379 3315 2575 3354 assens
2606 3302 2797 3357 Filium
2831 3307 3080 3373 hominis,
3112 3311 3164 3364 id
3196 3321 3296 3378 est,
3326 3314 3636 3385 Christum,
3676 3339 3776 3377 non

2232 3385 2564 3473 descendisse
2597 3390 2661 3443 de
2699 3392 2863 3455 coelo,
2911 3395 3005 3449 sed
3034 3397 3224 3452 Filium
3266 3409 3637 3464 tantummodo
3669 3412 3776 3473 Dei.

2233 3472 2362 3528 duos
2386 3477 2621 3544 profecto
2648 3480 2761 3535 hmo
2788 3484 2968 3537 dicens
2994 3485 3129 3540 ﬁlios
3164 3490 3503 3549 introducere
3528 3497 3775 3564 festinas,

2233 3562 2455 3616 alterum
2485 3565 2724 3621 videlicet
2753 3569 3021 3625 Christum
3064 3574 3186 3639 Dei,
3237 3577 3462 3634 alterum
3512 3562 3775 3643 Christum

2234 3651 2463 3706 hominis
2488 3653 2698 3709 Filium.
2727 3657 2794 3710 Et
2824 3661 2910 3714 ubi
2936 3670 3016 3715 est
3044 3664 3191 3729 illud,
3225 3677 3316 3721 aut
3341 3670 3461 3737 quis
3489 3685 3649 3741 putas
3677 3681 3776 3745 spi-

2232 3740 2367 3793 ritus
2393 3757 2617 3810 nequam
2652 3748 2825 3814 rapuit
2870 3759 2976 3804 tam
3006 3755 3180 3808 sui-ito
3207 3757 3271 3810 de
3295 3762 3457 3814 corde
3486 3740 3609 3828 tuo,
3641 3740 3777 3834 quod

2231 3830 2388 3920 paulo
2409 3841 2531 3884 ante
2555 3835 2822 3900 professus
2846 3838 3020 3905 labiis,
3048 3857 3150 3896 non
3189 3847 3348 3900 cat-de
3368 3852 3568 3918 agebas
3587 3855 3612 3907 ἲ
3642 3830 3771 3920 Non,

2235 3916 2428 3985 inquis,
2459 3920 2561 3974 duo
2605 3921 2707 3987 dii,
2735 3925 2817 3977 vel
2862 3926 2964 3981 duo
3010 3929 3121 3983 lilii.
3151 3933 3341 3998 Absit;
3391 3916 3486 3992 sed
3518 3956 3659 3996 unus

2234 4006 2566 4077 hominisque
2592 4011 2777 4067 Filius;
2824 4015 2934 4085 Age
2959 4032 3085 4088 ergo
3121 4036 3225 4089 quo
3249 4034 3407 4092 pacto
3437 4035 3565 4083 tunc
3593 4046 3771 4095 unum,

2235 4099 2672 4164 quomodonunc
2712 4104 2842 4158 duos
2889 4106 3026 4163 ﬁlios
3070 4111 3379 4166 confiteris?
3411 4115 3603 4173 Dixisti
3638 4122 3773 4175 enim

2234 4184 2422 4239 Filium
2452 4187 2678 4243 hominis
2705 4205 2808 4242 non
2833 4193 3163 4250 descendisse
3185 4198 3249 4252 de
3276 4203 3430 4267 corio,
3458 4208 3553 4261 sed
3585 4207 3773 4264 Filium

2236 4279 2596 4330 tantummodo
2619 4277 2728 4331 Dei.
2756 4278 2897 4333 Duos
2922 4283 3197 4339 manifeste
3221 4288 3523 4356 denuntias,
3550 4297 3771 4351 alterum

2234 4363 2482 4418 nimirum
2510 4366 2599 4434 qui
2634 4367 2904 4421 descendit
2929 4371 2992 4423 de
3019 4373 3173 4438 cmlo,
3200 4374 3303 4430 hoc
3327 4387 3409 4431 est
3440 4379 3534 4434 Dei
3560 4397 3575 4447 ;
3613 4392 3668 4439 et
3695 4386 3770 4438 al-

2164 4486 2212 4548 Β
2238 4462 2408 4506 terum
2441 4455 2529 4522 qui
2569 4471 2670 4509 non
2714 4458 3010 4548 descendit,
3055 4459 3153 4515 hoc
3192 4472 3269 4516 est
3300 4463 3534 4521 hominis
3562 4467 3770 4527 Filium.

2238 4543 2489 4598 Dominus
2530 4559 2715 4613 nempe
2754 4544 2908 4601 Jesus
2934 4547 3204 4616 Christus,
3238 4560 3297 4606 ut
3336 4568 3394 4609 se
3433 4571 3598 4613 unum
3626 4577 3770 4615 eum-

2236 4634 2459 4702 demqne
2487 4638 2890 4700 demonstraret,
2918 4638 3009 4705 qui
3045 4640 3313 4697 descendit
3338 4656 3391 4699 et
3416 4657 3532 4703 erat
3559 4650 3613 4703 in
3642 4652 3772 4707 nmio

2567 4791 2813 4842 Elementa
2835 4796 3033 4844 inermia

2566 4856 2856 4909 Quassau'ur
2880 4860 2969 4904 sui)
2992 4859 3171 4906 ethera

2564 4914 2719 4972 Atque
2743 4916 2862 4963 facta
2886 4916 3097 4964 informia

2565 4972 2786 5025 Convexa
2808 4976 2913 5023 εικιὶ
2933 4987 3137 5027 camera.
3261 4994 3269 5000 '
3392 4982 3402 5019 ι

2238 5060 2291 5104 et
2323 5052 2457 5105 infra
2483 5054 2649 5108 altero
2681 5056 2949 5111 carmine:

2572 5142 2629 5207 iit
2648 5146 2897 5207 pontorum
2920 5160 3005 5207 per
3030 5148 3167 5207 pallia

2572 5203 2771 5267 l‘ulrhra
2792 5203 2994 5263 pandunt
3022 5203 3284 5267 eruamini,

2572 5263 2685 5328 [aut
2710 5274 2976 5328 «iacturum
2995 5270 3226 5328 reliquias

2568 5322 2904 5369 Nottuullnruttt
2930 5322 3126 5374 eiimtas

2566 5386 2877 5431 Αύνυ1ιθ1λ²ηι
2908 5386 3165 5438 ὔιεοιιιιιιετ.

2240 5471 2293 5513 et
2327 5464 2477 5516 tertio
2503 5465 2734 5517 carmine
2760 5482 2773 5516 :

2573 5553 2788 5612 Quaque
2812 5554 2897 5601 lari
2913 5555 3179 5604 sublimiter

2572 5611 2784 5670 Surgeus
2803 5626 2975 5672 nempe
3000 5616 3249 5672 prolixius

2574 5672 2688 5730 (ldis
2711 5674 2847 5730 hujus
2866 5675 3107 5720 inortniwr
3149 5719 3163 5728 ,

2574 5728 2795 5791 Βειιιουεειί
2815 5741 2959 5792 atque
2983 5736 3189 5786 vastitas.
