3926 6482
605 447 694 499 131

1530 469 1583 520 S.
1625 467 1887 520 PAULINI
1926 461 2372 518 PATRIARCII/‘E
2414 462 2871 528 AQIZILEIENSIS

3681 467 3777 520 b3!

619 581 798 634 stiuas.
832 582 999 644 Quam
1021 578 1260 646 pet-valde
1287 578 1376 629 tibi
1406 577 1607 637 melius,
1635 577 1676 628 si
1705 575 1836 644 lugm
1864 574 2132 626 latibulum
2163 577 2204 628 Α
2235 573 2447 639 sanguis
2482 573 2568 624 dat
2600 572 2756 624 vitam
2796 573 3229 646 manducautibus
3265 583 3317 627 et
3354 576 3664 630 bibentibus
3701 592 3776 640 se,

616 666 796 719 liericii
831 665 1122 734 leporisque
1160 680 1303 718 more
1344 666 1394 716 in
1438 672 1597 730 petra:
1625 664 1879 716 foramine
1907 661 2138 728 require—

614 757 742 808 bas:
776 764 977 822 petram
1003 765 1177 808 autem
1204 753 1468 808 Christum
1495 753 1811 820 apostolicus
1851 749 2017 818 stylus
2050 750 2138 800 dc-

614 843 660 894 el
699 851 776 893 rat
800 841 848 910 (I
874 841 994 894 Cor.
1022 858 1075 904 Χ,
1101 841 1173 907 4).
1213 840 1471 894 Continuo
1501 853 1725 906 namque
1750 837 1943 890 oblitus
1969 835 2139 930 puris-

615 932 757 982 siuize
786 931 906 983 fidei
934 928 1272 998 professionis
1298 929 1458 981 Deum
1491 927 1633 978 illum
1672 939 1765 992 per
1794 927 2139 991 nuncupatio-

615 1025 768 1082 nem,
814 1025 866 1070 et
913 1018 1074 1070 tilium
1114 1032 1208 1086 per
1245 1017 1576 1083 adoptionem
1619 1014 1938 1080 exprobrare
1982 1012 2139 1089 anxio

613 1106 846 1160 deeertas
871 1107 1120 1160 anhelito.
1151 1106 1279 1158 Tam
1305 1106 1540 1158 obscura:
1567 1103 1804 1169 caliginis
1828 1101 2139 1155 densissimo

612 1196 820 1262 palpare
843 1197 1116 1249 obvolutus
1144 1193 1286 1249 lumo
1311 1194 1642 1263 prospiceris,
1667 1201 1724 1245 ut
1747 1208 1954 1247 asseras
1976 1193 2136 1244 Deum

609 1278 790 1340 verum
827 1287 879 1338 in
917 1287 1022 1339 Deo
1060 1286 1298 1339 habitare
1341 1286 1724 1352 nuncupativo;
1775 1293 1828 1338 et
1871 1283 2136 1352 proprium

610 1377 800 1429 Filium
832 1376 882 1428 in
912 1375 1015 1428 lilio
1044 1376 1280 1428 habitare
1309 1375 1624 1440 adoptativo.
1656 1373 1864 1447 Ex.quo
1890 1371 2137 1424 nimirum

613 1464 881 1516 inl‘amaris
907 1463 1147 1515 unionem
1178 1451 1453 1515 individum
1481 1464 1734 1528 personae,
1759 1468 1811 1512 et
1835 1459 2138 1510 dualitatem

613 1552 962 1605 discretalium
993 1560 1296 1604 naturarum
1323 1567 1415 1619 per
1442 1559 1662 1617 quatuor
1687 1562 1926 1601 resecare
1952 1546 2139 1598 distin-

611 1642 850 1694 t-tiones:
899 1641 1085 1709 cuique
1126 1651 1229 1692 tam
1272 1639 1616 1692 intolerabilia
1656 1638 1853 1690 auditui
1885 1637 2137 1689 catholica

611 1730 752 1780 auris
796 1729 992 1781 nullum
1038 1743 1265 1795 unquam
1307 1734 1571 1794 patentem
1616 1727 1862 1779 eonhibet
1905 1727 2138 1794 praebere

612 1827 857 1870 meatum.
893 1817 948 1869 Si
973 1816 1144 1870 Filius
1160 1815 1404 1877 hominis,
1437 1815 1521 1867 ille
1554 1815 1732 1882 utique
1761 1813 1847 1880 qui
1876 1821 2029 1865 natus
2059 1820 2137 1864 est

613 1911 674 1958 tte
720 1906 915 1975 Spiritu
959 1915 1142 1959 sancto
1186 1914 1238 1958 et
1280 1905 1439 1958 Maria
1470 1880 1668 1973 virgine
1692 1905 1934 1958 Christus
1958 1902 2136 1966 Jesns,
2173 1880 2216 1937 Β

611 2010 713 2047 non
734 2002 872 2047 esset
891 2010 1044 2048 verus
1066 1995 1200 2047 Deus
1222 2009 1477 2062 verusquc
1497 1993 1659 2046 Filius
1677 1993 1789 2054 Dei,
1810 2006 2140 2058 nequaquam

569 2061 577 2066 ’
612 2084 906 2148 Μτηιιιωυε,
929 2084 1150 2147 Marcus,
1174 2092 1226 2137 ct
1248 2084 1417 2137 Lucas
1445 2098 1672 2136 consona
1694 2096 1820 2136 voce
1840 2082 2140 2150 prmdixisse

611 2172 778 2239 ipsum
807 2171 1071 2240 discipulis
1095 2156 1672 2240 suis-praestarentur,
1713 2171 1765 2223 in
1798 2179 2055 2239 potestate
2085 2186 2140 2224 se

611 2275 797 2329 magna
827 2269 881 2314 et
907 2260 1181 2329 majestate
1211 2267 1503 2313 venturum.
1549 2260 1674 2313 Cum
1722 2269 1890 2312 autem
1933 2260 2137 2322 venerit,

610 2351 683 2402 ait
711 2349 1015 2412 Matthrcus,
1067 2349 1233 2402 Filius
1279 2350 1494 2401 hominis
1540 2350 1593 2400 in
1641 2349 1908 2416 majestate
1951 2365 2046 2400 sua
2093 2357 2139 2399 et

610 2455 780 2491 omnes
807 2438 974 2506 angeli
1001 2454 1113 2490 cum
1143 2455 1220 2498 eo,
1249 2447 1367 2489 tunc
1395 2437 1581 2489 sedebit
1611 2452 1763 2504 super
1789 2436 1954 2488 sedem
1981 2436 2140 2504 maje-

609 2529 754 2580 stat-is
792 2544 917 2592 sua',
957 2537 1003 2579 et
1040 2527 1476 2596 congregabantur
1501 2535 1613 2578 ante
1639 2541 1752 2577 cum
1779 2541 1948 2576 omnes
1973 2534 2142 2592 gentes

612 2619 820 2687 (.llatth.
844 2636 965 2684 xxv,
987 2621 1075 2684 51,
1097 2620 1204 2689 32).
1241 2620 1408 2686 Super
1432 2619 1604 2671 sedem
1635 2618 1825 2686 quippe
1852 2616 2143 2684 majestatis

611 2709 728 2774 quis
755 2707 888 2761 alius
912 2708 1012 2759 nisi
1033 2722 1190 2760 verus
1212 2708 1295 2766 sit,
1322 2707 1502 2759 sedere
1527 2707 1775 2768 creditur,
1801 2705 1955 2775 ιω
1973 2706 2142 2758 Deus?

612 2794 691 2848 vel
712 2802 853 2847 certe
873 2795 962 2861 qui
985 2794 1035 2844 in
1060 2793 1330 2858 majestate
1351 2808 1443 2845 sua
1465 2793 1640 2846 venire
1662 2794 1983 2860 perhibetur,
2006 2794 2143 2845 Deus

613 2897 768 2934 verus
810 2880 1175 2948 proculdubio
1204 2881 1531 2947 pcrdocetur.
1583 2880 1637 2932 Si
1683 2881 1844 2933 Filius
1884 2881 2138 2943 hominis,

612 2985 729 3021 eum
760 2970 893 3022 idem
926 2969 1034 3037 ipse
1063 2970 1130 3022 sit
1158 2969 1322 3022 Filius
1351 2971 1468 3033 Dei,
1504 2970 1636 3021 Deus
1662 2971 1946 3022 secundum
1975 2971 2142 3021 luere-

612 3053 768 3115 tieam
808 3062 1117 3129 pravitatem
1154 3075 1254 3111 non
1285 3069 1363 3111 est
1391 3054 1564 3122 verus,
1594 3075 1697 3127 quo
1738 3069 1890 3127 pacto
1931 3060 2143 3128 angelos

614 3166 738 3203 suos
767 3150 974 3202 mittere
1002 3164 1028 3200 a
1060 3156 1281 3214 quatuor
1307 3148 1509 3213 angulis
1536 3157 1706 3214 terrm,
1737 3157 1790 3199 et
1818 3163 2140 3215 congregare

613 3233 736 3294 suos
762 3237 1140 3303 pnenuntiatur
1167 3235 1397 3288 electos?
1437 3251 1559 3289 suos
1583 3236 1796 3304 angelos
1822 3236 1978 3299 dixit;
2019 3238 2138 3303 quia

613 3326 787 3378 omnia
817 3339 932 3392 qua:
968 3323 1122 3376 Pater
1151 3326 1337 3384 habet,
1387 3323 1498 3390 ejus
1543 3333 1683 3376 sunt.
1734 3325 1837 3377 Aut
1881 3328 2141 3393 quomozlo

611 3413 776 3467 Filius
824 3415 1049 3467 hominis
1097 3414 1251 3466 habet
1279 3417 1587 3480 potestatem
1619 3415 1671 3466 in
1703 3423 1858 3478 terra,
1887 3417 2140 3482 quematl~

616 3504 823 3556 modum
856 3504 965 3572 ipse
995 3511 1215 3557 testatus
1241 3515 1340 3564 est,
1370 3503 1662 3557 dimittendi
1689 3511 1921 3570 peccata,
1966 3504 2008 3555 si
2040 3519 2142 3555 non

615 3600 696 3645 est
731 3607 886 3644 verus
923 3591 1085 3644 Filius
1119 3592 1251 3643 Dei?
1302 3592 1474 3644 Solius
1500 3606 1686 3658 nempe
1715 3593 1804 3644 Dei
1835 3592 1942 3644 veri
1977 3600 2058 3646 est
2092 3594 2141 3645 in

616 3689 874 3749 potestate
915 3680 1151 3734 relaxare
1190 3690 1401 3748 peccata
1429 3680 1631 3746 (Matth.
1667 3697 1717 3735 is
1739 3723 1752 3745 ,
1777 3683 1849 3752 6).
1901 3682 2004 3735 Aut
2041 3699 2144 3752 quo

617 3779 784 3834 pacto,
815 3771 942 3821 sicut
979 3769 1150 3838 fulgur
1178 3771 1277 3821 erit
1315 3771 1374 3822 ab
1406 3769 1625 3833 Oriente,
1659 3781 1703 3824 et
1731 3783 1871 3839 paret
1903 3789 2058 3840 usque
2091 3775 2143 3825 in

625 3857 946 3910 Occidentem
967 3898 978 3918 ,
1021 3859 1091 3909 ita
1113 3859 1223 3909 ‘erit
1267 3859 1506 3910 adventus
1536 3857 1661 3910 Filii
1688 3860 1906 3912 hominis
1933 3860 2140 3929 (Matth.

619 3961 763 4009 xxiv,
787 3944 900 4014 27),
923 3946 967 3998 si
990 3947 1368 4015 nuncupativus
1393 3945 1492 4016 [An
1513 3948 1788 4015 adoptivus
1804 3948 1848 4017 ἲ]
1870 3957 1950 4003 est
1970 3949 2146 4002 titius?

619 4029 859 4101 Nunquid
889 4034 1037 4087 decet
1064 4035 1221 4086 alium
1245 4035 1525 4101 quemlibet
1555 4036 1708 4089 talem
1739 4038 1931 4091 habere
1957 4038 2146 4090 adven-

618 4135 749 4185 tum,
772 4123 870 4175 nisi
899 4123 1061 4176 Deum
1084 4137 1282 4185 verum,
1309 4125 1390 4176 eui
1421 4125 1630 4186 dicitur,
1648 4125 1714 4178 Te
1742 4128 1878 4178 decet
1906 4128 2142 4195 hymnus,

617 4213 776 4275 Deus,
808 4213 858 4263 in
903 4210 1049 4274 Sion,
1085 4221 1130 4263 et
1160 4213 1250 4264 tibi
1297 4213 1532 4265 reddetur
1557 4225 1721 4266 votum
1765 4217 1817 4267 in
1861 4217 2146 4270 Jerusalem

620 4299 786 4367 (Psal.
817 4316 955 4362 um,
984 4299 1080 4369 2)?
1123 4300 1216 4355 Vel
1245 4316 1343 4368 qua
1376 4303 1596 4365 ratione,
1633 4303 1677 4354 si
1706 4303 1978 4372 adoptivus
2011 4306 2147 4362 titius

619 4398 720 4451 est,
750 4390 837 4456 qui
866 4405 973 4442 non
1000 4391 1276 4443 manducat
1302 4405 1514 4444 carnem
1546 4390 1661 4444 Filii
1689 4385 1936 4456 hominis,
1967 4403 2021 4446 et
2044 4410 2146 4446 non

2235 661 2333 712 nisi
2357 660 2474 712 Filii
2506 661 2752 723 hominis,
2779 640 2934 729 quem
2961 662 3098 715 Deus
3124 665 3348 730 signavit
3374 663 3557 728 Pater,
3582 667 3675 733 qui
3701 677 3779 720 est

2234 762 2389 800 verus
2413 758 2465 801 et
2492 751 2820 817 omnipotens
2847 751 3009 805 Filius
3040 752 3174 804 Dei?
3213 753 3341 806 Nam
3370 762 3424 808 et
3449 756 3608 823 panis
3632 757 3780 809 vivus

2235 852 2330 904 pro
2364 839 2514 891 nobis
2541 838 2812 892 descendit
2838 841 2900 893 de
2931 841 3085 904 ccelo,
3117 843 3202 910 qui
3231 843 3322 895 dat
3346 843 3509 896 vitam
3541 843 3742 898 mundo
3774 856 3786 888 ε

2237 924 2439 993 Quique
2466 941 2529 978 ex
2559 942 2622 980 eo
2654 929 3046 981 manducaverit
3068 957 3097 992 ,-
3125 946 3229 984 non
3259 933 3516 984 morietur
3544 933 3599 985 in
3630 943 3781 986 aeter-

2238 1029 2382 1066 num.
2435 1015 2547 1082 Ipse
2582 1017 2723 1068 enim
2762 1017 2922 1077 dicit:
2960 1017 3069 1086 Ego
3108 1035 3220 1070 sum
3248 1020 3395 1086 panis
3431 1020 3576 1073 riotus
3603 1023 3693 1088 qui
3721 1022 3779 1072 de

2236 1102 2356 1156 cwlo
2390 1103 2624 1155 descendi
2656 1103 2831 1172 (Joan.
2861 1120 2933 1169 vi,
2966 1105 3074 1174 5|).
3133 1104 3221 1159 Sic
3266 1107 3459 1174 quippe
3508 1109 3782 1162 descendit

2235 1192 2385 1260 panis
2416 1193 2562 1244 vivus
2596 1192 2660 1245 de
2704 1193 2856 1257 cmlo,
2893 1194 2980 1260 qui
3016 1209 3222 1260 semper
3249 1197 3494 1249 manebat
3523 1195 3579 1248 in
3607 1197 3777 1261 coelo;

2237 1283 2391 1336 sicuti
2418 1283 2582 1335 Filius
2604 1283 2830 1334 hominis
2853 1283 3122 1337 descendit
3148 1284 3211 1336 tle
3237 1284 3391 1346 caelo,
3415 1286 3506 1352 qui
3530 1286 3780 1352 quoniam

2237 1386 2372 1422 unus
2418 1371 2658 1438 idemque
2705 1382 2818 1424 erat
2863 1371 3028 1424 Filius
3066 1372 3196 1436 Dei,
3247 1389 3516 1442 nunquam
3553 1375 3782 1428 deseruit

2239 1459 2448 1512 (mlum.

2736 1549 2885 1620 147
2923 1548 3143 1603 CAPUT
3178 1550 3264 1604 χι.

2237 1636 2320 1688 Ex
2337 1637 2634 1710 testimoniis
2653 1639 2870 1710 Joannis
2879 1639 3131 1710 Baptista:
3146 1642 3602 1710 etgApocalypscos
3624 1652 3780 1696 osten-

2541 1706 2616 1756 dit
2646 1707 2842 1774 Agnum
2869 1706 2971 1759 Dei
2993 1723 3100 1760 esse
3136 1706 3328 1760 Filium
3355 1706 3468 1762 Dc'il

2307 1811 2441 1875 Quin
2486 1813 2646 1864 etiam
2689 1828 2855 1882 agnus
2897 1831 2994 1884 pro
3023 1819 3174 1871 nobis
3220 1819 3336 1872 ﬁeri
3385 1821 3636 1888 dignatus
3684 1833 3780 1884 est,

2241 1915 2396 1967 quem
2417 1899 2645 1955 Joannes
2672 1903 2903 1970 Baptista
2926 1909 3156 1962 ostendit
3190 1909 3354 1978 digito
3373 1911 3558 1965 dicens
3589 1931 3602 1941 ·
3657 1913 3784 1966 Ecce

2239 1990 2413 2057 Agnus
2436 1989 2549 2053 Dei,
2574 2007 2687 2066 ecce
2707 1994 2793 2062 qui
2817 1994 2949 2046 tollit
2968 2007 3174 2064 peccata
3194 2000 3371 2052 mundi
3393 2001 3575 2068 (Joan.
3607 2019 3645 2064 ι,
3673 2002 3779 2070 29).

2241 2075 2313 2128 De
2359 2091 2462 2156 quo
2490 2075 2719 2132 Joannes
2747 2082 3068 2150 evangelista
3098 2085 3149 2137 in
3187 2086 3560 2156 Apocalypsim
3591 2106 3781 2144 novum

2239 2152 2458 2217 cantare“
2500 2167 2762 2220 canticum
2812 2184 2868 2222 se
2915 2171 3126 2226 audisse
3168 2183 3390 2229 testatus
3419 2186 3502 2230 est
3556 2180 3779 2234 dicens:

2240 2252 2475 2316 Quatuor
2504 2255 2783 2316 animalia,
2825 2267 2871 2309 et
2918 2259 3095 2328 viginti
3122 2273 3344 2329 quatuor
3393 2266 3622 2318 seniores
3660 2269 3783 2319 ccci-

2237 2342 2416 2394 derunt
2448 2359 2618 2396 coram
2648 2345 2811 2413 Agno,
2836 2349 3075 2402 habentes
3097 2353 3287 2420 singuli
3308 2351 3538 2407 citharas
3568 2366 3616 2408 et
3644 2358 3784 2425 phiae

2238 2434 2314 2486 las
2335 2452 2536 2488 aureas.
2570 2437 2634 2489 Et
2660 2448 2777 2505 post
2803 2440 3050 2506 pusillum
3084 2460 3095 2494 :
3136 2442 3331 2511 Dignus
3373 2456 3468 2508 est,
3523 2447 3780 2513 inquiunt,

2239 2525 2463 2590 accipere
2507 2524 2713 2588 librum,
2757 2538 2802 2578 ct
2829 2530 3026 2595 aperire
3054 2531 3320 2598 signacula
3361 2533 3470 2600 ejus
3499 2551 3517 2597 ,°
3544 2538 3782 2604 quoniam

2240 2613 2436 2662 occisus
2483 2629 2553 2674 es,
2584 2622 2631 2664 et
2665 2614 2921 2668 redemisti
2943 2633 3034 2669 nos
3074 2617 3180 2670 Deo
3201 2620 3253 2671 iu
3290 2624 3673 2690 sanguinctuo.
3724 2626 3782 2678 Et

2242 2697 2373 2748 inira
2409 2714 2422 2748 :
2458 2698 2522 2748 Et
2552 2700 2668 2760 vidi,
2696 2710 2742 2751 et
2772 2702 2942 2754 audiri
2969 2720 3134 2756 vocem
3171 2707 3467 2775 angelorum
3509 2711 3782 2764 multarunt

2239 2785 2291 2835 in
2317 2786 2530 2836 circuitu
2560 2788 2748 2860 throni,
2778 2798 2822 2841 et
2847 2792 3167 2851 animalium.
3201 2805 3245 2846 et
3268 2797 3549 2856 seniorum,
3580 2809 3627 2849 et
3679 2809 3780 2851 erat

2241 2888 2478 2925 numerus
2493 2891 2664 2927 corum
2689 2876 2850 2928 millia
2877 2878 3113 2940 millium,
3138 2881 3410 2934 dicentium
3431 2900 3548 2936 voce
3569 2903 3782 2956 magna:

2241 2960 2434 3028 Dignus
2458 2973 2528 3015 cst
2556 2956 2747 3032 Agnus,
2776 2968 2862 3033 qui
2883 2968 3077 3020 occisus
3119 2980 3209 3032 est,
3256 2974 3485 3040 accipere
3530 2978 3780 3036 virtutem.

2241 3061 2284 3101 et
2307 3053 2644 3116 divinitatem,
2666 3063 2711 3106 et
2738 3057 3064 3123 sapientiam,
3092 3069 3135 3111 et
3159 3061 3530 3127 fortitudinem.
3558 3075 3606 3115 et
3629 3066 3782 3117 hono-

2244 3154 2365 3201 rem,
2399 3149 2444 3190 et
2473 3140 2711 3207 gloriam,
2743 3153 2789 3194 et
2811 3143 3226 3198 bcncdictidnem.
3253 3147 3319 3198 Et
3347 3165 3546 3201 onmem
3587 3163 3784 3203 creatu-

2244 3245 2373 3292 ram,
2399 3246 2511 3298 (ματ
2537 3232 2589 3283 in
2619 3231 2741 3285 (telo
2770 3243 2859 3293 est,
2887 3244 2932 3285 et
2959 3251 3112 3303 super
3153 3245 3361 3311 terram,
3401 3249 3446 3290 et
3491 3241 3586 3292 sub
3617 3251 3749 3292 terra
3767 3283 3780 3304 ,

2239 3328 2283 3369 ct
2305 3336 2417 3385 qua:
2440 3329 2555 3370 sunt
2596 3323 2650 3372 in
2690 3324 2839 3382 mari,
2879 3333 2924 3374 et
2953 3341 3066 3390 gnte
3094 3327 3146 3377 in
3173 3343 3249 3386 eo,
3280 3344 3453 3381 omnes
3496 3330 3674 3383 audivi
3710 3333 3784 3384 di-

2241 3416 2402 3458 centes
2427 3424 2442 3458 :
2471 3406 2675 3460 Sedcnti
2705 3410 2756 3460 in
2777 3410 2958 3463 throno
2979 3423 3023 3463 ct
3046 3414 3186 3482 Agno
3211 3415 3508 3477 benedictio,
3535 3427 3586 3470 ct
3606 3419 3780 3474 honor.

2240 3505 2284 3546 et
2309 3495 2491 3562 gloria,
2522 3509 2566 3548 ct
2597 3508 2820 3565 potestas
2851 3501 2902 3552 in
2932 3502 3120 3553 sa'cula
3148 3503 3452 3556 sceculorum
3486 3505 3670 3575 (Apoc.
3692 3507 3785 3567 v,8

2240 3584 2420 3652 δείνῳ).
2447 3585 2579 3638 Ecce
2601 3600 2784 3639 omnes
2806 3589 2997 3656 angeli,
3020 3597 3071 3641 et
3091 3591 3355 3655 animalia,
3377 3601 3429 3646 et
3453 3595 3715 3659 seniores,
3735 3607 3781 3648 et

2241 3670 2413 3723 omnis
2438 3680 2676 3725 creatura
2712 3675 3028 3730 conﬁtentur
3068 3678 3292 3747 Agnum,
3337 3681 3426 3748 qui
3449 3683 3666 3737 occisus
3688 3696 3778 3742 est.

2241 3761 2477 3827 accipere
2504 3763 2750 3816 virtutem
2779 3804 2792 3826 ,
2821 3773 2874 3818 et
2909 3765 3260 3831 divinitatem,
3287 3778 3340 3822 et
3370 3770 3466 3824 tibi
3498 3772 3554 3823 in
3585 3781 3782 3827 tantum

2243 3847 2391 3898 viluit
2415 3847 2578 3901 Filius
2613 3851 2858 3914 hominis,
2908 3862 2964 3906 ut
2994 3869 3095 3906 non
3137 3855 3477 3910 confundaris
3505 3873 3629 3913 eum
3658 3876 3785 3914 nun-

2242 3936 2542 4002 cupativuui
2577 3937 2735 3989 Deum
2758 3948 2812 3990 et
2838 3940 3137 4007 adoptivum
3182 3941 3344 3996 lilium
3366 3944 3643 4012 prolitcri?

2823 4026 3045 4081 CAPUT
3081 4028 3189 4082 XII.

2243 4114 2471 4190 Accusat.
2508 4116 2758 4190 mendacii
2803 4115 3023 4190 eliccm
3058 4119 3304 4190 dicentem
3336 4121 3388 4172 in
3419 4120 3705 4190 Scripturis
3735 4126 3786 4189 fi-

2311 4180 2435 4252 lium
2453 4184 2669 4252 hominis
2692 4185 2971 4252 asseripro
3003 4188 3144 4238 nobis
3166 4188 3431 4252 traditum,
3465 4180 3568 4242 non
3590 4180 3783 4244 Filium
3809 4190 3815 4195 ’

2311 4248 2741 4324 Dei._l‘;;t7probrat
2764 4248 2953 4324 malam
2969 4253 3355 4324 intelligentiam
3373 4248 3598 4312 nominis
3627 4264 3782 4323 servi,

2311 4318 2446 4383 quod
2474 4319 2605 4369 idem
2627 4327 2698 4370 est
2718 4335 2778 4370 ac
2796 4321 3015 4372 hominis
3042 4318 3187 4374 Filii.

2315 4405 2391 4456 Tu
2424 4405 2581 4470 igitur
2608 4407 2806 4469 dixisti,
2856 4423 2958 4460 non
2981 4424 3095 4478 ego,
3125 4411 3240 4466 ideo
3277 4416 3616 4470 observatum
3671 4435 3783 4480 esse

619 4478 753 4530 bibit
790 4477 906 4546 ejus
947 4479 1290 4546 sanguinem,
1338 4496 1439 4533 non
1486 4481 1641 4533 habet
1667 4481 1828 4534 vitam
1858 4485 2222 4566 aeternam?!)
2252 4492 2301 4543 in
2349 4500 2459 4545 toto
2507 4494 2772 4562 Evangelii
2817 4477 3035 4564 corpore
3085 4501 3313 4554 hominis
3358 4518 3568 4571 semper
3618 4477 3782 4562 lilium

624 4567 722 4627 Qui
753 4567 1057 4630 manducet,
1097 4567 1294 4635 inquit,
1333 4584 1494 4619 meam
1522 4586 1722 4622 carnem
1752 4580 1799 4623 et
1827 4571 1948 4623 bibit
1977 4589 2140 4624 meum

621 4655 916 4722 sanguinem
953 4656 1098 4708 habet
1135 4657 1286 4708 vitam
1321 4665 1590 4720 (sternam,
1632 4669 1677 4710 et
1716 4676 1806 4727 ego
1842 4662 2148 4712 resuscitabo

623 4756 736 4791 eum
765 4741 826 4792 in
847 4743 1114 4795 nouissimo
1149 4743 1249 4795 die.
1301 4742 1431 4795 Caro
1469 4759 1580 4796 mea
1618 4760 1730 4798 uere
1766 4755 1840 4798 est
1879 4747 2019 4800 cibus
2041 4788 2053 4809 ,
2103 4759 2148 4799 et

624 4830 831 4895 sanguis
864 4844 1002 4881 meus
1038 4845 1148 4881 vere
1184 4842 1254 4882 est
1291 4841 1436 4898 potus
1468 4833 1642 4902 (Joan.
1673 4850 1748 4898 vr,
1777 4834 1862 4895 55,
1891 4835 1998 4906 56).
2050 4837 2150 4889 Re-

627 4918 909 4984 suscitandi
940 4918 992 4970 in
1021 4918 1304 4973 novissimo
1330 4929 1560 4988 potestas
1588 4924 1714 4976 nulli
1744 4927 1868 4987 alio,
1899 4929 1998 4980 nisi
2025 4944 2151 4980 vero

626 5015 894 5070 permanet
919 5007 1042 5059 Deo.
1072 5007 1205 5062 Caro
1230 5026 1451 5078 namque
1475 5021 1525 5064 et
1549 5016 1758 5081 sanguis
1781 5017 1845 5067 ad
1872 5019 2148 5072 humanam

625 5105 724 5159 per
746 5106 899 5158 quam
928 5093 1090 5147 Filius
1118 5095 1341 5149 hominis
1367 5107 1464 5160 est,
1490 5116 1591 5153 non
1620 5102 1684 5154 ad
1712 5103 1939 5157 divinam
1968 5109 2148 5159 referri

629 5187 800 5247 potest
829 5189 1086 5233 naturam.
1126 5183 1188 5235 Et
1219 5191 1390 5236 tamen
1418 5187 1461 5238 si
1492 5187 1575 5241 ille
1603 5189 1763 5244 Filius
1791 5192 2035 5254 hominis,
2068 5197 2150 5248 cui

631 5267 739 5316 hinc
769 5281 892 5318 caro
923 5273 974 5318 et
1002 5269 1212 5335 sanguis
1240 5278 1349 5333 est,
1375 5286 1558 5354 pro'eo
1586 5277 1723 5342 quod
1751 5294 1884 5332 unus
1914 5280 2151 5348 idemque

537 5374 540 5376 η
632 5352 699 5403 sit
723 5351 814 5404 Dei
845 5362 896 5404 et
923 5354 1147 5407 hominis
1172 5355 1362 5422 Filius,
1409 5361 1453 5412 si
1476 5351 1632 5415 'Deus
1659 5377 1812 5418 Verus
1843 5383 1944 5419 non
1977 5379 2148 5431 esset,

632 5453 755 5491 caro
782 5437 892 5505 ejus
920 5449 972 5494 et
999 5444 1210 5510 sanguis
1231 5484 1245 5505 ,
1296 5449 1726 5504 manducantibus
1767 5463 1819 5506 et
1858 5456 2152 5510 bibentibus

631 5538 707 5591 se,
743 5528 885 5582 nullo
916 5533 1068 5585 modo
1097 5534 1254 5586 vitam
1284 5546 1557 5602 praestaret
1599 5551 1866 5596 aeternam.
1915 5546 2061 5600 Unde
2102 5558 2152 5600 et

632 5614 857 5670 Joannes
883 5621 1196 5686 evangelista
1233 5626 1343 5677 ait:
1377 5624 1443 5676 Et
1478 5632 1684 5696 sanguis
1714 5630 1839 5684 Filii
1875 5636 1985 5701 ejus
2019 5637 2152 5690 lavat

630 5718 722 5753 nos
749 5705 810 5755 ab
837 5709 970 5758 omni
994 5721 1196 5778 peccato
1226 5713 1396 5766 (Joan.
1428 5732 1463 5776 I,
1498 5715 1567 5784 7).
1621 5719 1717 5769 Aut
1760 5722 1906 5788 cujus
1946 5742 2067 5776 eam
2102 5739 2150 5780 et

2249 4581 2516 4644 traditum,
2538 4599 2641 4636 non
2671 4585 2778 4638 Dci.
2813 4586 2920 4654 Ego
2963 4598 3138 4641 autem
3168 4591 3304 4653 dico,
3363 4594 3486 4660 quia
3535 4599 3784 4651 mentitus

2245 4682 2303 4721 es
2333 4677 2384 4722 et
2414 4669 2704 4738 hocip’sum
2749 4674 2801 4726 in
2838 4684 2995 4741 caput
3038 4685 3205 4730 tuum.
3259 4679 3428 4734 Surda
3480 4681 3618 4739 forte
3661 4701 3784 4740 aure

2246 4756 2418 4824 legisti
2439 4758 2491 4810 in
2519 4759 2798 4827 Evangelio
2818 4759 3057 4827 Joannis,
3097 4766 3265 4832 ipsum
3293 4769 3384 4821 Dei
3406 4769 3600 4824 Filium
3629 4772 3781 4828 Nico-

2247 4843 2399 4898 demo
2418 4846 2646 4900 dixisse:
2692 4848 2780 4902 Sic
2801 4848 2958 4913 Deus,
2992 4851 3178 4922 inquit,
3209 4857 3390 4908 dilexit
3424 4859 3692 4922 mundum,
3733 4875 3779 4916 ut

2249 4934 2452 5002 unigcni
2476 4952 2558 4986 um
2596 4934 2790 4989 Filium
2833 4955 2981 4993 suum
3011 4941 3155 4992 daret
3194 4942 3371 5009 (Joan.
3406 4960 3483 5006 Ill,
3516 4946 3621 5018 I6).
3659 4949 3781 5004 Uni«

2205 5049 2211 5059 -
2246 5024 2475 5088 genitum
2506 5026 2695 5094 quippe
2722 5027 2884 5089 dedit,
2931 5046 3034 5083 non
3063 5032 3382 5098 adoptivum,
3416 5036 3515 5090 hoc
3538 5048 3640 5101 est,
3680 5050 3781 5092 tra~

2248 5104 2396 5162 didit.
2427 5111 2560 5164 Dare
2585 5114 2792 5179 quidem
2815 5117 2941 5182 quid
2969 5127 3047 5171 est
3076 5121 3236 5183 aliud,
3265 5123 3362 5176 nisi
3391 5128 3631 5180 tradere?
3654 5129 3778 5182 Nam

2249 5200 2386 5264 quod
2412 5200 2662 5253 Dominus
2688 5203 2882 5266 datum,
2912 5208 3012 5261 hoc
3053 5211 3320 5276 apostolus
3360 5197 3484 5280 ejus.
3518 5219 3780 5282 perhibuit

2250 5286 2512 5394 tra'ditum.
2543 5288 2642 5394 Qqua"
2672 5290 2828 5354 Filio,
2854 5297 2945 5358 ait,
2976 5300 3310 5394 proprioAnon
3329 5308 3570 5372 pepercit,
3592 5311 3679 5361 sed
3693 5326 3780 5394 ρςο

2251 5374 2392 5426 nobis
2437 5378 2665 5431 omnibus
2707 5383 2922 5434 tradidit
2967 5384 3110 5438 illum
3149 5381 3321 5458 (Rom.
3361 5408 3475 5456 vin.
3506 5396 3619 5465 '52).
3655 5374 3777 5454 Kcin

2251 5470 2302 5510 et
2335 5460 2582 5517 Dominus
2609 5467 2761 5520 modo
2787 5467 2973 5523 Filium
3004 5473 3252 5536 hominis.
3283 5481 3435 5532 modo
3460 5497 3518 5536 se
3541 5460 3780 5552 pimdixit

2253 5552 2581 5606 tradendum.
2622 5553 2785 5618 Unus.
2812 5559 3070 5629 inquiens,
3103 5582 3163 5618 ex
3189 5567 3473 5633 duodecim,
3499 5576 3588 5640 qui
3630 5577 3781 5630 intin-

2251 5641 2320 5706 git
2362 5657 2554 5692 mecum
2589 5660 2795 5698 manum
2845 5650 2897 5701 in
2946 5653 3136 5721 catino,
3165 5655 3244 5708 hic
3266 5673 3343 5708 me
3371 5662 3661 5716 traditurus
3713 5677 3778 5718 est

2253 5731 2302 5779 in
2342 5747 2518 5784 manus
2549 5733 2816 5800 impiorum
2849 5737 3036 5806 (Marc.
3091 5757 3196 5808 XIV,
3223 5746 3308 5808 20,
3346 5747 3453 5811 41),
3485 5751 3547 5804 Et
3597 5755 3720 5807 illud
3770 5772 3779 5805 :

3836 17 3920 270 I
