3926 6424
155 458 258 511 4⁸55

813 456 1084 512 CONTRA
1121 455 1406 512 rnucmi
1444 442 1713 514 unum.

1815 460 1969 515 ,ΝΟΜ
2009 461 2179 514 lJBlll
2215 459 2294 513 ΙΙΙ.
2336 491 2401 499 --
2440 461 2563 514 LIB.
2603 461 2684 514 lll.

3279 465 3304 477 ν

3244 465 3268 516 -ί
3298 474 3339 516 ιι

167 568 254 620 γιε
303 565 380 619 illi
431 579 522 635 per
561 580 710 635 quem
750 569 930 627 trador
955 585 1045 638 ego
1077 569 1288 640 (Matth.
1333 554 1477 636 usi,
1525 571 1610 633 2i,
1654 580 1699 624 et
1735 578 1775 632 Α
1803 581 1884 624 tus
1909 581 1979 624 est
2019 571 2185 624 Filius
2230 572 2467 635 hominis,
2501 582 2546 625 et
2594 571 2728 624 Deus
2764 572 3077 639 clari/iculus
3114 585 3185 627 est
3212 576 3262 626 in
3288 558 3344 648 eo

157 656 327 708 Marc.
359 669 471 718 ιιν,
493 653 603 724 2|).
634 653 713 708 Tu
738 655 889 720 dicis,
921 657 1174 724 quoniam
1199 659 1478 714 atrocioris
1499 658 1705 727 injuria:

155 749 225 800 sit
251 747 304 800 ei
343 745 558 800 traditio
583 753 636 798 et
659 753 850 800 caatera
878 747 1036 813 mala,
1074 763 1192 818 qua:
1221 765 1317 820 pro
1352 751 1505 805 nobis
1544 751 1706 804 susti-

155 835 273 890 nuit
301 852 315 887 :
344 834 427 889 vel
456 841 600 888 certe
619 849 811 889 nomen
836 837 968 888 servi
996 835 1046 890 ei
1081 851 1241 905 quam
1269 839 1498 907 adoptivi
1543 839 1709 894 ascri-

155 925 284 980 bere
316 925 399 980 vel
415 919 669 979 conﬁteri
695 940 708 977 :
730 939 850 978 cum
879 939 1038 979 omne
1057 925 1196 994 quod
1223 942 1319 994 pro
1341 929 1492 983 nobis
1513 929 1709 994 altissi-

155 1030 242 1068 ma
265 1015 448 1098 pietas
461 1020 722 1082 potestate
743 1013 829 1068 vel
851 1013 1156 1082 dignatione
1175 1031 1280 1070 non
1304 1016 1499 1070 invitus
1518 1024 1706 1070 contu-

155 1105 377 1160 meliose
427 1102 686 1173 pertulit,
739 1102 1021 1172 gloriosius
1073 1103 1495 1174 laudabiliusque
1552 1120 1710 1160 omne

154 1210 302 1250 sane
351 1193 473 1248 ﬁdei
522 1201 832 1261 rectumque
869 1192 1206 1261 amplectitur
1238 1209 1349 1248 cor.
1384 1193 1489 1248 Sed
1517 1195 1708 1248 mirum

154 1283 328 1347 valde,
369 1300 464 1339 cur
489 1292 596 1338 tam
631 1283 970 1338 crebrissime
1013 1283 1065 1336 in
1114 1278 1569 1352 qualibuscnnque
1606 1285 1712 1338 tuis

154 1373 408 1428 litterulis
431 1373 569 1427 servi
591 1372 904 1429 vocabulum
928 1380 1154 1442 repetas,
1183 1389 1303 1426 cum
1325 1389 1429 1426 non
1452 1375 1522 1426 sit
1537 1373 1710 1426 aliunv

153 1451 433 1519 deservus
451 1462 774 1534 appellatus,
809 1461 912 1516 nisi
933 1462 1056 1530 quia
1101 1462 1279 1516 homo.
1328 1461 1479 1527 Quod
1529 1471 1707 1516 autem

153 1553 352 1607 Paulus
377 1553 442 1607 de
483 1567 549 1606 co
573 1552 777 1606 scribit.
823 1550 924 1616 Qui
962 1567 1078 1604 cum
1119 1551 1174 1604 in
1212 1551 1379 1619 forma
1425 1551 1517 1604 Dei
1560 1560 1708 1615 esset,

153 1643 378 1712 formam
400 1643 530 1696 serui
560 1643 752 1711 accepit
788 1640 1040 1711 (Philipp.
1063 1657 1124 1704 ιι,
1148 1640 1198 1706 6,
1233 1640 1309 1712 7),
1344 1641 1476 1695 nihil
1499 1641 1713 1696 aliunde

153 1732 390 1800 intellegi
411 1729 587 1795 datur,
611 1732 714 1786 nisi
740 1731 965 1786 formam
989 1731 1245 1786 hominis:
1269 1733 1713 1800 quemadmodum

153 1822 297 1876 [ilius
311 1821 517 1876 ancilla
528 1835 592 1876 ex
607 1820 805 1889 eoquia
818 1819 983 1874 Filius
995 1820 1448 1875 hominis.Eadem
1465 1819 1654 1889 injuria
1666 1821 1716 1875 ei

1806 657 1984 727 (Joan.
2014 674 2131 721 xui,
2169 658 2257 727 5|)
2284 675 2297 723 ;
2329 667 2382 711 et
2402 659 2594 712 Paulus
2639 671 2884 726 magnum
2915 660 3127 728 pietatis
3169 677 3346 717 sacra-

1806 755 2062 810 mentum,
2115 747 2508 800 manifestatum
2557 749 2609 800 in
2669 763 2850 811 carne,
2895 747 3236 817 iustiﬁcatam
3294 752 3346 806 in

1805 835 2013 904 spiritu,
2043 835 2214 889 visum
2237 835 2456 904 angelis,
2496 837 2838 904 przedicatum
2884 837 3148 904 gentibus,
3175 838 3348 892 credi-

1807 932 1918 976 tum
1945 924 1997 976 in
2035 923 2253 988 mundo,
2279 933 2602 993 assumptum
2633 934 2814 979 narrat
2841 926 2892 978 in
2935 925 3101 992 gloria
3129 925 3180 995 (I
3215 925 3348 979 Tim.
3445 962 3452 969 ο

1805 1012 2025 1083 ιιι,16);
2057 1013 2282 1082 denique
2317 1013 2406 1082 qui
2435 1027 2526 1081 pcr
2553 1013 2870 1082 Prophetam
2907 1029 3058 1067 suum
3093 1015 3246 1077 dixit,
3272 1013 3350 1068 Da

1804 1113 2099 1173 potestatem
2119 1120 2277 1173 puero
2300 1113 2408 1166 tuo,
2439 1115 2484 1157 et
2512 1103 2708 1158 salvum
2737 1105 2818 1173 {ac
2839 1105 3004 1172 ﬁlium
3026 1104 3227 1158 ancilla:
3250 1114 3352 1158 tua:

1807 1193 1976 1265 (Psal.
2002 1212 2193 1258 Lxxxv,
2225 1194 2345 1263 15);
2383 1195 2553 1261 ipsum
2588 1210 2682 1263 per
2711 1194 3046 1262 semetipsum
3090 1209 3195 1249 non
3241 1191 3350 1261 jam

1808 1287 2011 1342 ancillze
2033 1288 2220 1349 ﬁlium,
2249 1286 2341 1340 sed
2360 1299 2569 1353 semper
2588 1300 2645 1339 se
2671 1285 2863 1338 Filium
2886 1285 3115 1339 hominis
3142 1284 3354 1340 conﬁte-

1809 1388 1914 1433 tur.
1943 1377 2200 1444 Quoniam
2224 1392 2328 1431 non
2376 1384 2457 1430 est
2482 1374 2635 1428 aliter
2665 1390 2848 1429 servus
2877 1375 3013 1429 sicut
3064 1384 3121 1429 tu
3160 1375 3354 1430 videris

1810 1466 2092 1521 mussitare
2110 1464 2211 1519 nisi
2240 1465 2363 1532 quia
2391 1464 2576 1527 homo;
2604 1476 2788 1516 servus
2817 1463 2930 1517 ﬁeri
2963 1463 3209 1531 dignatus
3251 1473 3352 1528 est,

1808 1557 1910 1611 hoc
1941 1565 2041 1621 est,
2068 1540 2362 1610 homo'ﬁeri
2411 1555 2653 1623 dignatus
2673 1561 2754 1608 est
2778 1568 2792 1607 :
2824 1554 2914 1621 qui
2963 1553 3040 1608 sic
3070 1552 3240 1608 tactus
3269 1560 3352 1608 est

1809 1660 1996 1699 servus
2016 1651 2232 1713 propter
2257 1643 2467 1696 inutiles
2489 1657 2689 1706 servos,
2716 1651 2775 1694 ιιι
2807 1641 3160 1710 sempiternus
3190 1657 3351 1712 ange-

1811 1734 1983 1790 lorum
2007 1734 2250 1788 etomnis
2269 1741 2528 1793 creatura:
2556 1732 2809 1798 Dominus
2843 1740 3196 1800 permaneret.
3253 1731 3354 1798 Qui

1813 1838 1934 1883 cum
1957 1823 2114 1877 Patre
2137 1830 2192 1877 et
2217 1822 2420 1889 Spiritu
2450 1830 2634 1876 sancto
2663 1822 2793 1876 vivit
2819 1830 2872 1876 et
2903 1832 3088 1892 regnat
3116 1824 3254 1877 Deus
3302 1826 3356 1876 in

151 1903 334 1965 exstat
357 1911 423 1966 de
450 1911 664 1966 nomine
685 1910 846 1975 servi,
875 1908 1046 1979 qualis
1073 1916 1155 1964 est
1175 1909 1238 1963 de
1265 1910 1522 1964 vocabulo
1541 1910 1710 1964 homi-
1743 1930 1785 1988 Β
1813 1914 2073 1970 Trinitate
2118 1911 2349 1982 perfecta
2405 1926 2500 1980 per
2541 1912 2718 1966 omnia
2767 1912 2957 1981 stecula
3019 1912 3351 1966 smculorum.

152 1999 258 2052 nis.
289 1998 396 2054 Sed
430 2000 555 2068 quia
582 1997 794 2054 omnem
826 1999 1049 2070 gloriam
1092 1999 1384 2054 divinitatis
1431 1997 1546 2066 ejus
1575 1991 1711 2053 inie-

152 2103 306 2158 gram
335 2089 389 2142 in
418 2102 478 2144 se
508 2097 809 2144 manentem
838 2089 1016 2152 homo,
1065 2088 1166 2143 hoc
1187 2097 1291 2153 est,
1324 2102 1510 2143 servus
1554 2088 1711 2156 glori-

153 2175 347 2231 ﬁcatus
365 2184 449 2230 est
471 2177 526 2230 in
549 2177 730 2241 Deum,
761 2177 898 2232 sicut
924 2177 1038 2246 ipse
1058 2177 1189 2233 dicit
1215 2194 1227 2228 :
1262 2177 1416 2230 Nunc
1452 2177 1710 2246 clariﬁca-

160 2308 500 2328 ——-———

1815 2003 2002 2057 Amen.

1772 2159 1773 2166 γ
1883 2093 1948 2146 Ει
1973 2093 2112 2146 hunc
2139 2100 2314 2146 autem
2345 2093 2631 2148 secundum
2652 2092 2842 2146 librum
2864 2093 2935 2145 ita
2961 2072 3386 2148 ista'concludat‘

1815 2181 2045 2234 clausula
2072 2180 2266 2234 ﬁnalis.

1206 2399 1365 2472 158
1395 2412 1692 2486 LIBER
1762 2410 2229 2525 TERTIUS.

662 2653 884 2729 CAPUT
912 2671 1198 2729 PRIMUM.

155 2765 472 2823 Testimonia
497 2763 718 2844 Joannis
745 2762 1010 2844 Daptistae,
1033 2773 1081 2844 et
1107 2763 1326 2844 Joannis
1369 2761 1708 2832 Evangelista:

561 2832 624 2886 de
646 2829 838 2886 Christi
865 2831 992 2886 Iesu
1023 2831 1307 2886 divinitate.

221 2924 484 2994 Incipiant
525 2922 688 2992 igitur
713 2920 869 2989 hujus
910 2921 1054 2974 tertii
1079 2920 1200 2976 libri
1239 2922 1432 2975 seriem
1482 2919 1710 2974 Joannes

152 3026 206 3071 et
226 3014 480 3076 Joannes,
509 3010 746 3080 Baptista
771 3009 974 3064 scilicet
1006 3017 1060 3064 et
1089 3010 1449 3079 Evangelista,
1487 3017 1714 3082 cvange-

154 3105 257 3157 lico
297 3111 480 3156 texere
508 3099 668 3169 stylo.
713 3094 968 3152 Ostendat
996 3107 1318 3167 quapropter
1364 3100 1569 3167 Agnum
1600 3101 1714 3165 Dei,

151 3194 245 3263 qui
275 3190 417 3246 tollit
440 3195 721 3259 peccatum
760 3187 963 3252 mundi,
997 3184 1227 3241 Joannes
1253 3188 1486 3257 Baptista
1527 3189 1716 3260 digito,

152 3284 243 3353 qui
269 3283 324 3336 in
349 3277 716 3336 testimonium
743 3277 905 3340 venit,
935 3285 994 3330 ut
1021 3277 1384 3332 testimonium
1415 3279 1719 3346 perhiberet

152 3377 220 3429 de
262 3373 484 3432 lumine,
520 3377 580 3423 ut
604 3382 790 3424 omnes
830 3367 1108 3422 crederent
1137 3382 1232 3436 per
1258 3367 1406 3422 illum
1443 3367 1622 3440 (Joan.
1650 3367 1711 3437 ι).

155 3457 617 3515 Doceatnimirum
638 3455 960 3530 evangelista
984 3452 1214 3510 Joannes
1240 3456 1348 3520 ubi,
1369 3465 1460 3509 aut
1479 3456 1691 3526 quando
1708 3497 1723 3520 ,

153 3550 236 3605 vel
270 3532 571 3618 quomodo;
622 3555 881 3615 quatenus
913 3560 1016 3598 non
1055 3545 1297 3598 humana:
1334 3545 1723 3599 adinventionis

152 3637 354 3701 studio,
384 3635 480 3690 sed
504 3633 866 3688 sincerissimo
893 3631 1083 3686 divina:
1122 3631 1483 3699 inspirationis
1505 3631 1716 3699 exigen-

155 3738 207 3784 te
235 3725 544 3795 majestcrio
557 3722 690 3796 [Pro
702 3720 1028 3794 magisterio]
1045 3721 1352 3776 orthodoxe
1366 3737 1585 3790 prorsus
1599 3722 1720 3776 ﬁdei

154 3816 418 3888 regularis
440 3814 701 3868 illustrius
731 3809 1053 3867 informetur.
1075 3826 1320 3884 censura.
1357 3811 1588 3866 Joannes
1603 3811 1720 3879 qui-

153 3907 272 3962 dem
287 3902 653 3960 testimonium
665 3901 931 3969 perhibuit
941 3901 1142 3954 dicens:
1160 3900 1269 3969 Ego
1283 3899 1482 3968 baptiso
1495 3901 1547 3951 in
1563 3916 1716 3968 aqua.

154 3997 360 4052 Medius
386 4005 559 4050 autem
587 4001 806 4047 vestrum
821 3992 978 4057 stetit,
1000 4007 1149 4061 quem
1170 4007 1254 4044 vos
1277 3989 1498 4043 nescitis.
1523 3988 1719 4059 lpseest

150 4091 237 4159 qui
258 4098 377 4160 post
413 4105 493 4142 me
531 4095 770 4142 venturus
798 4093 895 4150 est,
934 4087 1023 4155 qui
1051 4094 1169 4138 ante
1210 4101 1288 4137 me
1313 4083 1485 4153 factus
1510 4095 1599 4147 est,
1633 4102 1720 4138 cu-

147 4184 235 4254 jus
267 4200 372 4238 non
394 4199 510 4237 sunt
533 4182 742 4251 dignus,
772 4189 825 4233 ut
854 4178 1049 4233 solvam
1076 4179 1188 4248 ejus
1217 4178 1494 4247 corrigiam
1530 4176 1720 4230 calcia-

154 4274 327 4327 menti.
373 4270 520 4333 Htec,
568 4271 645 4324 ait
667 4269 1032 4340 Evangelista,
1062 4269 1118 4321 in
1157 4267 1403 4346 Bethania
1429 4266 1568 4335 facta
1604 4274 1721 4318 sunt

155 4375 295 4418 trans
344 4361 655 4422 Iordanem,
689 4361 772 4413 ubi
801 4371 912 4414 erat
947 4359 1176 4414 Joannes
1206 4358 1494 4427 baptizans.
1547 4355 1721 4409 Altera

154 4453 235 4506 die
287 4451 419 4505 sidit
445 4449 675 4503 Joannes
699 4449 876 4503 Iesum
914 4449 1191 4502 venientem
1221 4446 1287 4499 ad
1317 4463 1389 4509 se,
1432 4455 1478 4498 et
1527 4445 1650 4497 dicit
1698 4460 1714 4496 :

1817 2673 1924 2726 Dei.
1952 2672 2126 2726 Altera
2147 2673 2230 2726 die
2258 2676 2451 2727 iterum
2471 2676 2635 2728 stabat
2666 2675 2912 2738 Joannes,
2939 2686 2985 2729 et
3006 2694 3068 2730 ex
3095 2678 3362 2747 discipulis

1812 2763 1924 2830 ejus
1946 2763 2069 2823 duo,
2101 2772 2148 2816 et
2179 2764 2450 2832 respiciens
2487 2766 2666 2818 Iesum
2687 2765 3030 2819 ambulantem
3058 2766 3186 2820 dixit
3220 2784 3237 2820 .°
3268 2767 3362 2822 Ec-

1813 2866 1868 2901 ce
1892 2850 2064 2918 Agnus
2097 2849 2188 2903 Dei
2238 2850 2414 2919 (loan.
2465 2869 2502 2914 ι,
2533 2853 2619 2916 26,
2665 2854 2825 2922 seqq.)
2857 2855 2921 2907 Et
2951 2870 3169 2916 rursus:
3201 2855 3357 2914 Illum

1815 2947 2024 3007 oportet,
2049 2939 2144 3003 ait,
2174 2956 2427 3003 crescere;
2454 2957 2533 2992 me
2554 2951 2722 2994 autem
2757 2942 2940 2995 minui.
2974 2941 3075 3006 Qui
3093 2943 3363 2998 desursum

1821 3028 1972 3090 venit,
2007 3044 2164 3099 supra
2189 3039 2362 3084 omnes
2390 3039 2481 3083 est.
2513 3030 2613 3094 Qui
2641 3040 2712 3082 est
2739 3031 2802 3083 de
2829 3040 2983 3094 terra,
3018 3031 3081 3084 de
3107 3042 3242 3085 terra
3269 3043 3361 3095 est,

1745 3153 1790 3214 Ο
1817 3129 1865 3174 et
1887 3120 2101 3174 deterra
2125 3119 2366 3188 loquitur.
2401 3118 2500 3184 Qui
2530 3121 2592 3172 de
2635 3119 2760 3174 caelo
2807 3121 2958 3185 venit,
2999 3138 3151 3191 super
3189 3139 3363 3177 omnes

1822 3221 1914 3264 est.
1949 3211 2016 3263 Et
2059 3211 2195 3279 quod
2226 3211 2347 3264 vidit
2373 3220 2420 3263 et
2465 3210 2657 3265 audivit
2684 3210 2779 3263 ltoc
2813 3220 3027 3264 testatur
3073 3211 3248 3283 (Joan.
3282 3228 3361 3274 ιιι,

1821 3302 1908 3363 50,
1927 3302 2108 3370 seqq.).

2435 3390 2658 3446 CAPUT
2696 3391 2754 3444 Il.

1823 3497 2156 3580 Solusl'e‘sus
2179 3507 2252 3551 est
2283 3514 2430 3580 uerus
2463 3494 2648 3580 Filius,
2677 3497 2812 3580 quod
2850 3500 2902 3580 in
2937 3515 2994 3551 eo
3016 3500 3112 3551 sibi
3141 3499 3368 3580 compla-

1890 3567 1993 3620 cuit
2028 3566 2187 3637 Pater
2210 3583 2228 3620 :
2259 3568 2452 3637 caeteri,
2477 3567 2614 3635 quod
2635 3575 2814 3637 utpote
2837 3567 2900 3620 de
2920 3584 3090 3621 massa
3123 3566 3366 3637 perditio-

1888 3637 1967 3689 nis
2009 3637 2065 3689 in
2097 3636 2170 3688 eis
2201 3652 2302 3687 non
2346 3635 2442 3687 sibi
2479 3635 2813 3697 complacuit,
2848 3653 2948 3689 non
2985 3637 3087 3690 veri
3124 3635 3242 3704 ﬁlii,
3275 3638 3362 3691 sed

1889 3705 2132 3774 adoptivi.

1888 3811 2022 3865 Ecce
2039 3818 2102 3868 et
2127 3811 2238 3875 ubi,
2269 3819 2322 3865 et
2344 3810 2573 3880 quando,
2607 3818 2658 3864 et
2688 3812 2954 3880 quomodo
2996 3809 3225 3867 Joannes
3268 3812 3366 3881 igi-

1818 3908 1905 3954 tur
1930 3910 1984 3954 et
2023 3899 2230 3970 Agnum
2276 3901 2368 3956 Dei
2401 3900 2718 3954 articulatim
2764 3913 2787 3940 ι
2817 3902 3065 3964 ostendit,
3091 3902 3182 3970 qui
3209 3915 3274 3954 ex
3301 3915 3366 3956 eo

1803 3991 2016 4059 ,Agnus,
2063 3991 2313 4058 quoniam
2366 3990 2532 4044 Filius
2580 3990 2812 4044 hominis
2850 3997 2932 4044 est
2971 4004 2984 4042 :
3032 3999 3085 4043 et
3121 3990 3364 4044 eumdem

1816 4079 2044 4150 Agnum,
2069 4079 2367 4148 Filiumque
2391 4079 2621 4136 hominis
2650 4095 2831 4134 verum
2857 4079 2949 4135 Dei
2991 4079 3265 4134 confessus
3285 4089 3368 4134 est

1818 4169 2028 4224 Filium.
2075 4168 2201 4225 Plus
2235 4170 2488 4225 nimirum
2516 4185 2674 4239 quam
2705 4169 2958 4237 propheta
2986 4169 3267 4223 conﬁtetur
3305 4185 3364 4223 sc

1818 4259 1884 4312 ab
1909 4273 1991 4321 eo,
2047 4259 2147 4314 hoc
2186 4267 2288 4322 est,
2319 4274 2349 4313 a
2384 4266 2580 4313 sanctae
2628 4257 2904 4312 Trinitatis
2954 4259 3208 4328 mysterio
3248 4273 3366 4313 esse

1819 4349 2078 4412 edoctum,
2105 4348 2197 4418 qui
2221 4348 2364 4403 misit
2398 4346 2544 4401 illum
2569 4348 2622 4401 in
2670 4363 2804 4416 aqua
2852 4349 3152 4417 baptizare,
3194 4349 3364 4416 ipsum

1820 4453 1936 4492 esse
1965 4437 2154 4492 Filium
2190 4438 2282 4492 Dei
2303 4453 2504 4502 verum,
2532 4439 2618 4506 qui
2644 4438 2875 4505 baptizat
2908 4438 2961 4491 in
3003 4437 3209 4505 Spiritu
3245 4454 3366 4492 san-

156 4539 287 4594 Ecce
314 4541 497 4610 Agnus
528 4535 642 4600 Dei,
689 4554 802 4590 ecce
832 4539 920 4607 qui
967 4536 1095 4589 tollit
1147 4545 1354 4604 peccata
1391 4534 1590 4586 mundi.
1645 4533 1711 4585 Et
1750 4511 1793 4566 θ
1817 4537 1923 4591 cto,
1951 4543 2110 4596 super
2135 4543 2290 4596 quem
2319 4527 2548 4596 Spiritus
2591 4536 2807 4582 sanctus
2842 4527 3114 4582 descendit
3153 4537 3206 4580 ct
3247 4542 3366 4596 per-

155 4628 339 4682 iterum
364 4627 718 4681 testimonium
755 4626 1007 4695 perhibuit
1036 4625 1264 4678 Joannes
1309 4624 1484 4676 dicens
1509 4622 1711 4700 :’Quia

157 4719 254 4772 ridi
286 4719 551 4789 Spiritum
571 4717 956 4770 descendentem
979 4717 1129 4786 quasi
1144 4715 1429 4769 columbam
1456 4714 1520 4767 de
1565 4714 1709 4777 caelo,

157 4820 201 4862 et
229 4810 591 4876 mansitsuper
618 4823 754 4859 eum.
794 4806 859 4858 Et
881 4823 972 4876 ego
997 4806 1280 4859 nesciebam
1322 4821 1469 4868 eum;
1498 4804 1585 4858 sed
1627 4804 1716 4873 qui

160 4897 291 4949 misit
347 4910 433 4948 me
479 4893 740 4969 baptisare
790 4893 844 4946 in
897 4910 1052 4963 aqua,
1083 4892 1169 4945 ille
1196 4893 1322 4945 mihi
1360 4893 1489 4945 dixit
1519 4910 1535 4944 ,ο
1563 4907 1716 4962 super

158 5003 300 5046 quem
330 4985 520 5040 videris
573 4983 1287 5059 Spiritum'descendentem,
1331 4993 1377 5036 et
1431 4993 1714 5036 manentem

161 5089 308 5141 super
331 5090 475 5133 mm,
505 5073 587 5125 hic
622 5082 696 5125 est
723 5073 809 5141 qui
840 5073 1063 5148 baptizat
1094 5074 1147 5126 in
1199 5070 1395 5140 Spiritu
1424 5083 1618 5128 sancto.
1666 5082 1712 5123 et

161 5178 245 5230 ego
283 5163 388 5217 vidi
413 5172 463 5216 et
486 5163 836 5215 testimonium
861 5161 1114 5232 perhibui,
1155 5163 1276 5231 quia
1307 5162 1387 5214 hic
1416 5171 1487 5215 est
1545 5153 1716 5212 Filius

226 5305 249 5365 _'
277 5296 481 5365 Agnum
510 5294 604 5348 Dei
630 5293 943 5347 articulatim
965 5293 1200 5365 ostendit.
1234 5293 1556 5365 Articulatim
1582 5292 1715 5346 dixit

164 5363 239 5433 vel
263 5359 389 5433 quia
414 5365 684 5425 distincte,
720 5371 780 5433 et
806 5371 1046 5432 patenter
1069 5359 1246 5433 Jesum
1275 5362 1505 5433 Joannes
1537 5370 1715 5433 osten-

163 5429 253 5494 dit,
430 5433 612 5513 geteri
636 5429 906 5513 propheta
935 5431 1142 5513 nonnisi
1184 5445 1279 5498 per
1294 5431 1506 5513 ligni-as
1522 5439 1573 5484 et
1602 5431 1712 5513 eni-

164 5511 331 5578 gmata
358 5498 906 5578 indicaverinthuod
931 5499 1313 5578 enimclarenet
1339 5498 1611 5578 perspicue

165 5570 312 5634 citur,
341 5569 662 5625 articulatim
687 5580 955 5625 ostensum
985 5569 1197 5623 dicitur.
1227 5568 1414 5623 Cicero
1443 5568 1531 5621 lib.
1569 5586 1587 5623 ι
1639 5569 1712 5623 De

169 5637 311 5706 legib.
349 5660 367 5690 ι
403 5640 535 5706 Quae
569 5638 684 5692 fuse
711 5640 838 5694 olim
869 5638 1274 5706 disputabantur
1307 5653 1368 5691 ac
1398 5637 1560 5690 libere
1585 5678 1598 5699 ,
1648 5653 1720 5691 ea.

169 5721 297 5762 nunc
324 5709 646 5763 articulatim
673 5709 1020 5776 distincteque
1039 5707 1302 5761 dicuntur.
1320 5707 1463 5776 [νει
1487 5707 1605 5775 quia
1635 5707 1710 5760 sic

169 5777 404 5842 ostendit,
436 5787 493 5832 ut
533 5778 674 5833 velut
707 5777 870 5847 digito
900 5774 1173 5830 indicaret.
1231 5776 1301 5831 Dc
1341 5774 1542 5829 Joanne.
1569 5776 1706 5828 enim

1815 4619 2030 4682 mansit,
2066 4618 2118 4672 id
2139 4618 2220 4672 est
2241 4617 2510 4672 Christum
2538 4617 2739 4681 Jesum.
2771 4633 2929 4687 quem
2949 4617 3155 4687 Agnum
3185 4618 3277 4670 Dei
3308 4628 3364 4670 et

1815 4715 1939 4761 ante
1960 4708 2240 4776 baptisma,
2280 4716 2333 4760 et
2366 4716 2486 4774 post
2506 4707 2767 4774 baptisma
2793 4706 3208 4759 demonStrando
3231 4720 3367 4774 prm-

1815 4796 2030 4850 dicavit.
2070 4795 2314 4850 Haaretici
2341 4810 2551 4864 quoque
2593 4795 2656 4850 de
2704 4794 2904 4863 pr0prii
2932 4794 3191 4847 mendacii
3225 4794 3366 4849 falsi-

1815 4893 1923 4939 tate
1957 4885 2237 4954 consopiti,
2271 4885 2680 4952 nuncupativum
2723 4885 2887 4938 Deum
2922 4892 2975 4938 et
3000 4883 3189 4936 Filium
3226 4885 3365 4938 dele-
3403 4881 3422 4900 '

1816 4974 2325 5041 rantadoplativum.
2345 4972 2814 5042 Spiritusnamque
2842 4981 3056 5026 sanctus
3082 4972 3364 5040 singulari-

1817 5073 1896 5117 ter
1930 5064 2137 5135 Agnum
2182 5064 2346 5127 illum,
2395 5063 2663 5117 Christum
2716 5064 2976 5128 videlicet,
3011 5073 3066 5116 et
3097 5064 3149 5116 in
3187 5065 3361 5132 specie

1814 5155 2356 5210 discrevitcolmnbze.
2391 5153 2616 5208 Paterna
2641 5164 2814 5208 autem
2857 5169 2953 5206 vox
3001 5170 3105 5208 non
3135 5154 3360 5222 quemli-

1813 5266 2005 5388 fecinit
2031 5266 2222 5388 [:aulus
2244 5266 2526 5332 Diaconus,
2553 5267 2692 5320 aliud
2721 5267 2968 5322 Ecclesia:
2995 5277 3189 5322 nostra:
3214 5268 3361 5337 aqui-

1831 5351 2023 5388 clenSIS
2076 5351 2252 5388 umen.

1831 5351 2023 5390 clen5|s
2057 5351 2252 5389 lumen.

1904 5421 1976 5472 Tu
1994 5423 2187 5484 quidem
2210 5425 2369 5472 mundi
2392 5424 2550 5472 scelus
2572 5423 2871 5474 auferentem
2895 5425 3052 5474 Indice
3073 5426 3231 5485 prodis
3253 5440 3268 5477 :

1812 5492 2018 5564 articuli
2041 5501 2260 5564 autem,_
2282 5494 2371 5561 qui
2401 5494 2632 5564 minores
2677 5505 2825 5547 artus
2866 5501 3020 5556 sunt,
3064 5496 3274 5564 proprie
3305 5496 3357 5547 in

1811 5561 1989 5632 digitis
2035 5570 2176 5615 sunt.
2229 5562 2519 5632 Ostendcre
2567 5573 2743 5617 autem
2778 5564 3003 5632 aliquem
3050 5561 3232 5632 digito,
3277 5572 3360 5617 cst

1809 5629 2049 5751 [lubnter
2088 5639 2272 5689 notum
2310 5629 2482 5685 facere
2510 5639 2561 5698 et
2609 5629 2886 5702 insignem,
2938 5633 3074 5688 unde
3112 5629 3360 5687 Horatius

1833 5701 1900 5751 ib.
1934 5716 2000 5751 ιν.
2037 5716 2086 5751 v.
2122 5701 2239 5751 1‘22.
2265 5700 2351 5751 od.
2381 5701 2447 5751 5:

1833 5701 1900 5752 ib.
1934 5716 2000 5756 tu,
2037 5716 2086 5752 v.
2122 5701 2239 5763 ατε,
2265 5700 2351 5754 od.
2381 5701 2447 5754 5:

2052 5784 2283 5835 Monstror
2305 5786 2453 5846 digito
2480 5789 2886 5847 pra‘tereunlium.
