3926 6426
566 447 668 500 435

1501 446 1556 499 S.
1595 442 1857 498 PAULI.“
1898 440 2344 495 PATBIARCIIE.
2387 431 2847 504 AQUILEIENSIS

3636 428 3738 482 436

563 559 653 612 bet
680 557 975 625 adoptivum
1001 556 1184 616 illium,
1204 555 1294 608 sed
1318 554 1582 614 dilectum,
1619 554 1670 605 in
1697 567 1799 619 quo
1829 552 1928 604 sibi
1955 566 2092 603 com-
2125 560 2162 611 Λ
2193 549 2430 615 protinus
2475 545 2600 612 quid
2649 544 2839 596 dixerit
2885 540 3186 606 explanavit
3213 579 3224 600 ,
3280 554 3400 591 cum
3449 538 3730 604 adiecerit:

564 644 823 710 placuisse
856 651 1092 701 testatur,
1130 643 1308 695 dicens
1337 659 1348 692 :
1386 639 1484 692 Hic
1503 650 1573 693 est
1612 639 1778 691 Filius
1802 655 1938 691 meus
1966 637 2094 688 dile-

565 741 692 794 ctus,
719 732 772 784 in
795 749 893 800 quo
920 732 1043 782 mihi
1071 731 1190 781 bene
1225 729 1504 797 complacui
1537 726 1740 796 (Matth.
1774 742 1854 786 ιιι,
1898 723 2004 791 l7).
2031 724 2092 776 Et

565 819 617 871 in
645 828 820 871 monte
842 826 1022 871 sancto
1049 817 1277 876 additum
1301 825 1383 868 est
1411 833 1425 867 :
1465 811 1641 883 Ipsum
1669 813 1841 866 audite
1880 810 2089 879 (Matth.

564 923 694 969 xvii,
724 907 799 969 ὅ),
831 916 888 959 ιιι
925 921 975 960 et
1005 908 1139 960 inter
1160 905 1467 959 Jordanicas
1507 905 1674 957 undas
1715 902 1923 964 Joauni,
1960 911 2012 954 et
2041 903 2092 953 in

565 995 837 1047 cacumine
865 995 1057 1047 montis
1087 993 1248 1062 Moysi
1278 995 1528 1046 doceatur
1565 992 1816 1044 Dominus
1867 999 1917 1043 et
1945 991 2088 1042 Elim.

563 1081 821 1135 Cernebat
856 1081 1038 1151 procul
1081 1082 1238 1134 dubio
1274 1092 1505 1149 paternae
1557 1080 1774 1133 visionis
1812 1080 1996 1132 oculus
2042 1079 2093 1130 in

564 1169 820 1236 adoptivis
865 1169 1005 1229 ﬁliis,
1034 1169 1154 1222 licet
1180 1169 1375 1230 electis,
1404 1169 1546 1237 puris
1569 1178 1742 1221 tamen
1774 1168 2094 1224 hominibus,

565 1258 616 1309 iu
633 1271 737 1324 quo
757 1257 856 1310 sibi
877 1257 1192 1324 displiceret.
1209 1242 1364 1311 Juxta
1381 1259 1517 1327 quod
1547 1260 1795 1319 humana,
1819 1265 2093 1324 postquam

565 1342 616 1395 in
641 1343 749 1411 ipsa
774 1343 948 1397 radice
989 1353 1069 1397 est
1100 1346 1299 1407 vitiata,
1336 1354 1544 1407 natura,
1573 1360 1673 1398 non
1700 1353 1871 1411 potest
1901 1359 1929 1396 a
1970 1358 2093 1410 pec-

563 1434 663 1486 cati
690 1435 843 1488 sorde
865 1450 982 1488 esse
1003 1435 1190 1488 aliena.
1217 1436 1272 1488 lo
1305 1435 1415 1487 solo
1444 1444 1617 1488 autem
1644 1433 1941 1502 Unigenito,
1974 1433 2095 1500 quia

564 1524 700 1576 Deus
722 1532 833 1576 erat
853 1533 906 1576 et
934 1521 1108 1586 homo,
1134 1525 1232 1576 sibi
1257 1525 1633 1591 complacuisse
1661 1522 1866 1590 propria
1895 1521 2097 1588 profes-

563 1629 653 1664 sus
681 1622 762 1665 est
807 1628 950 1666 voce.
1001 1613 1178 1681 Neque
1220 1613 1362 1666 enim
1409 1613 1707 1665 testimonio
1760 1612 2097 1680 beneplacitm

562 1715 732 1753 causa:
776 1701 1047 1753 divinitate
1092 1693 1354 1769 indigebat
1397 1699 1667 1766 majestas;
1717 1701 1807 1754 sed
1855 1702 2097 1754 humana:

565 1788 882 1842 reddendum
916 1797 1028 1842 erat
1051 1799 1269 1843 naturar.
1303 1789 1429 1855 Qum
1455 1799 1730 1859 postquam
1761 1792 1814 1844 in
1853 1791 2096 1858 paradiso

2196 635 2457 698 Quandiu,
2491 635 2596 686 ait:
2639 633 2724 684 uni
2754 647 2815 682 ex
2846 629 3070 682 minimis
3121 629 3229 680 istis
3261 628 3455 695 fecistis
3489 629 3617 680 mihi
3671 631 3736 697 {e-

2194 723 2331 773 ris-tis
2361 721 2568 789 (.llatth.
2607 735 2728 781 xxv,
2758 719 2844 778 57,
2882 716 3062 780 seqq.),
3104 723 3304 769 secrete
3333 718 3469 770 dixit
3509 717 3735 770 esurisse

2193 817 2245 860 et
2275 809 2467 861 sitisse.
2501 808 2563 859 Et
2590 808 2713 874 quia
2739 806 2932 858 veritas
2949 813 3046 864 est,
3085 804 3295 857 mentiri
3315 819 3420 856 non
3447 805 3642 872 potuit.
3676 805 3730 856 Et

2193 907 2368 948 tamen
2393 911 2493 947 non
2523 895 2731 962 proprie
2755 896 2818 947 de
2839 909 2930 946 sua
2956 905 3200 958 persona,
3228 908 3344 960 qua:
3363 892 3612 946 Christus
3637 903 3733 956 est,

2194 984 2283 1035 sed
2313 983 2374 1035 de
2404 983 2652 1034 membris
2677 983 2786 1034 suis
2810 982 3036 1035 innotuit
3063 983 3158 1045 sic,
3187 982 3336 1050 quasi
3365 982 3429 1034 de
3455 983 3738 1047 semetipso

2195 1071 2430 1125 dixisset.
2483 1071 2546 1122 Et
2573 1071 2696 1138 quid
2723 1071 2912 1122 mirum
2950 1072 2993 1122 si
3022 1079 3178 1140 caput
3213 1081 3308 1139 pro
3336 1072 3597 1124 membris
3638 1072 3740 1124 suis

2194 1159 2343 1225 quasi
2379 1160 2442 1211 de
2488 1175 2544 1212 se
2580 1159 2825 1224 loquitur,
2869 1173 2987 1211 cum
3039 1159 3271 1212 membra
3314 1158 3428 1224 ejus
3465 1159 3536 1213 de
3579 1176 3642 1212 eo
3672 1161 3741 1212 Sir

2194 1262 2566 1314 nonnunquam
2606 1248 2753 1314 quasi
2784 1248 2846 1299 de
2879 1263 2936 1300 se
2964 1247 3103 1314 loqui
3149 1249 3447 1310 videantur,
3490 1250 3742 1314 quemad-

2195 1335 2402 1386 modum
2421 1337 2791 1403 prophetarum
2814 1337 3021 1389 oracula
3045 1338 3436 1404 protestantur?
3456 1335 3740 1400 Fodentnt.

2195 1424 2265 1475 ait
2290 1424 2728 1494 Psalmographus
2754 1427 3016 1493 quoddam
3047 1429 3338 1479 membrum
3366 1427 3512 1493 ejus,
3566 1445 3744 1480 manus

2195 1529 2332 1566 meas
2355 1525 2400 1568 et
2427 1517 2576 1583 pedes
2607 1533 2761 1569 meos.
2802 1517 2866 1568 Et
2893 1532 3076 1569 rursus
3100 1536 3111 1569 :
3157 1517 3453 1571 Diriserunt-
3474 1520 3577 1570 sibi
3605 1522 3746 1572 resti-

2195 1595 2363 1654 mrnfa
2396 1620 2507 1656 mea
2535 1604 2702 1672 (Psal.
2732 1621 2838 1667 XXI,
2881 1606 2967 1666 18,
2999 1607 3082 1675 19)
3111 1623 3124 1670 ;
3152 1615 3206 1659 et
3230 1607 3378 1670 illud,
3407 1607 3673 1661 Dederuut
3699 1610 3747 1661 in

2195 1711 2362 1746 escam
2389 1713 2549 1748 meam
2577 1697 2644 1764 fel
2670 1717 2686 1758 ,-
2728 1707 2774 1749 et
2814 1699 2866 1750 in
2896 1699 2980 1750 siti
3009 1714 3120 1750 mea
3153 1708 3453 1766 putaverunt
3483 1716 3566 1751 me
3609 1710 3744 1752 aceto

2198 1782 2365 1852 (Psal.
2412 1797 2593 1847 uvut,
2618 1784 2727 1854 22).
2769 1785 2879 1838 Non
2909 1786 3120 1854 quidem
3155 1786 3412 1854 prtemisit
3439 1785 3744 1854 Propheta:

563 1877 824 1944 serpentis
863 1877 1075 1940 astutia,
1117 1879 1350 1936 mulieris
1379 1878 1660 1941 constinsu,
1711 1881 1886 1932 mariti
1914 1880 2095 1932 vitiata
2131 1869 2168 1923 Β
2202 1871 2320 1925 Πεοο
2348 1873 2474 1956 dicit
2505 1874 2775 1936 Dominus.
2811 1873 3074 1926 Fodewnl
3113 1891 3294 1926 ηιαηιιϐ
3335 1891 3474 1927 mea!
3513 1886 3561 1927 ει
3600 1876 3747 1944 Pedes

563 1970 910 2031 corruptaque
931 1966 1131 2018 exstitit
1152 1965 1600 2032 praevaricatione,
1625 1967 1676 2018 in
1710 1967 1851 2020 nullo
1868 1983 2094 2034 unquam

562 2051 807 2122 deinceps
833 2036 1195 2121 adeptivorum
1245 2056 1321 2109 sic
1350 2057 1488 2108 venit
1529 2046 1774 2120 filiorum,
1798 2066 1856 2110 ut
1875 2074 1977 2111 non
2005 2059 2097 2110 ha-

561 2142 712 2195 beret
757 2142 954 2209 aliquid
993 2144 1057 2197 de
1099 2159 1267 2197 massa
1321 2153 1543 2198 tractum
1594 2146 1920 2214 perditionis,
1960 2146 2097 2198 unde

561 2229 661 2281 sibi
690 2243 817 2282 suus
841 2231 1416 2299 conditocdispliceret.
1438 2224 1494 2285 In
1525 2235 1636 2286 solo
1661 2242 1856 2295 autem,
1883 2242 1938 2286 ut
1962 2249 2095 2300 pne-

561 2317 779 2369 missum
804 2326 904 2381 est,
929 2319 1198 2387 unigenito
1239 2321 1330 2373 Dei
1365 2321 1518 2384 Filio,
1544 2322 1631 2389 qui
1667 2337 1770 2375 non
1800 2323 2095 2389 adopiivus,

559 2402 653 2455 sed
673 2417 829 2456 verus
853 2411 933 2456 est
953 2403 1136 2467 Filius,
1173 2405 1327 2476 15,9
1353 2408 1428 2460 sic
1451 2417 1530 2461 est
1559 2405 1826 2475 assumpta
1869 2411 2096 2462 humana

561 2490 872 2554 substantia,
913 2502 1172 2559 quatenus
1204 2503 1258 2547 et
1296 2485 1570 2549 veritatem
1624 2496 1703 2549 sui
1744 2498 1960 2550 haberet
2013 2511 2099 2563 ge-

563 2579 705 2634 neris
754 2590 805 2634 et
839 2597 1051 2636 causam
1082 2583 1298 2636 omnino
1318 2585 1543 2638 nesciret
1566 2586 1785 2652 peccati.

1163 2690 1382 2745 CAPUT
1412 2691 1493 2744 Ill.

482 2874 484 2877 ι
566 2814 639 2865 De
673 2815 810 2869 Filio
848 2817 942 2870 Dei
970 2816 1140 2871 Patris
1173 2820 1354 2873 dilecto
1382 2819 1516 2873 male
1557 2822 1822 2876 iutellectre
1860 2841 1890 2874 η
1933 2822 2100 2876 Felice

632 2885 946 2958 Scriptura:
974 2887 1024 2938 in
1042 2889 1228 2958 quibus
1257 2888 1490 2942 Christus
1526 2891 1830 2958 velutcaput
1854 2892 1916 2943 de
1939 2908 2099 2942 mem-

631 2955 758 3012 bris.
799 2954 872 3008 vel
898 2954 1122 3007 membra
1160 2957 1464 3026 quandoque
1504 2957 1566 3009 de
1605 2954 1767 3026 capite
1797 2957 1997 3011 Christo
2027 2959 2102 3011 lo-

625 3032 870 3089 quuntur.

626 3127 902 3196 Eleganter
921 3143 1046 3198 ergo
1071 3131 1401 3199 omnipotens
1422 3132 1596 3196 Pater,
1635 3132 1734 3186 Hic
1762 3145 1855 3196 est,
1876 3131 1891 3142 ⁷
1907 3135 2096 3202 inquit,

559 3215 728 3270 Filius
755 3235 895 3270 meus
928 3219 1161 3282 dilectus,
1209 3222 1299 3289 qui
1336 3222 1413 3274 sic
1451 3221 1787 3290 singulariter
1825 3222 1993 3276 factus
2017 3233 2098 3276 est

561 3304 720 3358 homo
755 3319 1067 3372 permanens
1090 3308 1245 3371 Deus,
1271 3316 1329 3360 ut
1355 3309 1406 3360 in
1433 3309 1544 3362 solo
1567 3310 1694 3362 mihi
1723 3311 2099 3378 complacuisse

557 3392 703 3446 vocis
729 3407 856 3446 mete
897 3396 1192 3448 testimonio
1222 3410 1542 3463 cognoscere
1568 3412 1661 3450 vos
1685 3399 1954 3468 voluerim.
2003 3399 2102 3450 De—

558 3479 796 3533 lectionis
821 3491 995 3534 autem
1029 3492 1080 3536 et
1104 3485 1415 3552 beneplaciti
1441 3499 1612 3539 sermo
1636 3501 1844 3540 omnem
1872 3488 2101 3540 insinuat

559 3567 932 3633 plenitudinem
971 3571 1259 3625 charitatis.
1295 3571 1560 3627 Christum
1591 3584 1764 3628 autem
1798 3574 1970 3630 Jesuni
2007 3576 2100 3629 Dei

559 3653 769 3715 Filium,
810 3655 862 3707 in
897 3671 1001 3724 quo
1027 3657 1125 3710 sibi
1155 3658 1309 3711 Pater
1335 3661 1667 3728 complacuit,
1707 3663 1758 3715 in
1787 3679 1890 3730 quo
1931 3665 2101 3718 omnis

559 3741 776 3795 dulcedo
801 3751 1031 3810 paterna:
1071 3746 1364 3809 ebaritatis,
1415 3749 1466 3798 in
1509 3764 1614 3816 quo
1638 3752 1810 3803 omnis
1834 3753 2102 3818 plenitudo

558 3827 762 3882 habitat
787 3830 1077 3884 divinitatis
1095 3833 1372 3888 haereticus
1394 3836 1493 3889 iste
1515 3852 1631 3890 cum
1658 3840 1972 3906 sequacibus
1991 3842 2100 3894 suis

559 3917 748 3969 astruit
787 3933 903 3971 eum
950 3920 1086 3973 diem
1123 3922 1326 3976 nescire
1362 3923 1544 3990 judicii
1573 3965 1586 3987 ,
1623 3927 1743 3992 quia
1790 3927 1946 3980 homo
1989 3927 2100 3979 fleri

559 4005 804 4075 dignatus
832 4015 914 4060 est
941 4025 954 4072 ;
980 4009 1206 4063 afﬁrmat
1229 4027 1330 4065 non
1352 4028 1468 4066 esse
1490 4015 1844 4068 essentialiter
1873 4017 2096 4080 bonum;

560 4097 777 4163 derogat
822 4112 924 4148 non
954 4111 1074 4150 eum
1098 4100 1304 4154 venisse
1348 4117 1494 4154 suam
1524 4101 1696 4157 facere
1734 4103 2054 4156 voluntatem
2083 4122 2096 4168 ;

559 4191 797 4235 autumat
824 4199 926 4236 non
953 4200 1068 4238 esse
1096 4202 1248 4239 suum
1290 4205 1503 4256 regnum
1530 4201 1780 4259 praestare
1823 4195 2098 4258 cmlorum,

562 4280 612 4323 et
642 4272 724 4325 his
755 4273 946 4326 similia
1013 4281 1336 4331 coacervatis
1379 4280 1429 4331 in
1473 4296 1631 4332 unum
1659 4281 1723 4334 de
1751 4283 2100 4335 sacrosanctis

561 4359 962 4427 Evangeliorum
1009 4363 1249 4430 paginis,
1291 4365 1424 4418 bene
1473 4368 1681 4433 quidem
1721 4383 1816 4434 per
1846 4369 2098 4436 Spiritum

561 4455 801 4498 sanctum
837 4448 1052 4514 prolatis
1076 4451 1411 4514 testimoniis,
1439 4455 1527 4507 sed
1558 4455 1689 4507 male
1708 4457 1773 4507 ab
1808 4472 1870 4508 eo
1892 4472 1986 4524 per
2009 4473 2100 4509 ue—
2130 4475 2175 4532 π)

561 4548 719 4602 quam
746 4536 987 4602 spiritum
1022 4537 1319 4604 depravatis
1343 4557 1356 4603 ;
1386 4543 1763 4608 parvipcndens
1789 4559 2103 4612 magnopere

562 4622 919 4686 considerare,
967 4625 1089 4691 quia
1118 4641 1236 4678 cum
1281 4630 1349 4680 sit
1381 4630 1696 4696 Redemptor
1725 4639 1903 4683 noster
1947 4640 2102 4701 caput

559 4713 792 4763 omnium
836 4703 1139 4776 eledtorum,
1190 4732 1472 4784 omnesque
1515 4721 1748 4772 membra
1783 4720 1896 4786 ejus
1926 4722 2098 4787 electi,

561 4798 864 4867 plerumque
910 4801 986 4852 sic
1022 4817 1114 4868 pro
1151 4805 1399 4856 membris
1428 4808 1962 4862 consubstantialibus
1998 4812 2098 4864 sibi

521 4877 538 4892 ⁹
563 4886 713 4952 quasi
759 4888 820 4939 de
853 4903 910 4940 se
937 4889 1161 4941 humana
1191 4906 1317 4945 voce
1357 4892 1496 4961 loqui
1527 4902 1685 4974 paput
1725 4896 1983 4950 videatur.
2032 4898 2100 4953 Ut

563 4984 642 5028 est
676 4974 831 5027 illud:
867 4978 1084 5030 Vidistis
1119 4993 1200 5030 me
1242 4982 1580 5046 esurientem,
1630 4992 1683 5037 et
1723 4985 2007 5051 sitientem,
2049 4996 2103 5041 et

561 5073 774 5117 cmtera.
806 5064 1254 5131 Respondentibus
1281 5077 1453 5122 autem
1477 5073 1572 5125 sibi
1595 5087 1712 5125 cum
1735 5074 2097 5137 admiratione,

567 5153 775 5217 quando
825 5167 945 5205 eum
997 5155 1248 5208 vidissent
1301 5157 1619 5211 esurientem
1675 5161 1756 5213 vel
1815 5162 2100 5226 sitientem,

639 5319 662 5343 ι
696 5304 942 5375 Tristasse
975 5322 1130 5373 usque
1165 5307 1230 5358 ad
1267 5319 1495 5360 mortem.
1539 5308 1761 5361 Tristare
1790 5325 1884 5375 pro
1911 5313 2102 5364 tristem

570 5374 737 5493 {acere
771 5371 985 5426 inferior
1027 5371 1155 5426 artas
1202 5378 1469 5441 usurpavit
1506 5377 1646 5429 Will.
1707 5371 1849 5439 Bri—to
1902 5380 1991 5431 lib.
2042 5395 2102 5441 -Χ,

595 5441 791 5493 ’hilinn.
815 5442 949 5493 apud
975 5442 1051 5493 Du
1080 5440 1279 5493 Canae:

595 5441 791 5508 ’hilipp.
815 5442 949 5508 apud
975 5442 1051 5493 Du
1080 5440 1279 5509 Cange:

757 5528 1045 5590 .....lndigno
1070 5531 1270 5579 tristavit
1298 5530 1463 5580 funere
1489 5545 1674 5595 campos
1697 5547 1710 5591 ;

575 5616 629 5664 et.
663 5608 750 5662 lib.
789 5626 826 5664 It
857 5629 869 5662 :

754 5726 768 5743 .
867 5695 924 5744 Et
950 5699 1071 5747 tristi
1097 5700 1326 5749 tristassct
1351 5701 1516 5751 funere
1539 5703 1777 5752 mundum.

2195 1978 2330 2016 meo:
2354 1959 2376 2026 ;’
2411 1965 2502 2016 sed
2546 1966 2695 2031 quasi
2733 1966 2796 2018 de
2838 1967 3116 2032 semetipso
3148 1981 3368 2019 exorsus
3405 1975 3487 2020 est
3530 1968 3747 2021 dicens:

2196 2049 2460 2103 Fodcrunt
2501 2067 2687 2104 manus
2717 2069 2852 2105 meas
2890 2062 2936 2104 ct
2971 2054 3119 2122 pedes
3157 2070 3332 2107 meos:
3375 2062 3616 2109 attamen
3649 2071 3749 2110 nou

2196 2139 2360 2206 ipsius
2397 2155 2582 2193 manus
2616 2149 2669 2193 et
2703 2141 2859 2208 pedes
2897 2151 3017 2194 sunt
3061 2141 3223 2206 fossi;
3275 2151 3540 2210 quatenus
3577 2155 3632 2198 et
3673 2161 3751 2199 se-

2195 2229 2422 2280 cundum
2455 2228 2607 2282 fidem
2638 2230 2872 2283 historia:
2905 2238 2968 2284 de
2993 2246 3050 2283 se
3079 2232 3192 2298 ipso
3232 2242 3283 2284 et
3310 2232 3609 2300 figuraliter
3635 2248 3752 2286 sen—

2195 2315 2426 2368 tiendum
2455 2325 2557 2380 est,
2580 2317 2797 2370 dictum.
2850 2318 2969 2371 Ideo
2991 2317 3308 2386 Redemptor
3333 2328 3517 2372 noster
3541 2335 3639 2388 pro
3665 2335 3751 2373 no-

2193 2405 2298 2467 bis,
2339 2420 2441 2459 non
2468 2420 2565 2472 pro
2593 2420 2649 2458 se
2670 2445 2684 2468 ,
2723 2405 2940 2459 alterius
2970 2407 3178 2474 generis
3207 2415 3452 2459 naturam
3497 2410 3749 2476 suscepit,

2197 2493 2246 2546 id
2273 2502 2354 2546 est
2381 2495 2681 2555 humanam,
2725 2510 2820 2562 per
2847 2510 3007 2561 quam
3049 2496 3213 2563 possit
3259 2496 3490 2548 humana
3522 2511 3624 2550 vox
3657 2499 3754 2550 hu-

2196 2599 2350 2637 mano
2394 2584 2534 2652 loqui
2566 2584 2772 2646 affectu,
2825 2586 2875 2638 in
2903 2601 3006 2654 qua
3028 2588 3195 2654 possit
3222 2588 3380 2640 etiam
3412 2590 3639 2651 esurire,
3681 2591 3752 2642 si-

2197 2678 2316 2738 tire,
2348 2675 2578 2743 fatigari,
2607 2679 2732 2744 pati,
2767 2678 3026 2746 crucifigi,
3066 2679 3225 2741 mori,
3256 2694 3318 2732 ac
3345 2679 3559 2746 sepeliri
3585 2697 3596 2729 ;
3628 2679 3751 2747 quia

2195 2766 2370 2817 omnia
2395 2766 2507 2818 hanc
2534 2782 2561 2817 a
2585 2781 2698 2827 sua,
2730 2767 2829 2818 hoc
2858 2773 2939 2820 est
2962 2782 2991 2818 a
3023 2767 3195 2818 divina
3227 2774 3414 2818 natura
3439 2766 3612 2820 modis
3639 2782 3753 2818 om-

2197 2853 2353 2906 nibus
2372 2864 2578 2907 exstant
2607 2855 2798 2909 aliena.
2835 2855 2967 2910 Hinc
2997 2865 3075 2910 est
3104 2857 3242 2928 quod
3267 2856 3316 2909 in
3340 2871 3501 2910 cruce
3532 2872 3751 2924 suspen-

2198 2959 2288 2996 sus
2309 2945 2385 2996 sic
2405 2961 2501 3013 pro
2532 2946 2782 2999 membris
2802 2947 2912 2999 suis
2936 2948 3086 3014 quasi
3114 2964 3211 3016 pro
3239 2962 3295 3000 se
3321 2947 3533 3001 Patrem
3557 2947 3752 3015 legitur

2198 3035 2580 3104 iuterpellasse,
2613 3036 2762 3096 Deus,
2798 3036 2985 3105 inquit,
3009 3053 3172 3101 meus,
3201 3038 3336 3089 Deus
3357 3055 3522 3100 meus,
3571 3039 3751 3107 utquid

2198 3123 2511 3192 dereliquisti
2531 3143 2610 3201 me
2637 3124 2825 3196 (Marc.
2850 3140 2936 3187 xv,
2963 3124 3095 3194 55)?
3122 3141 3239 3179 eum
3272 3141 3328 3179 se
3358 3127 3520 3180 sciret
3547 3141 3576 3178 a
3599 3126 3752 3182 Patre

2203 3228 2469 3281 nunquam
2521 3228 2639 3267 esse
2686 3213 3026 3273 derelictum,
3077 3214 3160 3266 cui
3213 3228 3373 3266 unum
3423 3229 3547 3266 cum
3600 3213 3755 3267 Patre

2200 3305 2479 3357 consilium
2530 3303 2667 3363 fuit,
2717 3310 2774 3353 ut
2831 3317 2925 3370 pro
2977 3303 3157 3354 mundi
3210 3302 3612 3371 crucifigeretur
3664 3317 3750 3356 sa~

2203 3395 2328 3448 lute.

2782 3476 3011 3534 CAPUT
3052 3480 3133 3534 IV.

2202 3593 2462 3661 Improbat
2490 3593 2790 3661 sententiam
2823 3589 3272 3661 Felicisdicentis,
3303 3591 3422 3661 quia
3453 3589 3607 3643 Iesus
3644 3602 3753 3644 erat

2271 3658 2639 3728 ntmcupativus
2668 3659 2837 3728 DeusJ
2879 3675 2979 3710 non
3008 3660 3164 3724 fuisse
3203 3675 3318 3728 sum
3339 3658 3618 3712 uoluntatis
3649 3661 3756 3727 pati

2271 3730 2344 3781 vel
2379 3725 2510 3780 mori
2537 3745 2553 3779 :
2581 3737 2625 3779 et
2654 3727 2767 3778 ideo
2792 3726 2999 3778 Patrem
3029 3742 3200 3778 orasse
3222 3725 3429 3777 calicem
3458 3743 3488 3777 a
3513 3743 3569 3779 ac
3588 3725 3757 3780 trans~

2270 3798 2413 3863 ferri.

2271 3921 2406 3978 Hinc
2433 3925 2591 3976 etiam
2624 3932 2744 3975 ante
2771 3923 3093 3991 passionem,
3124 3922 3175 3973 in
3201 3923 3333 3990 ipso,
3371 3931 3434 3979 ut
3459 3924 3531 3976 ita
3559 3925 3750 3988 dicam,

2201 4013 2422 4066 articulo
2455 4011 2750 4064 traditionis
2785 4012 2940 4064 tertio
2967 4027 3070 4064 non
3107 4026 3202 4078 pro
3225 4026 3311 4073 se,
3346 4013 3434 4065 sed
3464 4029 3563 4082 pro
3590 4030 3755 4067 mem-

2200 4101 2310 4152 bris
2337 4101 2468 4164 suis,
2496 4115 2591 4168 pro
2615 4101 2806 4168 quibus
2836 4102 2940 4168 pati
2973 4110 3224 4164 venerat,
3252 4116 3434 4154 orasse
3453 4143 3468 4165 ,
3509 4103 3756 4157 tristasse

2201 4201 2225 4226 ι
2259 4202 2423 4254 usque
2446 4187 2510 4239 ad
2539 4195 2784 4250 mortem,
2816 4197 3062 4240 moestum
3090 4195 3226 4248 esse,
3268 4189 3440 4241 Patris
3464 4205 3567 4241 non
3601 4207 3782 4246 suam.

2200 4275 2520 4329 voluntatem
2567 4274 2678 4328 fieri
2724 4275 3042 4344 evangelista
3083 4275 3308 4327 innotuit
3350 4277 3377 4314 ι)
3408 4275 3752 4343 imprecasse.

2199 4365 2346 4417 Licet
2375 4364 2654 4416 haereticus
2685 4363 2784 4416 iste
2813 4364 3055 4425 detrahat
3075 4364 3146 4425 ei,
3176 4364 3296 4430 quia
3332 4363 3490 4416 homo
3517 4374 3656 4424 erat,
3688 4367 3755 4418 ti-

2201 4451 2362 4503 moris
2391 4465 2547 4502 causa
2577 4450 2792 4502 calicem
2820 4450 3078 4517 passionis
3104 4465 3216 4503 a‘se
3235 4465 3414 4504 orasse
3435 4453 3749 4516 transferri;

2204 4545 2257 4589 et
2283 4538 2569 4590 secundum
2602 4537 2742 4604 quod
2772 4537 2929 4589 homo
2954 4544 3067 4588 erat
3096 4545 3148 4589 et
3177 4539 3562 4604 nuncupativus
3591 4541 3750 4603 Deus,

2205 4641 2308 4677 non
2337 4608 2803 4678 fuisse-voluntatis
2839 4624 2952 4691 ejus
2993 4625 3100 4691 pati
3134 4624 3213 4678 vel
3250 4626 3406 4688 mori,
3444 4627 3535 4679 sed
3577 4625 3752 4682 Patris

2203 4713 2582 4767 tantummodo.
2638 4713 2772 4778 Quin
2820 4713 2979 4765 etiam
3024 4715 3259 4783 improbo
3308 4729 3554 4768 sermone
3597 4716 3754 4784 150

2203 4803 2442 4855 eamdem
2483 4816 2695 4854 causam
2725 4801 3011 4869 elinguavit
3041 4813 3060 4838 ε
3097 4802 3320 4864 timoris,
3368 4817 3487 4854 cum
3516 4803 3596 4854 sic
3637 4805 3746 4854 ait:

2202 4892 2356 4946 Juxta
2403 4891 2743 4944 humanitatis
2772 4905 2896 4943 vero
2940 4892 3285 4943 substantiam
3326 4907 3428 4944 non
3475 4877 3620 4945 vertit
3665 4908 3752 4946 vo-

2200 4979 2454 5032 luntatem
2486 4995 2634 5033 suam
2664 4979 2855 5039 facere,
2886 4979 2975 5031 sed
3003 4979 3117 5046 ejus
3144 4979 3232 5045 qui
3263 4979 3403 5031 misit
3433 4979 3578 5032 illum
3604 4997 3618 5043 ;
3659 4982 3748 5048 qui

2202 5079 2254 5122 et
2280 5070 2333 5121 in
2375 5069 2618 5137 passione
2655 5082 2749 5120 sua
2779 5077 2980 5135 patrem
3011 5066 3300 5134 efﬂagitans
3329 5069 3400 5119 ait
3427 5086 3440 5119 :
3494 5068 3673 5128 Pater,
3703 5071 3748 5122 st

2202 5158 2316 5224 fieri
2348 5166 2530 5225 potest,
2562 5165 2784 5208 transeat
2827 5173 2857 5208 a
2899 5172 2978 5208 me
3005 5156 3141 5208 calix
3170 5157 3262 5209 iste
3303 5156 3517 5224 (Matth.
3564 5173 3743 5219 xxxvi,

2204 5305 2454 5359 Paulinus
2483 5315 2656 5359 autem
2687 5307 2914 5359 tristasse
2949 5319 3044 5372 pro
3083 5322 3135 5358 se
3158 5306 3405 5368 tristasse,
3452 5319 3546 5358 seu
3571 5307 3747 5360 verius

2204 5389 2299 5441 pro
2326 5375 2517 5428 tristem
2543 5390 2648 5425 esse
2672 5376 2888 5427 verbum
2916 5373 3169 5427 adhibuit.

2276 5444 2303 5480 δ
2333 5441 2659 5512 Evangelista
2703 5443 2941 5504 innotuit.
2978 5457 3074 5510 pro
3101 5451 3274 5493 uotum
3298 5441 3438 5509 fecit.
3470 5441 3605 5495 Vide
3633 5452 3741 5496 not.

2207 5509 2256 5561 in
2295 5525 2411 5564 can.
2438 5510 2506 5563 29
2537 5510 2627 5563 lib.
2660 5526 2697 5564 ι.
3346 5525 3358 5541 ο

2202 5510 2768 5697 ἶξρέθὲηῗιῖὲέἵῦἧᾶθ
2796 5586 2903 5632 ιιοι.
2937 5577 3040 5646 in§
3082 5578 3130 5630 Η
3163 5568 3349 5632 “mea
3390 5576 3742 5644 Foroiuliens'

2223 5661 2237 5697 ι
2289 5683 2302 5697 .
2368 5683 2381 5697 .

2223 5654 2302 5697 ιιι.
2337 5654 2381 5697 υ.
