3926 6448
146 495 248 550 437

827 493 1100 550 conus
1135 491 1420 546 FELICEM
1463 456 1989 549 urbmaauxrn
2031 493 2200 547 Luna
2240 496 2320 549 ιιι.
2358 529 2425 536 -
2464 498 2586 551 Lm.
2626 497 2705 551 m.

3259 501 3355 553 453

145 609 257 674 δι).
289 608 593 680 Εῇιαςὴανε
615 623 640 650 ι
670 611 863 678 potuit,
892 609 1042 678 quasi
1071 609 1192 662 novi
1219 607 1419 676 aliquid
1441 609 1703 664 videretur
1734 617 1777 669 Α
1805 611 1937 661 enim
1959 610 2094 686 sapis
2121 626 2181 662 ea
2201 625 2316 676 qua:
2342 610 2432 663 Dei
2453 619 2586 669 sunt,
2614 611 2699 662 sed
2723 625 2836 677 qua
2858 608 3120 662 hominum
3144 608 3350 678 (Matth.

145 698 372 762 dixisse,
416 714 537 754 cum
579 700 856 769 eﬁlagitare
896 714 1001 762 non
1041 699 1306 767 pertineat
1345 699 1410 752 ad
1459 699 1712 767 simplicis

145 789 410 843 orationis
456 787 724 852 eﬂ‘ectum,
771 789 866 844 sed
907 790 1082 858 potius
1125 799 1219 842 aut
1265 789 1473 843 curiose
1516 791 1581 844 ab
1610 790 1713 843 alio

147 886 474 945 extorquere
499 877 638 945 quod
661 877 880 945 petitur,
907 886 1002 930 aut
1019 877 1157 944 quod
1181 877 1414 930 nescitur
1434 877 1567 928 ﬂavo
1594 876 1620 914 δ
1643 878 1715 929 in-

150 967 534 1034 terrogationis
562 967 740 1020 studio
763 968 1102 1036 investigare.
1135 964 1192 1020 Si
1223 980 1346 1028 vero
1368 964 1516 1032 juxta
1548 967 1715 1019 haere-

151 1056 313 1110 ticam
353 1056 672 1123 pravitatem
708 1056 1060 1109 voluntari'am
1109 1070 1214 1107 non
1258 1055 1471 1123 pertulit
1518 1055 1718 1122 passio-

147 1160 295 1206 nem,
324 1146 415 1200 ubi
445 1153 526 1198 est
567 1145 706 1214 quod
746 1145 898 1215 longe
935 1155 1057 1200 ante
1102 1159 1197 1213 per
1231 1146 1539 1213 prophetam
1570 1142 1715 1197 Patri

145 1245 371 1290 voverat
421 1235 638 1290 dicens:
698 1233 997 1288 Voluntarie
1042 1234 1348 1301 sacriﬁcabo
1397 1234 1489 1286 tibi
1543 1232 1712 1301 (Psal.

146 1339 262 1385 Llll,
296 1322 394 1388 8)?
423 1334 474 1376 et
502 1322 624 1375 illud
652 1340 664 1375 :
694 1322 763 1375 Ut
793 1323 1015 1390 facerem
1043 1321 1352 1375 voluntatem
1383 1332 1547 1384 tuam,
1580 1321 1716 1374 Deus

144 1427 290 1462 uicus
309 1402 455 1463 ἓνοιυί
483 1410 651 1477 (Psal.
688 1426 870 1473 xum,
902 1411 976 1477 9).
1019 1409 1265 1476 Nunquid
1296 1409 1435 1476 quod
1459 1418 1580 1461 ante
1607 1409 1719 1477 pol-

143 1496 327 1552 licitus
370 1497 544 1550 fuerat
585 1499 859 1565 proximus
899 1495 1010 1563 jam
1060 1495 1291 1564 passioni
1342 1495 1554 1548 timoris
1591 1509 1716 1548 eva-

140 1603 337 1643 cnasse
370 1589 636 1658 putandus
671 1597 752 1641 est
791 1587 976 1640 metu?
1017 1585 1186 1640 Absit.
1225 1586 1434 1638 Veritas
1473 1584 1541 1636 ab
1573 1585 1716 1637 omni

143 1686 328 1730 exstat
362 1676 624 1753 mendacii
652 1690 844 1746 genere
873 1676 1064 1728 aliena.
1103 1675 1251 1729 Isaias
1279 1689 1506 1742 namque
1537 1675 1719 1727 audia-

143 1782 270 1820 mus
317 1766 626 1819 vaticinium
677 1765 1015 1834 prolitentis:
1068 1763 1286 1817 Oblatas
1329 1774 1422 1827 est,
1465 1765 1564 1824 ait,
1597 1766 1718 1833 quia

139 1859 252 1923 ipse
297 1855 456 1908 voluit
503 1853 636 1924 (lsa.
689 1870 804 1917 LIII,
843 1853 917 1922 7).
963 1852 1160 1906 Paulus
1197 1853 1391 1906 clamat
1439 1866 1496 1906 se
1546 1853 1715 1920 ipsum

1811 713 1918 760 xvi,
1948 694 2038 760 Ἡ,
2061 695 2170 766 23).
2219 697 2333 761 Quo
2360 699 2518 766 igitur
2545 705 2700 766 pacto
2729 711 2831 750 non
2861 695 3153 750 voluntarie
3181 705 3353 766 pertu.

1812 784 1891 848 lit,
1920 787 2059 853 quod
2086 785 2281 838 dudum
2319 769 2425 839 tam
2456 784 2839 854 impensissime
2875 784 3218 852 opportunius
3241 797 3358 838 esse

1813 873 2084 940 discipulis
2109 873 2543 948 commendarat?
2587 871 2679 926 Vel
2707 887 2810 940 qua
2838 871 3039 924 ratione
3064 872 3164 925 hoc
3189 870 3359 939 ipsum

1813 961 1950 1014 nolle
1991 963 2389 1016 convenientius
2433 963 2730 1016 exercuisse
2772 963 2938 1031 accipi
2969 970 3172 1030 potest,
3221 962 3358 1030 quod

1813 1049 2023 1104 nolente
2062 1051 2317 1120 discipulo
2357 1034 2828 1106 animadversionis
2867 1052 3235 1120 objurgatione
3279 1067 3364 1104 re-

1812 1139 2085 1208 dargnisse
2124 1143 2478 1210 cognoscitur,
2509 1151 2566 1194 ut
2593 1158 2714 1195 eum
2749 1141 2906 1195 etiam
2934 1142 3001 1195 ob
3025 1141 3126 1194 hoc
3157 1140 3363 1195 Satana:

1814 1231 2052 1283 vocabuli
2075 1217 2232 1299 plecti
2261 1233 2523 1286 sententia
2553 1232 2979 1286 demonstraret?
3004 1231 3116 1299 ipse
3138 1246 3366 1301 namque

1815 1318 1879 1370 dc
1921 1333 1979 1373 se
2008 1319 2208 1374 refert?
2260 1320 2532 1391 Propterea
2577 1339 2655 1375 me
2701 1323 2860 1375 Pater
2885 1322 3080 1390 diligit,
3125 1325 3244 1392 quia
3276 1339 3369 1394 ego

1816 1408 2040 1460 animam
2069 1425 2230 1461 meam
2257 1427 2389 1479 pono
2425 1427 2516 1480 pro
2542 1411 2714 1465 oribus
2742 1413 2885 1465 meis.
2938 1411 3246 1465 Potestatem
3281 1412 3357 1464 hat

1817 1497 2150 1572 beoponendi
2175 1517 2306 1561 eam,
2338 1509 2382 1553 ct
2403 1511 2700 1568 potestatem
2732 1502 2890 1554 habeo
2923 1504 3106 1554 iterum
3135 1503 3371 1556 sumendi

1815 1603 1948 1640 eam.
1985 1587 2049 1638 Et
2079 1604 2225 1640 nemo
2251 1587 2380 1640 tollit
2408 1605 2518 1641 eam
2541 1607 2570 1640 a
2599 1590 2788 1656 meipso
2812 1589 2988 1651 (Joau.
3021 1606 3052 1642 χ
3071 1630 3085 1652 ,
3125 1590 3186 1642 Π
3215 1579 3365 1658 seq).

1818 1674 2008 1742 Utique
2040 1676 2129 1743 qui
2159 1685 2418 1744 potestate
2448 1677 2676 1730 animam
2707 1692 2856 1730 suam
2881 1677 3028 1745 ponit
3050 1686 3104 1730 et
3127 1676 3370 1735 resumit.

1817 1778 1920 1816 non
1945 1773 2027 1816 est
2055 1764 2261 1817 timoris
2286 1764 2365 1816 vel
2396 1764 2643 1826 nolentis,
2687 1765 2777 1817 sed
2806 1765 3028 1818 volentis
3057 1780 3116 1816 ac
3141 1775 3373 1833 potesta-

1818 1854 1884 1907 tis
1903 1863 1984 1908 est
2009 1853 2451 1908 clementissimus
2489 1855 2837 1922 dispensator.
2885 1854 3135 1907 Naturam
3165 1867 3372 1924 nempe,
3465 1903 3468 1906 .

143 1945 431 1998 tradidisse
455 1960 551 2012 pro
577 1945 750 1998 nobis.
780 1924 1068 2005 Ainbulate,
1114 1941 1317 2010 inquit,
1363 1943 1416 1993 in
1443 1941 1714 1994 dilectione
1750 1938 1791 1993 Β
1817 1946 1954 1999 sicut
1999 1945 2190 2012 smpius
2236 1945 2534 1997 intimatum
2570 1953 2670 2002 est.
2716 1945 3000 1998 humanam
3043 1945 3159 1998 ideo
3207 1945 3374 1997 susci«

139 2035 278 2085 sicut
311 2041 356 2084 et
385 2030 619 2086 Christus
667 2031 844 2085 dilexit
895 2047 1007 2095 nos,
1050 2039 1098 2083 et
1131 2030 1347 2082 tradidit
1391 2031 1714 2098 semetipsum

136 2138 235 2189 pro
264 2121 412 2174 nobis
453 2119 610 2190 (Eph.
643 2137 693 2185 γ,
725 2121 800 2190 2).
831 2122 896 2174 Et
924 2137 1147 2174 rursus:
1196 2119 1297 2184 Qui
1323 2119 1500 2173 dichit
1532 2137 1625 2181 me,
1670 2130 1715 2172 et

140 2209 365 2262 tradidit
389 2212 718 2280 semetipsum
743 2226 837 2280 pro
867 2227 946 2263 me
977 2208 1118 2286 (Gal.
1151 2225 1208 2273 ιι,
1236 2207 1346 2278 20).

681 2374 684 2378 .
772 2320 996 2375 CAPUT
1035 2321 1099 2375 γ.

142 2434 417 2489 Christum
467 2433 753 2487 uoluntarie
801 2433 1017 2486 subiisse
1071 2432 1358 2500 passionem
1381 2447 1414 2500 ,ﬁ
1447 2446 1618 2482 orasse
1671 2439 1717 2481 et

208 2505 430 2558 sudasse
476 2504 532 2556 in
574 2504 846 2571 hortopro
879 2502 985 2555 suis
1033 2498 1080 2554 et
1124 2502 1177 2553 iu
1218 2498 1503 2569 exemplum
1545 2509 1715 2551 osten-

209 2574 312 2625 dit.

209 2663 335 2729 Quo
363 2676 491 2732 ergo
529 2661 672 2716 facto
702 2662 922 2717 calicem
959 2659 1222 2728 passionis
1249 2673 1279 2712 a
1314 2671 1372 2712 se
1405 2658 1630 2711 transire
1653 2671 1719 2710 ne

138 2755 423 2808 liberetur
447 2762 626 2808 oraret
649 2793 664 2814 ,
705 2754 856 2822 quasi
898 2751 1073 2806 Patris
1109 2759 1163 2804 et
1191 2766 1295 2804 non
1322 2765 1432 2804 sua:
1459 2757 1600 2804 esset
1628 2764 1720 2803 vo-

141 2844 372 2898 luntatis
394 2843 676 2904 bibendus,
712 2845 799 2911 qui
832 2841 1174 2910 semetipsum
1197 2849 1258 2894 ut
1279 2841 1482 2894 biberet
1511 2840 1718 2893 tradere

141 2947 248 2984 non
288 2931 595 2984 recusavit?
623 2918 910 2985 Obsistenti
941 2944 1168 2997 namque
1205 2929 1360 2981 Petro
1404 2927 1601 2982 carnali
1629 2928 1720 2981 de-

143 3023 288 3075 ticto
317 3035 386 3074 ne
419 3021 693 3074 biberctur
718 3033 918 3081 amore,
951 3018 1064 3071 ait:
1110 3017 1354 3081 Calicem,
1404 3034 1552 3088 quem
1578 3016 1718 3071 dedit

141 3113 280 3165 mihi.
303 3109 465 3164 Pater
493 3125 596 3163 non
632 3110 705 3163 vis
740 3119 793 3161 ut
825 3108 992 3162 bibam
1019 3107 1164 3162 illum
1196 3107 1374 3178 (Joan.
1403 3122 1554 3170 xvm,
1589 3105 1720 3174 il)?

144 3199 422 3265 Quomodo
447 3197 797 3268 implebantur
836 3196 1118 3261 Scriptura:
1155 3197 1550 3264 prophetarum,
1595 3197 1718 3266 quia

1815 2047 1942 2099 pere
1967 2033 2058 2086 Dei
2097 2047 2202 2084 non
2232 2032 2507 2085 abhorruit
2539 2021 2703 2084 Filius
2727 2071 2739 2094 ,
2785 2040 2843 2083 ut
2871 2046 2936 2084 ex
2977 2031 3375 2086 humanotanei

1815 2122 2074 2190 benignus
2098 2136 2201 2173 non
2232 2121 2608 2189 dedignaretur
2636 2118 2843 2172 aﬂ‘ectu.
2892 2116 3041 2183 Quod
3071 2127 3246 2171 autem
3277 2117 3373 2170 tri-

1815 2219 2004 2273 statur,
2035 2217 2241 2272 mreret,
2266 2218 2421 2278 pavet
2448 2249 2461 2271 ,
2504 2218 2558 2260 et
2586 2209 2756 2272 tardet,
2795 2217 2848 2262 et
2872 2209 3115 2262 humanre
3141 2209 3371 2275 apertius

1817 2302 2211 2353 demonstratur
2243 2299 2443 2351 veritas
2472 2298 2663 2359 carnis,
2695 2306 2759 2362 _et
2801 2307 2998 2352 nostra:
3038 2312 3134 2366 per
3168 2297 3218 2350 id
3240 2311 3375 2364 prae-

1815 2398 1988 2442 statur
2014 2388 2338 2442 infirmitatis
2357 2388 2671 2456 quantocius
2698 2386 2966 2441 fortitudo.
2997 2386 3111 2440 Non
3136 2386 3275 2439 enim
3304 2386 3378 2438 in-

1816 2477 2013 2531 firmari
2050 2485 2232 2530 coacte
2258 2478 2426 2544 potuit
2450 2475 2766 2530 inviolabilis
2793 2477 2976 2535 virtus,
3004 2475 3106 2528 nisi
3137 2475 3187 2527 in
3211 2489 3378 2542 quau-

1817 2575 1928 2620 tum
1973 2566 2322 2635 praestabilius
2359 2565 2653 2618 voluntaria
2684 2573 2946 2632 potestate
2989 2565 3061 2618 illi
3097 2581 3192 2634 pro
3221 2566 3371 2618 nobis

1815 2657 2014 2726 placuit
2057 2655 2335 2710 infirmari.
2376 2655 2490 2710 Non
2533 2666 2613 2707 est
2649 2654 2885 2724 profecto
2924 2656 2990 2708 ab
3026 2653 3140 2721 ejus
3174 2650 3377 2709 alienus

1817 2746 2108 2801 voluntate.
2171 2745 2320 2814 151
2377 2744 2847 2814 Consempiternus
2897 2743 3246 2812 propriusque
3295 2751 3378 2796 est

1819 2837 2002 2890 Filius.
2053 2833 2254 2900 Cuique
2284 2849 2444 2886 unum
2486 2848 2873 2902 communeque
2902 2847 3020 2886 cum
3050 2830 3206 2884 Patre
3239 2845 3379 2885 sem-

1817 2939 1913 2994 per
1959 2922 2057 2977 fuit
2085 2922 2384 2985 consilium,
2432 2929 2489 2974 ut
2527 2937 2624 2990 pro
2654 2922 2832 2974 mundi
2869 2920 3270 2989 cruciﬁgeretur
3294 2935 3381 2973 sa-

1817 3011 1945 3066 lute.
1981 3011 2085 3066 Sed
2121 3012 2171 3065 in
2205 3011 2383 3064 verbis
2419 3020 2472 3064 et
2506 3011 2558 3064 in
2587 3011 2846 3078 exemplo,
2899 3024 2960 3064 ac
2989 3009 3226 3063 doctrina
3268 3012 3381 3064 suis

1818 3103 2062 3176 dignatus
2087 3112 2170 3156 est
2202 3101 2664 3156 consubstantialis
2704 3101 2835 3170 fieri.
2891 3098 3019 3152 Nam
3049 3108 3100 3152 et
3123 3098 3380 3153 orationis

1819 3192 2054 3262 regulam
2082 3201 2316 3260 tempore
2346 3191 2609 3260 passionis
2641 3190 2755 3244 ideo
2778 3191 2951 3243 taliter
2979 3188 3260 3244 informare
3289 3203 3379 3243 vo-

139 3288 216 3340 sic
238 3295 438 3353 Oportet
465 3286 582 3353 ﬁeri
610 3283 825 3354 (Matth.
853 3299 999 3347 χχι-ι,
1025 3283 1154 3350 54)?
1178 3282 1549 3351 Nunquidnam
1577 3284 1718 3352 quod
1746 3271 1791 3333 C
1821 3281 1939 3343 luit,
1961 3288 2019 3334 ut
2046 3268 2280 3332 membra
2312 3294 2428 3341 sua,
2469 3279 2568 3332 hoc
2595 3287 2676 3333 est
2700 3279 2852 3332 electi
2878 3279 2979 3342 sui,
3013 3292 3234 3346 quorum
3269 3277 3380 3349 ipse
3409 3321 3412 3325 .

143 3383 535 3446 opportunum;
570 3372 694 3427 licet
723 3387 827 3426 non
865 3372 986 3436 sibi,
1019 3372 1171 3426 nobis
1196 3373 1420 3447 sciebat,
1465 3372 1575 3440 ipse
1601 3371 1717 3426 ideo

144 3467 323 3521 factus
350 3465 512 3518 homo
537 3472 596 3518 ut
619 3464 919 3527 exhiberet,
950 3462 1134 3517 nolens
1162 3461 1295 3516 fort:
1320 3451 1556 3516 cré’ditur
1578 3463 1720 3516 exhi-

145 3558 369 3613 buisse?
416 3555 553 3623 Quis
583 3556 685 3610 hoc
713 3554 952 3618 insanus,
992 3563 1207 3621 tamque
1246 3552 1539 3608 furibunda:
1565 3568 1718 3606 vesa-

143 3648 246 3700 nia:
275 3645 490 3700 deditus
515 3645 602 3701 vel
636 3643 869 3710 cogitare
897 3642 1217 3711 prmsumat?
1258 3640 1422 3695 Porro
1447 3640 1718 3710 discipulis

145 3736 257 3788 suis
281 3743 412 3786 ante
437 3731 552 3786 dies
577 3747 681 3786 nou
709 3746 905 3800 paucos
926 3729 1265 3800 prtedixerat,
1302 3731 1425 3798 quia
1452 3739 1719 3799 oporteret

146 3821 340 3875 Filium
369 3800 602 3873 hominis
629 3817 763 3871 tradi
786 3819 837 3871 in
864 3832 1053 3871 manus
1077 3817 1348 3870 hominum
1380 3826 1716 3886 peccatorum

145 3909 211 3964 ad
237 3909 568 3964 illudendum
589 3949 603 3975 ,
645 3915 700 3960 et
729 3905 1146 3976 conspuendum,
1171 3913 1224 3958 et
1247 3904 1633 3974 ﬂagellandum,
1667 3915 1718 3958 et

147 3997 590 4066 eruciﬂgcndum,
634 4003 688 4050 et
715 3995 838 4067 q‘uia
868 3995 1025 4048 tertia
1051 3993 1136 4047 die
1165 4003 1484 4062 resurgeret.
1518 3993 1718 4062 Cuiqne

149 4088 352 4142 audituri
393 4087 582 4140 Petrus
604 4101 707 4139 non
737 4085 946 4146 cedens,
980 4085 1158 4138 nimize
1177 4083 1470 4139 dulcedinis
1499 4085 1720 4138 satiatus

146 4195 354 4241 amore,
389 4178 477 4230 tali
515 4169 759 4246 protinus
785 4176 991 4229 obstitit
1019 4189 1270 4243 responso
1303 4192 1314 4225 :
1361 4174 1529 4236 Absit,
1563 4175 1653 4236 ait.
1687 4192 1718 4228 a

145 4279 190 4321 te
222 4268 466 4328 Domine,
498 4265 760 4335 propitius
786 4265 860 4319 sis
889 4265 1017 4328 tibi,
1061 4280 1162 4317 non
1200 4265 1295 4316 erit
1323 4264 1414 4315 tibi
1441 4264 1556 4316 hoc.
1595 4264 1714 4316 Sta-

148 4360 351 4429 timque
396 4359 463 4411 ob
499 4358 548 4412 id
595 4373 690 4426 per
733 4357 1147 4425 increpationem
1194 4356 1340 4408 audit
1388 4372 1414 4406 a
1454 4355 1711 4409 Domino:

149 4447 276 4503 Rcili
305 4458 424 4518 post
455 4463 554 4511 me,
588 4437 838 4512 Satanas,
863 4447 983 4514 quia
1012 4443 1316 4496 scandalum
1346 4459 1396 4495 es
1424 4443 1582 4495 mihi:
1617 4459 1716 4497 non

1818 3371 2108 3442 principale
2141 3380 2222 3424 est
2268 3379 2445 3438 caput,
2489 3371 2627 3423 inter
2663 3370 2933 3438 angustias
2976 3369 3174 3437 positi,
3228 3377 3281 3423 et
3325 3368 3377 3422 in

1818 3461 2057 3514 oratione
2101 3460 2326 3523 strenui,
2361 3466 2413 3511 et
2442 3457 2494 3511 in
2536 3457 2630 3511 Dei
2672 3457 2942 3510 voluntate
2969 3471 3063 3524 per
3098 3454 3380 3523 subjectio-

1820 3565 1940 3603 nem
1969 3549 2280 3612 concordes,
2313 3556 2364 3602 et
2393 3547 2555 3602 fortes
2584 3548 2772 3601 robore
2801 3546 2853 3599 in
2885 3533 3049 3614 a'gone
3074 3545 3378 3599 certaminis

1818 3653 2190 3712 permanerent
2218 3660 2228 3693 :
2279 3643 2413 3696 certi
2445 3658 2538 3712 per
2565 3641 2742 3694 omnia
2768 3643 3100 3708 nequaquam
3144 3652 3202 3693 se
3240 3653 3270 3693 a
3299 3636 3378 3691 di-

1819 3732 1941 3785 vino
1963 3731 2244 3785 derelictos
2271 3731 2408 3783 inter
2433 3730 2652 3783 adversa
2679 3737 2732 3782 ct
2758 3744 3006 3798 prospera
3029 3743 3146 3782 esse
3167 3727 3372 3787 solatio.

1819 3824 1941 3879 licet
1967 3824 2116 3892 quasi
2145 3823 2356 3876 destitui
2393 3836 2767 3888 nonnunquam
2794 3820 3102 3881 vidcantur,
3145 3834 3263 3873 cum
3291 3835 3378 3872 us-

1819 3925 1920 3980 que
1954 3912 2020 3965 ad
2069 3919 2293 3965 mortem
2340 3911 2499 3964 etiam
2545 3909 2721 3962 carnis
2762 3908 3186 3977 persequentium
3219 3921 3373 3960 ever-

1819 4012 2000 4059 ceatur
2027 4011 2262 4072 potestas
2287 4017 2300 4054 :
2340 4010 2393 4056 et
2419 4018 2480 4054 ex
2509 4017 2572 4054 eo
2601 4015 2717 4055 sese
2747 4002 2897 4068 quasi
2925 4001 3265 4054 succubuisse
3293 4017 3377 4053 ar—

1818 4093 2111 4156 bitrantur,
2158 4088 2249 4145 sed
2294 4106 2624 4160 nequaquam
2673 4091 2848 4146 divina
2888 4092 2965 4144 eis
2997 4091 3376 4144 subtrahuntur

1819 4183 2027 4244 solatia,
2077 4198 2195 4236 cum
2229 4183 2453 4250 gloriosa
2483 4183 2562 4236 eis
2590 4183 2868 4251 purpureis
2902 4196 3096 4235 corona
3124 4181 3376 4234 tribuitur

1818 4273 1881 4325 de
1907 4272 2208 4340 triumphis.
2240 4271 2373 4324 llinc
2401 4279 2479 4322 est.
2502 4271 2641 4338 quod
2667 4272 2801 4324 idem
2829 4270 3150 4338 Redemptor
3173 4278 3369 4329 noster.

1818 4361 1907 4430 qui
1933 4361 2076 4415 nullo
2105 4360 2462 4415 modomlieno
2496 4361 2766 4431 indigebat
2805 4362 3021 4426 auxilio,
3054 4362 3105 4415 in
3152 4363 3283 4430 ipso.
3317 4373 3372 4414 ut

1818 4450 1890 4502 ita
1920 4449 2124 4518 loquar,
2155 4449 2456 4503 traditionis
2480 4459 2746 4502 momento
2765 4448 2935 4503 factus
2958 4450 3011 4501 in
3038 4450 3220 4515 agonia
3245 4451 3366 4502 dum

214 4634 239 4662 ι
272 4621 574 4693 Eﬂagitare
589 4620 790 4744 (potuit.
820 4619 947 4674 Jurc
976 4596 1226 4670 Paulinus
1253 4616 1590 4684 reprehendit
1617 4614 1714 4670 Fe-

215 4707 298 4744 em
326 4707 398 4744 eo
425 4690 563 4744 (ιιιοά
626 4690 764 4744 icere
789 4704 950 4742 ausus
990 4695 1131 4740 esset
1165 4683 1343 4739 Jesum
1375 4684 1705 4744 efﬂagitasse,

1818 4624 2027 4689 quidem
2059 4624 2192 4678 solet
2213 4664 2225 4683 ,
2260 4623 2358 4677 nisi
2389 4623 2683 4677 concitatus
2710 4663 2724 4684 ,
2765 4631 2940 4675 tamen
2971 4633 3068 4690 ego
3098 4628 3371 4687 exspcita-

1818 4695 1961 4744 tione
1984 4694 2228 4744 promissi
2256 4694 2330 4744 tui
2365 4708 2600 4744 moveor.
2649 4701 2707 4744 ut
2734 4691 3053 4744 admoneam
3073 4697 3144 4744 te.
3183 4705 3286 4742 nou
3315 4699 3369 4741 ut

147 4692 298 4745 lieem
321 4683 398 4746 'éo
413 4683 563 4759 'quod
589 4683 764 4744 dicere
789 4704 950 4759 ausus
990 4695 1131 4759 esset
1165 4683 1343 4759 lesum
1375 4684 1705 4759 efﬂagitasse,

146 4770 204 4814 ut
226 4761 373 4816 calix
399 4753 512 4814 a'se
541 4759 809 4812 transiret.
851 4757 980 4810 Nam
1003 4755 1294 4824 efﬂagitare
1327 4768 1430 4806 non
1463 4753 1709 4824 obedien.

147 4831 210 4882 tis
235 4839 283 4884 οἱ
306 4830 690 4896 sequentisque
726 4833 812 4880 est
854 4822 1104 4896 verbum,
1134 4822 1236 4896 sed
1275 4825 1448 4896 potius
1494 4822 1710 4896 alterius

147 4892 475 4953 voluntatem
503 4897 569 4966 ad
597 4892 868 4966 propriam
903 4894 1112 4966 t_raliere
1139 4892 1364 4966 volentis
1388 4907 1402 4954 ;
1445 4898 1582 4966 et_ut
1605 4892 1710 4966 elei

151 4979 332 5035 ganter
377 4968 508 5022 dicit
555 4961 848 5028 Paulinus,
897 4962 1191 5035 Eﬁlagitare
1242 4964 1343 5035 non
1384 4961 1709 5035 pertinet‘ad

148 5030 394 5106 simplicis
447 5035 697 5095 orationis
734 5030 969 5106 e/fectum
996 5030 1146 5106 ,‘A’sed
1178 5030 1345 5100 potius
1387 5037 1475 5106 aut
1512 5030 1710 5106 curiose

150 5105 212 5156 ab
245 5099 355 5158 alio
398 5116 701 5173 extorquere
738 5099 880 5173 quod
918 5102 1146 5173 petitur,
1180 5099 1269 5152 aut
1311 5099 1447 5173 quod
1490 5099 1712 5173 nescitur

152 5174 279 5240 ﬂauo
306 5167 730 5242 interrogationis
750 5167 934 5242 studio
967 5170 1270 5242 inuestigare
1293 5167 1328 5221 :'
1363 5167 1497 5242 Hine
1533 5168 1711 5242 ﬂagito

155 5236 412 5306 nonnulli,
441 5236 539 5296 nec
566 5241 724 5305 male,
757 5257 787 5296 a
812 5239 1023 5294 ﬂamma
1056 5236 1346 5306 deducunt,
1377 5245 1434 5289 ut
1457 5236 1526 5288 sit
1556 5237 1712 5289 vehe-

155 5305 406 5380 menter,
435 5320 490 5365 et
516 5311 742 5380 quadam
784 5309 947 5380 animi
987 5305 1398 5380 inﬂammatione
1441 5314 1706 5380 expetere.

153 5377 334 5435 Cicero
359 5373 464 5435 non
487 5373 592 5433 uno
617 5379 670 5431 in
691 5379 806 5434 loco
825 5378 1062 5446 ﬂagitare
1083 5375 1356 5446 distinguit
1383 5391 1410 5427 a
1431 5373 1706 5446 postulare.

155 5459 205 5519 et
231 5458 482 5519 tanquam
510 5449 681 5519 majus
707 5464 760 5519 a_
778 5442 967 5519 minori
1007 5442 1270 5519 secernitf
1303 5443 1450 5498 Orat.
1480 5459 1495 5495 ι
1523 5457 1622 5519 pro
1647 5442 1704 5496 P.

157 5512 368 5582 Quintio
395 5537 406 5572 :
460 5535 478 5569 ο
509 5512 705 5572 Verum
750 5517 833 5571 his
873 5517 939 5569 de
973 5516 1130 5569 rebus
1159 5529 1261 5567 non
1293 5527 1510 5568 necesse
1539 5512 1709 5565 habeo

159 5587 329 5641 dicere
351 5603 436 5652 ea,
463 5602 585 5656 qua:
623 5601 706 5640 me
730 5585 792 5656 P.
817 5584 1064 5651 Quintius
1103 5583 1246 5656 cupit
1271 5596 1708 5656 commemorare,

161 5657 364 5735 tametsi
398 5650 562 5712 causa
599 5650 1084 5735 postulet:_.t_amen
1127 5652 1251 5735 quia
1285 5650 1567 5735 (postulat,
1605 5666 1707 5702 non

162 5723 373 5794 ﬂagitat,
399 5719 702 5794 praeteribo.
744 5743 761 5775 ι
796 5723 861 5794 Et
883 5723 972 5794 lib.
1005 5737 1074 5784 Ix,
1103 5719 1254 5794 epist.
1271 5719 1335 5794 _8.
1383 5737 1399 5769 ι
1437 5719 1501 5774 Et
1527 5720 1569 5774 si
1597 5735 1710 5794 inu-

164 5789 257 5849 nti
281 5789 556 5866 ﬂagitare,
608 5793 846 5862 quamvis
876 5793 990 5861 quis
1021 5789 1306 5844 ostenderit
1333 5831 1345 5854 ,
1385 5804 1450 5842 ne
1488 5789 1708 5856 populus

1818 4695 1961 4747 tione
1984 4694 2228 4762 promissi
2256 4694 2330 4745 tui
2365 4708 2600 4753 moveor,
2649 4701 2707 4744 ut
2734 4691 3053 4762 admoneam
3073 4697 3144 4762 te.
3183 4705 3286 4742 non
3315 4699 3369 4741 ut

1814 4759 2059 4832 ﬂagitem.
2107 4762 2220 4815 Misi
2250 4772 2428 4832 autem
2454 4762 2519 4815 ad
2554 4769 2609 4832 te
2635 4769 2862 4828 quatuor
2885 4759 3241 4832 ailtnonitores
3267 4773 3367 4812 non

1815 4827 1974 4884 nimis
2002 4831 2342 4884 verecundos.
2373 4870 2385 4881 .
2414 4870 2427 4882 .
2478 4829 2566 4897 qui
2605 4827 2780 4882 metuo
2810 4843 2876 4882 ne
2915 4827 3048 4897 forte
3092 4828 3323 4895 ﬂagitent
3352 4844 3366 4877 :

1815 4900 1926 4968 Ego
1955 4909 2130 4954 autem
2165 4899 2425 4958 mandavi,
2455 4896 2513 4968 ut
2543 4907 2807 4966 rogarent.
2841 4916 2859 4948 ι
2913 4896 3212 4968 Efﬂagitare
3241 4910 3368 4968 vero

1815 4963 1988 5023 adhuc
2015 4969 2118 5022 vim
2146 4977 2325 5037 auget,
2361 4978 2412 5020 et
2457 4963 2830 5037 ﬂagitatinuem
2860 4966 3112 5023 intendit,
3159 4973 3215 5016 ut
3240 4963 3364 5016 illud

1813 5038 1878 5092 de
1908 5039 2085 5092 Turno
2114 5035 2324 5091 Eneid.
2357 5037 2444 5090 lib.
2472 5035 2566 5098 xu,
2599 5052 2646 5087 v.
2679 5035 2797 5089 759.

2384 5145 2652 5208 Notumque
2675 5130 2904 5206 eﬂlagitai
2924 5156 3093 5194 ensem

1812 5242 2120 5331 Jureigitur
2145 5249 2654 5331 Paulinus-verbum
2679 5247 2952 5331 emagitare
2979 5247 3053 5299 uti
3079 5243 3364 5331 improprie

1812 5332 1866 5376 et
1890 5315 2287 5390 imp'ertinenter
2317 5319 2576 5387 prolatum
2619 5333 2650 5370 a
2691 5315 2863 5369 Felice
2899 5315 3150 5384 cxpungit
3185 5324 3237 5368 et
3280 5328 3365 5368 re-

1814 5392 2022 5461 probat.

1810 5484 1846 5504 ”·
1884 5471 1910 5509 δ
1940 5467 2100 5538 Flace
2123 5467 2534 5536 interrogationis
2547 5464 2743 5538 studio.
2763 5463 2919 5534 Sibic
2938 5478 3088 5516 error
3111 5477 3217 5538 non
3241 5462 3362 5516 sub-

1812 5548 1894 5594 est
1918 5579 1931 5599 ,
2009 5532 2070 5591 ro
2118 5532 2357 5605 ﬂagranti
2377 5537 2527 5656 faro
2577 5532 2860 5602 repositum
2906 5541 3032 5600 puto
3059 5572 3074 5594 ,
3120 5532 3363 5598 idemque

1812 5624 1930 5656 esse
1971 5555 2190 5656 Baulino
2217 5621 2280 5656 ac
2315 5621 2374 5656 ar
2409 5603 2516 5656 enti
2551 5612 2601 5656 et
2648 5602 2886 5656 ﬂagranti
2927 5601 3118 5656 studio.
3173 5597 3363 5651 Flavus

1812 5597 1930 5663 esse
1971 5597 2280 5661 Paulino'ac
2315 5597 2516 5657 ardenti
2551 5612 2601 5656 et
2637 5597 2886 5673 ﬂagranti
2909 5597 3118 5673 studio.
3173 5597 3364 5673 Flavus

1813 5679 1953 5730 υιιίειι
1991 5685 2072 5729 est
2113 5677 2259 5730 color
2301 5673 2434 5743 ignis
2476 5668 2796 5743 ardentisjet
2839 5669 3104 5742 ﬂagrantis
3131 5709 3144 5728 .
3188 5668 3237 5720 id
3283 5675 3361 5720 est

1816 5747 2055 5800 ﬂaturum.
2099 5746 2211 5799 Vid.
2242 5740 2350 5797 uot'.
2385 5743 2437 5796 in
2468 5758 2578 5810 cap.
2609 5740 2673 5792 Η
2702 5741 2791 5793 lib.
2819 5757 2858 5794 ι.
2914 5740 2922 5742 ⁷
3311 5758 3321 5772 ο
