3926 6448
602 419 707 475 ΔΒῦ

1504 421 1559 475 S.
1601 419 1869 476 PAULINI
1907 412 2360 472 PATRIARCHA‘Z
2402 411 2891 479 AQUIJSIENSIS.

3656 25 3926 427 ἦ

3701 408 3795 462 iit

601 534 857 602 prolixius
885 540 1080 597 oraret,
1128 533 1340 602 angelos
1383 548 1441 588 se
1466 548 1561 601 pro
1592 543 1770 587 nostra
1794 531 2150 586 consolatione
2176 532 2224 587 Α
2250 525 2470 593 phctica:
2507 525 2826 578 narrationis
2863 525 2991 579 ordo
3035 524 3382 585 demonstrat,
3411 537 3533 577 cum
3560 524 3800 591 protinus

602 623 841 691 permisit
865 621 1182 686 confortare,
1213 622 1352 675 nulla
1373 637 1593 691 prorsus
1614 622 1856 691 exigente
1884 635 2041 673 causa
2066 635 2154 672 ne-

602 711 861 766 cessitatis
882 752 897 776 ,
934 713 1024 767 sed
1052 721 1110 766 ut
1150 712 1250 767 hoc
1294 712 1534 781 exemplo
1562 713 1737 769 omnia
1769 711 2004 764 membra
2039 707 2150 775 ejus

599 802 872 870 sanctique
924 802 1004 857 sui
1055 802 1323 857 informati
1365 810 1655 871 martyres,
1720 802 1771 854 in
1815 801 2150 854 tribulatione

598 906 909 961 quacunque
936 894 1228 954 constituti,
1256 894 1497 961 interque
1523 891 1829 947 Carnificem
1857 905 2041 944 manus
2059 890 2149 943 ἀει

596 981 786 1044 relicti,
817 984 960 1036 omni
1000 998 1217 1052 prorsus
1243 984 1476 1036 humano
1502 962 1736 1035 destituti
1760 980 1965 1043 solatio,
1996 979 2148 1048 quasi

598 1070 651 1124 in
677 1072 865 1139 agonia
885 1070 1011 1125 facti
1035 1073 1275 1125 tenacius
1294 1073 1636 1139 devotiusque
1660 1072 1711 1124 in
1735 1071 1827 1126 Dei
1846 1070 2010 1137 solius
2032 1085 2150 1124 sus-

596 1160 749 1228 pensi
795 1169 1070 1228 sperautes
1112 1161 1310 1214 auxilio
1330 1161 1699 1229 perdurarent.
1760 1159 1908 1215 Unde
1954 1168 2008 1214 et
2051 1175 2147 1228 pro

594 1248 804 1303 sudoris
831 1265 953 1304 rore
971 1250 1035 1307 de
1063 1262 1279 1319 corpore
1305 1250 1446 1304 unici
1468 1249 1807 1319 ejusdemque
1835 1249 2003 1304 nostri
2022 1264 2148 1303 con—

594 1340 840 1395 solatoris
866 1350 1042 1411 guttas
1065 1342 1360 1410 sanguinis,
1398 1340 1538 1410 quod
1564 1351 1767 1396 certum
1803 1350 1885 1396 est
1904 1343 2149 1395 humanm

593 1432 808 1486 omnino
833 1447 939 1486 non
960 1445 1083 1487 esse
1108 1441 1308 1489 naturae
1333 1434 1545 1497 sudare,
1587 1449 1688 1487 non
1725 1431 2058 1486 frnstratorie
2081 1432 2147 1486 ah

592 1523 912 1592 evangelista
934 1523 1163 1576 refertur
1189 1524 1242 1577 in
1265 1531 1464 1578 terram
1489 1537 1657 1590 usque
1677 1522 1958 1578 distillasse
1982 1538 1996 1577 :
2018 1538 2148 1593 qua-

590 1620 746 1668 tenus
778 1629 875 1683 per
901 1622 1120 1676 terram,
1166 1616 1217 1667 in
1241 1629 1397 1682 quam
1430 1600 1741 1678 deﬂuxerat,
1787 1621 1996 1667 terrena
2023 1615 2146 1668 hea—

587 1712 764 1757 torum
804 1710 1099 1771 martyrum
1136 1701 1472 1770 depromeret
1498 1703 1754 1767 membra,
1785 1712 1838 1756 et
1866 1716 2144 1772 purpurea:

588 1788 806 1854 guttula:
830 1789 1079 1857 punicum
1105 1788 1409 1844 distillantis
1436 1803 1788 1845 rorcm'roseo
1807 1790 2001 1845 Christi
2030 1805 2146 1843 san-

2252 610 2576 670 suhinfertur
2601 630 2616 668 :
2650 614 2905 681 Quoniam
2928 616 3214 686 pra'rcnisti
3241 632 3355 669 eum
3378 616 3431 667 in
3455 613 3801 668 benedictione

2200 736 2203 739 -
2249 703 2552 765 dulcedinis,
2582 703 2796 773 posuisti
2832 705 2885 758 in
2918 704 3080 774 capite
3110 705 3220 771 ejus
3257 719 3498 756 coronam
3541 704 3606 755 de
3634 702 3803 771 lapide

2247 796 2468 862 pretioso
2498 792 2684 863 (Ibid.,
2706 782 2989 864 li).'Porro
3023 794 3080 860 in
3118 802 3265 847 tanta
3311 793 3660 862 benignitatis
3701 792 3804 845 cle-

2249 885 2443 937 mentia
2473 885 2759 938 voluntatis
2787 892 2889 938 tuac
2925 885 3223 939 excrevisse
3255 885 3425 952 pictas
3459 881 3799 952 perdocetur,

2248 980 2506 1039 quatenus
2534 971 2737 1026 ﬂevisse
2759 980 2811 1025 te
2831 971 3152 1040 evangelista
3183 979 3303 1026 tuus
3324 971 3393 1026 ob
3412 970 3692 1025 introitum
3717 968 3801 1024 Je-

2249 1060 2479 1115 rusalem
2517 1060 2748 1114 civitatis
2771 1074 2929 1128 quam
2956 1059 3185 1128 elegisti‘,
3225 1059 3455 1114 humano
3476 1060 3504 1098 δ
3534 1060 3802 1115 describat

2212 1144 2224 1149 ’
2250 1160 2421 1205 tactus
2476 1150 2651 1205 cordis
2695 1149 2924 1213 aﬂectu;
2969 1149 3106 1203 unde
3150 1157 3206 1202 et
3249 1149 3553 1204 miserantis
3602 1149 3802 1204 inducit

2248 1238 2543 1293 consultum
2584 1252 2599 1291 :
2646 1253 2795 1293 more
2831 1237 3037 1305 gallina:
3085 1229 3278 1293 asserit
3314 1246 3367 1291 te
3400 1237 3635 1293 voluisse
3666 1237 3802 1292 (ilics

2246 1327 2359 1395 ejus
2389 1327 2492 1381 villa
2542 1335 2795 1382 renuente
2834 1340 3157 1396 congregare
3208 1326 3307 1380 sub
3348 1325 3459 1379 alas
3506 1318 3818 1387 clementiaz'

2248 1424 2369 1471 tute.
2420 1415 2476 1470 Si
2515 1415 2802 1470 voluntatis
2831 1423 2935 1469 tuae
2978 1414 3351 1482 improperium
3389 1411 3655 1482 passionis
3696 1429 3799 1467 non

2246 1504 2346 1562 fuit
2390 1505 2702 1573 quantocius
2748 1504 3036 1571 suscipere,
3084 1517 3182 1556 cur
3222 1502 3408 1556 obvius
3459 1502 3799 1571 temetipsum

2188 1616 2211 1626 θ
2244 1593 2683 1661 persequentibus
2712 1593 2764 1645 in
2792 1600 2946 1646 nocte
2979 1591 3249 1660 praebuisti
3281 1590 3603 1654 traditionis,
3644 1592 3717 1645 ita
3746 1599 3800 1644 ut

2244 1681 2683 1763 respondentibus
2720 1679 2812 1735 tibi
2841 1682 2963 1753 quia
3007 1679 3188 1735 Jesum
3230 1680 3559 1735 Nazarenam
3599 1696 3801 1750 quaere-

2246 1779 2387 1835 rent,
2424 1772 2627 1825 diceres
2654 1789 2667 1824 :
2702 1770 2812 1841 Ego
2846 1787 2980 1824 sum.
3023 1770 3083 1825 Si
3108 1787 3248 1841 ergo,
3278 1770 3474 1840 inquis,
3504 1787 3586 1824 me
3612 1773 3802 1841 quaeri-

588 1878 748 1941 guine
770 1878 956 1931 eadem
977 1885 1280 1933 sanctorum
1317 1888 1607 1949 martyrum
1637 1887 1923 1948 purpurata
1952 1876 2135 1947 depin-

2237 1861 2320 1926 tis,
2351 1860 2500 1914 sinite
2542 1862 2634 1914 hos
2680 1861 2822 1914 abire
2869 1860 3046 1930 (Joan.
3076 1876 3231 1924 xvut,
3274 1860 3351 1929 8).
3395 1859 3501 1914 Sed
3543 1859 3798 1929 quoniam

588 1974 737 2033 geret
771 1968 1025 2021 membra.
1390 2005 1398 2014 .

1189 2055 1413 2112 CAPUT
1453 2056 1536 2110 Vl.

584 2163 764 2237 Jesum
807 2166 1108 2237 alloquitur,
1152 2179 1203 2220 ut
1231 2167 1481 2237 intelligat
1515 2168 1645 2237 quid,
1687 2167 1753 2222 sit
1793 2185 1907 2222 cum
1942 2167 2144 2223 descen-

651 2235 793 2303 disse
817 2235 881 2287 de
906 2234 1029 2287 caelo
1070 2252 1166 2288 non
1196 2244 1249 2303 ut
1286 2234 1474 2303 faceret
1502 2234 1807 2291 uoluntatem
1855 2255 2021 2302 suam,
2053 2239 2142 2291 sed

657 2302 770 2369 ejus
796 2306 887 2372 qui
914 2304 1051 2356 misit
1074 2320 1146 2369 se,
1174 2302 1366 2358 Patris.

657 2406 863 2461 Astruit
907 2410 1068 2464 etiam
1104 2426 1225 2465 eum
1250 2428 1315 2466 ex
1342 2428 1405 2466 eo
1433 2412 1701 2483 Evangelii
1734 2415 1850 2469 loco
1894 2432 1998 2469 non
2020 2406 2142 2471 sua:

589 2492 873 2550 voluntatis
918 2513 1057 2561 esse,
1102 2500 1190 2553 ubi
1236 2499 1345 2568 ipse
1396 2502 1460 2554 de
1509 2517 1565 2555 se
1619 2503 1869 2571 loquitur,
1913 2504 2139 2558 dicens:

592 2581 754 2635 Omne
781 2585 917 2653 quod
935 2586 1026 2639 dat
1064 2584 1190 2640 mihi
1218 2587 1385 2641 Pater
1421 2590 1486 2642 ad
1523 2606 1603 2643 me
1627 2593 1806 2653 veniet,
1836 2602 1883 2646 et
1911 2609 2025 2647 eum
2051 2597 2141 2663 qui

586 2674 721 2726 venit
742 2674 810 2727 ad
832 2691 912 2728 me
934 2692 1034 2729 non
1058 2677 1209 2744 ejicio
1237 2676 1381 2746 foras
1407 2695 1426 2744 ;
1458 2680 1580 2749 quia
1620 2680 1856 2735 descendi
1894 2683 1957 2735 de
1992 2684 2137 2749 cwlo,
2180 2706 2183 2709 ·

586 2781 693 2820 non
731 2774 787 2817 ut
813 2765 1007 2833 faciam
1049 2766 1355 2822 voluntatem
1396 2787 1582 2835 meum,
1624 2770 1712 2825 scd
1738 2772 1849 2841 ejus
1886 2775 1974 2843 qui
2002 2776 2138 2828 misit

583 2867 667 2907 me
685 2850 861 2907 Patris
884 2854 1062 2924 (Joan.
1092 2871 1169 2920 vr,
1194 2857 1260 2910 57
1288 2858 1437 2928 seq.).
1467 2859 1521 2913 Si
1542 2858 1693 2925 juxta
1720 2862 1953 2915 haeretici
1984 2862 2140 2929 hujus

583 2940 845 2997 vecordiae
869 2944 1379 3013 impudentissimam
1414 2948 1715 3017 opinionem
1763 2964 1869 3003 non
1900 2949 1999 3003 fuit
2036 2959 2139 3006 tua:

582 3032 887 3105 voluntatis,
934 3034 1152 3089 Domine
1194 3032 1316 3090 Jesu
1373 3034 1604 3101 Christe,
1644 3036 1802 3091 etiam
1850 3041 2137 3094 secundum

581 3126 721 3192 quod
755 3127 913 3180 homo
941 3127 1061 3185 fieri
1090 3129 1331 3198 dignatus
1362 3146 1439 3193 cs,
1489 3147 1645 3186 omne
1679 3124 1817 3201 quad
1866 3133 1961 3187 tibi
1993 3134 2137 3189 dedit

579 3212 740 3269 Pater
775 3215 1000 3282 salvare,
1046 3231 1146 3272 nec
1186 3218 1380 3287 ejicere
1422 3218 1583 3283 foras,
1629 3221 1722 3276 sed
1771 3224 2136 3280 tantummodo

581 3304 759 3359 Patris
787 3324 798 3358 :
832 3307 920 3363 ubi
949 3316 1032 3362 est
1068 3307 1195 3363 illud
1222 3311 1364 3379 quod
1405 3310 1530 3365 alibi
1579 3320 1633 3363 tu
1665 3312 1777 3380 ipse
1802 3313 2047 3381 dignatus
2078 3328 2136 3368 es

577 3408 927 3463 praemonere,
961 3400 1050 3468 qui
1088 3400 1301 3454 mentiri
1331 3416 1436 3455 non
1469 3410 1645 3470 potes:
1676 3401 1817 3455 Venit
1845 3401 2014 3456 Filius
2044 3404 2135 3457 h0-

575 3486 732 3540 minis
769 3486 1013 3558 qua'rere-
1035 3498 1081 3542 et
1111 3489 1306 3543 solrum
1337 3491 1504 3560 facere
1532 3491 1673 3562 quod
1715 3492 1936 3562 perierat
1981 3493 2128 3564 (Luc.

575 3592 688 3641 vix,
726 3579 832 3649 10).
862 3579 958 3634 Ubi
996 3588 1075 3635 est
1111 3580 1237 3635 illud
1265 3582 1405 3651 quod
1443 3583 1658 3651 quidam
1694 3585 1951 3653 propheta
1987 3594 2128 3650 tuus,

577 3676 628 3718 te
654 3672 836 3737 utique
866 3668 1140 3738 largiente,
1183 3670 1344 3725 divini
1388 3672 1582 3726 cantici
1620 3672 1870 3729 melliﬂuo
1899 3675 2134 3731 modula-

574 3756 716 3813 mine
746 3757 908 3812 alacri
946 3760 1012 3812 de
1055 3768 1107 3813 te
1143 3758 1302 3813 corde
1345 3761 1557 3814 landum
1593 3762 1854 3831 prazconia
1882 3762 2024 3817 Patri
2057 3766 2132 3819 in-

572 3854 766 3899 tonans
802 3848 915 3900 ait:
958 3846 1280 3902 Desiderium
1330 3850 1516 3903 anima:
1551 3851 1663 3920 ejus
1703 3852 1924 3906 tribuisti
1968 3854 2045 3919 ei;
2077 3855 2131 3908 in

572 3934 832 3988 voluntate
853 3936 1108 3991 labiorum
1127 3938 1239 4007 ejus
1280 3956 1380 3992 non
1417 3941 1675 4009 fraudasti
1697 3959 1812 3995 eum
1840 3942 2007 4014 (Psal.
2039 3961 2127 4010 xx,

572 4026 663 4096 3)?
699 4027 835 4082 Ecce
876 4044 982 4083 non
1030 4029 1318 4098 quemlibet
1373 4030 1627 4099 simplicis
1671 4032 1958 4088 voluntatis
2011 4032 2130 4090 eﬂ‘e—

571 4124 736 4180 etum,
773 4117 866 4171 sed
894 4118 1142 4171 desiderii
1189 4131 1247 4183 II;
1293 4119 1416 4188 quia
1444 4120 1551 4174 imo
1589 4122 1755 4190 plena:
1780 4122 2129 4190 jucunditatis

571 4206 834 4260 suavitate
876 4202 934 4259 ut
972 4206 1176 4261 salvum
1222 4207 1442 4274 faceres,
1484 4219 1537 4263 et
1574 4227 1679 4266 non
1722 4212 1943 4281 ejicercs
1984 4213 2129 4271 foras

569 4312 727 4350 omne
754 4298 894 4367 quod
919 4305 1153 4366 paterna:
1176 4298 1385 4355 dedisse
1413 4302 1504 4355 tibi
1534 4302 1814 4357 charitatis
1851 4305 2128 4360 intimatur

531 4375 828 4449 '.tlulcedo,
873 4387 1195 4456 prophetalis
1252 4389 1484 4445 vaticinii
1543 4406 1718 4444 sermo
1764 4394 2014 4447 declarat.
2063 4394 2129 4448 Et

2242 1958 2346 2006 tua:
2384 1952 2598 2020 pietatis
2638 1966 2741 2025 vox
2784 1951 2836 2004 in
2875 1951 3147 2020 evangelio
3173 1958 3267 2004 tuo
3307 1950 3520 2004 auditur
3551 1949 3797 2016 dicentis,

2239 2042 2490 2096 Descendi
2528 2044 2592 2127 ἀς
2620 2041 2764 2107 caelo,
2795 2057 2897 2096 non
2938 2049 2994 2094 ut
3034 2041 3225 2109 faciam
3271 2039 3582 2093 voluntatem
3612 2058 3799 2106 meum;

2239 2133 2327 2186 sed
2353 2132 2467 2221 ejuq
2493 2134 2578 2203 qui
2602 2132 2739 2187 misit
2764 2148 2859 2195 me,
2891 2130 3066 2185 Patris
3091 2130 3269 2201 (Joan.
3297 2146 3373 2193 vi,
3396 2129 3505 2200 '58),
3534 2130 3671 2186 doce
3694 2146 3798 2194 me,

2241 2237 2419 2290 quaeso
2449 2231 2518 2285 te,
2547 2221 2769 2277 Domine
2811 2222 2952 2276 Deus
2990 2221 3317 2285 misericors,
3357 2230 3412 2276 et
3458 2221 3802 2291 singulariter

2240 2312 2378 2366 bone
2410 2312 2679 2383 magister,
2713 2312 2934 2366 sincerae
2978 2312 3212 2366 imhutor
3236 2309 3375 2372 ﬂdei,
3420 2311 3692 2381 quomodo
3719 2312 3799 2365 in-

2239 2399 2414 2469 tellegi
2457 2408 2509 2459 te
2555 2400 2813 2470 largiente
2844 2400 3000 2455 detur
3032 2407 3087 2454 et
3116 2408 3261 2453 tuam
3289 2411 3342 2454 te
3368 2400 3712 2455 descendisse
3735 2401 3800 2453 de

2241 2495 2393 2555 cmlo,
2435 2502 2488 2548 et
2514 2508 2621 2547 non
2646 2503 2790 2546 tuam
2828 2492 3003 2546 facere
3045 2491 3391 2547 voluntatem.
3433 2491 3652 2546 Tuscis
3676 2492 3798 2560 qua;

2240 2582 2389 2636 valde
2414 2583 2732 2659 pertimesco
2760 2580 2913 2635 aliter
2950 2581 3013 2635 de
3040 2587 3090 2635 te
3118 2595 3276 2650 quam
3304 2590 3363 2635 ut
3390 2581 3611 2650 dignum
3640 2590 3725 2634 est
3747 2591 3801 2635 et

2240 2673 2337 2726 tibi
2368 2672 2558 2742 placet,
2594 2672 2810 2726 sentire.
2842 2670 2921 2725 Tu
2959 2671 3088 2725 mihi
3118 2685 3244 2740 ergo
3269 2671 3405 2725 dona
3429 2671 3665 2739 gratuito
3686 2688 3800 2737 ,rnuo

2236 2753 2382 2828 nere,
2409 2764 2549 2833 quod
2584 2763 2778 2819 nullius
2814 2764 2977 2834 exigit
3002 2763 3175 2818 meriti
3202 2763 3516 2818 veneranda:
3553 2764 3678 2818 vita:
3717 2762 3799 2818 fa—

2236 2853 2425 2917 cultas,
2453 2869 2560 2923 quo
2586 2853 2785 2923 possim
2814 2860 2867 2908 et
2900 2846 3045 2910 recte
3069 2841 3288 2920 sentire,
3316 2861 3369 2909 et
3394 2862 3656 2923 concepto
3688 2869 3801 2909 ser-

2238 2959 2391 2998 mone
2420 2943 2561 2999 lideli
2611 2945 3013 2999 convenientius
3042 2945 3246 2998 valeam
3286 2959 3380 2998 ore
3424 2942 3689 3013 proferre.
3720 2944 3798 2997 Tu

2236 3050 2363 3088 vero
2387 3035 2602 3090 dixisti:
2642 3036 2796 3106 Aperi
2833 3052 2889 3089 os
2914 3046 2936 3074 ο
2964 3045 3109 3088 tuum
3150 3043 3197 3088 et
3222 3050 3312 3103 ego
3341 3032 3631 3104 adimplebo
3668 3033 3799 3086 illud

2238 3123 2408 3195 (Paul.
2439 3140 2598 3188 Lxxx,
2625 3124 2731 3192 Η).

2481 3242 2485 3245 λ
2826 3212 3050 3269 CAPUT
3088 3211 3196 3268 VII.

2238 3324 2410 3394 Pergit
2448 3287 2624 3378 Iesum
2656 3323 2880 3394 alloqui,
2912 3324 3142 3394 docendo
3168 3322 3524 3378 discretibnem
3546 3340 3795 3393 persona-

2305 3392 2418 3449 rum
2455 3393 2629 3446 Patris
2665 3402 2711 3445 et
2755 3392 3035 3461 FiliiLnnn
3063 3392 3390 3455 voluntatem,
3413 3392 3554 3461 quia
3577 3410 3682 3447 una
3713 3408 3799 3447 vo-

2302 3463 2474 3517 luntas
2493 3471 2568 3516 est
2606 3461 2782 3516 Patris
2809 3471 2856 3515 et
2884 3459 3032 3514 Filii.

2278 3564 2416 3628 'Non
2445 3588 2661 3642 possum
2688 3588 2814 3643 ergo
2853 3587 2976 3627 cum
3017 3570 3102 3626 his
3144 3571 3307 3625 etiam
3341 3571 3677 3635 convenisse,
3705 3571 3796 3640 qui

2233 3667 2414 3723 .licunt
2435 3673 2507 3729 te,
2531 3663 2683 3731 juxta
2723 3663 2866 3732 quod
2892 3650 3054 3718 homo
3077 3662 3239 3717 etiam
3269 3660 3387 3716 fieri
3425 3662 3678 3733 dignatus
3715 3676 3792 3726 es,

2232 3757 2459 3810 alienum
2489 3770 2519 3808 a
2542 3763 2775 3824 paterna:
2811 3766 3125 3822 quocunque
3153 3750 3311 3806 modo
3334 3750 3539 3805 unitate
3563 3751 3795 3806 existere

2230 3849 2534 3904 voluntatis.
2582 3845 2858 3914 Nunquam
2902 3852 2973 3906 te,
3015 3841 3257 3906 Domine,
3299 3841 3460 3896 credo
3508 3842 3590 3895 sic
3632 3840 3795 3896 fuisse

2228 3954 2412 3995 verum
2432 3938 2720 4001 hominem,
2748 3945 2807 3989 ut
2835 3949 2941 3989 non
2962 3948 3108 3987 esses
3133 3946 3343 4002 semper
3367 3940 3421 3986 et
3441 3946 3603 3993 verus
3630 3928 3790 3985 Deus.

2228 4031 2361 4086 Cum
2393 4043 2497 4081 una
2524 4040 2651 4096 ergo
2677 4039 2901 4094 persona
2925 4022 2999 4077 sis
3027 4022 3168 4076 Deus
3193 4028 3246 4075 et
3273 4020 3451 4082 homo,
3485 4034 3593 4073 non
3641 4019 3791 4074 inve-

2226 4128 2316 4178 nio
2344 4136 2449 4190 quo
2470 4128 2627 4189 pacto
2654 4132 2758 4172 non
2781 4116 2856 4170 sis
2887 4113 3045 4169 unius
3072 4127 3193 4167 cum
3223 4110 3381 4165 Patre
3404 4118 3460 4166 et
3482 4110 3789 4173 voluntatis,

2228 4212 2370 4268 salva
2411 4210 2613 4265 scilicet
2646 4206 2672 4246 ἀ
2720 4205 3042 4275 proprietate
3077 4211 3424 4270 utrarumque
3466 4200 3789 4254 naturalium

2226 4302 2576 4355 voluntatum.
2617 4296 2722 4351 Sed
2756 4295 2877 4364 quia
2910 4309 3014 4348 non
3052 4293 3145 4347 tihi
3174 4306 3274 4346 nec
3293 4305 3391 4361 pro
3420 4297 3490 4351 te,
3520 4291 3615 4344 sed
3641 4290 3797 4344 nobis

2225 4402 2279 4447 et
2304 4406 2399 4461 pro
2420 4390 2574 4444 nobis
2598 4385 2918 4442 descendisti
2954 4384 3018 4439 de
3043 4382 3209 4449 cmlo,
3229 4389 3281 4436 et
3305 4396 3363 4436 es
3385 4380 3449 4436 de
3465 4379 3677 4451 virgine
3699 4395 3791 4434 na-

569 4476 693 4544 quia
723 4477 787 4530 de
815 4475 990 4529 Verbo
1018 4492 1145 4557 caro
1181 4476 1398 4542 factum,
1435 4494 1528 4547 per
1575 4483 1712 4549 quod
1748 4494 2124 4539 consummat-.0
2158 4516 2203 4578 υ
2228 4492 2315 4537 tus
2342 4497 2434 4550 per
2460 4478 2637 4535 carnis
2661 4475 3130 4544 dispensationem,
3158 4480 3211 4527 et
3239 4485 3395 4526 omne
3431 4470 3576 4539 quod
3616 4467 3790 4525 fecisti

568 4563 831 4633 passionis
876 4554 1266 4619 sacramentum
1319 4567 1651 4637 triumphalis
1701 4572 1881 4638 gloriae
1932 4575 2121 4629 decore

569 4652 815 4705 coronari
842 4651 1075 4718 voluisti,
1122 4655 1321 4711 sithoc
1361 4657 1691 4725 praedictum,
1739 4675 1965 4729 sequens
2001 4678 2121 4731 pro-

811 4818 842 4885 }
870 4802 986 4885 Sed
995 4806 1261 4885 desiderii,
1285 4812 1407 4885 quia
1436 4813 1558 4873 imo,
1587 4821 1689 4867 etc.
1722 4815 1850 4868 Eam
1878 4831 1999 4872 esse
2029 4832 2121 4885 pe-

568 4874 893 4946 i-iodifliujus
938 4875 1069 4931 alias
1092 4874 1437 4942 obscurioris,
1486 4884 1803 4937 sententiam
1850 4874 2126 4946 existimo,

564 4943 815 5017 videlicet
841 4964 853 4999 :
884 4960 1061 5017 sermo
1103 4948 1431 5017 prophetalis
1469 4951 1703 5006 vaticinii
1744 4953 1978 5009 declarat
2014 4943 2120 5010 non

564 5012 853 5089 quemlibet
898 5014 1054 5089 modo
1103 5012 1397 5089 voluntatis
1436 5019 1981 5089 aﬂ'ectumtribuisse
2025 5024 2120 5079 tibi

564 5082 798 5157 Patrem,
823 5085 1100 5157 sedetiam
1127 5087 1395 5157 desiderii,
1425 5091 1552 5157 quin
1590 5082 1974 5148 imo'desiderii
2005 5109 2122 5147 sua-

560 5154 729 5206 vitate
752 5151 956 5227 referti,
995 5155 1320 5227 plenitudine
1339 5151 1708 5225 jucunditatis,
1750 5161 2018 5227 desiderii,
2043 5164 2119 5216 in-

561 5237 754 5297 quam,
773 5231 832 5297 ut
864 5223 1071 5297 salvum
1095 5224 1316 5297 faceres,
1344 5223 1396 5281 et
1422 5242 1526 5281 non
1547 5223 1943 5297 ejiceres'foras
1963 5223 2122 5286 omne

561 5291 705 5365 quod
741 5293 1016 5365 intimatur
1042 5294 1261 5350 dulcedo
1302 5305 1538 5365 paternae
1575 5291 1862 5355 ’cliaritatis
1898 5301 1992 5356 tibi
2034 5301 2123 5356 de-

561 5362 742 5434 uis_se_._
758 5362 838 5416 An
862 5378 1081 5432 scopum
1112 5362 1378 5434 attigerim
1406 5367 1576 5421 lector
1602 5367 1871 5433 dijudicet.

632 5431 660 5470 ιι
689 5429 934 5504 Humano
955 5429 1130 5487 tactus
1176 5429 1347 5488 c6rdis
1381 5437 1589 5504 aﬂ'ectu.
1622 5429 1858 5503 Tectum,
1889 5454 1995 5493 non
2043 5448 2122 5493 ta-

559 5509 679 5575 ctus
702 5501 838 5575 ratio
859 5503 1219 5575 grammaticae
1245 5501 1560 5575 postulabat,
1581 5507 1704 5575 quia
1726 5501 1892 5562 tactus
1912 5509 1976 5562 ad
1998 5522 2119 5563 eum

556 5570 648 5637 ψιί
693 5569 838 5645 ﬂevit
870 5569 1259 5645 irefertur;_rte’
1284 5574 1481 5645 ﬂevisse
1524 5569 1832 5645 evdngelista
1881 5578 2121 5631 describit

556 5647 751 5693 luctum
786 5642 1014 5696 humano
1040 5642 1210 5696 cordis
1245 5642 1465 5712 affectu,
1513 5653 1628 5697 erat
1653 5642 1978 5701 'dicendum.
2013 5647 2120 5701 Sed

558 5719 775 5783 sanctus
807 5720 861 5783 et
893 5713 1170 5782 theologus
1190 5729 1221 5766 a
1243 5715 1609 5783 grammaticis
1634 5731 1737 5769 non
1764 5716 1995 5783 vapulat.

632 5779 829 5847 'Aperi
876 5779 1093 5851 ostium:
1112 5779 1330 5853 Vulgata
1383 5783 1582 5837 habet:
1631 5784 1793 5837 dilata
1832 5779 1901 5837 ὀδ
1950 5794 2113 5837 tuum.

2224 4585 2277 4629 et
2306 4571 2554 4636 docuisti,
2579 4568 2835 4643 quidquid
2857 4566 2999 4634 loqui
3026 4565 3272 4634 dignatus
3300 4563 3531 4616 humana
3553 4575 3615 4616 es
3634 4576 3789 4626 voce,

2222 4677 2327 4717 non
2356 4662 2450 4715 tibi
2481 4646 2697 4728 nec'pro
2720 4665 2789 4720 te,
2830 4656 2923 4711 sed
2952 4655 3103 4710 nobis
3130 4662 3183 4752 et
3224 4667 3323 4723 pro
3348 4652 3501 4706 nobis
3531 4650 3707 4706 fecisti
3736 4661 3790 4706 et

2221 4814 2556 4888 Errorergo,
2592 4810 2683 4888 ut
2709 4809 2915 4888 opinor,
2947 4822 3127 4888 exeo
3167 4805 3400 4888 irrepsit,
3428 4805 3697 4888 quodpro
3730 4821 3787 4888 os

2221 4893 2365 4935 (imm
2390 4882 2589 4950 legeret
2617 4876 2810 4950 aliquis
2860 4876 2913 4950 in
2962 4877 3128 4932 veteri
3171 4876 3446 4945 Scriptum
3493 4877 3705 4938 ostium,
3733 4886 3788 4928 et

2222 4954 2407 5006 ostium
2437 4948 2639 5005 idcirco
2660 4948 2955 5017 scripserit.

2288 5021 2315 5060 ἀ
2342 5019 2498 5075 Salva
2526 5018 2725 5087 scilicet
2748 5012 3056 5087 proprietate
3097 5023 3432 5087 utrarumque
3459 5012 3785 5087 naturalium

2220 5088 2557 5143 voluntatum.
2590 5082 2881 5140 Nihil’ha’c
2924 5085 3238 5153 exceptione
3283 5082 3655 5152 opportunius.
3698 5082 3788 5136 Et-

2221 5160 2361 5212 enim
2392 5157 2603 5211 unicam
2648 5156 2976 5211 voluntatem
3016 5151 3073 5208 iri
3106 5151 3331 5208 Christo
3354 5158 3593 5206 statuere
3633 5164 3788 5205 error

2219 5225 2683 5283 blonothelitarum
2713 5232 2797 5280 est
2822 5226 3103 5281 damnatus
3139 5222 3198 5276 in
3223 5237 3275 5275 vi
3303 5221 3506 5291 synodo
3524 5219 3781 5291 generali,

2220 5313 2339 5352 cum
2369 5302 2584 5351 auctore
2610 5294 2830 5350 hzeresls
2866 5292 3075 5362 Sergio,
3101 5298 3155 5345 et
3178 5288 3566 5362 sociiserrori‘s
3595 5288 3781 5362 Paulo,

2218 5367 2392 5437 Cyro,
2448 5365 2585 5420 aliis.
2628 5364 2762 5437 Du_m
2812 5358 2992 5437 autem
3033 5362 3165 5437 dicit
3212 5359 3466 5437 Paulinus
3510 5358 3785 5437 Christum

2221 5429 2386 5491 unius
2406 5450 2523 5490 esse
2547 5448 2669 5488 cum
2697 5432 2856 5487 Patre
2880 5431 3188 5492 voluntatis,
3213 5429 3381 5499 videri
3406 5436 3589 5497 posset
3607 5429 3780 5499 prima

2219 5505 2391 5560 fronte
2419 5506 2630 5559 unicam
2672 5502 2996 5557 voluntatem
3038 5501 3092 5553 in
3131 5498 3346 5555 Christo
3388 5496 3782 5568 ponemCCnm

2219 5582 2395 5630 autem
2421 5573 2568 5628 addit
2594 5570 2736 5626 salua
2763 5572 3073 5641 proprietate
3101 5566 3437 5641 utrarumque
3460 5566 3779 5641 naturalium

2220 5645 2563 5706 voluntatum,
2584 5637 3015 5696 manifestissime
3039 5638 3270 5694 ostendit
3294 5651 3353 5691 se
3380 5638 3520 5690 duas
3538 5637 3780 5692 volunta-

2220 5723 2301 5767 tes
2347 5713 2634 5766 secundum
2672 5712 2805 5783 du‘as
2852 5717 3070 5783 naturas
3111 5706 3425 5783 in_Chr_isto
3469 5706 3776 5761 admittere.

2221 5782 2391 5837 Citam
2423 5795 2546 5836 vero
2570 5797 2690 5836 cum
2726 5779 2899 5845 Patre,
2925 5779 3154 5833 divinam
3188 5775 3449 5844 intelligit.

3534 6406 3548 6410 _
3634 6260 3926 6412 HJ
