3926 6446
39 0 343 125 ρπτ

155 424 246 479 ιιι
806 422 1076 479 CONTRA
1113 422 1400 477 FELICEM
1440 419 1969 493 URGELLITANUM
2005 423 2177 477 Llillil
2216 425 2294 478 Ill.
2322 457 2386 464 ——
2425 426 2545 479 LIB.
2586 427 2666 480 III.

153 532 379 587 docuisti
402 540 456 586 et
472 527 678 586 locutus
702 531 1067 601 fuisti,etquia
1092 540 1150 586 tu
1181 532 1351 586 esDei
1376 534 1701 599 omnipoten-
1731 535 1775 588 A
1804 531 1895 584 Dei
1941 532 2111 587 facere
2150 536 2462 589 roluatatcm
2511 538 2840 591 informares.
2894 537 3109 591 Sciebas
3150 537 3328 604 utique

156 620 225 675 tis
251 618 428 676 Patris
450 621 728 690 sapientia,
754 622 812 674 in.
840 637 904 675 eo
933 621 1162 675 animam
1202 621 1339 691 quod
1384 620 1563 674 dixisti
1589 634 1694 672 non
1794 618 2218 690 Luciierum,qui
2242 639 2395 676 mane
2417 625 2687 679 oriebatur
2704 640 2797 692 per
2816 625 3135 693 superbiam,
3158 638 3329 679 suam-

156 719 302 764 tuam
328 709 510 764 facere
535 708 627 764 sed
655 708 825 775 Patris
852 709 1194 773 voluntatem,
1240 716 1522 777 utrumque
1570 707 1697 761 insi-
1796 722 1897 774 quc
1917 707 2233 762 voluntatem
2276 713 2540 778 sequendo
2566 713 2631 764 de
2663 713 2784 767 caeli
2812 711 2950 767 foras
2985 713 3207 781 rjcctum
3238 728 3332 782 pa-
3404 746 3407 748 »

152 812 319 883 nuare
345 799 499 853 nobis
526 799 767 867 dignatus
806 814 894 862 es,
925 806 978 853 et
1012 800 1263 853 doctrinm
1304 797 1401 851 fuit
1449 797 1697 872 injectum
1796 795 1943 850 latio.
1980 796 2194 852 Sciebas
2223 801 2469 853 nimirum
2506 802 2889 870 protOplastos,
2932 811 3170 870 serpente
3208 817 3331 857 sua-

152 882 580 958 praerOgativum,
599 882 1036 942 etdocumentum
1065 897 1269 942 constat
1290 887 1531 955 exempli.
1565 887 1696 941 Cum
1796 886 1953 939 dente
1977 896 2031 939 ut
2049 904 2195 941 suam
2226 888 2459 943 facerent
2488 890 2802 944 voluntatem
2822 902 2882 944 et
2901 905 2994 957 per
3008 891 3328 959 superbiam,

154 982 333 1047 autem
352 975 505 1040 dicis,
535 975 784 1028 Descendi
811 976 874 1029 de
894 975 1036 1039 calo,
1060 993 1160 1029 non
1190 985 1244 1029 ut
1275 976 1491 1044 facerem
1522 974 1700 1029 rolun-
1797 977 1982 1045 suique
2011 980 2441 1048 transgrediendo
2481 980 2769 1034 conditoris
2795 990 3111 1049 praeceptum
3137 979 3203 1033 de
3232 995 3325 1048 pa-

154 1073 308 1117 tatem
347 1078 532 1124 meam,
558 1062 646 1115 sed
669 1064 780 1131 ejus
820 1064 907 1133 qui
948 1064 1085 1116 misit
1109 1080 1208 1127 me,
1247 1064 1441 1127 Patris,
1468 1065 1700 1132 apertius
1797 1064 1969 1132 radisi
1988 1068 2191 1134 gaudiis
2219 1070 2359 1122 foras
2375 1068 2538 1122 fuisse
2557 1067 2769 1135 ejectos.
2793 1066 2993 1123 Idcirco
3012 1069 3329 1123 descendisti

3176 470 3181 481 ,
3236 424 3331 477 ίξῐξ

154 1165 504 1220 personarum
549 1150 827 1204 declarasti
874 1150 1261 1212 discretionem.
1305 1151 1427 1219 quia
1455 1159 1508 1203 et
1544 1150 1701 1203 Pater

155 1250 306 1310 pater
334 1250 434 1304 est,
462 1248 514 1294 et
542 1249 599 1294 tu
626 1240 792 1294 Filius
814 1220 942 1293 Vere
968 1239 1105 1294 illius
1130 1254 1206 1294 es.
1234 1240 1301 1293 Et
1322 1239 1566 1293 voluntas
1593 1254 1698 1292 non

152 1338 233 1384 est
268 1340 358 1384 tua
396 1330 583 1394 solius,
613 1344 710 1383 nec
746 1327 870 1393 alia,
909 1328 1004 1383 sed
1043 1328 1338 1383 communis
1363 1336 1415 1381 et
1452 1343 1552 1381 una
1579 1342 1700 1382 cum

155 1416 330 1473 Patre.
360 1419 437 1474 Tn
461 1419 603 1473 enim
624 1417 735 1487 ipse
758 1416 977 1472 docuisti
1003 1406 1157 1471 non‘a
1176 1417 1454 1486 temetipso
1479 1431 1595 1471 esse
1619 1416 1701 1469 vel

155 1509 385 1573 venisse,
420 1508 514 1563 sed
539 1522 570 1561 a
589 1505 766 1573 Patre,
803 1515 856 1561 et
885 1521 946 1560 ex
977 1506 1129 1560 Patre
1158 1523 1171 1558 :
1200 1506 1321 1574 quia
1350 1520 1454 1560 non
1488 1506 1591 1559 duo
1618 1506 1700 1558 vel

156 1598 276 1660 tria,
297 1598 390 1652 sed
408 1613 569 1652 unum
589 1597 901 1666 principium
923 1604 1006 1650 est
1024 1595 1181 1650 Pater
1202 1604 1256 1650 et
1284 1594 1448 1650 Filius
1467 1602 1519 1649 et
1541 1594 1704 1663 Spiri-

153 1696 239 1743 tus
256 1695 491 1761 sanctus.
518 1686 665 1741 Sicut
687 1687 828 1742 enim
861 1701 926 1741 ex
967 1694 1017 1741 te
1045 1702 1151 1742 non
1177 1702 1255 1751 es,
1303 1687 1394 1742 sed
1430 1702 1495 1740 ex
1523 1686 1699 1747 Patre,

153 1777 226 1829 ita
248 1783 305 1830 et
329 1775 571 1830 voluntas
597 1783 685 1828 tua
708 1790 814 1830 non
843 1784 925 1830 est
949 1776 1074 1839 alia,
1105 1791 1201 1830 nec
1224 1775 1451 1840 aliunde,
1476 1774 1567 1827 sed
1596 1789 1699 1826 una

152 1866 446 1949 eademque
491 1872 546 1921 et
585 1880 650 1920 ex
693 1865 868 1920 Patre.
906 1865 963 1919 In
1007 1880 1073 1920 eo
1112 1864 1273 1935 igitur
1299 1879 1458 1918 unum
1490 1871 1542 1916 te
1579 1878 1699 1916 cum
1733 1841 1774 1898 Β

154 1946 317 2010 Patre
353 1970 472 2010 esse
524 1955 642 2010 luce
682 1954 877 2011 clarius
935 1956 1294 2018 demonstras,
1341 1969 1460 2009 cum
1499 1962 1553 2007 te
1596 1946 1699 2007 non

152 2043 393 2109 alterius,
418 2044 511 2098 sed
531 2044 686 2099 unius
712 2058 832 2099 esse
851 2060 973 2100 cum
995 2043 1153 2100 Patre
1178 2045 1367 2100 edoces
1392 2044 1699 2099 voluntatis.

731 2132 953 2189 CAPUT
990 2133 1116 2189 VIII.

154 2226 510 2283 Similitudine
550 2226 808 2280 sermonis
840 2235 888 2280 et
919 2228 1208 2289 doctrinae,
1254 2242 1369 2289 qua:
1420 2224 1609 2279 Christi
1653 2234 1701 2279 et

420 2293 597 2348 Patris
622 2304 761 2355 sunt,
787 2295 1123 2364 prazcedentia
1146 2293 1435 2364 conﬁrmat.
1641 2310 1648 2321 δ

219 2384 444 2440 Constat
480 2391 658 2440 autem
704 2384 830 2441 huic
867 2385 1038 2441 simile
1075 2385 1200 2441 alibi
1244 2393 1297 2441 te
1333 2400 1429 2455 per
1456 2384 1699 2439 eumdem

148 2476 533 2547 evangelistam
570 2477 768 2533 dixisse
801 2519 814 2532 .
858 2476 922 2532 Et
945 2493 1244 2541 sermonem,
1288 2477 1386 2540 ais,
1422 2491 1573 2546 quem
1602 2492 1700 2528 au-

148 2562 295 2634 disti,
325 2585 428 2623 non
468 2579 543 2623 est
585 2555 745 2634 meus,
790 2569 880 2623 sed
921 2570 1053 2638 ejus,
1086 2568 1175 2639 qui
1223 2568 1362 2621 misit
1386 2582 1489 2631 me,
1528 2564 1702 2619 Patris

151 2659 334 2727 (Joan.
363 2674 473 2723 xiv,
496 2657 618 2729 24);
649 2666 702 2712 et
728 2657 854 2712 illud
879 2675 892 2711 :
930 2657 1049 2711 Mea
1082 2657 1317 2711 doctrina
1346 2672 1447 2711 non
1466 2665 1539 2710 est
1566 2671 1699 2719 mea,

148 2749 242 2802 sed
269 2737 385 2819 ejus
414 2748 501 2819 qui
530 2749 670 2802 misit
702 2763 801 2811 me,
845 2746 1019 2801 Patris
1044 2746 1219 2817 (Joan.
1247 2744 1483 2815 “1,.16).
1509 2744 1704 2810 Quem—
1744 2796 1752 2801 .

149 2838 436 2892 admodum
478 2851 607 2907 ergo
655 2836 886 2907 intellegi
929 2835 1084 2890 datur
1122 2849 1297 2889 sermo
1341 2832 1552 2909 auditus
1596 2845 1699 2884 non

148 2940 269 2980 esse
307 2933 454 2989 tuus,
503 2924 597 2979 sed
632 2924 841 2987 Patris,
886 2925 1134 2993 quoniam
1172 2931 1227 2977 tu
1268 2938 1328 2977 es
1373 2920 1702 2991 unigenitum

151 3016 387 3072 Verbum
418 3016 509 3070 Dei
533 3014 723 3078 Patris,
751 3023 806 3070 et
824 3029 931 3068 non
955 3021 1039 3069 est
1058 3012 1285 3072 aliunde,
1310 3010 1402 3066 sed
1426 3025 1493 3064 ex
1519 3008 1700 3073 Patre,

147 3116 202 3159 et
234 3121 341 3160 non
380 3114 548 3168 tuum,
582 3106 675 3161 sui
709 3103 908 3168 Patris,
956 3103 1080 3173 quia
1117 3110 1171 3157 tu
1207 3100 1374 3155 Filius
1400 3100 1700 3168 unigenitus

147 3213 207 3251 es
237 3196 332 3251 Dei
364 3195 554 3260 Patris,
581 3202 636 3250 et
658 3193 897 3250 doctrina
925 3200 1012 3247 tua
1052 3204 1077 3232 ι
1117 3206 1221 3245 non
1254 3197 1338 3245 est
1368 3197 1456 3242 tua
1486 3202 1698 3256 separa-
1724 3175 1771 3238 C

151 3285 268 3347 lim,
299 3285 392 3339 sed
412 3283 606 3347 Patris,
635 3284 757 3352 quia
783 3297 888 3338 non
921 3290 1004 3336 est
1026 3281 1128 3335 alia
1160 3288 1250 3334 tua
1275 3285 1329 3334 et
1363 3278 1465 3332 alia
1502 3277 1697 3341 Patris,

147 3375 243 3430 sed
271 3388 375 3428 una
402 3373 692 3443 eademque
724 3370 901 3428 Patris
922 3379 976 3425 et
1003 3379 1119 3435 tua;
1150 3370 1233 3430 ita
1257 3375 1310 3424 et
1333 3368 1577 3422 voluntas
1614 3375 1702 3420 tua

147 3481 266 3550 non.
280 3466 387 3520 alia
422 3474 509 3521 tua
533 3475 587 3522 et
614 3465 718 3521 alia
753 3464 948 3529 Patris,
980 3464 1073 3519 sed
1099 3477 1202 3519 una
1227 3462 1514 3531 eademque
1531 3469 1586 3515 et
1611 3467 1702 3513 tua

148 3564 204 3623 et
230 3553 428 3610 Patris.

659 3620 811 3693 153
848 3620 1071 3677 CAPUT
1108 3619 1199 3674 Ix.
1266 3662 1269 3669 .

150 3714 313 3765 Docet
333 3706 593 3763 Christum
611 3709 941 3763 descendisse
965 3708 1029 3762 de
1062 3705 1183 3761 calo
1213 3707 1267 3760 in
1299 3703 1583 3775 exemplum
1608 3703 1703 3756 hu-

216 3779 457 3833 militatis
497 3788 546 3832 et
584 3779 901 3842 obedientia',
929 3793 1027 3831 non
1067 3787 1120 3830 ut
1159 3776 1346 3845 faceret
1393 3774 1699 3828 voluntatem

213 3866 392 3911 suam,
418 3848 506 3902 sed
531 3845 723 3901 Patris.
1513 3867 1517 3870 ν

217 3938 295 3992 De
333 3931 422 3991 his
447 3935 607 4005 igitur
631 3934 702 3989 ita
730 3948 788 4006 se
823 3932 1139 3989 habentibus
1165 3932 1439 3987 videamus
1471 3945 1611 3984 nunc
1650 3936 1701 3983 to

147 4027 410 4091 docente,
439 4025 665 4095 qualiter
698 4024 1011 4102 humilitatis
1046 4031 1101 4078 et
1133 4022 1446 4079 obedientiae
1471 4018 1699 4087 exempli

146 4121 457 4193 speculum,
483 4134 589 4190 quo
616 4118 919 4174 intendatur
950 4116 1265 4191 protuleris,
1296 4130 1401 4170 non
1429 4121 1573 4168 tuam
1607 4110 1700 4165 sed

146 4209 327 4265 Patris
364 4207 541 4264 facere
584 4207 936 4278 voluntatem”
977 4205 1174 4261 Reddis
1224 4210 1449 4272 namque
1485 4212 1699 4254 causam

143 4315 241 4355 cur
289 4301 377 4355 ita.
413 4298 632 4354 dixeris.
686 4298 782 4353 Ais
833 4298 976 4352 enim
1018 4316 1029 4349 :
1067 4294 1229 4350 Omne
1266 4292 1403 4365 quod
1450 4291 1538 4345 dat
1572 4287 1698 4341 mihi

145 4388 327 4451 Pater,
360 4389 428 4442 ad
464 4405 545 4443 me
564 4389 748 4452 veniet,
779 4398 827 4441 et
853 4404 969 4442 eum
996 4388 1082 4457 qui
1103 4386 1234 4440 venit
1255 4384 1323 4437 ad
1349 4399 1451 4447 me,
1482 4397 1584 4435 non
1602 4379 1713 4448 ejis

141 4480 224 4535 cio
263 4480 414 4549 foras
452 4478 628 4549 (Joan.
665 4494 738 4543 vt,
779 4475 848 4532 57
874 4476 1100 4547 etseq.).
1130 4475 1195 4529 Et
1216 4473 1556 4543 quamobrem
1591 4482 1694 4522 non

1798 1153 1861 1207 de
1881 1154 2029 1217 cmlo,
2057 1170 2159 1209 non
2183 1164 2238 1209 ut
2256 1156 2466 1212 duceres
2490 1159 2728 1213 homines
2750 1172 2843 1225 per
2864 1156 3158 1225 superbiam
3181 1173 3329 1211 suam

1797 1241 1969 1296 facere
1999 1242 2344 1308 voluntatem,
2373 1261 2466 1313 per
2493 1261 2649 1314 quam
2675 1245 2818 1300 foras
2838 1245 2988 1312 ejccti
3012 1254 3132 1299 sunt
3155 1247 3219 1299 dc
3244 1260 3331 1314 pa-

1798 1333 2006 1397 radiso;
2053 1336 2144 1388 sed
2182 1351 2279 1403 per
2305 1338 2652 1391 humilitatem
2687 1338 2779 1392 Dei
2805 1352 3012 1406 semper
3038 1338 3212 1392 facere
3242 1354 3334 1391 vo-
3388 1323 3394 1331 ’

1797 1420 2050 1477 luntatezn
2074 1464 2086 1486 ,
2118 1438 2218 1493 per
2245 1440 2401 1493 quam
2431 1427 2593 1489 intus,
2626 1428 2677 1479 in
2704 1436 2953 1480 aeternam
2980 1428 3179 1483 scilicet
3206 1430 3332 1482 bea-

1799 1512 2074 1567 titudinem
2120 1515 2327 1590 valeant
2369 1518 2484 1570 sine
2510 1516 2613 1570 fine
2642 1524 2873 1570 manere.
2906 1516 3019 1571 Non
3048 1516 3234 1571 fecisse
3282 1528 3333 1570 te

1800 1610 1943 1655 tuam
1968 1604 2287 1659 voluntatem
2314 1605 2551 1659 docuisse
2578 1611 2629 1658 te
2654 1612 2734 1658 est
2761 1606 3019 1659 neminem
3048 1620 3215 1667 suam,
3241 1605 3333 1659 sed

1798 1694 1890 1747 Dei
1941 1694 2116 1750 facere
2153 1696 2498 1750 voluntatem.
2547 1695 2748 1763 Ejiccre
2778 1694 2917 1751 foras
2943 1696 3041 1750 fuit
3069 1696 3331 1750 diabolum

1800 1798 1980 1848 suam,
2013 1798 2115 1838 non
2142 1784 2231 1839 Dei
2260 1777 2616 1853 protoplastos
2642 1787 2863 1840 suadere
2892 1786 3064 1840 facere
3091 1785 3333 1839 volunta-

1801 1882 1927 1928 tem.
1960 1874 2073 1929 Non
2099 1874 2289 1942 ejicere
2317 1875 2415 1930 fuit
2438 1876 2546 1940 tui,
2583 1876 2796 1931 Domine
2820 1874 2943 1931 Iesu
2964 1874 3172 1929 Christe
3193 1916 3206 1935 .
3232 1874 3335 1926 Pa-

1800 1965 1914 2028 tris,
1944 1979 2050 2018 non
2089 1979 2237 2019 suam
2275 1965 2472 2020 electos
2496 1975 2615 2019 tuos
2642 1966 2928 2034 praecipere
2960 1964 3131 2019 laeere
3154 1963 3335 2017 volun-

1801 2061 1981 2106 tatem.
2028 2051 2192 2120 Hujus
2240 2053 2488 2106 nimirum
2514 2053 2764 2108 doctrinm
2792 2050 3025 2123 regulam
3056 2066 3150 2120 per
3176 2034 3333 2106 alium

1799 2143 1960 2197 etiam
1988 2142 2363 2212 evangelistam
2388 2151 2529 2196 tuum
2555 2151 2605 2197 te
2633 2141 2876 2196 docuisse
2904 2140 3080 2195 didici.
3108 2139 3243 2192 Nam
3277 2146 3336 2192 ut

1798 2247 1904 2287 non
1935 2247 1965 2284 a
1993 2232 2200 2287 diabolo
2232 2233 2507 2288 inventore
2530 2232 2764 2286 omnium
2796 2229 3051 2283 malorum
3076 2225 3337 2295 superbire

1790 2318 2107 2387 iactantiam
2150 2321 2383 2389 pretioso
2423 2320 2678 2389 redempti
2734 2326 2823 2373 tuo
2861 2318 3164 2386 adpeterent
3210 2329 3334 2366 san-

1798 2412 1989 2480 guine,
2014 2411 2109 2465 sed
2133 2426 2162 2463 a
2188 2418 2239 2465 te
2269 2412 2591 2465 retributore
2618 2411 2854 2465 omnium
2887 2409 3144 2464 bonorum
3170 2405 3339 2460 disce-

1800 2509 1919 2557 rent
1945 2499 2259 2555 hu'militatis
2299 2500 2754 2554 mansuetudinem
2782 2499 2833 2551 in
2861 2498 2979 2551 sinu
3021 2496 3213 2551 mentis
3242 2495 3340 2547 mi-

1799 2591 2002 2646 tissima
2031 2592 2257 2645 retinere
2288 2591 2589 2654 devotione,
2620 2574 2697 2645 sic
2738 2586 3095 2658 praemonuisti
3117 2586 3335 2638 dicens:

1801 2680 1991 2736 Discite
2018 2698 2049 2734 a
2074 2697 2155 2734 me
2190 2683 2311 2750 quia
2348 2682 2485 2734 mitis
2515 2696 2627 2733 sum
2661 2686 2707 2732 et
2748 2674 2964 2729 humilis
2988 2673 3159 2737 corde,
3189 2681 3236 2725 et
3262 2673 3338 2725 in-

1800 2772 2005 2827 venietis
2050 2772 2269 2839 requiem
2313 2771 2582 2827 animabus
2620 2769 2796 2824 vestris
2846 2764 3055 2837 (Matth.
3097 2778 3173 2827 xl,
3223 2760 3333 2829 29).

1797 2860 1945 2914 Illam
1968 2854 2147 2930 inique
2176 2860 2409 2928 requiem
2429 2899 2444 2923 ,
2477 2874 2637 2928 quam
2670 2858 2722 2911 in
2760 2855 3003 2926 paradiso
3028 2852 3201 2908 callidi
3228 2864 3338 2904 ser—

1796 2954 1970 3022 pentis
1991 2952 2194 3022 primus
2215 2952 2372 3006 homo
2391 2951 2641 3018 deceptus
2660 2949 2873 3008 astutia,
2896 2960 2991 3016 per
3015 2941 3335 3017 superbiam,

1798 3057 2052 3113 suamque
2081 3043 2333 3097 amiserat
2361 3040 2631 3109 sequendo
2660 3038 3002 3092 voluntatem.
3092 3087 3101 3093 .

2410 3148 2631 3205 CAPUT
2669 3147 2735 3201 Χ.

1808 3239 2058 3297 Voluntas
2080 3240 2314 3296 salvandi
2335 3240 2585 3301 homines,
2607 3254 2721 3301 qua:
2740 3246 2812 3291 est
2837 3237 2890 3290 in
2919 3235 3096 3296 Patre,
3122 3241 3193 3287 est
3215 3242 3260 3286 et
3283 3233 3338 3284 in

1867 3309 2028 3363 Filio.
2085 3311 2153 3363 Et
2199 3309 2451 3380 quomodo
2491 3300 2869 3376 intelligendum
2930 3303 3059 3357 illud
3107 3318 3123 3355 :
3173 3300 3337 3355 Nemo

1868 3381 2039 3435 bonus
2067 3380 2168 3434 nisi
2197 3379 2341 3435 solus
2367 3379 2524 3432 Deus.

1867 3470 2160 3526 Audiamus
2200 3484 2341 3545 nunc
2376 3467 2647 3538 sequentia
2686 3480 2752 3520 ex
2792 3465 2980 3523 borum
3015 3459 3339 3516 connexioue

1800 3564 2112 3624 verborum.
2144 3559 2416 3618 dulcisono
2446 3568 2537 3614 tuo
2566 3574 2659 3614 ore
2695 3556 2901 3611 dicente
2929 3566 2943 3606 :
2975 3551 3099 3605 "(re
3122 3560 3218 3614 est,
3253 3552 3337 3603 in-

1799 3653 1938 3721 quis,
1966 3650 2197 3706 voluntas
2223 3649 2397 3703 Putris
2418 3648 2535 3710 mei,
2565 3647 2652 3715 qui
2674 3646 2811 3699 misit
2833 3659 2934 3708 me,
2958 3650 3011 3696 ut
3035 3657 3181 3695 omne
3202 3639 3338 3711 quod

1798 3742 1938 3796 dedit
1964 3742 2111 3808 mihi,
2138 3758 2239 3796 non
2268 3738 2479 3811 perdam
2500 3753 2563 3792 ea:
2587 3752 2669 3800 eo,
2697 3734 2784 3789 sed
2818 3734 3109 3798 resuscitem
3136 3730 3264 3784 illud
3285 3731 3339 3784 in

1800 3832 2071 3885 novissimo
2110 3830 2192 3884 die
2216 3828 2394 3901 (Joan.
2435 3843 2511 3894 vt,
2540 3825 2609 3881 39
2634 3823 2785 3896 θείῃ).
2819 3823 3069 3891 Sequere,
3097 3819 3336 3881 Domine,

1801 3918 2051 3989 magister
2076 3916 2424 3971 essentialiter
2447 3915 2602 3976 bone,
2646 3926 2762 3980 qua:
2788 3912 2859 3965 sit
2883 3909 3126 3963 voluntas
3165 3905 3340 3960 Patris

1799 4009 1865 4063 de
1890 4023 1977 4073 eo,
2008 4007 2098 4076 qui
2135 4006 2263 4060 vidit
2289 4004 2483 4058 Filium
2506 4011 2560 4057 et
2583 4001 2752 4055 credit
2791 4000 2846 4054 in
2875 4014 3017 4053 eum.
3055 3995 3124 4051 Ut
3150 3995 3336 4057 omnis,

1800 4095 1994 4164 inquis,
2023 4094 2110 4163 qui
2136 4093 2257 4147 uidit
2280 4090 2475 4144 Filium
2494 4099 2541 4144 et
2557 4089 2713 4143 credit
2734 4089 2798 4160 iri
2810 4102 2947 4150 eum,
2978 4085 3158 4155 haheat
3185 4083 3338 4136 ritam

1798 4191 2120 4246 cateruam,“
2143 4179 2451 4235 resuscitabo
2466 4194 2558 4247 ego
2578 4193 2694 4231 eum
2716 4177 2771 4230 in
2793 4173 3062 4229 nouissimo
3081 4171 3182 4226 die.
3209 4169 3339 4236 Quis

1798 4294 1925 4349 ergo
1948 4284 2055 4330 tam
2080 4273 2249 4329 insani
2271 4272 2459 4341 capitis
2479 4286 2661 4326 amens
2681 4270 2930 4332 existens,
2952 4273 3211 4336 quatenus
3235 4277 3336 4318 non

1798 4369 2000 4431 credat,
2017 4363 2167 4434 juxta
2194 4361 2247 4423 id
2277 4361 2435 4415 etiam
2465 4359 2604 4428 quod
2634 4359 2793 4413 homo
2813 4371 2889 4420 es,
2913 4356 3033 4423 quia
3066 4351 3335 4407 rationalis

1799 4461 1989 4516 animae
2014 4466 2069 4512 et
2093 4454 2285 4510 mentis
2309 4451 2549 4521 benigna
2576 4448 2720 4503 mitis
2750 4462 2808 4501 es
2842 4453 2896 4501 et
2920 4443 3134 4499 humilis
3158 4441 3335 4506 corde,

141 4533 330 4637 ejicias
354 4533 508 4637 quasi
538 4533 891 4635 interrogatus
913 4533 1152 4634 exponis,
1179 4533 1299 4632 quia
1326 4560 1585 4622 descendi,
1608 4557 1699 4611 ad-
1724 4533 1773 4569 ν
1799 4562 1903 4607 ture
1924 4549 2109 4621 procul
2138 4546 2297 4637 dubio
2331 4542 2503 4637 luisse
2546 4539 2851 4637 voluntatis,
2874 4550 3046 4637 omne
3072 4534 3210 4637 quod
3241 4533 3334 4587 tibi

373 4621 442 4708 de
463 4654 609 4718 caelo,
636 4621 829 4707 nonvut
855 4621 1045 4723 faciam
1068 4621 1373 4707 voluntatem
1400 4621 1585 4710 meam,
1610 4644 1699 4700 sed
1796 4639 1941 4714 dedit
1966 4639 2145 4701 Pater,
2176 4635 2300 4705 quin
2330 4633 2435 4687 imo
2455 4630 2596 4699 quod
2622 4629 2687 4682 ad
2717 4637 2767 4723 te
2789 4624 3028 4723 uniter-it,
3054 4621 3258 4723 salvare
3281 4629 3331 4676 et

140 4746 277 4814 ei":
304 4742 401 4814 σαί
437 4742 576 4795 ωίεὲε
602 4736 705 4806 me;
732 4712 929 4795 Patris.
965 4740 1086 4796 Ideo
1109 4738 1448 4804 descendisti,
1488 4737 1590 4791 hoc
1614 4743 1698 4791 est
1798 4712 2114 4786 resuscitare
2144 4724 2287 4779 illum
2312 4723 2364 4776 in
2393 4719 2676 4775 navissimo
2698 4717 2811 4772 die?
2839 4714 3063 4782 Dissipa,
3091 4712 3328 4814 obsecro,

139 4803 518 4893 excellentiam
556 4803 746 4887 divinm
784 4831 1077 4886 altitudinis
1128 4803 1439 4886 exinanitus
1473 4826 1698 4881 formam
1795 4820 1919 4876 Iesu
1947 4817 2157 4874 Christe
2180 4813 2401 4869 Domine
2427 4812 2584 4875 Deus,
2616 4806 2977 4879 potentissima
3007 4812 3095 4857 tua
3116 4803 3329 4893 dextera

142 4925 285 4980 servi
320 4922 662 4993 suscipiendo
693 4921 979 4987 inclinasti,
1007 4930 1066 4976 ut
1097 4921 1333 4989 membra
1364 4926 1474 4982 tua,
1499 4918 1700 4972 electos
1798 4908 2097 4982 Babyloniae
2115 4905 2369 4975 parietem
2392 4900 2625 4993 civitatis
2647 4893 3164 4993 superrelluentium
3192 4892 3330 4993 posi-

142 5015 351 5074 scilicet
378 4982 500 5070 tuos
524 5053 541 5080 ,
582 5021 638 5069 et
662 5013 905 5082 exemplo
936 4982 992 5067 et
1035 4983 1251 5067 monitis
1277 5025 1383 5065 non
1427 5023 1577 5062 suam
1608 5007 1700 5062 sed

1800 5008 1909 5055 tum
1936 4999 2142 5068 glumas
2180 4997 2208 5036 ιι
2257 5008 2566 5057 arenarum,
2598 4992 2650 5044 in
2678 5004 2782 5058 qua
2811 4987 2968 5042 lamia
3002 4996 3025 5024 ο
3073 4982 3332 5040 denudata

1798 5132 1933 5186 Hist.
1965 5127 2180 5184 animal.
2218 5125 2309 5180 lib.
2335 5140 2390 5190 v,
2422 5138 2471 5177 c.
2499 5121 2559 5187 ὅς
2586 5116 2946 5190 ΡιίιιίιῃηΑιίι).
2976 5132 3049 5181 tx,
3079 5130 3195 5190 cap.
3230 5112 3333 5190 εις

1796 5184 2012 5256 Petrum
2041 5196 2268 5267 Gyllium
2294 5193 2360 5249 de
2376 5184 2685 5267 nominibus
2709 5187 2930 5267 piscium
2958 5201 3075 5267 cap.
3100 5184 3205 5267 92.;
3241 5184 3335 5267 sed

1796 5251 2357 5387 praisertim'Uﬁlgssem
2380 5251 2769 5315 Aldrovandu'm
2791 5255 2856 5311 de
2874 5251 3115 5309 Piscibus
3130 5251 3227 5332 lib.
3251 5266 3334 5317 ttt,

1797 5352 1915 5387 can.
1943 5335 2013 5387 52
2048 5343 2099 5387 et
2221 5372 2234 5384 .
2267 5329 2521 5385 Neutrum
2551 5337 2723 5381 tamen
2747 5340 2810 5381 ex
2838 5326 2919 5380 his
2952 5321 3193 5377 Ieremia:
3218 5334 3334 5375 sen-

1797 5321 2013 5405 ἒςὶρέδε
2048 5343 2099 5389 et
2147 5321 2234 5387 63.
2267 5329 2521 5405 Neutrum
2551 5337 2723 5405 tamen
2747 5340 2810 5381 ex
2838 5326 2919 5405 his
2952 5321 3193 5405 Ieremize
3218 5334 3339 5405 seu:

1797 5394 1978 5461 tentias
2001 5416 2295 5472 congruere
2316 5400 2541 5472 videtur.
2567 5396 2746 5465 Neque
2770 5394 2912 5472 enim
2937 5401 3079 5472 recte
3105 5403 3343 5472 expones,

1797 5456 2065 5531 milia};
2095 5456 2420 5531 mulieribus,
2452 5467 2578 5536 quia
2607 5456 2710 5519 non
2735 5464 2881 5536 alunt
2913 5459 3136 5536 catulos.
3163 5456 3335 5536 patuli

212 5159 239 5188 ι
266 5146 408 5202 Vide
424 5142 621 5214 similia
651 5143 790 5214 apud
810 5149 1052 5199 sanctum
1079 5140 1429 5211 Augustinum
1458 5145 1611 5192 tract.
1632 5137 1701 5193 29

145 5214 199 5271 in
221 5214 382 5270 Joan.
413 5215 515 5270 sub
539 5213 709 5268 initio.
1404 5258 1407 5261 λ

166 5282 379 5366 "15‘
424 5283 453 5323 δ
489 5282 721 5366 plumas
769 5295 1067 5335 arenarum.
1121 5276 1253 5333 Vide
1303 5275 1444 5332 dicta
1488 5273 1542 5327 in
1587 5282 1698 5327 not.

145 5353 237 5463 ub;
266 5352 717 5493 ligaguaslqmig
740 5398 1209 5493 n_uda_ta"mamma.
1238 5411 1492 5493 Respexit
1521 5410 1588 5466 ad
1613 5408 1700 5465 Je-

143 5504 282 5546 rem.
303 5484 439 5546 ‘l‘br.
465 5505 539 5554 tv,
566 5489 603 5544 5
630 5502 645 5541 :
677 5486 783 5543 Sed
807 5496 855 5541 et
876 5485 1049 5540 lamin:
1077 5484 1394 5554 nudaverant
1422 5495 1697 5544 mammas,
1797 5484 2890 5554 delamttsnmultertuus,quiaquon‘am’n:
2913 5484 3142 5554 catulus:
3163 5484 3305 5554 tas-3;

492 5526 715 5612 34:11};
713 5526 853 5610 illo:
876 5526 1702 5623 sii'xii'ijéxiél
1798 5526 2255 5623 enimﬁbestiarum
2281 5526 2761 5623 partus'dicnntur:
2771 5530 2904 5623 Non.
2922 5526 3340 5623 item‘d‘e‘

144 5604 851 5694 it'é"r'éuﬁi?ué‘¥éi"s;§£'
874 5604 1345 5694 Eiiﬁgég,‘
1364 5604 1699 5694 meretrices.
1797 5612 2053 5694 piscibus,
2074 5609 2198 5678 quia
2225 5604 2374 5694 canis
2398 5604 2688 5694 carcharia
2700 5608 2998 5694 ponLestex

842 5664 1125 5767 χῖἶκῖεξιδρῖ
1221 5664 1339 5767 aliis
1358 5664 1480 5767 sunt
1510 5688 1699 5767 pisces,
1800 5664 2359 5767 {orumg‘ac'lproindej
2373 5664 3078 5767 mammas‘nonz‘habre‘tshgt

1219 5737 1336 5813 iiii?
1359 5737 1701 5812 A—ristbtclcm
1801 5737 2031 5806 ostendit
2061 5737 2427 5802 Aldrovandus
2466 5741 2596 5797 locis
2632 5740 2825 5797 citatis.
2863 5737 3065 5791 Textus
3098 5737 3342 5790 hebrazus
