3926 6436
553 478 654 531 M5

552 595 783 637 mamma
815 579 1071 632 virulento
1118 577 1344 630 ablactat
1397 587 1419 614 α
1456 573 1659 628 catulos
1687 573 1821 626 lacte

553 672 777 738 benigne
825 670 876 722 in
919 669 1055 722 bona
1082 666 1350 719 voluntate
1385 673 1472 717 tua
1510 662 1658 725 Sion,
1707 670 1764 714 ut
1815 659 2107 713 :edilicetur

552 759 841 816 Jerusalem
886 774 1084 816 murus,
1117 756 1322 809 firmam
1352 755 1555 824 positus
1586 768 1742 820 supra
1771 760 1976 819 petram
1999 791 2011 811 ,
2055 751 2106 801 in

555 866 656 919 qua
697 849 859 916 millia
901 846 1204 915 angelorum
1245 842 1506 898 mellilluis
1543 843 1738 895 ducent
1765 841 2108 893 concentiltus

555 940 744 993 choros
797 936 1102 1006 psallentes.
1152 933 1328 985 Evelle
1377 931 1556 998 spinas
1585 940 1638 982 et
1687 930 1924 983 tribulos.
1975 942 2108 995 quos

555 1042 789 1094 quasque
833 1025 1109 1078 maledicta
1140 1021 1358 1089 protulit
1395 1029 1560 1080 terra,
1586 1029 1638 1071 et
1665 1020 1841 1085 planta
1873 1017 2108 1070 novellas

555 1117 717 1177 oleas,
763 1115 1149 1183 patnpineaque
1187 1111 1384 1170 vineta,
1418 1108 1692 1162 candiﬂuis
1723 1108 1865 1168 liliis,
1905 1122 2108 1175 purpu-

554 1206 765 1273 reisque
795 1205 1146 1268 circumsepta
1175 1201 1363 1252 rosetis
1389 1198 1438 1250 in
1466 1207 1626 1258 terra,
1656 1198 1740 1248 cui
1768 1193 2104 1254 bcneilixisti,

556 1309 674 1347 cum
723 1302 992 1345 averteres
1043 1290 1404 1358 Captivitatem
1435 1286 1615 1341 Jacob.
1667 1287 1823 1339 Istius
1860 1288 2107 1340 nimirum

554 1382 727 1436 lamiae
750 1381 960 1435 catulus
979 1388 1153 1434 exstat
1176 1380 1310 1432 lacte
1341 1379 1574 1430 nutritus
1596 1376 1869 1444 pestifero,
1903 1380 1991 1445 qui
2022 1391 2110 1429 sa-

554 1471 751 1538 crilego
785 1486 877 1522 ore
917 1478 966 1521 te
994 1470 1182 1522 asserit
1231 1469 1298 1520 ob
1328 1468 1540 1535 pietatis
1582 1476 1975 1520 sacramentum
2008 1482 2111 1519 non

554 1558 910 1612 es'sentialitcr
944 1557 1158 1620 bonum,
1187 1571 1249 1608 eo
1280 1555 1421 1623 quod
1446 1555 1654 1608 cuidam
1698 1554 1916 1606 subdole
1944 1555 2113 1606 inter-

556 1649 758 1718 roganti
796 1648 927 1715 legis
950 1646 1137 1714 perito,
1165 1646 1466 1710 bauumque
1497 1649 1548 1694 te
1579 1643 1892 1710 magistrum
1920 1682 1933 1703 ,
1961 1642 2112 1710 quasi

554 1754 744 1808 purum
797 1737 1066 1790 hominem
1096 1732 1389 1795 confitenti,
1442 1746 1561 1784 cum
1608 1741 1767 1785 recta:
1813 1732 1932 1785 fidei
1982 1733 2119 1786 ratio

555 1829 780 1896 exigerit
819 1827 983 1878 Deum
1026 1831 1075 1876 te
1119 1838 1301 1875 verum
1343 1830 1396 1873 et
1440 1822 1708 1876 hominem
1741 1822 1998 1890 profiteri,
2037 1840 2119 1878 re-

1463 468 1520 521 S.
1554 464 1818 520 PAULINI
1858 456 2313 516 FATRIARCHAS
2349 453 2812 522 AQUlLElENSlS

1875 587 1889 623 :
1939 577 1992 654 9t
2023 568 2102 622 fac
2135 573 2177 627 Α
2210 566 2321 619 sisti
2345 567 2559 620 dicens:
2603 564 2700 618 Vos
2723 568 2910 620 vocatis
2953 583 3031 619 me
3078 553 3324 637 Magister
3361 578 3408 621 et
3451 567 3694 626 Domine,
3721 579 3762 620 et

3667 456 3759 508 “5

2209 659 2332 709 bene
2353 657 2522 708 dicitis
2551 673 2567 709 :
2595 673 2708 709 sum
2737 658 2870 709 enim
2893 657 3070 727 (Joan.
3103 673 3219 722 λιιι,
3255 659 3361 728 15).
3388 657 3504 711 Non
3539 673 3668 728 ergo
3689 673 3766 712 se.

2210 747 2439 799 mundum
2466 761 2652 800 sonum
2683 748 2827 800 vocis
2873 747 3160 816 hypocrita:
3197 750 3406 813 scribae,
3440 750 3536 804 sed
3583 763 3770 802 secun-

2209 836 2331 888 dum
2364 836 2502 903 quod
2524 837 2734 904 proprie
2755 837 2918 890 solius
2942 849 3020 889 est
3051 838 3139 891 Dei
3165 852 3240 891 cm
3275 837 3340 890 ‘is
3365 838 3770 907 cogitationum-

2210 940 2310 991 que
2331 925 2550 978 audiens
2580 924 2709 994 [Pro
2735 925 3017 997 audientis]
3044 927 3360 995 respondisti
3383 927 3633 981 clamori.
3650 926 3770 980 Per-

2212 1014 2347 1067 lidia:
2390 1029 2575 1082 nempe
2614 1016 2933 1083 redarguens
2980 1018 3030 1070 in
3077 1017 3251 1070 cordis
3291 1018 3468 1070 tabula
3516 1019 3771 1085 scriptam

2212 1106 2474 1158 damnasti
2505 1105 2845 1159 calliditatem
2893 1124 2904 1156 :
2959 1122 3063 1159 non
3111 1107 3370 1174 simplicis
3405 1106 3654 1175 magistri
3689 1121 3773 1160 vo-

2212 1195 2383 1249 cabuli
2419 1194 2656 1264 refugisti
2703 1195 2954 1248 favorem.
3009 1196 3074 1248 Et
3111 1197 3360 1263 quoniam
3394 1212 3497 1249 non
3534 1197 3698 1250 Deum
3726 1204 3777 1250 et

2214 1285 2502 1346 hominem,
2535 1285 2626 1338 sed
2657 1300 2848 1353 purum
2883 1296 2932 1338 te
2956 1286 3054 1339 sub
3082 1286 3324 1354 magistri
3349 1286 3569 1340 nomine
3603 1285 3775 1340 homi-

2213 1391 2332 1430 nem
2360 1376 2663 1444 appellavit,
2697 1377 2790 1444 qui
2823 1377 3079 1430 debuerat
3106 1377 3274 1430 Dcum'
3310 1386 3365 1430 et
3392 1378 3666 1431 hominem
3694 1391 3779 1430 ve-

2215 1466 2409 1518 raciter
2454 1475 2503 1518 te
2543 1467 2783 1519 conliteri
2817 1484 2828 1518 :
2867 1467 3022 1520 talem
3067 1483 3193 1536 ergo
3231 1468 3411 1522 dixisti
3442 1470 3559 1522 'non
3601 1483 3780 1523 essen-

2216 1555 2413 1608 tialiter
2467 1556 2694 1616 bonum,
2741 1554 2951 1622 qualem
2997 1555 3085 1608 ille
3136 1554 3483 1622 magistrum,
3530 1555 3634 1609 hoc
3679 1565 3778 1616 cst.

2216 1659 2404 1712 purum
2431 1643 2703 1697 confessus
2729 1652 2810 1697 est
2841 1639 3108 1697 homiu‘em
3135 1645 3349 1697 bonrum.
3383 1643 3522 1709 Quid
3547 1661 3649 1698 me.
3685 1645 3780 1708 ais,

2217 1737 2346 1789 dicis
2374 1737 2560 1789 bonum
2585 1737 2608 1788 Ρ
2635 1735 2801 1789 Nemo
2833 1736 3016 1795 bonus.
3048 1737 3146 1788 nisi
3169 1735 3308 1788 solus
3338 1735 3495 1788 Deus.
3522 1735 3600 1788 Ac
3631 1736 3678 1790 si
3709 1724 3788 1790 di-V

2219 1842 2365 1880 ceres
2396 1842 2411 1878 :
2441 1827 2575 1898 Quid
2599 1841 2682 1880 me
2710 1826 2842 1879 dicis
2866 1827 3133 1880 hominem
3161 1827 3378 1888 bonum,
3405 1841 3528 1879 cum
3559 1841 3661 1895 ego
3689 1827 3783 1880 sim

556 1917 832 1984 spondisse
875 1924 926 1967 te
958 1913 1222 1966 neminem
1278 1911 1475 1965 bonum
1539 1911 1740 1980 legerat
1785 1911 1884 1964 nisi
1946 1911 2114 1966 Solum
2147 1901 2190 1958 Β
2222 1915 2357 1968 Deus
2397 1915 2588 1967 homo?
2636 1913 2814 1966 Talem
2852 1915 2970 1968 dico
3008 1914 3274 1968 neminem
3311 1914 3787 1968 essentialiterbo—

559 2009 724 2060 Deum
750 2004 897 2074 (Luc.
941 2017 1095 2068 xvnt,
1127 2000 1230 2070 'l9)
1285 2019 1298 2056 ς
1346 2003 1397 2054 in
1430 2010 1634 2058 tantum
1667 2012 1718 2056 te
1767 2019 1795 2055 a
1830 2004 1922 2056 Dei
1955 2005 2120 2057 solius

557 2097 834 2158 societate,
862 2094 986 2161 quia
1015 2094 1171 2146 homo
1205 2091 1316 2146 fieri
1350 2093 1596 2161 dignatus
1640 2108 1720 2154 es,~
1753 2093 1982 2146 avellere
2025 2100 2118 2146 co-

561 2194 736 2247 natur,
772 2194 1031 2252 quatenus
1059 2198 1153 2251 per
1189 2182 1240 2234 id
1261 2183 1401 2250 quod
1428 2183 1589 2235 homo
1615 2196 1692 2242 es,
1731 2196 1835 2234 non
1865 2184 2122 2236 essentia—

557 2274 694 2335 liter,
747 2274 839 2328 sed
867 2273 1220 2340 nuncupative
1260 2272 1334 2325 sis
1367 2272 1557 2333 bonus,
1598 2281 1852 2340 tanquam
1899 2275 2123 2342 quilibet

561 2366 721 2418 homo
766 2378 948 2431 purus,
995 2363 1084 2430 qui
1123 2377 1224 2414 non
1271 2370 1351 2415 est
1397 2377 1499 2417 una
1545 2378 1770 2432 persona
1822 2378 1943 2418 cum
1993 2364 2120 2428 Deo,

559 2456 699 2509 sicut
743 2465 797 2508 tu
832 2455 1064 2508 credoris
1113 2454 1284 2518 solus,
1334 2464 1387 2508 et
1433 2472 1534 2508 non
1579 2456 1894 2509 naturaliter
1932 2457 2121 2517 bonus,

562 2544 686 2611 quia
737 2543 800 2597 de
852 2544 1032 2596 vitiata
1083 2552 1163 2596 est
1210 2546 1385 2598 omnis
1429 2545 1589 2598 homo
1629 2554 1786 2597 natus
1816 2545 2126 2598 substantize

563 2649 758 2696 massa,
790 2634 880 2687 sed
907 2649 972 2686 ex
1002 2634 1140 2688 dono
1164 2637 1349 2703 gratia:
1385 2643 1442 2688 ut
1468 2637 1640 2688 bonus
1670 2636 1739 2687 sit
1774 2644 1823 2687 te
1858 2649 2128 2702 promere-

563 2737 648 2779 tur
673 2725 948 2792 largiente.
985 2723 1064 2778 Tu
1094 2734 1269 2777 autem
1298 2725 1388 2791 qui
1423 2725 1488 2776 de
1516 2724 1716 2792 Spiritu
1757 2735 1941 2778 sancto
1974 2734 2129 2778 natus

563 2829 622 2868 es
670 2829 832 2867 verus
875 2813 1063 2873 homo,
1111 2828 1382 2882 nunquam
1423 2812 1568 2866 fuisti
1603 2829 1771 2882 purus
1813 2816 1974 2868 homo
2008 2823 2125 2868 tau-

563 2904 854 2963 tummodo,
894 2902 984 2955 sed
1015 2902 1065 2954 in
1099 2901 1211 2970 ipso
1242 2903 1466 2971 spiritali
1491 2913 1750 2973 conceptu
1781 2905 1918 2959 Deus
1946 2907 2130 2960 crede-

563 2993 658 3052 ris,
692 2993 830 3045 Deus
855 3006 1063 3060 semper
1091 3001 1142 3046 et
1172 2993 1347 3046 homo.

1169 3103 1394 3158 CAPUT
1432 3102 1522 3155 χι.

567 3195 798 3250 Ostendit
830 3213 932 3249 non
963 3213 1148 3263 negare
1175 3211 1225 3247 se
1259 3193 1518 3247 Christum
1549 3194 1761 3264 bonum,
1797 3194 1886 3246 sed
1917 3211 2124 3264 respon~

633 3269 753 3318 dere
779 3283 879 3318 non
904 3283 1010 3318 esse
1035 3265 1220 3316 bonum
1244 3265 1494 3316 neminem
1523 3265 1620 3316 nisi
1645 3263 1808 3316 Deum
1835 3303 1850 3328 ,
1889 3264 2050 3332 eLqui
2076 3281 2129 3316 se

637 3335 873 3388 credebat
903 3335 1160 3386 hominem
1191 3333 1546 3386 tantummodo
1569 3334 1776 3385 bonum.

637 3443 969 3497 Conliteatur
1007 3457 1136 3512 ergo
1165 3456 1381 3496 necesse
1409 3450 1490 3496 est
1516 3441 1800 3496 luereticus
1839 3442 1935 3495 istc
1979 3442 2134 3496 labiis

572 3532 820 3586 toxicatis
847 3532 1102 3600 Spiritum
1133 3540 1375 3585 sanctum
1405 3546 1508 3583 nou
1537 3531 1894 3586 essentialiter
1915 3531 2132 3593 bonum,

569 3623 612 3676 si
644 3631 693 3676 te
720 3622 809 3690 qui
839 3622 902 3675 de
929 3620 1130 3688 Spiritu
1155 3629 1341 3673 sancto
1371 3628 1423 3672 et
1459 3620 1665 3688 virgine
1696 3621 1959 3674 veraciter
1982 3631 2136 3674 natus

569 3725 628 3762 es
655 3710 834 3772 homo,
864 3723 968 3761 non
1004 3708 1293 3776 acquiescit
1336 3708 1680 3775 singulariter
1709 3725 1827 3762 esse
1856 3725 1918 3764 ac
1957 3725 2138 3763 essen-

570 3799 768 3853 tialiter
793 3801 1010 3852 bonum.
1040 3798 1155 3851 Non
1183 3799 1324 3852 enim
1348 3808 1399 3851 te
1427 3799 1630 3866 negasti
1661 3801 1876 3862 bonum,
1907 3816 2025 3852 cum
2053 3801 2137 3854 di-

571 3907 743 3953 ceres,
792 3890 958 3942 Nemo
1005 3889 1166 3966 bonus
1221 3889 1318 3942 nisi
1371 3888 1510 3941 solus
1561 3887 1715 3948 Deus,
1763 3889 1886 3956 quia
1934 3898 2010 3951 tu,
2050 3891 2137 3956 qui

570 3980 818 4035 Christus
845 3994 922 4043 es,
959 3995 1078 4033 cum
1105 3979 1261 4033 Patre
1293 3989 1345 4033 et
1375 3979 1576 4048 Spiritu
1609 3989 1814 4043 sancto,
1853 3981 1996 4033 salva
2021 3997 2142 4049 pro-

575 4072 803 4142 prietate
851 4073 1008 4124 trium
1060 4087 1429 4140 personarum,
1470 4073 1615 4125 solus
1643 4079 1696 4125 et
1723 4088 1859 4125 unus
1893 4088 1952 4126 es
2004 4073 2143 4126 Deus

576 4164 766 4217 bonus.
810 4161 921 4215 Non
950 4162 1152 4224 dixisti,
1207 4176 1310 4213 non
1359 4176 1476 4213 sum
1521 4175 1620 4229 ego
1649 4162 1835 4223 bonus,
1890 4162 2143 4230 quoniam

576 4254 707 4306 alias
735 4251 1003 4319 professus
1037 4266 1094 4304 es
1125 4269 1135 4302 :
1171 4251 1280 4317 Ego
1311 4267 1425 4302 sum
1459 4259 1637 4318 pastor
1672 4251 1833 4305 bonus
1859 4251 2037 4322 (Joan.
2066 4270 2142 4315 xi,

577 4341 686 4407 ll).
734 4340 796 4392 Et
827 4340 990 4392 illud:
1039 4339 1117 4391 An
1159 4338 1337 4390 oculus
1375 4348 1492 4391 tuus
1530 4356 1746 4409 nequam
1785 4352 1876 4402 est,
1906 4345 2028 4411 quia
2056 4362 2147 4412 ego

575 4431 735 4482 bonus
760 4445 873 4482 sum
903 4427 1115 4500 (Matth.
1141 4444 1230 4491 xx,
1258 4429 1376 4496 l5)?
1401 4429 1504 4482 Sed
1533 4446 1630 4484 nec
1648 4434 1886 4502 magistri
1916 4436 2147 4488 nominis

578 4520 986 4587 appellationem
1035 4519 1302 4585 sprevisti,
1332 4520 1421 4586 qui
1448 4521 1723 4589 discipulis
1749 4525 1853 4577 tuis
1884 4525 1935 4578 in
1980 4541 2147 4582 omna:

579 4609 823 4662 convivio
861 4605 1195 4663 laudabiliter
1229 4607 1386 4676 hujus
1413 4613 1653 4666 vocabuli
1683 4629 1899 4668 causam
1931 4630 2148 4683 expres-

577 4767 614 4818 l.
640 4781 688 4820 c.
720 4765 966 4819 Ieremia:
986 4765 1143 4818 habet
1167 4775 1280 4844 pm
1307 4769 1490 4820 tannin
1513 4769 1614 4823 hoc
1636 4777 1718 4823 est
1742 4770 2026 4833 dracones,
2075 4772 2145 4825 ita

579 4862 633 4907 et
663 4852 793 4906 Chal
817 4853 942 4906 licus
971 4861 1025 4905 et
1051 4851 1189 4904 LXX
1214 4894 1226 4911 ,
1262 4853 1384 4906 licet
1414 4854 1580 4923 Syrus
1610 4865 1664 4909 et
1693 4855 1955 4912 Arabicus
1985 4859 2149 4913 inter-

580 4933 858 4998 pretentur
894 4937 1091 4998 canem
1118 4923 1480 4998 _sy|v_est_rem.
1540 4943 1558 4973 «
1584 4925 1866 4998 Sententia
1894 4943 2022 4998 ergo
2047 4937 2147 4987 est,

585 4991 660 5043 ait
704 4991 1031 5058 Mcnochius,
1061 4992 1220 5044 etiam
1253 4992 1381 5046 feris
1427 4994 1740 5047 truculentis
1785 5012 1889 5049 non
1917 4991 2151 5050 défuissc

586 5060 636 5113 in
661 5059 784 5113 suos
809 5060 968 5113 foetus
992 5069 1230 5113 materna
1258 5063 1491 5124 viscera;
1517 5063 1747 5118 defuisse
1769 5075 1945 5119 autem
1970 5068 2155 5121 matri-

586 5130 684 5182 bus
710 5127 1186 5198 JerOsolymitanis.
1216 5151 1232 5180 ι
1273 5131 1466 5186 Verum
1509 5131 1824 5188 Paschasius
1868 5136 2155 5191 Ritbcrtus

587 5200 652 5250 ad
687 5207 915 5274 mentem
941 5199 1142 5274 Paulini
1179 5201 1544 5274 no_stri__locu_m
1567 5201 1812 5258 Jercmim
1845 5206 2156 5274 interpreta-

591 5275 676 5318 tur
702 5267 792 5319 lih.
815 5283 867 5320 tv
894 5267 945 5320 in
960 5267 1455 5324 Lamentationibus
1475 5270 1739 5327 Jeremiar.
1772 5274 1860 5330 Sic
1881 5267 2020 5328 enim
2043 5276 2150 5328 ait:

596 5353 613 5414 γ
647 5335 750 5390 Sed
772 5345 826 5389 et
848 5335 1046 5414 Christi
1077 5337 1310 5414 Ecclesia
1340 5340 1655 5414 plangitper
1695 5344 1884 5399 lamias
1911 5346 2157 5414 hypocri-

593 5413 766 5480 tarum
811 5415 968 5475 atque
1014 5408 1385 5480 haereticorum
1413 5408 1658 5464 callidam
1707 5408 2152 5480 perversitatem:

593 5473 1001 5562 quisliiin‘ianam
1027 5478 1240 5562 quidem
1269 5478 1463 5562 faciein
1502 5473 1773 5562 gestantes
1805 5484 2033 5538 belluina
2061 5501 2158 5554 pcr

598 5548 920 5617 impietatem
942 5548 1112 5617 corda
1155 5557 1366 5617 gerunt.
1424 5548 1524 5615 Qui
1575 5560 1701 5605 tunc
1741 5568 2026 5607 mammam
2062 5548 2160 5607 nu-

597 5613 746 5676 «lant,
781 5613 1252 5691 quandoerror'eut
1293 5613 1462 5691 suum
1482 5621 1645 5676 libere
1672 5623 1962 5691 prmdicant
1991 5643 2002 5676 :
2033 5634 2158 5678 tunc

597 5696 723 5765 vero
752 5684 955 5764 catulos
989 5686 1187 5741 lactant
1214 5730 1226 5751 ,
1263 5689 1474 5765 quando
1504 5691 1640 5755 male
1673 5684 2155 5765 'seqna‘ccsgparvu-

525 5765 530 5768 ·
598 5748 768 5833 lorum
810 5753 1016 5833 animas
1054 5748 1299 5833 perversa
1343 5752 1566 5819 docent,
1620 5770 1672 5813 et
1719 5748 1783 5816 ad
1831 5748 2156 5832 impiétatem

601 5818 745 5875 male
775 5818 1066 5880 mitriendo'
1083 5828 1437 5894 conformant,
1469 5818 1570 5884 etc.
1609 5852 1625 5881 ι

2220 2022 2366 2067 num,
2395 2004 2604 2072 qualem
2632 2019 2715 2058 me
2746 2013 2799 2057 tu
2827 2005 3093 2058 hominem
3123 2004 3326 2058 scilicet
3358 2006 3657 2074 suspicaris
3683 2016 3800 2057 tau-

2223 2097 2496 2151 tummodo
2531 2095 2767 2169 homth
2808 2095 2958 2150 Unde
3001 2103 3055 2147 et
3081 2109 3202 2148 cum
3232 2094 3274 2147 si
3304 2094 3463 2148 vellet
3493 2094 3661 2146 vitam
3694 2095 3786 2147 ha-

2221 2192 2368 2253 bere,
2400 2191 2465 2243 ad
2497 2190 2624 2257 legis
2657 2201 2932 2242 recurrere
2954 2187 3177 2242 docuisti
3207 2196 3495 2256 praecepta,
3527 2195 3794 2255 quatenus

2222 2299 2283 2338 ea
2310 2282 2529 2352 legendo
2559 2281 2802 2341 disceret,
2851 2278 3295 2347 quemadmodum
3324 2287 3375 2332 te
3402 2293 3594 2331 verum
3630 2278 3789 2334 Deum

2225 2376 2274 2428 iu
2305 2373 2556 2442 mysterio
2583 2369 2863 2424 Trinitatis
2900 2369 3085 2436 prima:
3114 2367 3244 2436 legis
3288 2366 3415 2420 latio
3458 2368 3793 2426 demonstra-

2226 2471 2308 2517 ret
2340 2481 2352 2513 :
2383 2471 2435 2514 et
2463 2462 2585 2529 quia
2617 2476 2722 2512 non
2750 2459 2872 2512 ﬁcto
2893 2459 3074 2520 corde,
3104 2457 3242 2511 sicut
3273 2455 3339 2509 ab
3367 2456 3470 2508 hoc
3492 2455 3789 2525 hypocrita.

2226 2553 2315 2620 qui
2363 2566 2419 2603 se
2445 2551 2665 2617 putabat
2693 2549 2822 2616 legis
2847 2548 3076 2614 peritum
3099 2585 3113 2608 ,
3157 2558 3305 2599 esses
3329 2544 3635 2614 diligendus
3658 2585 3672 2608 ,
3705 2544 3794 2598 sed

2227 2641 2366 2693 sicut
2391 2638 2461 2690 ibi
2505 2638 2714 2704 legitur,
2740 2652 2803 2688 ex
2849 2645 2961 2691 toto
2985 2635 3165 2699 corde,
3196 2641 3250 2688 et
3274 2648 3338 2688 ex
3371 2643 3480 2688 tota
3511 2634 3714 2696 anima,
3742 2644 3795 2686 et

2227 2742 2294 2782 ex
2322 2735 2427 2780 tota
2457 2726 2671 2778 virtute.

2812 2835 3038 2889 CAPUT
3085 2835 3195 2888 XII.

2234 2971 2500 3033 Quomodo
2550 2969 2717 3022 Filius
2755 2971 2994 3038 ignorare
3031 2969 3162 3038 diem
3201 2967 3652 3038 judicii_dicatur,
3683 2983 3799 3020 cum

2292 3041 2558 3108 judicium
2582 3040 2647 3092 ad
2668 3035 2832 3108 ipsum
2856 3047 3040 3107 spectet
3067 3035 3364 3108 :rzllodestia
3395 3035 3609 3089 Paulini
3630 3053 3800 3108 supcr-

2299 3110 2520 3162 scdentis
2567 3126 2597 3160 α
2621 3106 2967 3160 Controversia
3009 3106 3322 3166 dirimenda,
3359 3108 3595 3172 quamvis
3625 3107 3676 3159 in
3707 3123 3803 3158 an-

2300 3179 2537 3230 thcnticis
2567 3193 2676 3229 sua?
2707 3176 2930 3229 ecclesia:
2948 3173 3347 3242 exemplaribus,
3378 3184 3424 3225 et
3446 3175 3590 3242 apud
3618 3174 3800 3227 Hiero-

2305 3263 2513 3316 nymum
2556 3256 2603 3300 et
2639 3246 2964 3300 Ambrosium
2995 3261 3097 3298 non
3124 3244 3411 3311 reperiatur
3445 3246 3501 3298 τὸ
3545 3244 3713 3298 Filius
3748 3245 3799 3295 in

2304 3319 2464 3371 allata
2485 3317 2756 3369 sententia.

2306 3454 2503 3507 Eodem
2535 3465 2760 3520 namque
2789 3450 2943 3504 modo
2969 3458 3186 3518 propter
3211 3449 3526 3518 mysterium
3557 3447 3803 3502 incarna-

2235 3545 2395 3599 tionis
2429 3551 2672 3596 autumat
2704 3551 2753 3595 te
2783 3540 2974 3594 Filium
3012 3541 3101 3593 Dei
3144 3539 3282 3593 diem
3309 3537 3495 3606 judieii
3538 3538 3802 3607 ignorare,

2238 3655 2355 3692 cum
2379 3638 2492 3691 dies
2518 3636 2673 3704 plane
2701 3633 2914 3703 proprie
2938 3632 3123 3702 judicii
3147 3631 3280 3685 Filio
3309 3628 3544 3684 hominis
3568 3627 3807 3683 ascriba—

2238 3742 2343 3784 tur.
2400 3729 2546 3784 Sicut
2595 3729 2788 3796 fulgur,
2838 3727 3033 3794 inquis,
3081 3725 3182 3778 exit
3208 3723 3272 3776 ab
3313 3721 3556 3785 Oriente;
3590 3730 3636 3774 et
3665 3728 3806 3788 paret

2241 3839 2397 3891 usque
2423 3823 2474 3874 in
2502 3819 2853 3879 Occidentem,
2893 3817 2966 3868 ita
2994 3815 3088 3868 erit
3119 3823 3165 3866 et
3194 3813 3442 3866 adcentus
3485 3809 3612 3862 Filii
3646 3809 3808 3862 homi-

2243 3915 2319 3966 nis
2349 3911 2560 3978 (Malth.
2592 3925 2736 3971 xxw,
2763 3907 2874 3976 27).
2920 3906 2986 3960 Et
3034 3905 3161 3958 illud
3209 3921 3222 3956 :
3283 3901 3425 3956 Tunc
3451 3900 3692 3954 ridebunt
3725 3897 3811 3951 Fi-

2241 4003 2367 4055 lium
2418 4000 2640 4053 hominis
2680 3999 2960 4050 venientem
2997 3997 3050 4048 in
3083 3994 3300 4047 nubibus
3340 3991 3452 4044 casli
3481 4007 3596 4042 cum
3626 3991 3809 4043 rimae

2243 4095 2405 4148 multa
2437 4103 2483 4146 et
2504 4092 2772 4160 majestate
2796 4088 2957 4160 (Ibid.
2983 4087 3094 4157 30).
3127 4087 3192 4140 Et
3216 4100 3436 4139 rursus:
3468 4081 3597 4136 Cum
3625 4083 3812 4136 sederit

2246 4185 2415 4237 Filius
2461 4183 2681 4235 hominis
2725 4181 2776 4233 in
2819 4179 2938 4233 sede
2965 4177 3251 4247 majestatis
3278 4191 3388 4228 sua:
3423 4172 3638 4242 (Matth.
3688 4188 3811 4233 xxv,

2246 4277 2355 4344 5⁸7).
2387 4275 2492 4328 Sed
2531 4273 2778 4341 quoniam
2824 4271 2875 4324 in
2919 4267 3234 4336 antiquariis
3280 4263 3692 4333 Evangeliorum
3722 4279 3812 4314 au-

2250 4366 2521 4427 thentii-is,
2546 4379 2665 4432 qua:
2691 4375 2853 4430 penes
2878 4375 2994 4422 nos,
3014 4367 3068 4412 et
3097 4357 3146 4409 in
3173 4355 3370 4409 scrinio
3393 4365 3594 4408 sancta:
3617 4364 3813 4407 nostra:

2250 4457 2609 4510 retinerentur
2647 4451 2925 4513 ecclesiae,
2977 4448 3096 4502 Filii
3145 4445 3462 4500 vocabulum
3523 4445 3574 4498 in
3625 4446 3811 4499 eodem

2252 4545 2524 4614 Evangelii
2557 4543 2672 4596 loco
2709 4542 2967 4595 insertum
3011 4539 3229 4591 minime
3264 4535 3428 4588 valuit
3471 4535 3730 4602 reperiri,
3764 4544 3815 4588 et

2252 4637 2351 4689 viri
2375 4633 2738 4695 illustrissimi,
2780 4633 2967 4685 beatus
2993 4627 3194 4682 scilicet
3223 4625 3578 4694 Hieronymus
3608 4624 3636 4663 δ
3658 4632 3820 4693 atque

2323 4801 2348 4829 ⁸
2401 4786 2662 4840 Virulemo
2698 4784 2921 4837 ablactat
2952 4781 3148 4836 catulos
3177 4781 3330 4844 lacte,
3350 4795 3449 4850 pro
3476 4779 3636 4834 lactat
3666 4794 3818 4850 usur-

2254 4859 2398 4927 pavit
2443 4857 2713 4927 Paulinus.
2757 4852 3039 4906 Ablactare
3077 4853 3218 4904 enim
3247 4849 3470 4927 proprie
3497 4858 3580 4927 c_st
3621 4865 3650 4927 a
3681 4849 3817 4904 lacte

2255 4919 2522 4988 amovere,
2553 4926 2694 4994 quod
2735 4934 2817 4994 est
2844 4931 3295 4994 qontra_mentem
3327 4919 3553 4994 Paulini,
3585 4926 3647 4972 ut
3673 4927 3818 4994 patet

2255 5015 2316 5053 ex
2350 4998 2433 5059 iis,
2464 4988 2585 5065 quaa-
2606 4996 2767 5052 habet
2801 4992 2937 5047 infra
2969 5009 2981 5044 :
3024 4990 3224 5060 Lamiae
3251 4988 3454 5042 catulus
3483 4997 3651 5043 exstat
3688 4988 3820 5043 lacte

2256 5069 2482 5122 nutritus
2511 5065 2774 5135 pestifero.

2330 5140 2353 5176 ιι
2395 5129 2963 5203 Ηὶρὲοηῃήιιξξκιλοςυε
2989 5129 3293 5203 Hieronymi
3312 5129 3505 5203 laic‘est
3527 5131 3579 5184 in
3605 5144 3654 5203 c_.
3675 5145 3819 5203 xxiv.

2255 5207 2441 5260 Matth.
2492 5198 2618 5257 tom'.
2652 5202 2816 5255 XXVI
2861 5198 3198 5267 Patrologize.
3253 5199 3354 5253 col.
3396 5199 3488 5255 l8l
3523 5215 3538 5252 :
3569 5218 3588 5249 ι
3624 5198 3682 5253 In
3704 5200 3820 5268 qui-

2257 5277 2477 5330 busdam
2506 5274 2709 5326 Latiuis
2735 5271 3008 5325 codicibus
3029 5270 3264 5323 additum
3299 5277 3402 5332 est,
3430 5269 3612 5337 Neque
3633 5268 3776 5337 ﬁlius
3803 5282 3820 5319 :

2259 5362 2378 5400 cum
2409 5346 2461 5397 in
2491 5343 2714 5404 Grmcis,
2744 5349 2796 5393 et
2823 5339 3054 5397 maxime
3081 5337 3380 5392 Adamantii
3417 5346 3474 5392 et
3520 5337 3682 5394 Pierii
3732 5354 3820 5391 ex-

2258 5414 2587 5484 emplaribus
2624 5413 2733 5484 hoc
2759 5410 3170 5484 nonliabeatur
3215 5409 3540 5484 ascriptum;
3588 5407 3818 5484 gedquia

2260 5486 2312 5538 in
2347 5476 2614 5537 nonnullis
2637 5481 2848 5550 legitur,
2905 5479 3242 5550 inserendum
3301 5476 3528 5550 videtur.
3566 5476 3823 5550 Gaudent

2261 5555 2450 5607 Arrius
2479 5563 2532 5606 et
2583 5546 2899 5613 Eun'omius,
2931 5548 3080 5619 quasi
3113 5549 3407 5619 ignorantia
3441 5548 3684 5619 magistri
3716 5546 3821 5616 glo~

2263 5625 2340 5676 ria
2399 5624 2468 5678 sit
2503 5621 2901 5688 discipulorum.
2958 5638 2974 5667 ι
3023 5616 3152 5688 Haec
3192 5616 3566 5688 Hieronymus.
3607 5616 3665 5671 Si
3723 5632 3820 5670 non

2262 5693 2395 5747 alius
2419 5686 2767 5746 Adamantius
2797 5697 2878 5743 est
2925 5704 2987 5742 ac
3035 5686 3316 5757 Origenes,
3355 5686 3446 5756 qui
3475 5687 3822 5757 Adamantius

2261 5771 2344 5816 est
2380 5762 2572 5823 dictus,
2626 5759 2796 5813 fateor
2827 5773 2929 5811 non
2959 5756 3214 5826 intelligo,
3268 5757 3536 5826 quomodo
3567 5756 3819 5823 Hierony-

2263 5847 2380 5886 mus
2427 5839 2628 5886 asserat
2673 5845 2801 5883 non~
2830 5843 2945 5884 esse
2993 5827 3248 5896 scriptum
3297 5828 3346 5880 in
3396 5827 3700 5881 Adamantii
3736 5840 3820 5879 ex-
