3926 6422
119 469 219 524 H5

771 461 1041 518 CONTRA
1079 457 1363 513 FELICENI
1405 447 1930 509 URGELLITANUIII
1972 443 2143 498 LIBRI
2183 443 2262 495 ιιι.
2295 474 2360 480 ——
2399 441 2519 495 LIB.
2563 441 2646 493 III.

3203 435 3302 490 Uti

117 579 429 634 Ambrosius
457 592 505 641 ι’
530 578 658 630 satis
687 577 737 629 in
764 588 914 628 sacro
935 571 1237 640 peritissimi
1263 569 1492 636 eloquio,
1518 564 1656 618 alIir—
1689 566 1730 621 Α
1759 560 1840 611 nis
1891 558 2048 610 rebus
2070 555 2222 608 valde
2245 553 2624 607 strenuissimis
2651 552 2794 610 viris,
2858 547 3066 602 Ilelario
3122 550 3305 641 videli-

121 677 265 722 inant
294 667 449 720 ambo
473 676 701 720 consona
728 677 856 716 voce
878 701 892 723 ,
939 659 1086 714 lectis
1117 673 1242 711 sane
1270 659 1335 710 ab
1359 657 1436 709 eis
1471 653 1660 722 priscis

118 757 423 810 Graecorum
454 752 606 821 155
641 750 927 809 codicibus,
958 748 1010 800 in
1030 747 1214 799 eadem
1243 744 1510 812 Evangelii
1541 741 1662 795 folia

123 843 247 895 Filii
296 825 486 894 nomen
530 854 631 892 non
664 837 822 889 fuisse
855 837 1148 903 inSpectum
1190 848 1203 884 :
1254 831 1390 884 unde
1427 838 1481 882 et
1505 845 1568 881 ex
1600 843 1662 881 eo

120 929 372 986 credibile
414 936 586 998 potest
616 925 778 978 videri
822 924 974 990 longe
1002 939 1031 975 a
1067 939 1194 975 vero
1221 928 1272 975 et
1301 935 1365 973 cx
1403 915 1665 985 superﬂuo

121 1021 377 1074 alditum.
419 1017 674 1083 Quoniam
701 1015 746 1067 si
787 1015 852 1067 ab
889 999 1219 1082 Evangelista
1261 1009 1452 1062 celebri
1484 1006 1668 1076 fttiss‘et

123 1110 327 1163 calamo
349 1106 757 1175 promulgatum,
788 1117 1118 1168 nequaquam
1142 1108 1259 1168 post
1287 1096 1502 1165 angelos
1541 1092 1667 1145 Filii

122 1198 352 1264 positum
381 1208 572 1247 nomen
596 1190 977 1258 specularetur,
1007 1187 1445 1254 quemadmodum
1478 1184 1527 1234 in
1553 1181 1668 1249 qui-

123 1283 343 1337 busdam
395 1278 776 1333 recentioribus
805 1275 1079 1342 inspicitur
1105 1271 1454 1323 voluminibus
1483 1283 1670 1320 exara-

124 1382 233 1424 tum
265 1388 277 1421 :
310 1370 384 1422 De
409 1370 490 1420 die
519 1376 686 1419 autem
721 1365 809 1417 illo
838 1374 882 1416 et
907 1363 1033 1415 hora
1060 1378 1204 1414 nemo
1225 1363 1319 1413 scit
1343 1400 1356 1424 ,
1399 1375 1554 1427 neque
1583 1375 1669 1410 nn-

123 1458 217 1528 θειί
270 1457 532 1518 caelorum,
577 1471 734 1524 neque
779 1452 946 1505 Filius
1001 1451 1190 1520 (Marc.
1239 1467 1353 1509 xm.
1380 1449 1488 1516 5‘2).
1530 1448 1672 1503 Ordo

126 1556 500 1615 pncposterus,
549 1544 734 1598 Filium
782 1549 902 1609 pOst
949 1540 1179 1609 angelos,
1229 1539 1504 1591 Dominum
1555 1544 1674 1604 post

127 1651 329 1698 servos,
351 1643 643 1689 creatorem
670 1640 785 1700 post
817 1640 1132 1684 creaturam.
1164 1629 1364 1682 Idcirco
1393 1643 1496 1680 non
1527 1628 1593 1680 ab
1616 1641 1672 1678 re

127 1724 378 1777 existimo
424 1722 490 1774 ab
522 1720 604 1774 his
644 1711 1010 1785 disputationis
1046 1717 1365 1782 suspendere
1404 1715 1576 1775 ﬁlum,
1611 1716 1674 1766 de

128 1813 321 1879 quibus
382 1810 552 1863 dubia:
610 1808 850 1860 veritatis
906 1805 1171 1859 mobilitas
1221 1804 1390 1858 modis
1430 1805 1675 1856 omnibus

127 1901 294 1970 exigit
328 1900 557 1952 titubare
583 1897 914 1965 scriptorem.

710 2007 930 2062 CAPUT
980 2005 1110 2060 XIII.
1155 2057 1158 2059 .

137 2101 451 2166 Qucstionis
472 2099 552 2166 Vde
572 2105 734 2149 matre
755 2096 981 2166 ﬁliorum
1018 2093 1252 2166 Zebediri
1276 2091 1584 2166 solutionem
1616 2096 1687 2142 ad

436 2165 693 2218 Hilarium
728 2175 772 2216 et
802 2164 1122 2215 Ambrosium
1163 2162 1390 2213 remittit.

204 2259 283 2310 De
306 2256 561 2324 petitione
573 2262 746 2306 autem
765 2251 1002 2306 femineae
1023 2251 1254 2318 pietatis,
1279 2251 1467 2302 matris
1485 2249 1686 2302 scilicet

136 2345 365 2398 ﬁliorum
395 2341 631 2396 Zebedzei
650 2341 996 2401 obsecrantis,
1020 2348 1280 2408 quatenus
1301 2340 1401 2392 duo
1431 2339 1525 2412 lilii
1546 2337 1679 2405 ejus,

133 2448 268 2486 unus
307 2431 376 2484 ad
401 2433 693 2493 dexteram,
737 2437 789 2483 et
818 2445 952 2482 unus
981 2429 1032 2481 in
1064 2443 1225 2497 regno
1245 2427 1440 2481 Christi
1467 2427 1531 2479 ad
1558 2427 1685 2479 sini-

134 2531 300 2574 stram
341 2519 455 2587 ejus
498 2519 680 2572 sedere
744 2527 1175 2587 promererentur
1216 2517 1425 2587 (Matth.
1472 2532 1560 2579 xx,
1615 2515 1685 2568 20

135 2610 296 2679 seq.);
344 2617 399 2662 et
427 2609 551 2677 quia
579 2623 682 2660 non
712 2616 851 2661 esset
895 2623 1046 2659 suum
1089 2607 1244 2673 bujus
1286 2607 1410 2659 dare
1436 2606 1688 2659 sessionis

135 2701 278 2754 audit
307 2715 340 2751 a
367 2699 589 2752 Domino
614 2705 720 2749 tam
749 2695 1018 2748 altissima:
1038 2694 1308 2761 dignitatis
1327 2695 1683 2760 privilegium,

133 2800 184 2843 et
214 2792 278 2844 de
300 2788 628 2855 subjectione
654 2786 794 2848 Filii,
848 2800 968 2838 cum
1015 2785 1290 2837 tradiderit
1319 2799 1534 2852 regnum
1580 2783 1686 2836 Deo

133 2888 183 2930 tt
219 2877 408 2937 Patri;
453 2877 576 2943 quia
612 2874 736 2928 olim
767 2889 796 2926 a
822 2874 1011 2941 priscis
1043 2873 1364 2934 doctoribus,
1407 2880 1460 2925 et
1481 2872 1533 2924 in
1563 2871 1689 2925 divi~

134 3028 462 3097 cmplaribus
489 3025 690 3080 Graecis
721 3025 1134 3097 additamentum
1185 3024 1308 3097 illud
1338 3041 1496 3097 neque
1525 3023 1685 3097 ﬁlius,

135 3094 253 3151 cum
277 3097 538 3164 Origenes
565 3099 615 3147 in
639 3109 754 3162 cap.
807 3110 929 3147 xxw
976 3094 1228 3158 Mattlitei,
1257 3096 1398 3148 hom.
1425 3096 1512 3157 50,
1542 3095 1684 3164 edit.

138 3165 300 3218 Paris.
362 3162 448 3218 a'n.
493 3164 647 3225 I520,
691 3165 903 3216 disertis
928 3165 1103 3231 verbis
1125 3164 1315 3216 habeat
1343 3179 1502 3231 neque
1521 3162 1682 3227 ﬁlius.

139 3235 212 3286 En
248 3235 408 3287 verba
434 3232 548 3297 ejus
580 3253 592 3284 :
623 3232 698 3284 De
726 3233 809 3283 die
829 3244 996 3283 autem
1027 3230 1118 3283 illa
1142 3241 1187 3283 et
1209 3233 1335 3282 liora
1381 3230 1524 3282 nemo
1569 3233 1682 3291 scit,

141 3319 297 3371 neque
329 3303 499 3369 angeli
530 3300 792 3360 caelorum,
826 3315 985 3368 neque
1010 3297 1193 3371 Filius,
1230 3299 1328 3352 nisi
1353 3297 1509 3351 Pater
1529 3297 1687 3371 solus.

138 3365 222 3424 Do'
258 3365 504 3423 Latinam
543 3371 860 3430 versionem,
900 3365 1036 3420 cum
1064 3366 1245 3421 Grmca
1299 3382 1408 3436 prae
1451 3367 1692 3420 manibus

139 3455 240 3492 non
267 3440 376 3492 sint
399 3437 742 3504 exemplaria,
795 3436 848 3502 in
875 3437 1067 3504 quibus
1103 3447 1277 3489 tamen
1306 3435 1375 3488 ne
1407 3435 1694 3503 suspiceris

140 3523 198 3560 ea
228 3510 396 3560 verba
443 3503 626 3561 deesse
655 3519 669 3556 :
695 3503 1036 3558 etenim’l‘use
1072 3505 1281 3570 lateque
1306 3505 1443 3557 hanc
1474 3504 1694 3556 ditlicul-

142 3585 302 3629 tatem
332 3576 510 3642 pergit
559 3573 842 3642 explicare,
888 3573 1149 3639 quomodo
1181 3571 1576 3642 intelligendum
1626 3571 1695 3624 sit

144 3591 302 3629 tatem
373 3591 510 3642 ergit
559 3591 842 3640 explicare,
888 3591 1149 3639 quomouo
1181 3591 1576 3641 intelligendum
1626 3591 1694 3624 su

144 3645 190 3697 id
214 3591 572 3710 quoxdicitur
595 3643 732 3710 apud
790 3640 1112 3702 Matthzeum,
1152 3655 1339 3710 nempe
1390 3639 1576 3710 Filium
1599 3655 1694 3692 ne-

144 3708 279 3764 scire
312 3711 454 3763 diem
478 3708 823 3779 judiciiquod
848 3711 1030 3776 utique
1059 3724 1162 3779 non
1194 3709 1409 3770 faceret,
1452 3708 1552 3779 nisi
1585 3709 1694 3779 ipse

146 3780 214 3833 ita
245 3777 551 3848 scripsisset
576 3779 627 3848 in
649 3778 850 3848 Graecis
870 3778 1278 3848 exemplaribus,
1304 3793 1421 3848 qua:
1445 3777 1692 3848 vulgavit.

216 3861 241 3887 ιι
278 3845 445 3916 Aldus
469 3847 802 3916 Ambrosius._
819 3848 954 3898 Loco
980 3861 1108 3916 vero
1125 3846 1395 3916 Ambrosii
1416 3855 1497 3916 est
1542 3845 1632 3897 lib.
1656 3859 1695 3916 _v

151 3917 221 3970 De
245 3913 486 3983 ﬁde—cap.
542 3913 624 3972 IG.
665 3931 716 3966 ιι.
749 3914 866 3983 I93,
902 3924 1030 3967 tom.
1069 3913 1180 3966 XVI
1225 3913 1550 3982 Patrrlogize,
1593 3913 1691 3966 col.

151 3986 268 4046 688,
296 3982 625 4052 edit.'Migne
651 4000 663 4034 :
699 4001 716 4032 (
751 3982 1018 4050 Scriptum
1047 3991 1148 4044 est,
1180 3983 1422 4049 inquiunt
1448 3982 1691 4052 (Ariani),

153 4054 226 4106 De
273 4053 356 4104 die
382 4050 554 4104 autem
594 4052 708 4119 illo_
727 4062 772 4103 et
815 4052 943 4103 hora
983 4067 1128 4119 nemo
1166 4053 1280 4119 scit,
1312 4050 1482 4119 neque,
1519 4050 1697 4117 Angeli

155 4120 416 4181 calorum,
475 4135 632 4187 neque
663 4117 852 4181 Filius,
879 4119 1002 4187 nisi
1031 4118 1182 4187 solus
1231 4117 1406 4170 Pater.
1464 4118 1697 4187 Primum

154 4199 359 4242 veteres
395 4203 500 4240 non
532 4183 723 4240 habent
774 4186 983 4240 codices
1017 4185 1207 4247 Graeci,
1261 4188 1380 4253 quia
1404 4201 1503 4239 nec
1533 4183 1699 4238 Filius

156 4258 253 4308 scit
283 4275 294 4307 :
325 4257 419 4310 sed
466 4272 569 4309 non
605 4257 792 4308 mirum
831 4255 873 4323 si
901 4264 955 4308 et
992 4255 1090 4308 hoc
1115 4256 1385 4316 l'alsarunt,
1439 4255 1529 4323 qui
1557 4255 1700 4308 Scri-

155 4335 336 4392 pturas
387 4325 774 4392 interpolavere
816 4322 1038 4392 divinas.
1099 4323 1209 4388 Qua
1257 4322 1468 4377 ratione
1524 4335 1698 4376 autem

158 4389 394 4446 videatur
415 4389 676 4460 adjectum
699 4391 1102 4460 proditurtdum
1127 4392 1190 4444 ad
1208 4392 1695 4460 interpretationem

157 4462 282 4518 tanti
308 4460 573 4528 sacrilegii
594 4458 880 4512 derivatur.
918 4478 936 4509 ι
965 4458 1087 4528 Hau:
1107 4458 1436 4513 Ambrosius.

1759 654 1842 699 cet
1864 646 1890 683 ι)
1916 643 2268 697 Pectaviensis
2300 640 2513 694 famosae
2536 638 2915 692 recordationis
2951 639 3088 698 viro,
3121 637 3172 690 in
3219 638 3310 691 de-

1759 733 1918 794 (imo,
1963 732 2017 784 ni
2045 730 2212 790 fallor,
2274 729 2450 797 operis
2501 727 2582 780 sui
2616 741 2711 794 pro
2756 741 2912 780 causa
2946 726 3152 791 digesto
3187 722 3306 777 ﬁdei

1758 821 1912 882 libro,
1963 829 2016 873 et
2043 823 2206 874 beatze
2241 818 2504 871 memori-.e
2530 817 2807 870 Ambrosio
2855 814 3252 867 Mcdiolanensis
3277 823 3300 850 ε

1760 911 1900 963 sedis
1951 911 2204 972 antistite,
2261 909 2312 960 in
2360 908 2544 974 quinto
2588 906 2651 957 ad
2673 903 2984 956 Gratianum
3012 903 3306 969 Augustum

1762 1000 2046 1059 volumine,
2076 997 2141 1051 ad
2171 999 2380 1050 Arianae
2411 1010 2627 1064 prorsus
2680 994 2911 1062 perﬁdia:
2965 991 3307 1044 refellendam

1765 1088 2039 1148 insaniam.
2069 1089 2206 1156 5ton
2233 1089 2518 1156 perspicuo
2548 1094 2783 1145 exarato,
2837 1083 3105 1137 latissima:
3129 1083 3310 1146 dispu-

1766 1178 1982 1232 tationis
2011 1178 2266 1230 insulcata
2291 1178 2570 1228 verborum
2594 1175 2731 1226 serie
2780 1174 2969 1242 legisse
3000 1185 3082 1224 me
3116 1169 3309 1233 recolo,

1766 1267 1908 1319 viros
1935 1266 2174 1333 egregios
2197 1265 2247 1316 in
2269 1264 2580 1330 explicando
2605 1278 2706 1316 non
2729 1259 3071 1314 incommoda:
3091 1257 3314 1312 rationis

1767 1353 1988 1423 glovello
2009 1353 2034 1390 ἀ
2060 1353 2333 1420 Operosius
2361 1352 2664 1405 desudasse.
2713 1351 2860 1403 Alter
2908 1351 3092 1402 horum
3132 1349 3194 1401 de
3222 1362 3315 1416 pe-

1771 1444 1954 1496 titione
2009 1444 2214 1504 matris,
2256 1441 2391 1493 alter
2429 1455 2552 1493 vero
2577 1440 2640 1492 de
2679 1437 2796 1491 Filii
2833 1437 3157 1504 subjectione
3211 1452 3315 1490 non

1772 1531 1915 1584 brevi
1945 1530 2194 1599 explicuit
2216 1530 2370 1598 stylo.
2396 1530 2618 1595 Ideoque
2642 1542 2744 1579 non
2769 1525 3198 1599 inconvenienter
3217 1525 3320 1576 uti-

1772 1619 1892 1680 lius,
1933 1629 1990 1670 ut
2054 1618 2301 1680 arbitror,
2349 1615 2579 1682 jndicavi
2622 1617 2688 1669 ab
2726 1615 2809 1668 his
2846 1615 3024 1674 etiam,
3075 1613 3171 1666 etsi
3213 1627 3314 1665 non

1773 1711 2000 1778 penitus,
2049 1707 2476 1775 compendiosius
2518 1715 2693 1757 tamen
2748 1702 3070 1757 deﬁnitionis
3114 1701 3315 1755 calamo

1773 1809 2087 1866 temperare.
2117 1799 2180 1850 Et
2205 1798 2452 1865 quoniam
2484 1810 2584 1848 non
2623 1794 2986 1861 praetereundo
3023 1792 3315 1846 omnitnoda

1709 1886 1750 1944 Β
1779 1885 2212 1938 dissimulationis
2237 1885 2436 1937 incuria
2457 1883 2684 1950 qualitas
2708 1889 2985 1949 extorquet
3040 1881 3305 1934 necessita

1779 1974 1867 2035 tis,
1898 1973 2189 2041 praisertim
2231 1987 2351 2026 cum
2378 1972 2458 2022 vir
2479 1973 2577 2025 iste
2606 1971 2892 2038 semiplena
2921 1971 3122 2023 cerebri
3158 1980 3179 2007 ε
3204 1985 3317 2037 por-

1779 2065 1921 2118 tione
1955 2065 2298 2132 compositus,
2351 2075 2496 2114 more
2535 2075 2632 2113 suo
2658 2061 2895 2113 volantes
2945 2061 3080 2112 sacri
3129 2057 3325 2126 eloquii

1786 2154 1803 2191 ί
1848 2154 2111 2206 theoricas
2151 2153 2357 2206 incaute
2388 2151 2452 2204 ad
2479 2159 2648 2204 terras
2671 2150 2994 2203 detrahendo
3017 2149 3326 2216 disputatio-

1781 2243 1863 2296 nis
1893 2244 2149 2296 inlamare
2185 2243 2369 2295 nititttr
2397 2257 2553 2294 manu
2585 2260 2597 2293 :
2625 2241 2823 2295 idcirco
2846 2250 3050 2309 sumpta
3091 2239 3326 2308 ejusdem

1782 2333 2070 2401 Scriptura:
2104 2333 2205 2386 loci
2236 2333 2370 2386 serie
2399 2333 2779 2394 narrationum,
2805 2329 3070 2386 succincte
3099 2347 3329 2387 summa—

1783 2423 2001 2490 timque,
2035 2431 2091 2475 ut
2114 2423 2358 2475 instantis
2374 2423 2614 2476 concedit
2643 2425 2895 2492 temporis
2923 2424 3054 2478 ordo
3077 2463 3091 2487 ,
3126 2425 3327 2476 intacta

1783 2513 2198 2568 transcurrendo
2223 2521 2520 2583 tangamus.

2364 2622 2586 2678 CAPUT
2622 2622 2756 2676 XIV.

1788 2708 2060 2765 Non‘esse
2110 2712 2300 2782 Christi
2347 2695 2471 2767 dare
2524 2730 2730 2782 regnum
2760 2712 2882 2781 ﬁliis
2937 2711 3189 2772 Zebcda'i,
3241 2716 3331 2768 sed

1852 2782 2034 2848 quibus
2059 2798 2090 2832 a
2121 2779 2278 2832 Patre
2298 2791 2556 2849 paratum,
2579 2779 2800 2834 'duobus
2831 2783 3046 2850 explicat
3075 2783 3258 2836 modis.

1855 2869 1930 2923 Ex
1959 2884 2023 2924 co
2051 2869 2213 2938 igitur
2251 2868 2389 2937 quod
2421 2869 2720 2936 postulante
2751 2879 2917 2950 matre
2945 2871 3170 2923 ﬁliorum
3205 2872 3332 2925 tlcx-

1787 3029 1944 3089 citur,
1977 3028 2098 3095 Quia
2121 3041 2246 3093 pars
2294 3027 2648 3080 membrorum
2679 3023 2792 3092 ejus
2833 3043 2934 3080 non
2972 3037 3053 3080 est
3095 3027 3330 3093 subjecta

1790 3098 1928 3149 ﬁdei.
1956 3095 2008 3148 ιιι
2041 3096 2143 3148 ﬁne
2192 3105 2366 3147 autem
2403 3097 2603 3159 mundi,
2641 3112 2760 3148 cum
2789 3097 2964 3150 omnia
2992 3099 3224 3149 membra
3255 3113 3333 3150 re-

1792 3174 2037 3232 gnantem
2095 3163 2320 3232 viderint
2349 3162 2636 3224 Cliri-tum,
2689 3165 2741 3218 id
2789 3175 2868 3218 est
2912 3179 3101 3231 corpus
3154 3181 3329 3228 suum,

1787 3231 1945 3286 etiam
1987 3234 2095 3301 ipsa
2123 3231 2466 3298 subjicientur
2494 3232 2724 3301 Christo,
2775 3233 2824 3285 id
2848 3241 2928 3286 est
2971 3236 3177 3301 corpori
3212 3249 3331 3296 suo,

1792 3311 1850 3354 ut
1877 3316 2032 3353 omne
2057 3300 2252 3353 Christi
2278 3315 2468 3366 corpus
2495 3299 2800 3366 subjiciatur
2834 3301 2958 3361 Deo,
2991 3314 3043 3354 et
3068 3299 3248 3363 Patri,
3279 3312 3337 3356 ut

1792 3369 1862 3422 sit
1905 3371 2041 3422 Deus
2080 3370 2256 3421 omnia
2294 3370 2344 3420 in
2389 3371 2653 3422 omnibus.
2699 3389 2716 3419 ι
2759 3370 2903 3423 Hanc
2949 3372 3332 3424 expositionem

1794 3439 1854 3490 D.
1885 3437 2032 3490 Pauli
2083 3453 2148 3490 ex
2201 3437 2519 3507 Hieronymo
2561 3439 2868 3507 placuitdiic
2907 3437 3162 3507 proferre,
3211 3440 3334 3507 quia

1793 3507 2008 3559 omnino
2041 3521 2269 3559 consona
2305 3515 2385 3558 est
2423 3506 2515 3568 illi,
2557 3521 2714 3573 quam
2760 3506 2917 3559 Ital'et
2941 3506 3188 3559 Paulinus
3213 3506 3330 3574 cap.

1797 3575 1859 3627 I6
1879 3583 1931 3628 et
1954 3576 2037 3627 I7.
2067 3575 2318 3626 Hilarium
2345 3582 2518 3643 autem
2545 3578 2805 3643 pr:ec'pue
2824 3577 2939 3627 vide
2969 3592 3020 3643 ιι.
3044 3576 3093 3636 8,
3123 3576 3208 3636 30,
3244 3577 3333 3638 55,

1794 3643 2161 3712 usquead“,
2196 3651 2324 3712 tom.
2353 3640 2397 3693 X
2436 3637 2629 3695 Patrol.
2670 3637 2798 3696 edit.
2836 3637 3024 3712 Migne,
3072 3645 3172 3698 col.
3210 3637 3338 3697 4044

1794 3711 1896 3764 4'28
1926 3712 1976 3764 in
2010 3711 2142 3762 libro
2165 3726 2213 3762 xt
2252 3710 2491 3778 allegato.
2674 3729 2685 3744 σ

1866 3790 1887 3816 ο
1931 3779 2198 3832 Ambrosio
2234 3777 2632 3832 Mediolancnsis
2661 3779 2813 3832 sedis.
2872 3778 3038 3832 Locus
3070 3780 3334 3834 Ambrosii

1797 3863 1826 3900 a
1852 3847 2072 3900 Paulino
2093 3847 2285 3899 citatus
2307 3855 2387 3899 est
2413 3847 2501 3899 lib.
2534 3863 2565 3898 v
2585 3848 2649 3901 de
2676 3849 2799 3901 Fide
2824 3863 2939 3913 cap.
2979 3847 3010 3900 5
3037 3865 3063 3900 a
3093 3864 3239 3902 num.
3269 3849 3336 3902 55

1799 3915 2195 3986 usque-adA68,
2245 3925 2372 3986 tom.
2402 3914 2536 3986 XVI,
2560 3914 2756 3986 Patrol,
2783 3917 2882 3986 col.
2941 3916 3188 3977 660-663,
3234 3934 3339 3986 quo

1799 3982 2011 4038 disserit
2061 3983 2124 4036 de
2173 3982 2522 4050 postulatione
2569 3985 2755 4037 matris
2794 3984 3018 4037 ﬁliorum
3076 3982 3374 4040 Zebediei.‘

1800 4052 1902 4106 Sed
1942 4053 2386 4120 adverteeodcm
2429 4051 2563 4105 libro
2613 4067 2728 4120 cap.
2765 4053 2829 4104 I3
2869 4061 2921 4105 et
2958 4069 3069 4119 si-q.
3122 4070 3149 4106 a
3191 4071 3335 4108 num.

1801 4121 1899 4172 I54
1929 4136 2096 4187 usque
2120 4118 2183 4169 ad
2213 4119 2307 4188 I88
2341 4123 2558 4188 pergere
2583 4118 2914 4173 Ambrosium
2953 4118 3215 4188 exponere
3263 4125 3338 4174 lo-

1799 4204 1918 4241 cum
1945 4186 2178 4256 Apostoli
2199 4186 2264 4240 de
2292 4186 2614 4254 subjectione
2639 4188 2772 4241 ﬁlii‘:
2806 4189 2846 4242 II
2873 4204 2936 4242 nc
2975 4186 3224 4245 Paulinus
3260 4192 3340 4245 vel
3389 4209 3394 4215 ·

1801 4258 1852 4308 in
1876 4259 1988 4309 solo
2031 4256 2310 4308 Ambrosio
2332 4257 2519 4324 duplex
2540 4257 2698 4311 habet
2723 4259 3099 4311 testimonium.

2072 4324 2097 4396 ξι
2128 4323 2543 4396 ,σιουεηοςνῃίαθ
2570 4334 2678 4396 not.
2710 4327 2760 4377 in
2788 4326 2876 4377 lib.
2904 4343 2962 4387 tt,
3006 4343 3120 4396 cap.
3151 4327 3201 4379 6.

1873 4391 1914 4431 ἶ
1937 4391 2234 4463 Βὲιηὶριειια
2280 4392 2467 4463 {creari
2500 4394 2730 4463 portione
2775 4391 3099 4462 compositus,
3143 4397 3340 4463 optima

1800 4461 2237 4530 circumscriptio.
2288 4459 2486 4530 Plinius
2510 4461 2648 4513 enim
2669 4459 2767 4530 lib.
2806 4459 2896 4523 ιι.⁷
2935 4479 3048 4530 cap.
3076 4459 3344 4518 37.'ccre-

222 4527 892 4606 [HeloriaPactaviensis,
916 4527 1102 4606 supple
1117 4529 1250 4579 sedis
1270 4529 1524 4606 episcopo.
1546 4527 1693 4591 Quod
1727 4537 1773 4595 υ
1798 4531 1948 4606 brum
1991 4529 2088 4581 viri
2121 4543 2298 4606 _quam
2341 4527 2546 4606 feminae
2578 4529 2745 4606 majus
2781 4545 2896 4606 esse
2925 4527 3020 4591 ait,
3056 4533 3337 4606 additque:

157 4597 274 4650 alibi
314 4597 708 4657 admonuimus,
750 4597 836 4649 hic
858 4610 1067 4664 quoque
1089 4597 1367 4664 occurrite
1392 4611 1488 4662 pro
1508 4599 1524 4648 i
1547 4613 1700 4650 usur-

156 4675 329 4732 patum
353 4680 381 4716 a
409 4664 648 4722 Paulino,
683 4674 735 4717 et
760 4679 855 4729 pro
873 4662 1108 4716 Hilarius
1138 4662 1403 4784 lfdarium
1427 4673 1482 4717 et
1511 4664 1696 4717 Pecto-

159 4736 253 4784 rin.
285 4749 384 4784 ιιι-ο
428 4732 711 4784 Pictavien.
742 4747 860 4784 eum
887 4733 1104 4784 dixisse.
1201 4730 1329 4784 ocu's
1367 4742 1564 4784 autem.
1609 4733 1696 4784 aui

159 4730 253 4802 ein.
285 4749 384 4802 pro
428 4732 711 4802 Pictavien.
742 4747 860 4802 eum
887 4733 1104 4785 dixisse.
1150 4730 1343 4802 Locu‘s
1367 4742 1564 4802 autem,
1609 4733 1698 4801 qui

159 4801 267 4855 fuse
286 4799 369 4854 'ab
400 4801 602 4854 llilario
643 4801 959 4868 explicatur,
1009 4809 1091 4857 est
1136 4799 1367 4867 Apostoli
1399 4802 1412 4848 Ι
1444 4800 1566 4854 Cor.
1611 4799 1696 4864 xv,

159 4870 242 4932 28,
287 4886 392 4923 non
426 4881 603 4922 tamen
626 4869 759 4922 libro
794 4885 846 4932 x,
890 4869 1124 4921 utetiam
1157 4870 1457 4921 dubitanter
1503 4870 1701 4922 indicat

162 4938 429 5001 Paulinus,
490 4938 582 4990 sed
640 4953 689 4988 xi
745 4939 819 4989 De
861 4937 1137 4990 Trinitate.
1175 4936 1252 4988 Ad
1295 4952 1450 5004 quem
1497 4936 1688 4990 librum

162 5015 407 5074 provocat
437 5006 734 5058 Amandum
772 5014 984 5074 sanctus
1012 5005 1357 5074 Iliero:.ymns
1385 5006 1539 5070 epist.
1582 5007 1701 5067 M7,

163 5073 246 5139 Qui
281 5075 380 5129 sibi
419 5074 473 5125 in
498 5087 618 5124 eum
644 5074 812 5126 locum
842 5073 1076 5141 Apostoli
1111 5075 1434 5126 consimilem
1461 5075 1705 5140 qumstio—

167 5156 278 5194 nem
301 5148 654 5209 proposuerat
680 5155 694 5192 :
725 5159 743 5190 ι
777 5141 957 5202 Miror,
983 5141 1078 5203 ait,
1107 5151 1157 5193 te
1184 5143 1281 5194 hoc
1303 5158 1331 5194 a
1359 5156 1441 5194 me
1468 5156 1706 5209 qumrere

168 5209 412 5272 voluisse,
443 5224 563 5263 cum
596 5217 807 5263 sanctus
833 5209 1080 5272 Hilarius,
1133 5209 1475 5264 Pictaviensis
1506 5211 1708 5276 episco-

169 5292 278 5348 pus,
322 5279 660 5348 undecimum
687 5277 892 5348 librum
924 5287 1108 5348 contra
1143 5279 1367 5331 Arianos
1413 5279 1519 5331 .bac
1565 5292 1708 5348 quie-

168 5347 331 5414 stione
367 5357 421 5400 et
449 5345 710 5414 solutione
727 5344 1066 5412 compleverit
1094 5363 1105 5397 :
1133 5356 1305 5399 tamen
1331 5361 1495 5414 pauca
1521 5344 1707 5414 saltem

165 5413 417 5468 dicamus.
443 5413 614 5468 Omne
655 5413 704 5464 in
746 5415 846 5466 hoc
870 5414 1174 5467 scandalum
1204 5423 1305 5476 est,
1334 5413 1510 5481 quare
1536 5413 1702 5466 Filius

167 5483 305 5534 l'atri
336 5482 608 5550 subjectus
627 5481 828 5534 dicatur
969 5481 1210 5535 Christus
1247 5483 1298 5536 in
1331 5482 1415 5542 iis,
1459 5482 1548 5550 qui
1575 5482 1703 5534 lide-

171 5551 244 5604 les
272 5560 412 5610 sunt,
445 5549 717 5616 subjectus
753 5558 835 5603 est
861 5549 1029 5613 Patri,
1049 5550 1169 5617 quia
1205 5565 1390 5604 omnes
1409 5549 1699 5608 credentes,

176 5617 276 5670 imo
318 5631 475 5673 omne
499 5618 770 5686 hominum
798 5633 983 5686 genus,
1008 5618 1246 5686 corporis
1279 5619 1442 5686 ipsius
1469 5618 1702 5686 membra

176 5693 498 5754 (stillantur.
555 5685 713 5754 lniis
738 5684 910 5740 autem
949 5687 1036 5754 qui
1070 5684 1321 5754 increduli
1363 5694 1504 5745 sunt,
1530 5684 1579 5739 id
1627 5693 1707 5754 est

175 5750 378 5819 induis,
403 5765 452 5806 et
496 5753 740 5818 ethnicis,
765 5763 813 5807 et
839 5750 1117 5819 hmréticis,
1148 5753 1468 5822 insubjectus
1497 5769 1610 5807 esse
1637 5752 1709 5803 rli-

1808 4616 1829 4668 t_
1863 4598 1949 4668 hic
1972 4598 2163 4652 mentis
2191 4606 2274 4668 est
2302 4597 2552 4668 regimen.
2588 4617 2606 4651 ι
2635 4597 2769 4668 Hinc
2805 4597 3039 4652 defectus
3087 4610 3203 4668 port
3224 4597 3341 4656 onis

1802 4666 1991 4735 tlebitze
2011 4667 2212 4735 cerebri
2243 4667 2478 4735 insanim,
2508 4667 2933 4734 stupiditatisqne
2974 4666 3340 4735 argumentum

1804 4733 2043 4786 habetur.
2069 4733 2264 4803 leius
2290 4733 2508 4803 Rhodig.
2530 4735 2618 4787 lib.
2647 4751 2731 4795 xv,
2756 4733 2870 4803 cap.
2901 4735 2969 4787 9.5
2999 4755 3016 4783 ι
3039 4733 3338 4802 Principem

1805 4803 1992 4854 anima:
2018 4802 2121 4852 vin:
2165 4802 2215 4853 in
2250 4802 2502 4854 cerebro:
2530 4804 2732 4856 virilem
2757 4802 2912 4869 atiine
2947 4804 3256 4857 irasciliilen
3289 4806 3340 4859 in

1805 4871 1961 4942 corde
1983 4890 2016 4942 _i
2052 4883 2175 4942 csse
2213 4870 2368 4922 sitam
2391 4885 2455 4942 ex
2483 4870 2682 4942 Caleno
2708 4873 2801 4934 ait,
2828 4879 2882 4924 et
2926 4873 3090 4942 addit,
3126 4894 3141 4920 ι
3179 4872 3342 4942 Vulgo

1801 4938 1993 5009 jactari
2022 4939 2098 4991 sic
2123 4939 2496 5009 propemodum
2528 4939 2786 5000 novimus,
2841 4956 2958 4992 cuin
3013 4940 3210 4994 fatuum
3267 4938 3343 4995 in-

1804 5005 2045 5076 audimus
2065 5007 2338 5059 cerebrum
2360 5021 2462 5059 non
2485 5007 2676 5062 habere
2708 5027 2718 5060 :
2747 5009 2930 5062 timido
2950 5017 3001 5060 ct
3022 5009 3339 5076 pusillanimi

1805 5089 1895 5127 cor
1929 5075 2128 5128 deesse.
2168 5094 2185 5124 ι
2698 5100 2702 5104 -

1881 5141 1898 5178 ί
1943 5139 2179 5212 lj'olantes
2218 5141 2352 5212 sacri
2393 5141 2578 5212 eloquii
2603 5144 2872 5212 theoricas.
2908 5143 3178 5198 Τήιοι-ἰείη
3206 5145 3342 5204 forte

1805 5225 1901 5277 pro
1929 5209 2180 5262 tlieoricas
2215 5209 2442 5278 positum
2481 5209 2580 5264 est.
2613 5211 2829 5264 Factum
2869 5228 2934 5264 ne
2956 5213 3005 5265 id
3028 5213 3248 5266 fortasse
3267 5215 3342 5266 vi-

1806 5279 1879 5329 tio
1921 5277 2353 5330 ainanuensium?
2385 5277 2612 5330 Tlteoriw
2642 5289 2821 5332 autem
2865 5281 3108 5334 sunthoc
3154 5282 3344 5334 inloco

1812 5345 2214 5415 meditationes,
2263 5347 2835 5415 contemplationesque
2873 5348 3261 5415 Scripturarutn
3313 5365 3343 5402 a

1804 5414 1992 5486 Omtte;
2003 5415 2140 5480 quod
2155 5421 2235 5466 est
2255 5413 2654 5486 contemplator.
2669 5413 2888 5486 Budzeus
2915 5413 3113 5486 θεώρίαν
3136 5419 3345 5486 proprie

1810 5480 1926 5552 esse
1947 5480 2022 5552 ait
2042 5497 2210 5534 rerum
2232 5482 2520 5552 divinarum
2536 5483 2890 5552 inspectionem
2908 5493 2954 5535 et
2975 5480 3338 5552 spectaculum.

1811 5548 1960 5616 Apud
1977 5549 2355 5620 .Areopagitam
2386 5563 2510 5620 vero
2524 5548 2839 5620 signiﬁcate.
2867 5548 3145 5620 spiritualis
3169 5568 3345 5605 sensus

1811 5616 2297 5697 contemplationem.
2329 5616 2404 5697 Ita
2434 5616 2496 5670 II.
2527 5616 2777 5697 Stephan.
2801 5616 3016 5697 Thesl.
3052 5619 3114 5672 ϐ.
3137 5620 3187 5697 in
3215 5635 3345 5697 voce

1813 5683 2012 5755 βρωρία.
2041 5684 2494 5755 Volantes__autem
2523 5683 2656 5755 dixit
2682 5686 2814 5740 forte
2840 5687 3091 5740 allusione
3121 5687 3184 5740 ad
3219 5689 3343 5741 illud

1810 5751 1974 5803 Zach.
2011 5770 2054 5806 c.
2083 5764 2132 5816 v,
2167 5752 2186 5804 ί
2231 5771 2240 5803 :
2285 5751 2525 5805 l'olttmcn
2559 5753 2750 5805 rotans.
