3926 6490
598 439 700 494 Li'.’

1512 433 1566 485 s.
1605 430 1869 487 rituum
1909 424 2358 480 aminneum
2398 421 2860 489 AQUILEIENSIS

3700 416 3796 468 ΗΕ

597 560 738 602 trum
785 546 1073 609 lmvumque
1125 539 1377 594 sessionis
1429 541 1652 608 insigne,
1697 540 1976 593 Dominum
2033 551 2136 587 non
2170 536 2328 593 Axx,
2378 535 2487 603 l7),
2541 535 2641 587 hoc
2693 545 2774 586 est
2831 551 2932 588 non
2986 519 3079 602 per
3131 535 3423 590 divinitatis
3460 536 3786 588 altitudinem

597 637 771 695 matri,
827 633 917 686 sed
942 631 1061 684 ﬁliis
1113 629 1446 696 respondisse
1476 629 1665 681 nullius
1697 631 1872 681 obstat
1929 636 2141 678 contra-

594 727 840 783 dictionis
887 723 1134 792 objectio,
1169 730 1409 792 patenter
1435 721 1672 775 innuitur
1708 720 1936 772 filiorum
1959 716 2144 768 instin-

594 826 682 872 ctu
715 824 954 870 materno
1006 813 1316 881 genitricem
1350 811 1611 864 devictam
1645 807 1835 861 affectu
1893 821 1988 873 pro
2023 803 2144 856 ﬁliis

595 905 661 958 ad
694 904 972 958 Dominum
1009 901 1314 963 accessisse,
1343 914 1463 952 cum
1501 897 1694 949 dicitur
1727 914 1738 947 :
1773 894 2011 951 Nescitis,
2046 891 2148 951 ait,

593 994 716 1054 quid
765 994 967 1062 petatis,
1025 999 1079 1045 et
1113 989 1355 1057 protinus
1410 985 1685 1046 subinfert,
1731 985 1938 1055 potestis
1979 983 2144 1035 bibere

596 1085 804 1142 calicem
862 1099 1012 1153 quem
1043 1096 1132 1149 ego
1163 1079 1412 1131 bibiturus
1443 1077 1594 1130 sum?
1625 1075 1718 1130 Cui
1771 1089 1891 1128 cum
1921 1075 2142 1138 respons-

596 1177 810 1236 dcrent,
869 1185 1137 1240 possumus
1177 1182 1195 1219 :
1235 1166 1519 1233 statimque
1589 1164 1871 1224 Dominus,
1921 1159 2144 1212 Calicem

593 1263 797 1332 quidem
824 1275 989 1311 meum
1017 1256 1194 1310 bibetis
1224 1272 1240 1308 :
1274 1254 1446 1308 sedere
1468 1264 1635 1306 autem
1678 1251 1745 1303 ad
1794 1250 2026 1302 dextram
2071 1243 2144 1298 vel

595 1354 662 1406 ad
690 1353 952 1404 sinistram
975 1364 1074 1400 non
1100 1356 1172 1398 est
1198 1361 1364 1397 meum
1393 1343 1516 1395 dare
1543 1343 1695 1401 vobis,
1732 1339 1819 1391 sed
1843 1337 2024 1408 quibus
2051 1352 2147 1403 pa-

595 1455 763 1497 ratum
801 1452 872 1495 est
915 1459 945 1493 a
980 1440 1134 1490 Patre
1183 1454 1294 1490 meo
1348 1435 1558 1504 (Matth.
1614 1450 1699 1493 xx,
1739 1431 1828 1493 22,
1889 1427 2038 1498 seq.).
2085 1427 2149 1478 Et

593 1516 900 1591 notandum,
931 1530 1050 1597 quia
1077 1541 1195 1579 cum
1224 1525 1476 1578 Dominus
1498 1523 1717 1597 dixisset
1744 1537 1756 1571 :
1782 1518 1954 1572 sedere
1975 1525 2144 1568 autem

593 1624 660 1676 ad
689 1622 951 1674 dexteram
995 1617 1072 1670 vel
1113 1613 1181 1667 ad
1235 1615 1496 1665 sinistram
1549 1595 1758 1663 nonest
1806 1622 1973 1661 meum
2026 1605 2149 1656 dare

594 1710 751 1768 wbis,
800 1723 898 1761 cur
934 1705 1007 1757 ita
1053 1701 1263 1760 dixerit,
1307 1713 1521 1753 causam
1571 1694 2011 1767 impossibilitatis
2051 1693 2150 1744 Do-

595 1798 802 1850 minicze
841 1791 1152 1861 objectionis
1179 1790 1312 1842 ratio
1342 1786 1643 1841 manifestat
1684 1784 1968 1855 prmmissaa
2011 1769 2152 1834 locu-

595 1885 776 1946 tionis,
805 1883 906 1935 hoc
928 1889 1009 1932 est
1030 1879 1261 1932 nescisse
1281 1891 1372 1930 eos
1394 1874 1520 1944 quid
1543 1882 1800 1942 peterent.
1827 1871 1967 1925 Nihil
1991 1870 2150 1938 igitur

595 1976 703 2026 Deo
751 1970 996 2033 dillicile;
1044 1968 1137 2022 sed
1184 1967 1412 2035 qualitas
1457 1965 1729 2033 petitionis
1786 1961 2150 2018 difﬁcultatem

592 2071 814 2132 generat
855 2059 1163 2128 postulanti,
1212 2066 1389 2110 utrum
1436 2064 1578 2110 recte
1603 2071 1670 2108 an
1705 2069 1809 2108 non
1832 2060 1978 2106 recte
2005 2060 2153 2119 peta-

597 2163 702 2206 tur.
747 2151 803 2204 Si
845 2149 1226 2203 reclezomnia
1258 2144 1508 2216 quidquid
1561 2143 1806 2212 petieritis
1855 2141 1908 2193 in
1951 2138 2154 2192 nomine

594 2257 704 2294 meo
735 2239 829 2292 hoc
858 2237 1047 2306 faciam
1073 2235 1252 2304 (Joau.
1284 2249 1394 2295 xlv,
1424 2233 1532 2301 l5).
1561 2230 1616 2284 Si
1645 2239 1820 2284 autem
1845 2244 1950 2282 non
1974 2235 2149 2280 recte:

597 2329 719 2383 Non
749 2335 821 2380 est
851 2340 1016 2377 meum
1045 2323 1171 2375 dare
1209 2321 1347 2374 vobis
1373 2339 1384 2372 :
1415 2320 1480 2372 Et
1518 2317 1986 2372 animadvertendo
2019 2330 2156 2384 quo.

595 2419 742 2472 niam
778 2429 882 2467 non
908 2412 1161 2466 Dominus
1185 2409 1448 2478 generalis
1478 2407 1758 2461 sententiae
1781 2404 2002 2474 protulit
2029 2417 2154 2458 cau-

595 2522 729 2568 sam,
776 2513 979 2557 nonest
1020 2517 1186 2555 meum
1233 2500 1358 2552 dare
1419 2499 1635 2553 omnino
1656 2496 1894 2558 cuilibet,
1944 2495 2035 2548 sed
2082 2493 2155 2546 si-

595 2606 821 2667 gnanter
859 2595 1058 2656 retulit,
1106 2593 1265 2646 vobis.
1295 2591 1374 2645 Ac
1411 2591 1455 2644 si
1484 2598 1730 2660 patenter
1757 2589 1978 2650 diceret,
2017 2586 2155 2638 vobis

595 2688 792 2753 utique,
832 2685 922 2752 qui
965 2682 1184 2736 nescitis
1217 2681 1346 2748 quid
1382 2679 1664 2747 petieritis.
1707 2677 1762 2730 ln
1816 2669 1918 2730 hac
1962 2675 2155 2744 quippe

596 2776 820 2828 duorum
866 2771 1090 2825 fratrum
1136 2769 1388 2838 petitione
1435 2767 1673 2822 omnium
1711 2765 1823 2821 fere
1863 2782 1971 2820 non
2011 2773 2156 2818 recte

596 2865 887 2932 petentium
944 2875 1152 2915 summa
1201 2859 1465 2914 consistit.
1509 2859 1614 2912 Sed
1660 2866 1715 2912 et
1766 2871 1885 2910 cum
1933 2856 2152 2917 diceret,

601 2953 723 3005 Non
757 2962 830 3004 est
887 2967 1055 3003 meum
1085 2949 1212 3002 dare
1249 2949 1406 3012 vobis,
1466 2963 1572 3002 non
1597 2947 1859 3001 conclusit
1902 2947 2003 2999 isto
2052 2945 2156 2997 line

598 3042 916 3096 sententiain
941 3038 1222 3094 locutionis
1259 3053 1390 3102 suae,
1441 3052 1561 3090 cum
1588 3037 1730 3089 illico
1755 3033 2042 3102 subjungit,
2066 3033 2155 3086 sed

595 3131 778 3201 quibus
815 3139 1054 3200 paratum
1084 3137 1179 3192 est,
1221 3127 1316 3188 ait,
1365 3143 1397 3178 a
1448 3125 1607 3178 Patre
1653 3141 1784 3177 meo.
1820 3123 1928 3177 Nec
1979 3122 2156 3175 intulit

2241 624 2495 692 aequalem
2519 624 2678 685 Patri,
2705 625 2796 677 sed
2817 624 2966 691 quasi
2991 625 3256 676 hominem
3280 625 3653 678 tantummodo
3673 638 3790 677 eum

2243 713 2506 775 credebat,
2537 715 2727 781 cuique
2777 714 2952 766 cordis
3009 713 3353 767 intentionem
3399 715 3663 767 Dominus
3713 724 3802 765 re-

2243 802 2538 868 sponsionis
2559 802 2930 868 temperaverit
2967 817 3262 854 sermonem
3296 820 3307 853 :
3335 802 3465 868 Quia
3501 811 3557 855 tu
3586 817 3671 855 me
3700 802 3790 855 ho-

2242 890 2436 942 minem
2465 891 2655 953 adhuc",
2678 899 2731 943 et
2757 890 2987 943 nondum
3015 891 3180 943 Deum
3221 890 3511 954 conﬁteris,
3557 906 3665 943 non
3713 900 3790 944 est

2243 993 2437 1041 meum,
2489 978 2586 1031 hoc
2629 987 2730 1041 est,
2790 980 3034 1033 humana:
3062 979 3359 1046 potestatis,
3415 981 3466 1032 in
3492 994 3598 1048 qua
3633 979 3792 1033 solius
3837 972 3840 973 ν

2243 1067 2485 1120 humanae
2516 1075 2714 1119 natttra:
2739 1075 2819 1119 est
2864 1067 3040 1129 homo,
3064 1082 3167 1118 non
3199 1074 3280 1119 est
3305 1065 3454 1119 dare.
3498 1066 3675 1118 Meum
3705 1079 3794 1117 au-

2245 1165 2370 1220 tem,
2413 1158 2500 1225 qui
2548 1157 2685 1211 Deus
2710 1166 2764 1211 et
2816 1159 2973 1211 homo
3010 1173 3147 1220 sum,
3181 1157 3262 1209 his
3307 1156 3500 1224 quibus
3551 1164 3793 1223 paratum

2243 1255 2373 1300 esta
2414 1247 2571 1300 Patre
2599 1263 2735 1311 meo,
2782 1248 2880 1300 hoc
2906 1255 3008 1310 est,
3034 1255 3176 1300 recte
3225 1245 3529 1313 petentibus
3576 1257 3797 1296 summa:

2243 1339 2520 1407 potestatis
2545 1346 2626 1392 est
2646 1339 2791 1393 dare.

2833 1423 3054 1478 CAPUT
3093 1423 3204 1477 XV'.

2250 1513 2880 1594 Proponitﬂdifﬁcultatem
2923 1530 2985 1594 ea:
3027 1512 3301 1594 Apostolp,
3336 1512 3596 1594 quomodo
3651 1509 3798 1562 Patri

2491 1581 2722 1636 Christus
2746 1582 3020 1650 subjectus,
3071 1581 3144 1634 vel
3165 1581 3536 1650 subjiciendus.

2319 1673 2619 1748 ldeoigitur
2665 1671 2976 1740 vaniloquus
3022 1672 3121 1724 iste
3163 1669 3341 1725 Jesum
3389 1670 3665 1725 Christum
3706 1671 3802 1724 Do-

2252 1761 2451 1812 minum
2479 1768 2736 1822 nostrum,
2781 1775 2884 1813 non
2915 1760 3078 1813 Deum
3131 1774 3335 1837 verum,
3385 1759 3478 1813 sed
3531 1760 3801 1814 subditum

2183 1855 2220 1909 Β
2251 1858 2454 1902 astrnet
2503 1850 2609 1903 Deo
2636 1864 2763 1902 vero
2782 1859 3035 1917 perpetua
3056 1847 3406 1916 subjectione,
3454 1848 3578 1917 quia
3610 1848 3804 1902 Paulus

2251 1939 2437 1995 scribit
2454 1939 2520 1991 ad
2539 1937 2840 1992 Corinthios
2868 1952 2882 1989 :
2903 1936 3031 1989 Cum
3055 1937 3345 2000 tradiderit,
3370 1938 3562 2004 inquit,
3592 1953 3802 2006 regnum

2254 2027 2359 2080 Deo
2400 2036 2447 2078 et
2489 2025 2658 2087 Patri,
2687 2034 2733 2076 et
2757 2025 2985 2093 subjecta
3013 2025 3201 2093 fuerint
3230 2024 3308 2076 illi
3352 2026 3548 2086 omnia,
3603 2035 3730 2076 tunc
3759 2035 3802 2096 et

2252 2121 2358 2187 ipse
2407 2117 2575 2170 Filius
2619 2117 2875 2185 subjectus
2914 2116 3008 2169 erit
3029 2115 3128 2179 illi,
3173 2115 3259 2185 qui
3294 2115 3509 2184 subjecit
3531 2117 3582 2167 ei
3609 2118 3806 2176 omnia,

2254 2218 2309 2260 ut
2351 2209 2417 2260 sit
2458 2207 2596 2260 Deus
2619 2207 2792 2260 omnia
2831 2207 2884 2258 in
2933 2205 3163 2258 omnibus
3185 2204 3236 2274 (1
3263 2202 3383 2257 Cor.
3419 2219 3506 2266 xv,
3541 2202 3611 2256 24
3652 2206 3804 2272 seq.).

2216 2332 2221 2338 ι
2253 2298 2523 2367 Interrogo
2547 2313 2694 2367 ergo,
2747 2296 2791 2349 si
2817 2296 3042 2350 necdum
3080 2293 3316 2362 subjecta
3354 2303 3478 2348 sunt
3497 2293 3574 2346 illi
3604 2292 3806 2352 omnia,

2252 2397 2306 2441 et
2331 2388 2442 2455 ipse
2471 2386 2635 2441 Filius
2659 2395 2782 2441 tunc
2815 2386 2916 2440 erit
2947 2383 3214 2451 subjectus
3243 2383 3335 2447 illi,
3396 2398 3516 2436 cum
3547 2382 3600 2437 ei
3631 2383 3806 2435 omnia

2253 2474 2450 2528 fuerint
2472 2474 2728 2542 subjecta,
2781 2474 2824 2527 si
2860 2472 3171 2541 simpliciter
3225 2472 3516 2524 secundum
3569 2471 3808 2524 auditum

2247 2565 2608 2632 judiciumque
2629 2563 2855 2626 aurium,
2879 2570 2931 2614 et
2949 2577 3054 2615 non
3076 2561 3420 2615 excellentius
3441 2560 3811 2628 sacratiusquc

2256 2653 2412 2723 hujus
2457 2653 2751 2707 altitudinis
2773 2651 3002 2721 intellegi
3030 2651 3361 2725 profunditas
3393 2657 3764 2718 pmmonctur
3794 2664 3804 2696 :

2254 2743 2518 2816 quomodo
2554 2759 2694 2798 nunc
2720 2744 2855 2797 idem
2883 2741 3047 2795 Filius
3079 2741 3131 2793 in
3160 2749 3384 2807 utraque
3406 2737 3602 2800 forma,
3627 2736 3808 2791 divina

2254 2835 2456 2890 scilicet
2484 2842 2536 2888 et
2570 2834 2800 2886 humana
2821 2846 2956 2884 unus
2979 2830 3224 2897 idemque
3255 2826 3408 2896 157
3439 2827 3508 2880 ad
3527 2826 3813 2880 dexteram

2253 2924 2426 2983 Patris
2451 2923 2618 2985 sedet,
2647 2920 2913 2989 subjectus
2938 2917 3214 2974 creditur?
3273 2917 3354 2970 An
3379 2932 3484 2970 non
3522 2916 3801 2986 subjectus

2255 3013 2439 3066 sedere
2459 3012 2486 3070 ?,
2526 3010 2809 3080 Apostolus
2831 3009 3051 3072 clamat,
3095 3005 3224 3061 Cum
3260 3007 3491 3076 subjecta
3537 3005 3733 3074 fuerint
3765 3006 3812 3058 ei

2255 3103 2447 3165 omnia,
2471 3112 2591 3154 tunc
2620 3111 2666 3154 et
2693 3102 2799 3170 ipse
2828 3099 2998 3152 Filius
3021 3098 3279 3166 subjectus
3299 3098 3395 3149 erit
3420 3096 3473 3149 ei
3483 3135 3494 3146 .
3526 3094 3671 3147 Tunc
3693 3094 3813 3162 qui-

598 3222 792 3290 quibus
833 3219 991 3272 Pater
1010 3214 1266 3290 dat;‘s’ed
1302 3213 1408 3268 illis
1432 3222 1514 3268 est
1566 3228 1742 3267 meum
1771 3211 1921 3277 dare,
1953 3210 2147 3280 quibus

2258 3197 2376 3250 dem
2398 3189 2632 3248 futurum
2669 3201 2877 3260 tempus
2915 3191 3175 3258 desTgnat.
3231 3187 3588 3254 Quamobrem
3622 3185 3818 3240 docere

599 3318 844 3380 paratum
873 3316 956 3361 est
1003 3323 1035 3360 a
1082 3306 1242 3360 Patre
1270 3319 1410 3358 meo.
1441 3303 1555 3358 Non
1604 3312 1685 3358 est
1714 3318 1889 3357 meum
1917 3303 2044 3356 dare
2074 3301 2156 3354 bis

598 3400 688 3468 qui
742 3407 884 3452 recte
932 3412 1036 3450 non
1082 3404 1287 3466 petunt,
1335 3395 1428 3449 sed
1475 3394 1602 3448 dare
1658 3408 1834 3447 meum
1894 3392 2001 3460 illis
2055 3398 2155 3454 est,

599 3489 794 3558 quibus
843 3486 1003 3540 Pater
1033 3500 1182 3539 meus
1204 3484 1404 3539 revelat
1435 3501 1447 3534 :
1475 3484 1612 3536 sicut
1635 3481 1814 3541 Petro,
1842 3486 1901 3532 ut
1946 3477 2161 3532 confite-

600 3585 771 3640 retur,
793 3575 1066 3630 Christum
1092 3573 1285 3626 Filium
1311 3572 1404 3626 Dei
1433 3571 1559 3634 vivi,
1599 3579 1655 3624 et
1685 3570 1784 3623 fuit
1819 3583 1993 3622 meum
2035 3566 2161 3620 dare

601 3667 676 3720 illi
717 3666 893 3718 CL‘lVeS
932 3664 1076 3733 regni
1133 3663 1414 3717 caelorum.
1478 3661 1651 3716 Veluti
1709 3658 1856 3712 Isaia:
1908 3655 2162 3712 revelavit

599 3754 916 3820 auriculam,
967 3762 1026 3807 ut
1049 3753 1262 3806 audiret
1289 3752 1417 3821 quid
1459 3751 1764 3818 loqueretur
1800 3750 1854 3803 in
1875 3763 1941 3804 eo
1987 3747 2162 3800 Domi-

599 3861 701 3899 nus
730 3845 892 3908 Deus,
943 3851 1208 3910 quatenus
1256 3839 1511 3893 vaticinio
1532 3837 1826 3908 prophetali
1849 3836 2163 3907 praediceret

599 3936 858 4003 virginem
889 3933 942 3984 in
963 3938 1116 3984 utero
1138 3944 1244 3983 non
1267 3929 1598 3984 extrinsecus
1620 3927 1898 3995 concipere
1911 3934 2162 3993 etparere

600 4028 785 4088 filium,
816 4025 902 4080 cui
933 4039 1125 4079 nomen
1154 4021 1466 4077 Emmanuel
1496 4021 1629 4092 (Isa.
1658 4037 1753 4087 vn,
1807 4018 1915 4089 M).
1957 4016 2160 4083 Quibus

600 4119 759 4171 Pater
795 4131 924 4186 ergo
950 4122 1215 4185 przeparat
1260 4121 1483 4176 mentes,
1533 4120 1592 4166 ut
1618 4123 1761 4167 recte
1811 4117 2013 4181 petant,
2061 4105 2165 4161 illis

601 4217 683 4262 est
729 4207 864 4262 Filio
911 4208 1040 4261 dare
1077 4220 1299 4275 regnum
1345 4204 1621 4258 ctelorum.
1672 4203 1788 4271 Ipse
1811 4203 1956 4256 enim
1982 4200 2114 4256 dixit
2147 4213 2161 4251 :

607 4298 772 4351 Nemo
799 4298 934 4350 venit
981 4296 1050 4348 ad
1077 4311 1177 4361 me,
1231 4295 1331 4348 nisi
1384 4293 1563 4358 Pater,
1607 4294 1696 4363 qui
1745 4293 1884 4346 misit
1910 4309 2010 4354 me,
2056 4300 2165 4344 tra-

602 4388 732 4441 xerit
755 4403 870 4440 eum
896 4386 1075 4456 (Joan.
1099 4401 1172 4448 vt,
1197 4383 1309 4455 44).
1345 4385 1410 4438 Εῑ
1442 4403 1454 4435 :
1492 4384 1657 4437 Nemo
1699 4384 1832 4436 venit
1859 4383 1926 4434 ad
1950 4380 2160 4434 Patrem

606 4479 704 4531 nisi
745 4493 837 4546 per
883 4493 962 4530 me
992 4475 1173 4559 (Joan.
1232 4490 1340 4539 xiv,
1389 4475 1489 4535 6).
1539 4474 1621 4528 An
1653 4481 1794 4528 recte
1829 4472 2028 4542 petisse
2075 4471 2158 4524 vi-
2189 4510 2239 4570 D

603 4566 718 4620 deri
766 4572 958 4633 potest,
994 4558 1127 4634 quae
1147 4579 1311 4618 unum
1338 4564 1393 4616 in
1418 4563 1632 4618 sinistra
1659 4565 1844 4618 sedere
1879 4562 2045 4618 tilium
2075 4576 2162 4630 po—

605 4653 803 4710 stulat?
854 4653 911 4706 In
950 4654 1164 4708 sinistra
1193 4653 1448 4708 nimirum
1496 4653 1650 4717 haedi,
1708 4652 1810 4706 hoc
1836 4660 1921 4706 est
1947 4651 2157 4719 reprobi
2189 4685 2192 4690 -

604 4754 732 4801 sunt
781 4746 1032 4814 ponendi.
1103 4740 1267 4798 Recte
1306 4745 1520 4813 quidem
1569 4745 1792 4814 petitum
1847 4743 2062 4807 fuisset,
2119 4741 2162 4795 si

606 4845 860 4904 utrosque
907 4845 1000 4890 aut
1023 4835 1106 4893 .ad
1133 4834 1409 4888 dexteram
1456 4835 1661 4897 sistere,
1693 4842 1784 4887 aut
1829 4847 1988 4902 super
2013 4832 2164 4886 sedes

607 4925 886 4979 duodecim
933 4926 1119 4979 sedere
1158 4921 1475 4991 judicandas
1503 4922 1778 4976 duodecim
1812 4923 1981 4975 tribus
2003 4917 2164 4973 Israel

609 5014 900 5085 petivisset.
937 5012 1118 5067 Potest
1159 5012 1321 5065 etiam
1375 5026 1480 5066 non
1521 5011 1955 5065 inconvenienter
2005 5017 2059 5064 et
2089 5008 2166 5062 sic

611 5089 848 5170 intelligi,
902 5101 1022 5156 Non
1074 5110 1149 5155 est
1175 5116 1342 5154 meum
1372 5101 1498 5176 dare
1521 5100 1679 5164 vobis,
1703 5100 1953 5168 quoniam
1995 5107 2166 5153 mater

611 5195 836 5249 filiorum
881 5192 1138 5255 Zebedtei,
1166 5189 1358 5246 aemula
1390 5190 1602 5244 interim
1631 5189 1809 5243 Maria:
1839 5187 2163 5258 Magdalene,

612 5299 711 5338 nec
757 5283 880 5338 dum
911 5281 983 5334 illi
1007 5282 1075 5334 ad
1121 5280 1333 5334 Patrem
1360 5279 1616 5333 Dominus
1643 5279 1954 5334 ascenderat
1978 5278 2158 5342 (Joan.

680 5433 708 5462 ι
746 5421 1013 5475 Bumbosa:
1060 5421 1248 5489 faucis,
1301 5428 1430 5488 puto
1467 5435 1563 5489 pro
1611 5421 1881 5473 bombosa'.
1935 5419 2167 5472 Bombus

610 5498 788 5546 autem
832 5501 914 5544 est
946 5505 1108 5544 sonus
1154 5504 1366 5549 raucus,
1409 5501 1533 5558 puta
1579 5490 1843 5550 tubarum,
1885 5502 2161 5550 cornuum,

613 5569 714 5614 cet.
745 5560 969 5614 Perinus
997 5560 1109 5613 Sat.
1137 5575 1177 5623 ι,
1202 5573 1256 5611 v.
1289 5558 1387 5610 114
1417 5575 1428 5609 :

705 5667 856 5716 ‘l’orva
883 5667 1200 5716 Mamilloneis
1224 5663 1486 5729 implerunt
1507 5677 1683 5714 cornua
1705 5666 1906 5714 bombis.

553 5777 556 5787 '
617 5766 849 5823 Catullus
873 5785 925 5822 v.
956 5766 1086 5822 l509.
1113 5765 1235 5820 Car.
1266 5767 1329 5822 dc
1362 5767 1556 5837 nuptiis
1584 5765 1721 5820 Pelei
1745 5775 1796 5821 et
1820 5767 1952 5820 Tllet
1980 5784 1990 5816 :

2245 3285 2413 3340 velim
2437 3284 2699 3354 quomodo
2736 3282 2889 3336 detur
2914 3279 3170 3349 intellegi,
3220 3279 3263 3332 si
3291 3287 3430 3339 tunc,
3480 3277 3581 3330 hoc
3611 3284 3715 3340 est,
3762 3275 3820 3330 in

2258 3377 2439 3429 futuro
2484 3373 2772 3440 subjectus,
2801 3385 2920 3424 cum
2952 3371 3200 3438 absorpta
3230 3367 3392 3422 fuerit
3441 3381 3588 3420 mors
3635 3366 3690 3419 in
3739 3364 3822 3419 vi-

2259 3465 2467 3529 ctoria;
2525 3477 2666 3516 nunc
2693 3469 2869 3515 autem
2913 3459 3190 3528 quomodo
3225 3458 3370 3512 credi
3401 3459 3595 3511 debeat
3638 3455 3821 3524 subje-

2260 3565 2379 3611 ctus
2423 3571 2490 3610 an
2513 3569 2618 3609 non
2640 3551 2944 3621 subjectus?
2982 3549 3038 3604 Si
3060 3564 3184 3602 vero
3211 3547 3499 3616 subjectus,
3527 3561 3633 3614 quo
3662 3553 3823 3625 pactg

2259 3647 2454 3703 Paulus
2503 3649 2556 3700 in
2606 3644 2785 3700 futuro
2841 3643 3117 3712 praedicat,
3163 3640 3306 3694 Tunc
3345 3656 3461 3693 cum
3501 3640 3549 3692 ei
3586 3638 3822 3706 subjecta

2260 3742 2449 3812 fuerint
2472 3740 2647 3792 omnia
2671 3731 3099 3804 subjiciendum?
3139 3733 3290 3800 Quod
3308 3734 3354 3788 si
3388 3732 3548 3786 modo
3569 3747 3676 3785 non
3699 3730 3823 3784 sub

2254 3829 2448 3899 iectus,
2478 3828 2601 3897 quia
2635 3825 2886 3895 Magister
2929 3823 3162 3892 gentium
3185 3831 3304 3875 tunc
3327 3820 3521 3874 asserit
3547 3834 3672 3873 eum
3694 3819 3821 3872 sub-

2254 3921 2545 3990 jiciendum
2569 3933 2690 3972 cum
2716 3915 2996 3971 tradiderit
3022 3929 3242 3984 regnum
3266 3913 3375 3967 Deo
3403 3921 3458 3966 et
3481 3911 3653 3975 Patri,
3677 3920 3733 3965 ct
3769 3909 3820 3964 ei

2260 4010 2438 4066 omnia
2466 4008 2663 4062 fuerint
2682 4005 2939 4074 subjecta,
2985 4019 3102 4072 qua:
3150 4003 3288 4057 ratio
3319 4002 3486 4072 exigit
3512 4001 3671 4056 modo
3711 4015 3821 4054 non

2261 4096 2560 4166 subjectum
2585 4105 2706 4148 tunc
2752 4093 3179 4164 subjiciendum?
3225 4075 3598 4160 Nunquidnam
3648 4090 3825 4144 forma

2263 4189 2402 4243 servi
2450 4188 2502 4241 in
2525 4201 2628 4241 una
2674 4200 2795 4239 cum
2831 4185 2926 4238 Dei
2955 4182 3122 4237 forma
3159 4196 3386 4253 persona
3442 4181 3508 4235 ad
3542 4179 3822 4235 dexteram

2263 4278 2456 4341 Patris,
2486 4277 2537 4330 in
2565 4275 2819 4345 mysterio
2871 4272 3152 4327 Trinitatis
3196 4280 3437 4326 cessante
3467 4285 3628 4324 omne
3677 4270 3823 4323 nihi-

2265 4369 2493 4424 lominus
2513 4365 2886 4436 quaternitatis
2913 4363 3214 4432 suspicione
3236 4361 3391 4416 modo
3413 4375 3518 4415 non
3549 4361 3720 4423 sedet,
3768 4371 3825 4413 ut

2266 4469 2391 4513 tunc
2429 4459 2680 4512 doceatur
2728 4469 2998 4510 resumere
3060 4453 3199 4507 servi
3239 4453 3483 4516 formam,
3521 4467 3616 4520 per
3657 4467 3821 4521 quam

2263 4559 2387 4605 tunc
2415 4549 2583 4618 possit
2630 4545 2816 4614 sul-jici
2855 4545 3045 4599 Patri?
3091 4543 3262 4597 Absit.
3294 4540 3466 4596 ‘Unus
3490 4542 3745 4610 idemque
3769 4550 3822 4594 et

2261 4640 2314 4693 in
2366 4649 2588 4706 utraque
2615 4644 2829 4707 natura,
2870 4633 3225 4702 sempiternus
3272 4647 3405 4684 nunc
3440 4638 3492 4684 et
3553 4641 3678 4685 tunc
3729 4632 3824 4685 Dei

2262 4714 2675 4788 indemutabilis,
2717 4733 2773 4779 et
2797 4723 3316 4792 teqnalis‘permanet
3349 4719 3533 4774 Filius.

2836 4833 3065 4889 CAPUT
3103 4833 3236 4886 XVI.

2263 4931 2559 5002 lnterpellat
2589 4926 2884 4999 Apostolum
2913 4926 2976 4978 de
2999 4934 3164 5046 meque
3183 4940 3278 4977 sua
3306 4924 3444 4976 circa
3469 4923 3824 4992 diﬁcultatem

2874 5011 3078 5046 pronos:
3103 5010 3208 5046 am.

2874 5010 3208 5064 propositam.

2331 5089 2497 5144 Porro
2532 5086 2656 5156 quia
2685 5085 2966 5154 btereticus
3008 5085 3105 5136 iste
3137 5081 3417 5147 obmutuit,
3447 5081 3735 5151 nullusque
3777 5082 3825 5134 ei

2263 5195 2482 5249 prorsus
2524 5175 2881 5244 responsionis
2942 5173 3158 5227 relictus
3203 5181 3288 5227 est
3339 5170 3514 5236 locus,
3563 5173 3823 5244 stringam

2264 5270 2597 5339 quantocius,
2642 5264 2948 5352 fortiusque
2977 5261 3232 5332 sugillans
3273 5261 3544 5316 bumbosa:
3584 5261 3760 5318 faucis
3796 5276 3821 5303 ι

2357 5405 2493 5453 Multi
2518 5401 2780 5450 rancisonis
2805 5399 3027 5448 efﬂabant
3047 5408 3224 5447 cornua
3248 5397 3450 5445 bombis.

2266 5485 2515 5557 Adelmus
2560 5493 2769 5550 quoque
2793 5479 2886 5533 lib.
2923 5480 2997 5533 De
3029 5478 3226 5557 laudib.
3267 5476 3528 5557 virginit.,
3578 5489 3696 5557 cap.
3743 5475 3821 5553 l0,

2267 5554 2557 5607 bombosam
2579 5544 2785 5604 'vocem
2826 5563 2923 5617 pro
2963 5549 3280 5624 mugientem
3315 5544 3540 5624 dixin":
3572 5545 3637 5624 _ln
3673 5544 3828 5624 cujus

2267 5623 2486 5696 (Elisaei)
2511 5628 2697 5696 exortu
2727 5613 2886 5696 aurea
2911 5613 3284 5696 quadiupes‘iu
3313 5614 3545 5696 Galgalis
3566 5613 3822 5696 bombasie

2268 5683 2400 5747 vocis
2428 5683 2675 5754 mugitum
2699 5683 2946 5743 reboassé
2981 5683 3335 5741 describitur:
3366 5683 3676 5754 signiﬁcans
3716 5683 3822 5754 ida-

2269 5709 2400 5747 1'0618
2428 5707 2675 5809 muquum
2699 5707 2946 5743 "3003580
2981 5707 3299 5741 describitur
3323 5707 3335 5737 :
3366 5707 3676 5754 Signluczuls
3718 5707 3806 5733 turr

2269 5761 2490 5817 lolatrite
2540 5773 2742 5827 apsum,
2772 5766 2822 5812 et
2846 5757 3247 5812 simulacrorum
3271 5755 3620 5810 ctcrcmonias
3643 5753 3806 5821 cxplo
