3926 6510
33 103 290 210 πε

82 548 178 600 H9

697 542 967 598 CONTRA
1004 537 1292 593 FELICEJI
1334 533 1861 592 L’RGELLITANUM
1901 532 2070 586 LIBRI
2112 531 2194 585 III.
2232 561 2298 569 —
2335 530 2458 583 LIB.
2500 529 2582 582 III.

3177 522 3282 576 450

79 659 189 728 ejus
231 648 554 728 syllogistica
596 669 754 713 manu
802 653 1198 721 gurgustionem
1239 661 1263 688 ι
1289 646 1620 714 exprimam:
1656 650 1698 704 Α
1730 641 1958 728 ιίεηιιοε
1982 654 2099 694 esse
2126 637 2438 728 obedientim
2471 633 2773 728 considero.
2808 630 2946 728 Nihil
2984 630 3134 728 enim
3174 642 3282 728 non

81 757 338 818 quatenus
361 760 519 802 omne
543 745 683 814 quod
705 751 930 797 conatur
969 742 1021 793 in
1049 741 1181 793 alios
1216 737 1450 807 perﬁdia:
1472 749 1629 789 vene-

83 853 204 892 num
232 836 430 891 noxiali
459 846 705 890 evomere
736 845 846 894 ore,
875 831 926 883 in
950 845 1066 883 sese
1112 829 1368 895 liquatum
1398 822 1632 877 refusum

83 908 313 981 sauciata
340 926 673 979 internorum
713 920 976 974 viscerum
1006 918 1118 987 ejus
1148 920 1476 970 marcescant
1499 913 1633 964 vita-

84 1017 165 1069 lia.
205 1017 301 1070 Dic
327 1031 472 1084 ergo,
494 1016 716 1068 obsecro
753 1021 820 1072 te,
853 1011 1006 1064 beate
1037 1007 1272 1077 apostolo
1316 1005 1498 1067 Paule,
1530 1019 1558 1055 a
1584 1011 1635 1056 te

83 1103 197 1157 volo
223 1104 355 1171 quid
396 1103 595 1156 dixeris
640 1100 900 1158 curiosius
932 1099 1158 1152 discere.
1187 1095 1321 1161 Quid
1367 1102 1449 1147 est
1495 1091 1633 1160 quod

85 1193 178 1255 ais,
228 1190 359 1245 Cum
396 1192 626 1260 subjecta
661 1191 850 1258 fuerint
897 1188 975 1240 illi
1023 1188 1216 1248 omnia,
1270 1196 1390 1237 tunc
1441 1194 1488 1236 et
1531 1184 1638 1252 ipse

89 1279 252 1335 Filius
285 1283 545 1351 subjectus
586 1282 682 1334 erit
713 1279 808 1342 illi,
830 1280 924 1348 qui
953 1278 1163 1346 subjecit
1198 1278 1243 1330 ei
1281 1277 1492 1329 omnia?
1532 1276 1640 1328 Cur

87 1385 291 1440 tempus
319 1369 662 1438 subiectionis
687 1369 959 1438 signanter
985 1365 1050 1419 de
1095 1365 1271 1418 futuro
1310 1365 1640 1417 innotescere

87 1461 314 1522 voluisti,
349 1460 392 1513 si
421 1458 723 1528 specialiter
747 1458 848 1510 hoc
875 1456 939 1508 ad
974 1467 1253 1523 personam
1295 1452 1438 1515 Filii,
1481 1452 1532 1504 id
1562 1458 1642 1503 est

87 1549 205 1604 Iesu
247 1547 468 1611 Christi,
508 1544 706 1599 referre
745 1534 1240 1606 conveniat?Quasi
1282 1549 1402 1592 tunc
1452 1538 1542 1600 sit,
1589 1545 1644 1590 et

88 1655 188 1694 non
219 1639 378 1693 modo
403 1636 692 1705 subjectus.
724 1633 840 1686 Non
866 1631 1110 1700 intellego
1136 1631 1259 1698 quid
1288 1629 1506 1691 dixeris,
1539 1625 1641 1680 nisi

88 1726 325 1780 nubilum
371 1725 612 1778 obtunsae
662 1720 792 1792 [Pro
835 1717 1056 1789 obtusae]
1097 1716 1467 1786 intellegentia:
1512 1729 1644 1767 mea;

89 1817 252 1870 divini
277 1815 494 1868 luminis
543 1813 690 1866 radio
725 1808 1092 1880 perfundatur.
1120 1807 1222 1871 An,
1258 1815 1320 1860 ut
1347 1805 1644 1873 religiosius

90 1903 322 1971 intellegi
347 1901 640 1964 obsistitur,
683 1912 1015 1968 nequaquam
1043 1896 1237 1950 oblitus
1284 1895 1348 1949 de
1394 1895 1531 1950 coelo
1560 1894 1642 1947 di-

1730 726 2022 794 subjectum
2067 741 2162 794 per
2196 723 2485 800 potentiam
2516 719 2825 782 divinitatis,
2873 716 3138 783 intellego.
3171 713 3286 766 Non

1730 817 1908 872 omnia
1942 816 2177 883 subjecta
2228 815 2275 867 ei
2324 829 2419 881 per
2461 811 2816 865 obedientiam
2858 821 3131 867 servorum
3176 803 3290 872 ejus

1731 907 1967 960 adverto.
1998 904 2129 970 Quia
2156 903 2398 970 quamvis
2442 899 2597 953 electi
2621 898 2736 966 ejus
2771 898 2875 951 sint
2903 896 2952 950 ei
2975 893 3195 962 subjecti
3235 893 3289 946 in

1708 1003 1988 1063 quantum
2042 995 2286 1047 humanae
2332 988 2700 1058 possibilitatis
2752 986 3012 1056 permittit
3045 982 3289 1045 facultas,

1735 1099 1836 1138 non
1864 1094 2040 1137 tamen
2063 1084 2140 1136 sic
2165 1084 2212 1136 ei
2233 1089 2358 1154 sunt
2386 1080 2602 1148 subjecti
2627 1095 2721 1148 per
2749 1078 3105 1133 obedientiam
3131 1090 3293 1143 quan-

1736 1172 1824 1224 diu
1875 1172 2072 1224 inhoc
2123 1170 2333 1223 mortali
2371 1184 2593 1236 corpore
2643 1168 2952 1236 persistunt,
2993 1174 3052 1218 ut
3106 1166 3174 1218 sit
3215 1163 3296 1216 eis

1736 1262 1913 1315 omnia
1944 1261 1994 1314 in
2034 1250 2280 1314 omnibus
2309 1260 2465 1313 Dcus.
2501 1259 2700 1328 Corpus
2727 1259 2861 1310 enim
2895 1256 3031 1326 quod
3063 1271 3297 1308 corrum-

1737 1351 1893 1420 pitur,
1934 1351 2177 1419 adgrarat
2209 1350 2432 1401 animum
2459 1356 2505 1400 et
2532 1348 2770 1415 deprimit
2811 1357 3012 1399 terrena
3046 1345 3301 1396 inhabita-

1739 1441 1811 1491 tio
1841 1439 1925 1508 [Al
1961 1437 2246 1508 .cogitatio]
2282 1453 2485 1490 sensum
2518 1436 2682 1490 multa
2712 1437 3016 1505 cogitantem
3042 1434 3191 1505 (Sep.
3222 1449 3296 1497 lx,
3361 1427 3369 1435 ’

1742 1526 1847 1593 l5).
1866 1526 1996 1580 Cum
2023 1535 2196 1580 autem
2216 1526 2438 1581 mortale
2456 1527 2556 1579 hoc
2573 1525 2803 1578 induerit
2825 1525 3297 1586 immortalitatem,

1741 1625 1792 1669 et
1826 1615 2168 1684 corruptibile
2210 1616 2311 1668 lioc
2344 1614 2577 1668 induerit
2615 1613 3085 1681 incorruptionem,
3121 1621 3175 1666 et
3202 1613 3300 1666 ab—

1742 1715 1920 1773 scrpta
1952 1704 2112 1759 fuerit
2138 1720 2282 1758 mors
2308 1705 2361 1758 in
2383 1704 2608 1758 victoria
2626 1702 2678 1774 (Ι
2703 1701 2823 1756 Cor.
2843 1718 2929 1766 xv,
2958 1702 3043 1765 15,
3075 1701 3162 1766 55,
3189 1700 3302 1772 54),

1743 1803 1796 1849 et
1832 1795 2111 1848 tradiderit
2141 1809 2380 1862 regnum,
2407 1793 2606 1846 electos
2630 1791 2832 1845 scilicet
2859 1807 3002 1854 suos,
3037 1791 3087 1844 in
3111 1791 3305 1859 quibus

1743 1899 1810 1938 ex
1841 1882 1978 1936 dono
1993 1883 2180 1950 gratia:
2201 1881 2546 1950 gubernando
2573 1888 2908 1950 regnaverat.
2928 1879 3036 1932 Deo
3059 1887 3114 1933 et
3139 1877 3306 1941 Patri,

89 1994 225 2047 vina:
273 1967 420 2045 vocis
460 1990 670 2058 gemina
716 1967 1010 2042 invocantis
1053 1985 1401 2054 appellatione
1442 1984 1644 2047 audita,

1760 1975 1850 2026 hoc
1877 1981 1979 2036 est,
2008 1972 2073 2025 ad
2103 1972 2348 2025 notitiam
2390 1985 2484 2024 eos
2515 1977 2751 2039 paterna:
2780 1968 2959 2038 gloria:
3004 1967 3309 2036 perduxerit

93 2078 274 2142 Saule,
299 2077 478 2142 Saule,
512 2077 636 2147 quid
671 2093 751 2130 me
771 2076 1088 2145 persequeris
1119 2073 1253 2144 (Act.
1286 2090 1359 2136 ix,
1386 2073 1461 2142 4),
1500 2082 1554 2126 et
1581 2088 1648 2127 ex

90 2183 154 2222 eo
192 2167 478 2230 didiceras,
506 2166 650 2220 illum
678 2178 832 2234 posse
871 2178 901 2216 a
938 2174 990 2218 te
1036 2163 1091 2217 in
1127 2172 1270 2216 terra
1315 2150 1490 2230 poSito
1523 2177 1648 2231 per-

92 2256 267 2325 sequi,
307 2255 399 2324 qui
435 2254 549 2323 jam
578 2254 629 2308 in
657 2253 866 2308 coelesti-
899 2252 1152 2322 regnabat
1173 2252 1400 2320 palatio?
1435 2251 1525 2305 sed
1553 2265 1649 2320 pro

90 2358 314 2412 corpore
356 2344 485 2412 quin
529 2343 704 2410 potius
749 2358 866 2405 suo,
915 2342 1016 2396 hoc
1055 2349 1155 2404 est,
1205 2348 1420 2410 propter
1453 2341 1652 2394 electos

92 2439 233 2494 tuos,
271 2445 329 2484 se
374 2436 696 2498 conquestus
723 2436 806 2482 est
852 2443 880 2480 a
923 2436 972 2481 te
999 2428 1264 2496 persequi,
1290 2442 1426 2496 quos
1446 2427 1652 2481 vinctos

91 2517 842 2586 Jerosolymamﬁpistolarum
864 2526 917 2571 te
945 2517 1138 2571 ducere
1165 2516 1482 2572 auctoritate
1502 2524 1652 2585 puta-

93 2606 206 2659 bas.
239 2604 407 2674 Hujus
434 2620 562 2674 ergo
587 2605 711 2659 dicti
753 2605 1175 2663 consideratione
1215 2606 1352 2660 forte
1389 2607 1648 2667 firmatus,

94 2695 386 2748 secundum
412 2695 547 2748 hanc
578 2695 864 2749 Dominica:
886 2695 1167 2750 locutionis
1195 2694 1428 2763 regulam
1456 2696 1654 2748 rectius

94 2783 322 2836 docuisti
354 2789 477 2835 tunc
518 2790 572 2836 et
615 2784 787 2851 ipsum
817 2783 1024 2845 Filium,
1064 2784 1163 2837 hoc
1187 2792 1268 2837 est
1304 2789 1496 2850 corpus
1519 2782 1650 2850 ejus,

93 2873 294 2926 electos
321 2871 568 2925 videlicet
611 2873 816 2951 ipsius,
839 2888 1066 2942 quorum
1111 2875 1221 2942 ipse
1250 2882 1456 2929 constat
1485 2876 1656 2928 omni-

92 2973 282 3032 potens
328 2971 506 3032 caput,
551 2963 846 3031 subjectum
879 2966 928 3018 ei
964 2966 1054 3034 qui
1099 2965 1323 3034 subjecit
1370 2965 1445 3018 illi
1479 2966 1655 3018 omnia

96 3063 153 3107 nt
189 3055 260 3108 sit
283 3055 424 3108 Deus
457 3056 635 3109 omnia
679 3056 744 3107 in.
767 3056 1032 3110 omnibus.
1059 3054 1651 3124 Denique‘prmmisisti‘,

96 3163 185 3198 nec
215 3146 344 3198 dum
381 3145 608 3198 videmus
629 3147 675 3198 ei
703 3149 873 3198 omnia
901 3147 1146 3214 subjecta.
1179 3146 1306 3199 Cum
1333 3157 1503 3199 autem
1538 3147 1658 3200 sub-

87 3237 229 3304 jecta
250 3235 445 3304 fuerint
467 3236 514 3288 ei
540 3237 732 3299 omnia,
758 3246 876 3288 tunc
897 3246 943 3288 et
964 3237 1070 3304 ipse
1092 3235 1258 3290 Filius
1282 3237 1540 3306 subjectus
1562 3239 1657 3291 erit

1747 2061 2227 2130 contemplandam,
2251 2069 2366 2114 tum
2393 2060 2442 2115 ei
2489 2057 2723 2127 subjecta
2768 2066 2924 2113 erunt
2946 2057 3145 2110 omnia.
3173 2057 3310 2123 Quia

1746 2154 1877 2206 nihil
1913 2168 2222 2220 perversum
2269 2152 2372 2206 erit
2418 2152 2472 2204 in
2500 2137 2759 2204 membris
2790 2147 2924 2216 ejus,
2972 2149 3022 2202 in
3070 2163 3174 2217 quo
3215 2162 3314 2218 per

1747 2245 2141 2314 corruptionem
2170 2244 2403 2298 carnalis
2432 2256 2620 2311 pugnae
2668 2242 2963 2295 resistendo
2999 2256 3102 2294 non
3130 2241 3236 2296 sint
3261 2241 3311 2295 ei

1748 2339 1926 2391 omnia
1951 2335 2212 2404 subjecta.
2253 2335 2400 2388 Tunc
2430 2343 2484 2387 et
2513 2335 2624 2402 ipse
2649 2333 2832 2397 Filius,
2861 2335 2958 2386 hoc
2985 2340 3087 2396 est,
3115 2348 3314 2402 corpus

1748 2426 1882 2494 ejus,
1915 2426 2067 2480 electi
2095 2425 2298 2480 scilicet
2320 2424 2504 2492 ipsius,
2532 2422 2755 2490 subjecti
2780 2433 2936 2476 erunt
2958 2423 3049 2486 illi,
3075 2424 3164 2491 qui
3189 2425 3313 2477 sub-

1742 2519 1872 2587 jecit
1903 2520 1950 2572 ei
1994 2518 2188 2579 omnia,
2223 2525 2283 2570 ut
2307 2516 2375 2569 sit
2409 2516 2549 2569 Deus
2573 2514 2751 2568 omnia
2798 2515 2851 2567 in
2877 2515 3144 2568 omnibus.
3173 2514 3313 2569 Nihil

1744 2612 1854 2679 jam
1893 2610 2032 2663 aliud
2078 2610 2146 2663 sit
2190 2609 2292 2661 illis
2326 2608 2704 2668 necessarium,
2752 2607 2895 2659 exuti
2926 2607 2991 2659 ab
3017 2607 3162 2660 omni
3191 2622 3312 2661 car-

1754 2702 1888 2756 nalis
1921 2698 2362 2768 concupiscentiue
2391 2711 2686 2751 aerumnosa
2728 2695 2980 2759 tuiseria;
3013 2698 3103 2750 sed
3135 2699 3313 2752 omnia

1754 2792 1858 2846 illis
1887 2792 2029 2846 solus
2056 2790 2426 2844 tantummodo
2451 2789 2519 2842 sit
2557 2789 2696 2842 Deus
2733 2787 2786 2841 in
2828 2787 3092 2842 omnibus.
3124 2787 3317 2842 Reddit

1755 2881 2002 2933 nimirum
2034 2879 2580 2947 Apostoluseausam,
2613 2893 2709 2931 cur
2739 2878 2851 2945 ipse
2880 2877 3044 2931 Filius
3075 2863 3318 2946 subjiciat?

1756 2977 1842 3021 tur
1873 2969 1940 3032 ei,
1974 2967 2041 3019 Ut
2071 2969 2156 3029 sit,
2191 2967 2381 3035 inquit,
2417 2967 2550 3018 Deus
2579 2968 2752 3018 omnia
2794 2967 2848 3018 in
2889 2967 3144 3020 omnibus.
3172 2966 3316 3031 "ire,

1757 3057 1992 3124 inquam,
2017 3069 2174 3108 causa
2205 3051 2547 3120 suljectionis
2574 3061 2673 3115 est,
2706 3061 2763 3105 ut
2790 3052 2858 3105 sit
2893 3053 3032 3106 Deus
3058 3057 3234 3109 omnia
3266 3057 3318 3110 in

1756 3149 2020 3202 omnibus.
2075 3146 2263 3201 Omnia
2312 3146 2505 3214 quippe
2547 3144 2687 3197 Deus
2732 3143 2784 3196 in
2822 3143 3067 3196 omnibus
3101 3153 3183 3198 est
3226 3161 3322 3214 per

1760 3236 1900 3299 Filii,
1950 3237 2050 3288 hoc
2098 3243 2199 3297 est,
2237 3234 2475 3303 corporis
2501 3233 2634 3302 ejus,
2669 3233 2759 3302 qui
2809 3219 2930 3286 sunt
2957 3233 3113 3287 electi
3160 3234 3321 3300 illius,

96 3325 196 3377 illi:
228 3324 297 3378 Et
346 3325 449 3378 boc
482 3325 747 3393 interrogo
786 3340 891 3393 quo
927 3303 1080 3392 pacto
1111 3325 1309 3378 dixeris
1335 3303 1438 3379 non
1471 3327 1519 3379 ei
1545 3340 1661 3379 esse
1685 3303 1731 3364 ο
1764 3323 2162 3390 subjectionem.
2189 3323 2467 3391 Nunquam
2491 3337 2710 3390 prorsus
2727 3337 2823 3391 per
2842 3320 3178 3391 fragilitatem
3204 3339 3329 3379 car-

96 3417 275 3470 omuia
301 3415 556 3483 subjecta,
595 3431 714 3469 cum
751 3416 875 3469 alibi
909 3416 1218 3485 prophetico
1255 3416 1472 3483 spiritus
1511 3417 1664 3470 testi-

95 3507 298 3566 monio,
331 3504 518 3557 Omnia
540 3505 800 3574 subjecisti
821 3507 915 3558 sub
940 3507 1151 3575 pedibus
1180 3507 1294 3577 ejus
1319 3509 1663 3576 exposueris?

96 3593 150 3644 In
189 3609 256 3647 eo
295 3602 493 3656 autem,
534 3593 728 3661 inquis,
767 3595 820 3646 in
859 3609 960 3663 quo
995 3595 1214 3664 subjecit
1237 3597 1284 3648 ei
1311 3597 1503 3659 omnia,
1534 3596 1662 3648 nihil

95 3697 199 3734 non
231 3681 522 3750 subjectum
549 3681 772 3750 reliquit.
813 3681 964 3736 Nunc
1003 3690 1176 3736 autem
1213 3683 1361 3745 dicis,
1391 3681 1499 3736 Nec
1538 3683 1662 3736 dum

97 3772 332 3824 videmus
361 3773 407 3825 ei
454 3774 626 3825 omnia
673 3772 920 3841 subjecta,
973 3773 1344 3828 demonstrans
1391 3773 1445 3825 in
1485 3764 1664 3825 futuro

63 3875 217 3914 esse
241 3861 296 3914 ei
321 3862 500 3914 omnia
541 3860 887 3928 subjicienda.
936 3861 1072 3927 Quid
1111 3870 1193 3915 est
1232 3863 1369 3916 hoc?
1398 3863 1528 3916 satis
1565 3863 1664 3916 mi-

99 3962 221 4002 rum
257 3966 270 4000 :
311 3947 446 4000 nihil
480 3964 584 4004 non
615 3948 929 4018 subjectum,
966 3959 1020 4006 et
1060 3967 1163 4006 non
1199 3953 1376 4012 omnia
1407 3953 1660 4023 subjecta.

550 4094 552 4097 -
592 4059 750 4130 153
784 4059 1005 4116 CAPUT
1043 4061 1201 4117 xvu.

100 4163 310 4218 Salutio
337 4167 612 4232 proposita:
654 4165 968 4235 difﬁcultatis
992 4183 1009 4219 :
1038 4165 1281 4235 Subjecta
1312 4171 1482 4223 omnia
1510 4169 1662 4222 Chri-

165 4243 248 4285 sto
294 4249 393 4304 per
420 4235 704 4304 potentiam
750 4235 1029 4304 divinitatis
1067 4251 1085 4285 :
1123 4235 1457 4304 Subjicienda
1493 4240 1666 4292 omnia

164 4318 260 4369 per
295 4302 638 4354 obedientiam
683 4318 943 4355 servorum
969 4302 1100 4367 ejus.
1149 4302 1371 4358 Et'tunc
1402 4306 1540 4358 Deus
1569 4308 1664 4360 erit

170 4371 352 4422 omnia
380 4370 433 4420 in
459 4370 625 4424 omnil‘
633 4388 711 4423 us.

169 4479 398 4541 Adesto,
435 4495 634 4546 quaeso,
673 4492 855 4537 sancte
883 4482 1130 4552 Spiritus,
1163 4485 1338 4538 revela
1362 4485 1668 4540 auriculam

102 4572 302 4624 mentis
354 4585 507 4632 mem,
551 4580 607 4622 ut
641 4573 854 4625 audiam
895 4583 946 4627 te
979 4575 1201 4628 docente
1244 4575 1370 4642 quid
1417 4575 1518 4630 sibi
1555 4577 1667 4629 vult

102 4659 244 4724 quod
281 4658 392 4710 hoc
419 4657 575 4739 modo
607 4673 701 4726 per
727 4659 1032 4728 Aposwlum
1063 4671 1210 4716 tuum
1239 4664 1381 4731 loqui
1418 4665 1666 4734 dignatus

99 4761 204 4800 es:
241 4756 290 4799 et
322 4744 458 4798 nihil
494 4761 594 4799 non
623 4748 926 4816 subjectum,
973 4759 1020 4802 et
1060 4753 1234 4804 omnia
1280 4752 1527 4820 subjecta.
1578 4754 1667 4809 Di-

100 4851 218 4887 cam
238 4834 358 4902 jam
396 4849 534 4886 nunc
559 4842 610 4894 te
637 4833 892 4904 largiente
914 4839 1040 4906 quid
1069 4841 1258 4893 sentio.
1285 4841 1415 4895 Illud
1438 4850 1668 4910 potesta-

100 4967 328 5041 dendas.
375 4965 506 5018 »ἈιΙ
543 4966 843 5041 superbiam
891 4968 1188 5041 iustumque
1237 4973 1524 5026 notandum
1565 4990 1666 5028 vox

101 5037 393 5096 accersita,
422 5043 480 5088 ut
504 5043 648 5102 patet
668 5050 732 5088 ex
764 5035 1018 5092 Venantio
1040 5035 1330 5093 Fortunato
1359 5041 1462 5092 Vit.
1498 5044 1667 5096 sancti

75 5102 343 5166 Martini,
372 5104 465 5155 lib.
498 5119 569 5168 tv,
603 5105 684 5158 his
708 5105 945 5159 versibus
971 5124 982 5158 :

229 5212 358 5280 )‘itze
381 5217 641 5280 gesti-sua:
664 5217 950 5280 temerarius
970 5217 1152 5266 arbiter
1176 5219 1346 5266 lltﬂallS
1368 5255 1382 5280 ,

225 5271 620 5321 lntolurabilium
647 5287 733 5334 per
761 5278 915 5324 inania
940 5278 1154 5326 bonu'nica
1175 5271 1375 5338 jactnns:

174 5390 197 5417 ι
237 5378 645 5448 Gurgustionem
674 5380 972 5447 exprimam.
1013 5379 1411 5448 Gurgustionem
1454 5399 1670 5438 autumo

104 5446 306 5522 ciuisse
365 5446 649 5500 Paulinum
697 5446 792 5515 pro
853 5446 1361 5522 gurgulionem.___Ex
1421 5462 1668 5522 contextu

105 5515 249 5568 enim
282 5527 529 5584 apparet,
558 5529 674 5568 eam
685 5523 905 5635 ’partem
931 5515 1209 5585 i'ndigitare
1240 5519 1384 5572 illum
1413 5521 1665 5585 voluisse,

106 5597 209 5635 uua
239 5586 385 5635 intra
407 5586 602 5635 collum
627 5601 655 5635 a
707 5585 922 5635 nucibus
963 5587 1027 5635 ad
1063 5587 1362 5635 pulmonem
1395 5589 1476 5635 via
1511 5593 1665 5635 sniri-

106 5597 209 5649 qua
239 5586 385 5636 intra
407 5586 602 5640 collum
627 5601 655 5636 a
685 5585 922 5658 faucibus
963 5587 1027 5658 ad
1061 5587 1362 5654 pulmonem
1395 5589 1477 5641 via
1511 5593 1670 5658 spiri-

109 5660 193 5706 tus
216 5660 390 5721 patet,
415 5669 576 5722 quam
605 5654 815 5708 trached
859 5656 1069 5716 arteria,
1108 5671 1224 5722 qum
1254 5666 1306 5708 et
1334 5672 1517 5724 aspera
1540 5654 1672 5714 dici-

107 5731 215 5787 tur,
269 5731 326 5774 et
362 5731 550 5790 guttur
587 5737 690 5775 una
738 5732 1075 5790 componunt.
1124 5725 1214 5777 Vel
1268 5726 1311 5779 si
1342 5726 1509 5779 mavis
1552 5743 1671 5782 cum

108 5790 318 5845 Thoma
353 5790 668 5858 Bartbolino
691 5791 909 5858 Caparis
937 5790 1068 5844 Filio
1095 5793 1338 5846 Anatom.
1388 5793 1544 5847 refor.
1578 5797 1668 5850 lib.

108 5875 188 5926 ιιι,
218 5875 340 5930 cap.
393 5857 479 5923 12,
525 5858 635 5926 ipsa
663 5857 814 5912 uvula
855 5869 951 5921 est,
989 5876 1146 5927 quam
1174 5863 1256 5914 alii
1288 5879 1667 5930 gargarconem,

1764 3418 1866 3480 nis,
1909 3417 2044 3470 sicut
2075 3418 2127 3470 in
2169 3417 2415 3486 prazscnti
2449 3417 2642 3471 saeculo
2673 3432 2920 3486 nequam,
2961 3431 2991 3488 a
3041 3419 3324 3472 concordia

1762 3514 1958 3560 sancta:
2005 3506 2284 3580 Trinitatis
2331 3507 2623 3570 discordes,
2675 3519 2943 3574 nunquam
2985 3521 3016 3559 a
3047 3507 3328 3562 charitatis

1755 3595 1874 3672 ejus
1916 3595 2075 3650 alieni
2116 3597 2392 3651 dulcedine
2417 3597 2672 3652 existunt.
2727 3596 2832 3650 Sed
2873 3596 3050 3650 omnia
3095 3597 3200 3650 illis
3224 3598 3327 3651 erit

1761 3685 1905 3739 mlus
1943 3685 2083 3739 Deus
2115 3685 2166 3738 in
2207 3687 2454 3740 omnibus
2492 3702 2504 3736 :
2544 3685 2689 3738 solus
2717 3684 2918 3738 scilicet
2961 3680 3054 3737 Dei
3093 3700 3244 3739 amor
3273 3687 3326 3740 in

1763 3775 2026 3829 desiderio
2055 3775 2247 3828 animae
2279 3789 2463 3829 eorum
2511 3774 2794 3829 ineil'abilis
2833 3789 3044 3843 semper
3083 3791 3328 3850 perseve-

1763 3879 1906 3918 rans.
1936 3864 2048 3919 ﬂoc
2081 3872 2163 3920 est
2185 3880 2304 3918 esse
2332 3865 2494 3918 Deum
2523 3856 2704 3919 omnia
2733 3864 2784 3917 in
2811 3865 3078 3918 omnibus.

2325 3973 2549 4029 CAPUT
2586 3974 2767 4027 XVIII.

1769 4066 1973 4136 Placita
2001 4068 2267 4120 doctorum
2296 4066 2521 4136 allegare
2551 4068 2772 4120 instituit
2809 4076 2857 4136 et
2890 4067 3055 4136 primo
3096 4065 3265 4136 Petri
3280 4079 3331 4123 et

1837 4135 1993 4212 gauli
2032 4136 2378 4205 apostolorum
2402 4134 2677 4189 ostendens
2713 4135 2848 4212 malp
2878 4134 3133 4189 intellecta
3161 4154 3193 4189 a
3224 4134 3330 4192 Fc"

1836 4204 1950 4257 lice.

1837 4317 1931 4370 His
1956 4317 2029 4369 ita
2068 4317 2305 4384 digestis,
2346 4332 2488 4403 nunc
2514 4318 2578 4372 ad
2604 4317 2981 4385 prmdicatores
3019 4328 3217 4374 sanctae
3241 4335 3328 4374 ca-

1769 4407 1978 4485 tholica:
2012 4414 2170 4475 atque
2199 4407 2500 4477 apostolica!
2545 4407 2818 4471 Ecclesiae,
2866 4409 3203 4479 cultoresque
3238 4427 3328 4466 or-

1769 4496 2014 4550 thodoxa:
2042 4497 2181 4561 fidei,
2200 4498 2360 4552 rectis
2389 4499 2679 4552 incedendo
2706 4499 2827 4567 styli
2862 4502 3130 4567 gressibus
3154 4503 3332 4555 venia-

1696 4623 1746 4681 ο
1770 4602 1907 4640 mus.
1939 4587 2222 4641 Videamus
2243 4587 2427 4654 utique
2451 4587 2601 4655 cujus
2634 4586 2754 4640 fidei
2777 4589 3150 4655 praedicatores
3173 4592 3332 4645 cccle-

1771 4676 1940 4729 stibus
1995 4676 2181 4729 imbuti
2229 4675 2531 4728 exstiterint
2569 4678 2936 4742 sacramentis,
2975 4679 3219 4744 duorum,
3263 4696 3330 4733 an

1771 4763 1928 4816 unius
1948 4761 2173 4826 Christi;
2215 4765 2554 4832 nuncupativi
2579 4764 2775 4820 Christi
2803 4767 2915 4829 Dei,
2946 4782 3012 4820 an
3039 4769 3150 4822 veri
3177 4768 3333 4824 Chri-

1772 4848 1838 4902 sti
1863 4849 1985 4914 Dei;
2013 4851 2299 4919 adoptativi
2330 4851 2525 4907 Christi
2559 4853 2676 4907 Filii
2705 4854 2815 4918 Dei,
2860 4870 2926 4908 an
2961 4856 3160 4924 proprii
3191 4857 3330 4915 veri-

1773 4981 1897 5033 item
1943 4979 2330 5050 gurgulionem,
2377 4981 2767 5050 columnamque
2812 4982 3012 5037 dixere.
3067 4982 3331 5037 Caeterum

1809 5065 1867 5102 ro
1907 5048 2024 5118 gula
2047 5048 2404 5120 communiter
2444 5048 2914 5120 accipitur.7Varro
2960 5051 3050 5104 lib.
3085 5067 3122 5105 ιι
3151 5051 3225 5106 De
3255 5053 3328 5109 Ro

1795 5117 1948 5188 lusu,
1978 5131 2094 5186 cap.
2118 5117 2195 5188 ὅγε
2238 5135 2256 5166 ι
2294 5118 2495 5188 Hircus
2514 5117 2739 5172 molliori
2766 5118 2890 5188 pilo,
2915 5129 2967 5174 et
2993 5121 3328 5187 potissimum

1774 5187 1913 5249 albo,
1942 5201 2002 5257 ac
2025 5187 2230 5240 cervice
2251 5202 2315 5239 ac
2333 5186 2467 5257 collo
2487 5187 2665 5249 breve,
2691 5186 3008 5257 gurgulione
3024 5189 3278 5257 longiore.
3305 5210 3323 5242 ι

1773 5254 2256 5336 ςξιιι-οιιρίοηᾳυοᾳυε
2284 5271 2311 5336 c
2340 5254 2455 5308 loco
2500 5272 2554 5336 g.
2581 5254 2751 5336 posito
2794 5254 2897 5336 non
2916 5267 3058 5336 raro
3089 5254 3326 5336 eilertur.

1777 5324 1912 5378 Hinc
1946 5323 2220 5376 helluones
2247 5331 2306 5404 ct_
2339 5323 2591 5404 parasiti,
2610 5326 2698 5392 qui
2725 5325 2879 5404 _gula:
2910 5327 3330 5404 _stu_diosiu§__va~

1774 5408 1896 5446 care
1927 5400 2331 5453 consueverunt,
2366 5392 2685 5446 curculiones
2707 5392 2875 5448 dictos
2903 5396 3051 5451 testis
3072 5404 3153 5448 est
3175 5394 3331 5448 Plau.

1776 5470 1878 5520 tus,
1913 5460 2002 5528 qui
2031 5475 2224 5514 nomen
2253 5461 2526 5515 commdiaa
2550 5461 2672 5514 fecit
2694 5462 2940 5516 curculio.
2972 5464 3074 5517 Sed
3106 5465 3158 5516 in
3189 5465 3330 5522 viam

1776 5531 2071 5583 redeamus.
2101 5530 2387 5583 Blateranti
2421 5529 2601 5593 Felici,
2633 5539 2685 5583 et
2720 5531 2894 5587 inania
2928 5532 3088 5585 multa
3116 5532 3181 5587 de
3205 5532 3333 5588 ado~

1776 5598 1955 5719 ﬁtione
1980 5597 2096 5651 Filii
2130 5599 2220 5653 Dei
2244 5598 2438 5679 Christi
2466 5596 2590 5680 Jesu
2635 5597 2876 5679 jactanti,
2921 5614 3024 5658 non
3064 5602 3330 5684 immerito

1820 5667 2029 5719 auhnus
2062 5667 2427 5719 curculionem
2463 5682 2511 5719 et
2560 5681 2617 5719 se
2658 5667 2790 5719 dixit
2837 5682 3232 5719 exnressumm.
3275 5670 3330 5719 Id

1820 5667 2029 5721 anlinus
2062 5667 2427 5736 gurgulionem
2463 5669 2511 5722 ei
2560 5681 2617 5721 se
2658 5667 2790 5720 dixit
2837 5682 3232 5736 expressurum,
3275 5669 3332 5724 id

1777 5743 1856 5854 Iest
1882 5744 2544 5854 gu‘tftnrcompressurum,
2578 5745 2637 5790 ut
2661 5735 2790 5789 nihil
2833 5735 2936 5792 tale
2973 5738 3199 5806 amplius
3237 5752 3331 5792 va-

1799 5813 1882 5854 ραι
1914 5819 1942 5854 ο
1985 5813 2136 5854 IIIII'P.

1799 5813 1882 5858 eat.
1914 5813 2136 5856 effutire.
