3926 6440
581 459 675 514 ιδι

1504 455 1559 509 S.
1596 454 1863 509 PAULINI
1903 451 2349 525 PATRIARCILE
2391 451 2852 523 AQUILEIENSIS

3647 455 3745 511 £53

580 582 681 635 que
705 566 898 618 Christi
927 564 1042 616 Filii
1078 562 1190 617 Dei.
1215 562 1505 619 Hmt‘eticus
1529 562 1719 629 quippe
1744 561 1845 613 iste
1873 567 1963 612 aut
1982 559 2112 612 duos
2142 565 2187 619 Α
2213 575 2317 612 non
2370 560 2526 611 fueiit
2555 574 2761 627 semper
2806 561 2940 613 Deus
2975 569 3027 613 et
3069 563 3243 615 homo.
3277 560 3498 630 Semper
3544 579 3609 618 ex
3651 580 3747 633 quo

581 656 817 707 Chi-istos
859 654 1019 713 Deos,
1055 652 1463 719 nu..cupativum
1503 650 1703 703 scilicet
1740 656 1792 700 et
1828 662 2029 708 verum,
2068 654 2121 701 et

580 759 646 797 ex
684 758 746 795 eo
783 743 1083 810 adoptivum
1128 740 1322 804 ﬁlium;
1382 749 1471 792 aut
1509 739 1711 792 duobus
1746 738 1914 791 modis
1960 752 2120 788 unum

581 831 846 884 Christum
903 831 1085 891 Deum,
1133 843 1197 881 ex
1248 837 1397 896 parte
1441 828 1653 895 quidem
1703 840 1905 887 verum,
1956 832 2010 877 et
2056 838 2121 876 ex

518 912 519 915 “
581 930 733 986 parte
768 933 869 971 non
908 933 1088 970 verum
1132 918 1319 970 asserit
1344 908 1442 970 [eos
1473 916 1808 984 praedicasse.
1844 914 2123 982 Apostolus

584 1022 897 1076 magnopere
920 1007 1119 1060 studuit
1149 1007 1463 1071 redarguere
1485 1005 1798 1063 Corinthios,
1837 1004 1924 1069 qui
1960 1016 2121 1054 unum

583 1093 847 1149 Christum
892 1095 1125 1147 dividere
1148 1094 1492 1146 conabantur.
1534 1090 1641 1144 Sed
1668 1091 1791 1159 quid
1821 1092 2034 1151 mirum,
2077 1088 2121 1141 si

584 1183 863 1250 discipulos
885 1183 1168 1235 temerario
1192 1196 1321 1233 ausu
1344 1180 1596 1233 infamare
1617 1197 1717 1233 non
1741 1189 1971 1241 veretur,
2000 1192 2122 1232 cum

585 1272 726 1339 ipsos
755 1272 935 1340 utique
972 1271 1253 1339 magistros
1280 1269 1545 1331 Ecclesiae,
1574 1268 1787 1321 Petrum
1830 1268 2029 1321 scilicet
2069 1274 2123 1319 et

582 1360 801 1413 Paulum
843 1360 1094 1412 audacter
1137 1359 1473 1412 iucrimiuare
1502 1359 1708 1410 concisa
1734 1356 1967 1424 perﬁdia:
1996 1370 2122 1422 ruga
2162 1392 2165 1393 ν

585 1462 684 1499 non
730 1448 939 1501 erubuit
984 1448 1188 1500 fronte?
1228 1447 1355 1500 Nam
1393 1447 1513 1513 quia
1560 1446 1761 1513 primus
1807 1452 1987 1512 pastor
2028 1443 2126 1495 Ec-

581 1536 781 1598 clesim,
820 1536 953 1588 sicut
997 1537 1146 1604 longe
1182 1551 1338 1604 supra
1376 1536 1577 1603 pml‘ati
1620 1550 1816 1595 sumus,
1857 1534 2125 1602 professus

582 1622 650 1674 sit
695 1620 873 1675 Jesum
923 1640 952 1675 a
996 1622 1253 1675 Nazareth
1305 1637 1520 1675 sanasse
1558 1638 1743 1675 omnes
1779 1637 2055 1689 oppressos
2094 1636 2124 1672 a

582 1709 809 1774 diabolo,
854 1719 907 1763 et
949 1710 1226 1771 addiderit,
1267 1708 1520 1773 Quoniam
1565 1709 1702 1763 Deus
1729 1720 1837 1762 erat
1862 1726 1976 1762 cum
2014 1708 2122 1772 iilo,

581 1800 682 1853 hoc
717 1808 799 1852 est
841 1799 890 1849 in
921 1797 1027 1859 illo,
1057 1796 1183 1850 dicit
1205 1796 1483 1851 haereticus
1514 1798 1641 1861 iste,
1675 1812 1777 1850 non
1808 1796 1957 1857 dixit,
1988 1796 2127 1849 Deus

2220 649 2376 715 cmpit
2404 661 2518 701 esse
2550 649 2723 710 homo,
2764 657 3035 716 permanet
3059 650 3411 727 sempiternus
3443 651 3599 706 Deus.

2792 757 3011 811 CAPUT
3048 757 3187 811 XIX.

2309 844 2489 911 Arguit
2512 842 2736 899 Felicem
2767 844 2898 895 male
2930 860 3076 922 usum
3103 860 3252 896 sensu
3282 842 3493 901 Hilarii.
3524 860 3673 909 qustu

2876 922 3100 980 exponit.

2288 996 2453 1052 Porro
2485 1013 2604 1056 cum
2634 999 2825 1052 dicitur
2866 999 3039 1052 :Deus
3071 1008 3179 1052 erat
3211 1016 3324 1053 cum
3362 1001 3492 1070 ipso,
3522 1009 3593 1067 et,
3628 1001 3758 1057 Deus

2219 1095 2327 1137 erat
2354 1087 2409 1139 in
2431 1086 2651 1151 Christo,
2681 1096 2984 1141 naturarum
3012 1088 3249 1157 profecto
3278 1105 3373 1157 per
3405 1092 3457 1145 id
3482 1092 3761 1146 diversitas

2221 1172 2575 1242 distinguitur.
2620 1192 2722 1229 non
2769 1176 2920 1229 unius
2950 1177 3039 1229 Dei
3081 1178 3399 1232 indivisibile
3445 1181 3765 1235 rescinditur

2220 1276 2429 1314 nomen.
2468 1262 2602 1325 Quid
2626 1263 2716 1314 tibi
2742 1264 2968 1327 videtur,
2999 1279 3032 1316 0
3065 1265 3343 1319 hatretice!
3382 1265 3633 1335 Nunquid
3663 1277 3761 1321 tam

2220 1351 2417 1417 grande
2451 1351 2809 1403 scelestissimi
2840 1352 3030 1418 piaculi
3070 1352 3218 1406 nefas
3254 1356 3400 1420 parvi
3429 1357 3665 1423 pendere
3692 1359 3766 1410 in-

2223 1437 2387 1490 ultum
2415 1438 2601 1506 putas?
2644 1437 2855 1492 Petrum
2902 1455 3121 1493 accusas
3166 1442 3571 1496 clavicularium
3619 1446 3764 1513 regni

2225 1526 2513 1580 caelorum?
2547 1526 2708 1580 Paulo
2751 1526 2981 1581 detrahis
3025 1529 3277 1596 magistro
3317 1531 3558 1583 omnium
3590 1531 3767 1586 Eccle-

2224 1617 2442 1669 siarum.
2475 1616 2817 1686 Evangelistaz
2843 1601 3016 1669 autem
3042 1626 3198 1686 atque
3226 1621 3512 1687 ριόρῑιθωε,
3543 1635 3768 1688 quorum

2225 1703 2544 1757 inviolabilia
2570 1721 2674 1758 non
2699 1719 2756 1758 es
2781 1705 3033 1759 confusus
3059 1706 3270 1759 oracula
3297 1707 3565 1767 mutitare.
3590 1707 3691 1775 ipsi
3717 1721 3771 1760 se

2226 1792 2547 1845 ulciscantur
2574 1794 2637 1846 de
2667 1802 2734 1846 te.
2765 1794 3032 1847 Helarium
3056 1809 3281 1863 namque
3309 1796 3474 1848 beata:
3505 1796 3773 1849 memoria:

580 1890 697 1940 erat
736 1888 874 1953 ipse,
926 1885 1014 1937 sed
1060 1885 1197 1937 Deus
1251 1895 1359 1937 erat
1398 1902 1512 1937 cum
1557 1885 1648 1938 illo
1675 1884 1808 1954 (Act.
1840 1901 1888 1943 κ,
1918 1885 2028 1956 38).
2070 1885 2127 1938 Si
2158 1880 2203 1937 B
2232 1879 2587 1934 Pcctaviensis
2616 1883 2755 1935 sedis
2793 1883 3080 1935 antistitem
3118 1897 3213 1936 cur
3245 1881 3480 1936 lacerare
3524 1898 3631 1937 non
3659 1899 3775 1952 par-

584 1974 739 2036 Deus,
769 1982 860 2033 ait,
893 1973 1001 2040 ipse
1028 1970 1230 2033 fuisset,
1259 1987 1590 2041 nequaquam
1633 1982 1812 2025 tantus
1844 1972 2128 2041 Apostolus

583 2062 801 2123 diceret,
828 2062 968 2115 Deus
990 2073 1097 2115 erat
1142 2079 1256 2115 cum
1305 2062 1415 2127 illo,
1458 2064 1551 2118 sed
1589 2063 1727 2118 Deus
1756 2071 1870 2118 erat
1898 2065 2025 2132 ipse.
2065 2065 2131 2117 Et

584 2149 706 2217 quia
745 2148 939 2203 Paulus
980 2149 1162 2203 scribit
1202 2151 1508 2213 Corinthiis,
1558 2151 1695 2204 Deus
1745 2152 1878 2204 enim
1929 2160 2037 2204 erat
2075 2152 2131 2203 in

583 2234 783 2288 Christo
819 2235 1064 2288 mundum
1106 2236 1438 2290 reconcilians
1486 2238 1582 2291 sibi
1623 2237 1707 2308 (II
1760 2237 1879 2291 Cor.
1920 2253 1981 2302 v,
2020 2239 2127 2306 l9),

582 2332 634 2376 et
682 2324 785 2385 hic,
824 2324 1010 2391 inquit,
1052 2339 1154 2377 non
1190 2325 1339 2386 dixit,
1374 2326 1509 2378 Deus
1549 2334 1662 2378 erat
1707 2325 1978 2390 Christus;
2021 2328 2130 2388 sed,

583 2410 720 2463 Deus
754 2420 862 2462 erat
906 2412 959 2463 in
1006 2409 1223 2463 Christo.
1260 2411 1423 2479 llujus
1464 2414 1589 2465 dicti
1620 2413 1848 2481 qualitas
1882 2411 2031 2480 cujus
2065 2416 2134 2469 sit

580 2497 927 2565 praestigiosaz
951 2499 1175 2551 vesania:
1200 2500 1442 2553 obvoluta
1478 2508 1708 2568 stupore,
1739 2501 1983 2568 prudenti
2028 2516 2133 2555 non

579 2586 787 2639 celatur
826 2588 1026 2650 lectori,
1069 2589 1218 2657 quasi
1264 2589 1399 2642 alius
1442 2590 1511 2643 sit
1548 2591 1686 2644 Deus
1728 2591 1781 2644 in
1821 2590 2050 2657 Christo,
2082 2602 2136 2646 et

586 2675 722 2728 alius
745 2676 813 2728 sit
836 2676 991 2729 homo
1014 2675 1284 2743 Christus;
1314 2679 1643 2733 convincitur
1668 2696 1733 2733 ex
1762 2696 1826 2734 eo
1846 2682 1985 2749 quod
2014 2696 2136 2749 pro-

586 2765 706 2819 tulit
732 2765 1022 2829 iutimasse,
1052 2772 1173 2819 "cum
1213 2768 1324 2836 ipse
1351 2783 1485 2821 unus
1523 2769 1767 2837 idemque
1794 2770 1863 2823 sit
1892 2768 2135 2824 Christus

587 2853 729 2907 Deus
755 2863 807 2906 et
842 2854 998 2907 homo
1027 2872 1039 2906 :
1071 2854 1195 2907 licet
1218 2856 1286 2909 sit
1308 2856 1451 2909 aliud
1484 2866 1538 2910 et
1578 2857 1737 2919 aliud,
1769 2858 2002 2911 di~inum
2034 2859 2137 2911 sci-

586 2943 710 2997 licet
743 2952 796 2997 et
835 2944 1140 3009 humanum,
1188 2960 1283 3014 per
1325 2948 1464 3016 quod
1514 2948 1654 3002 Deus
1679 2955 1733 3002 et
1764 2948 1923 3002 homo
1952 2965 1964 3000 :
2000 2963 2163 3003 unus-

588 3042 764 3087 tamen
798 3032 949 3088 Iesus
973 3035 1214 3090 Christus
1242 3036 1379 3090 Deus
1416 3038 1591 3090 homo.
1621 3037 1910 3090 Haereticus
1948 3051 2137 3103 nempe

588 3123 706 3187 iste,
762 3138 867 3176 non
914 3126 1200 3177 secundum
1245 3125 1470 3193 gratiam
1515 3125 1745 3193 Spiritus
1790 3128 1991 3192 sancti,
2041 3143 2136 3197 per

587 3232 746 3285 quam
782 3216 939 3270 locuti
979 3225 1102 3270 sunt
1146 3218 1389 3285 apostoli,
1442 3221 1617 3273 sensui
1661 3222 1948 3288 apostolico
1980 3237 2132 3276 suum

588 3306 780 3362 subdit.
812 3306 903 3359 sed
933 3306 1215 3360 secundum
1243 3309 1506 3376 propriam
1544 3311 1857 3378 pravitatem
1884 3325 1981 3364 suo
2011 3324 2132 3378 per-

588 3393 692 3449 ﬁdo
719 3408 872 3448 sensu
900 3405 1135 3449 sanctum
1165 3395 1377 3450 molitus
1416 3404 1498 3450 est
1541 3412 1881 3466 corrumpere
1924 3405 2136 3466 aposto-

588 3483 746 3539 licum
769 3501 1000 3539 sensum.
1025 3485 1155 3538 Nam
1180 3502 1299 3539 cum
1338 3471 1407 3540 sit
1430 3486 1559 3541 ﬁdes
1589 3503 1653 3541 ex
1687 3501 1751 3542 eo
1775 3488 1916 3556 quod
1943 3498 2025 3541 est
2054 3488 2134 3557 ﬁt,

589 3575 689 3629 hoc
716 3585 815 3638 est,
846 3585 903 3629 ut
927 3573 1181 3630 efﬁciatur
1209 3577 1347 3645 quod
1368 3578 1620 3642 creditur,
1650 3594 1714 3633 ne
1743 3580 1811 3633 sit
1850 3581 1976 3634 ﬁdes
1999 3595 2139 3633 mor-

587 3664 676 3715 tua
705 3664 819 3718 sine
852 3664 1087 3732 eapionis
1112 3677 1136 3703 ιι
1160 3665 1348 3719 effectu
1381 3684 1393 3719 :
1428 3666 1526 3721 istc
1556 3666 1767 3736 quidem
1800 3668 1959 3721 verbo
1986 3677 2139 3723 tenus

591 3755 955 3806 tantummodo
983 3754 1175 3806 nudum
1207 3756 1515 3823 putatiﬁdei
1555 3754 1898 3825 professionis
1932 3755 2139 3810 edicere

589 3842 1011 3911 prterogativum.
1040 3842 1195 3911 159
1215 3842 1343 3896 Cum
1365 3844 1504 3896 enim
1529 3844 1763 3911 loquitur
1783 3845 2135 3909 mendacium,

587 3928 652 3982 de
674 3932 901 4000 propriis
923 3931 1171 3998 loquitur,
1195 3947 1296 3985 non
1318 3933 1596 3985 attendens
1620 3941 1873 4000 quantum
1900 3931 2140 3987 differen-

590 4022 694 4074 tius
718 4021 869 4073 aliter
894 4021 962 4073 sit
990 4021 1153 4073 Deum
1184 4022 1234 4073 in
1267 4021 1451 4075 electis
1475 4021 1584 4075 suis
1619 4037 1714 4091 per
1736 4023 1929 4075 donum
1954 4021 2139 4088 gratiae

592 4110 853 4171 latitare,
897 4124 925 4160 a
961 4110 1152 4177 quibus
1194 4118 1247 4161 ct
1290 4095 1411 4163 cum
1455 4111 1680 4164 voluerit
1705 4110 1833 4163 -alta
1870 4109 2141 4176 dispensa-

591 4201 731 4254 tione
769 4200 1048 4267 aliquando
1091 4198 1290 4253 recedit
1339 4200 1482 4270 (licet
1509 4215 1611 4253 non
1646 4199 1715 4253 sit
1744 4198 1791 4252 ei
1826 4199 2139 4268 quandoque

592 4290 796 4352 abesse,
836 4289 923 4356 qui
954 4290 1146 4355 ubique
1180 4304 1273 4356 per
1300 4290 1586 4358 potentiam
1618 4288 1910 4342 divinitatis
1931 4302 2141 4358 semper

594 4379 764 4446 adest)
785 4388 842 4430 et
867 4378 1019 4430 aliter
1046 4376 1099 4429 in
1120 4376 1333 4431 Christo
1358 4377 1480 4431 Jesu
1502 4378 1855 4431 essentialiter
1882 4378 2137 4440 habitare,

592 4485 623 4523 a
660 4480 765 4539 quo
794 4462 1090 4538 nunquam,’
1125 4468 1246 4535 quia
1278 4482 1414 4521 unus
1448 4478 1530 4521 est
1578 4468 1717 4521 Deus
1754 4476 1807 4521 et
1834 4469 2009 4529 homo,
2053 4481 2136 4520 re—
2166 4501 2216 4558 Β

594 4558 750 4613 cedit.
781 4558 837 4611 In
875 4557 978 4611 illis
1004 4557 1153 4625 quasi
1188 4557 1407 4624 impuris
1445 4557 1745 4611 hominibus
1772 4568 1887 4628 post
1912 4557 2136 4625 gratiam

592 4646 887 4714 adoptionis
914 4660 927 4697 :
956 4645 1007 4697 in
1037 4644 1124 4696 illo
1148 4652 1322 4696 autem
1348 4645 1415 4698 ab
1438 4645 1550 4714 ipso
1571 4646 1825 4714 mysterio
1849 4644 2141 4713 conceptio-

593 4736 679 4790 nis
705 4734 758 4788 in
798 4750 901 4787 una
928 4748 1151 4803 persona
1176 4734 1597 4803 inseparabiliter
1634 4735 1782 4788 unito
1807 4734 2017 4787 sibimet
2048 4733 2141 4786 ha-

594 4824 728 4877 bitat
748 4823 977 4877 homine.
1013 4822 1068 4876 lu
1100 4836 1165 4876 eo
1204 4820 1445 4875 videlicet
1478 4821 1710 4885 homine,
1754 4820 1843 4889 qui
1875 4835 2140 4888 nunquam

597 4925 700 4964 non
731 4909 832 4964 fuit
858 4911 994 4965 Deus
1022 4907 1338 4978 :‘nunquam
1368 4910 1529 4978 coepit
1577 4910 1655 4963 sic
1696 4923 1814 4962 esse
1861 4909 2039 4973 homo,
2086 4914 2143 4961 nt

668 5050 694 5079 ι
738 5038 819 5093 Ne
843 5040 907 5092 sit
932 5038 1060 5106 fides
1088 5046 1293 5107 mortua
1335 5038 1445 5093 sine
1472 5038 1701 5106 capiom's
1743 5038 1947 5107 effectu.
1981 5036 2142 5107 Capio

598 5107 815 5159 verbum
841 5117 924 5161 est
949 5108 1112 5176 legale
1136 5116 1190 5160 et
1204 5106 1653 5176 jurispcritorum,
1676 5109 1817 5175 quod
1840 5108 1999 5160 etiam
2025 5122 2144 5159 usu-

601 5175 748 5242 capio
787 5175 1235 5240 dicitur,modnm
1280 5175 1480 5229 scilicet
1509 5176 1749 5244 capiom's
1781 5176 2179 5244 exprimendo“

601 5256 790 5314 nempe
815 5260 929 5296 usu.
983 5245 1075 5297 Est
1113 5252 1289 5314 autem
1316 5243 1681 5314 usucapioper
1708 5243 2055 5314 Modestinuin
2076 5243 2140 5314 Δίῒ.

602 5313 668 5367 de
695 5320 931 5384 usurpat.
959 5323 1010 5384 et
1036 5313 1396 5380 dsucapiouib.
1418 5312 1554 5384 (1.5:
1588 5312 1615 5361 ἡ(
1644 5314 1867 5384 Adoptio
1885 5312 2140 5384 dominii;

592 5393 697 5452 per
723 5381 1169 5452 cottiinuatioaem
1202 5381 1843 5452 possessionis‘tempo‘ris
1883 5382 1994 5450 lege
2020 5382 2144 5435 deli-

603 5448 775 5519 iiiti.»
825 5448 973 5519 Quod
1008 5448 1215 5517 tempus
1246 5466 1340 5519 pro
1371 5448 1727 5504 immobilibus
1755 5448 2062 5519 productius
2093 5458 2147 5504 ct

605 5515 811 5583 longius
852 5538 877 5568 a
926 5515 1128 5585 legibus
1170 5515 1439 5583 statuitur,
1468 5520 1680 5572 brevius
1721 5515 1775 5571 ei
1822 5520 2146 5574 conuactius

643 5600 701 5655 ro
726 5585 1023 5639 mobilibus.
1074 5589 1206 5640 Huic
1239 5588 1396 5639 etiam
1443 5589 1708 5641 nonnullis
1758 5585 1916 5655 Cupio
1957 5589 2144 5641 immo-

643 5653 786 5706 ilium
814 5657 1127 5725 prmscriptio
1152 5659 1281 5709 dicit
1321 5671 1362 5717 ι’,
1404 5657 1673 5709 mobilium
1725 5653 1899 5709 autem
1938 5659 2147 5725 prOprie

609 5726 880 5792 usucapio;
908 5739 1021 5793 qum
1039 5726 1194 5779 etiam
1224 5725 1473 5779 delinitur
1488 5743 1511 5772 re
1522 5727 1751 5793 cquisiIio
1776 5726 1845 5778 rei
1869 5742 1955 5795 per
1977 5741 2141 5778 usum.

2158 3177 2207 3240 ο

2229 1970 2340 2023 cis?
2384 1970 2510 2024 Post
2551 1970 2679 2023 illud
2725 1985 2951 2038 quoque,
2998 1972 3137 2038 quod
3185 1986 3280 2038 per
3305 1971 3490 2025 Arium
3535 1974 3772 2040 pertulit,

2228 2076 2325 2115 cur
2356 2061 2428 2114 illi
2446 2062 2595 2115 nunc
2621 2061 2779 2114 alium
2810 2061 3000 2113 minari
3026 2061 3306 2115 exsilium?
3332 2060 3461 2114 Nam
3491 2062 3547 2115 in
3578 2078 3642 2115 ea
3673 2064 3776 2117 dis-

2230 2152 2501 2219 putatione
2544 2152 2817 2205 duodecim
2861 2151 2998 2212 libri,
3041 2151 3091 2204 in
3128 2166 3233 2219 qua
3283 2151 3381 2221 ille
3406 2153 3581 2205 modis
3609 2153 3778 2205 omni-

2230 2241 2329 2294 bus
2373 2240 2687 2294 contradicit
2732 2240 2816 2294 his
2864 2240 2952 2308 qui
2995 2238 3262 2293 Christum
3291 2238 3481 2292 Filium
3520 2240 3615 2292 Dei
3649 2239 3775 2293 ado—

2229 2331 2485 2398 ptativum
2519 2338 2775 2384 conantur
2808 2344 3076 2393 asserere,
3125 2338 3393 2383 sumentes
3421 2330 3485 2383 de
3516 2345 3670 2383 sacra
3701 2331 3779 2383 hi-

2232 2420 2392 2471 storia
2433 2428 2665 2485 paterna:
2694 2417 2838 2471 vocis
2873 2417 3251 2481 testimonium,
3279 2418 3401 2485 quia
3439 2417 3504 2470 de
3533 2417 3780 2471 llebrato-

2232 2523 2350 2560 rum
2384 2506 2564 2559 electa:
2606 2507 2775 2573 gentis
2813 2506 3077 2573 prosapia,
3114 2505 3267 2572 quasi
3305 2504 3375 2572 de
3408 2519 3516 2557 uno
3545 2505 3781 2573 quolibet

2232 2598 2473 2660 homine,
2512 2596 2601 2663 qui
2637 2610 2733 2663 per
2761 2594 3055 2663 adoptionis
3090 2594 3315 2663 gratiam
3354 2602 3575 2647 vocatus
3607 2604 3689 2648 cst
3728 2595 3781 2645 in

2234 2695 2432 2741 sortem
2458 2686 2705 2749 ﬁliorum,
2735 2684 2968 2752 loquitur
2991 2684 3199 2738 dicens:
3225 2681 3273 2735 F
3277 2682 3395 2735 ilius
3414 2683 3783 2751 primogenitus

2233 2792 2374 2830 meus
2409 2774 2574 2827 Israel
2602 2774 2793 2844 (Exod.
2822 2790 2892 2836 Iv,
2925 2773 3035 2842 22),
3061 2788 3127 2826 ex
3153 2787 3217 2825 eo
3242 2780 3299 2824 ut
3338 2770 3483 2823 illum
3522 2771 3783 2823 intamare

2232 2878 2339 2917 non
2368 2862 2565 2916 desinis
2607 2862 2969 2930 adoptativum
3010 2860 3277 2913 Christum
3308 2859 3398 2911 Dei
3445 2857 3639 2911 Filium
3689 2858 3783 2911 do-

2234 2955 2424 3009 cuisse.
2458 2952 2551 3005 Ais
2579 2951 2718 3005 enim
2756 2951 2893 3004 idem
2927 2949 3036 3017 ipse
3076 2948 3128 3001 in
3160 2948 3296 3001 libro
3329 2963 3405 3001 xu
3445 2947 3510 3000 de
3544 2960 3610 3000 eo
3643 2946 3784 3014 quod

2236 3042 2445 3096 dilectio
2470 3048 2524 3094 et
2548 3039 2788 3093 voluntas
2814 3039 2866 3092 in
2892 3038 3000 3091 ﬁlio
3022 3038 3091 3091 sit
3115 3037 3378 3105 adoptivo.
3407 3035 3520 3090 Hoc
3545 3045 3602 3088 tu
3626 3034 3784 3096 dicis,

2236 3147 2341 3186 non
2366 3129 2627 3184 lielarius.
2653 3128 2850 3181 Deinde
2878 3136 3053 3182 autem
3077 3128 3231 3195 ponis
3259 3126 3453 3180 Helarii
3479 3126 3667 3188 verba,
3686 3126 3785 3178 sed

2234 3238 2339 3277 non
2361 3221 2511 3289 juxta
2529 3220 2760 3289 ejusdem
2777 3234 2989 3273 sensum
3019 3218 3271 3272 doctoris.
3309 3235 3326 3263 ο
3358 3216 3458 3272 Ubi
3488 3218 3652 3280 enim,
3685 3217 3783 3278 ait,

2231 3315 2482 3369 nativitas
2509 3320 2609 3375 est,
2638 3311 2709 3365 ibi
2738 3310 2901 3363 Filius
2933 3324 3081 3363 meus
3113 3308 3355 3362 dilectus.
3396 3306 3495 3361 Ubi
3522 3321 3650 3359 vero
3680 3306 3786 3358 elc-

2232 3403 2340 3457 ctio
2367 3410 2537 3454 estex
2562 3400 2826 3467 gentibus,
2870 3407 2924 3451 et
2956 3397 3225 3466 adoptatio
3261 3395 3391 3467 (AL,
3418 3393 3656 3465 adoptio!
3691 3409 3785 3462 per

2233 3493 2557 3546 voluntatem
2588 3496 2688 3553 est,
2714 3488 2786 3543 ibi
2810 3487 2975 3541 Filius
3001 3486 3381 3556 primogenitus
3409 3499 3560 3539 meus
3593 3504 3611 3535 ι
3641 3485 3780 3554 (Lib.

2234 3596 2308 3635 xu
2336 3581 2400 3633 de
2432 3578 2643 3641 Trinit.,
2677 3594 2735 3630 ιι.
2758 3576 2866 3645 15).
2899 3576 2955 3629 ιιι
2983 3575 3174 3643 quibus
3216 3573 3395 3626 verbis
3435 3571 3647 3626 videtur
3691 3571 3785 3625 tibi

2236 3669 2501 3724 Helarium
2528 3668 2769 3720 divisisse
2794 3680 2955 3717 unum
2983 3664 3253 3720 Christum
3289 3677 3438 3716 more
3462 3670 3576 3725 tuo,
3600 3669 3786 3731 quate-

2237 3773 2335 3811 nus
2376 3759 2444 3812 sit
2476 3773 2542 3810 cx
2571 3764 2719 3823 parte
2748 3753 2785 3807 F
2791 3754 2911 3807 ilius
2943 3752 3118 3809 Patris
3153 3752 3397 3827 dilectus,
3432 3758 3485 3803 et
3524 3764 3593 3804 ex
3632 3761 3787 3818 parte

2236 3848 2615 3921 primogenitus
2637 3861 2740 3900 non
2766 3845 3005 3905 dilectus,
3032 3843 3123 3897 sed
3143 3857 3239 3912 per
3260 3828 3595 3911 adoptionem
3624 3842 3784 3901 ﬁlius.

2237 3956 2356 3995 cum
2396 3940 2483 3994 ille
2518 3937 2909 4007 generationem
2942 3934 3051 3987 nati
3087 3947 3151 3986 ex
3179 3932 3284 3986 Deo
3307 3930 3464 3984 Patre
3504 3932 3557 3984 in
3605 3931 3786 3986 dilecti

2238 4030 2450 4084 nomine
2482 4027 2721 4081 certatim
2749 4024 3069 4093 distinguere
3096 4024 3162 4078 ab
3185 4037 3269 4086 ea,
3293 4038 3410 4091 quae
3437 4021 3636 4076 dicitur
3661 4023 3791 4077 ado-

2236 4121 2366 4191 ptio,
2397 4116 2691 4172 studuerit:
2716 4123 2769 4168 et
2804 4113 2854 4166 in
2877 4112 3209 4183 primogeniti
3236 4113 3338 4167 hoc
3370 4112 3423 4166 in
3456 4111 3573 4167 loco
3601 4113 3788 4181 appel-

2238 4209 2451 4270 latione,
2487 4206 2815 4260 vocationem
2856 4204 2997 4257 illius
3022 4203 3197 4273 populi
3231 4216 3341 4271 prae
3376 4201 3585 4256 cunctis
3618 4203 3792 4272 genti-

2237 4299 2338 4353 bus
2364 4298 2555 4351 iactant
2579 4311 2672 4364 per
2698 4293 2992 4363 adoptionis
3012 4292 3257 4363 gratiam,
3286 4292 3339 4344 in
3364 4289 3485 4344 Fiiii
3525 4293 3791 4345 vocabulo

2239 4388 2465 4441 voluerit
2489 4388 2871 4440 demonstrare.

2791 4469 3013 4527 CAPUT
3075 4469 3191 4525 XX.

2311 4567 2491 4622 Varias
2516 4565 2707 4621 Hilarii
2734 4565 3010 4620 sententias
3033 4563 3298 4618 catholica:
3324 4580 3432 4617 sua:
3465 4567 3739 4619 sententia!

2721 4634 3046 4689 astioulantis
3080 4633 3293 4702 profert.

2306 4725 2570 4781 Prolisius
2613 4725 2773 4794 igitur
2808 4723 3207 4791 disceptationis
3250 4736 3408 4792 super
3437 4722 3542 4775 hoc
3573 4723 3792 4791 negotio

2238 4816 2497 4885 explicata
2531 4814 2692 4875 serie,
2744 4813 2823 4867 sic
2860 4812 2978 4867 ait:
3016 4829 3034 4860 ι
3071 4810 3202 4865 Nam
3226 4811 3349 4866 licet
3376 4811 3791 4880 bprimogenitus

2239 4923 2397 4968 meus,
2422 4907 2523 4961 hoc
2542 4913 2622 4959 est
2643 4903 2865 4975 populus
2887 4903 2989 4964 ille,
3015 4904 3080 4958 de
3103 4917 3207 4973 quo
3232 4903 3485 4971 scriptum
3513 4903 3612 4955 sit:
3638 4902 3792 4974 longe

2241 5039 2372 5092 Vide
2390 5035 2647 5093 Joannem
2675 5034 2821 5089 Calv.
2842 5029 2968 5089 Le'x.
2993 5032 3161 5097 Jurid.
3193 5040 3317 5103 tam,
3336 5033 3388 5086 in
3416 5030 3598 5103 Cupio,
3631 5049 3791 5102 quam

2245 5122 2295 5161 In
2328 5105 2606 5173 Usucapio.
2648 5103 2896 5173 Adihunc
2920 5103 3152 5173 capiom’s
3188 5102 3407 5173 legalem
3434 5101 3683 5173 eti‘ecturu
3716 5118 3794 5158 res

2245 5176 2452 5247 spicere
2490 5170 2700 5247 videtur
2740 5170 3013 5247 Paulinus,
3043 5179 3097 5226 et
3140 5170 3402 5229 boc'velle
3448 5170 3785 5247 signiﬁcare:

2243 5238 2381 5298 sicut
2426 5242 2706 5310 acquisitio
2736 5241 2975 5310 nascitur
3012 5256 3078 5295 ex
3114 5255 3238 5303 usu,
3263 5248 3318 5293 et
3339 5253 3469 5293 usus
3502 5238 3790 5299 diuturnus

2243 5314 2448 5381 signum
2483 5309 2674 5381 estrei
2708 5309 3012 5381 acquisitze,
3041 5310 3113 5381 ita
3143 5310 3352 5381 signum
3374 5320 3638 5377 possessa:
3668 5310 3789 5365 ﬁdei

2243 5375 2325 5436 est
2349 5395 2476 5435 usus
2500 5380 2662 5449 ipsius
2688 5375 3158 5450 pet-obedientiam
3195 5375 3569 5450 mandatorum
3612 5387 3791 5450 osten-

2244 5464 2352 5504 sus.
2388 5445 2720 5505 Cutn'autem
2748 5445 2903 5513 hujus
2921 5448 3168 5518 capientis»
3199 5446 3407 5513 eﬂ‘ectus
3434 5446 3585 5497 deest
3619 5447 3790 5516 (deest

2244 5533 2419 5573 autem
2450 5533 2568 5571 cum
2595 5519 2741 5568 deest
2765 5530 2894 5568 usus
2915 5513 3082 5584 ﬁdei),
3106 5516 3233 5584 ﬁdes
3256 5521 3339 5584 est
3364 5520 3599 5584 mortua.

2315 5589 2341 5627 δ
2374 5586 2512 5639 Nam
2548 5583 2827 5653 licet,ietc.
2863 5582 3093 5638 Sensum
3133 5582 3317 5637 Hilarii
3350 5582 3573 5653 videtur
3598 5582 3790 5653 (potius

2244 5656 2496 5709 Paulinus
2529 5652 2838 5714 attendisse,
2868 5667 3026 5721 quam
3056 5653 3211 5705 verba
3241 5667 3254 5702 ε
3285 5651 3700 5721 vel_dic;_'n:ium
3737 5652 3788 5705 in

2246 5722 2633 5792 exemplaribus
2684 5718 3105 5774 nostrisvdecssc
3148 5735 3264 5788 quae
3308 5718 3481 5773 adfert
3506 5719 3789 5778 Paulinus:
