3926 6422
166 453 270 511 33

831 451 1101 506 CONTRA
1138 416 1424 506 FELICEM
1466 450 1995 508 [illGELLlTANUM
2033 452 2206 506 LlBlll
2245 451 2325 505 lll.
2361 482 2427 492 --—
2464 451 2589 506 LIB.
2629 451 2713 505 ιιι.

3271 449 3387 507 ιδι

164 580 343 623 tamen
366 564 694 630 multumque
716 560 889 615 dill‘t-rt
916 558 1085 613 Filius
1113 577 1253 613 meus
1280 561 1511 620 dilectus,
1541 567 1594 612 et
1622 556 1717 610 Fi-
1748 565 1788 617 Α
1821 567 1879 613 ut
1906 559 1976 612 sit
2006 559 2141 613 Deus
2174 560 2350 613 omnia
2397 559 2449 612 in
2490 557 2758 612 omnibus.
2796 578 2812 609 ι
2869 559 2942 614 Dc
2968 560 3050 614 his
3085 561 3242 631 igitur
3275 566 3374 618 ista

163 657 265 708 lius
287 653 654 723 primogenita:
680 664 841 702 meus.
864 648 1123 713 Quoniam
1147 647 1313 700 Filius
1337 664 1478 700 uicus
1504 648 1718 699 dilectus

163 741 481 795 naturaliter
505 757 517 791 :
544 738 709 791 Filius
738 744 913 790 autem
941 736 1307 804 primogenitus
1335 752 1477 787 meus
1506 734 1716 787 Israeli-

164 835 302 891 tiens
325 845 535 903 quoque
568 831 654 884 ille
676 827 900 897 populus
932 840 1024 902 per
1053 826 1367 879 electionem
1396 835 1450 877 et
1479 825 1716 876 volunta-

164 925 298 979 riam
340 920 697 988 adoptionem.
735 937 752 967 ι
797 916 933 970 Ecce
975 914 1062 968 ubi
1110 914 1196 966 ille
1239 910 1533 979 adoptionis
1563 926 1718 965 voca-

162 1011 272 1065 buli
315 1008 747 1080 przerogativum,
796 1003 1126 1057 lsrahelitico
1172 1001 1419 1055 videlicet
1444 1001 1610 1067 gratis
1638 1000 1718 1051 in-

160 1103 368 1157 dultum
398 1098 591 1169 populo
623 1113 653 1150 a
685 1096 796 1148 veri
831 1093 923 1147 Dei
952 1092 1341 1159 nuncupatione
1368 1092 1499 1145 satis
1530 1091 1716 1144 idonee

160 1190 439 1260 disputans
459 1185 733 1241 cvacuavit
756 1200 769 1236 :
794 1183 869 1238 ibi
903 1189 958 1235 tu
992 1181 1135 1234 illum
1162 1180 1442 1234 falsissima
1472 1181 1714 1234 adstrues

160 1279 293 1351 [Pro
310 1278 528 1347 astrnis]
553 1274 1011 1346 argumentatione
1056 1274 1371 1326 insinuasse.
1421 1273 1551 1326 Nam
1586 1275 1710 1342 quia

160 1373 364 1421 remoto
410 1363 767 1431 nuncupativo
793 1362 904 1415 veri
934 1360 1045 1425 Dei,
1074 1368 1129 1415 et
1168 1362 1470 1428 adoptativo
1511 1362 1711 1429 proprii

155 1454 271 1517 lilii,
303 1454 577 1509 Christum
606 1466 784 1505 verum
808 1450 971 1503 Deum
997 1465 1287 1517 verumque
1312 1450 1404 1503 Dei
1437 1449 1626 1503 Filium
1657 1451 1709 1502 in

152 1544 306 1597 libris
345 1558 442 1612 pro
469 1556 631 1596 causa
659 1540 779 1594 ﬁdei
820 1539 977 1593 editis
1016 1539 1288 1607 professus
1324 1539 1500 1602 fuerit,
1536 1539 1710 1594 nullus

150 1648 375 1703 prorsus
399 1633 627 1701 ignorat,
653 1630 740 1697 qui
770 1629 983 1682 eosdem
1012 1627 1177 1682 libros
1201 1629 1437 1695 diligenti
1469 1628 1709 1683 lectitare

147 1724 416 1777 studuerit
443 1736 590 1776 cura.
622 1721 677 1773 in
705 1719 928 1787 septimo
956 1732 1182 1787 namque
1209 1720 1387 1787 operis
1428 1719 1507 1772 sui
1554 1719 1704 1773 voln-

150 1813 297 1867 mine
326 1814 464 1866 inter
500 1818 692 1865 cmtera
725 1810 803 1863 sic
830 1808 905 1862 ait
931 1808 1068 1878 (Lib.
1096 1824 1171 1862 vn
1196 1810 1259 1861 de
1290 1808 1497 1871 Trinit.,
1533 1826 1586 1862 n.
1614 1812 1700 1879 9):

1820 646 2101 701 suﬁiciant.

2394 734 2621 790 CAPUT
2662 733 2795 788 XXI.

1890 824 2254 896 Auctoritatem
2300 822 2772 896 Ambrosiiollegat
2795 832 2841 876 et
2868 824 3072 896 exponit
3094 840 3112 879 :
3136 829 3308 896 arguit

2031 890 2254 944 Felicem
2279 892 2533 943 Aminaei
2563 890 2827 944 lectiunem
2855 890 3162 962 corrupisse.

1883 1002 2079 1055 Beatus
2120 1017 2350 1070 namque
2407 1002 2720 1055 Ambrosius
2759 1002 2987 1057 senioris
3027 1005 3371 1073 perversique

1814 1089 2189 1144 haeresiarcltis
2259 1090 2553 1144 debellator
2598 1090 2877 1153 Ausentii,
2926 1089 3158 1157 junioris
3209 1108 3369 1160 nunc,

1813 1179 2006 1248 quippe
2036 1186 2153 1247 post
2193 1187 2437 1240 mortem,
2488 1179 2611 1231 licet
2640 1169 2859 1233 alterius
2907 1180 2957 1231 in
3002 1192 3248 1247 persona,
3278 1181 3371 1236 sed

1812 1286 1918 1323 non
1955 1269 2175 1323 alterius
2205 1271 2256 1322 in
2281 1268 2524 1337 perfidia,
2554 1269 2844 1338 prmliator,
2886 1270 2936 1322 in
2981 1270 3368 1325 commentaria

1811 1360 2052 1428 profecto
2080 1358 2348 1427 Evangelii
2376 1358 2531 1412 Luca:
2575 1359 2905 1425 expositione
2947 1358 3115 1422 illum,
3166 1358 3214 1412 id
3264 1367 3369 1422 est,

1810 1448 2103 1512 Christum,
2134 1463 2404 1517 proprium
2442 1448 2532 1503 Dei
2558 1448 2747 1500 Filium
2781 1449 3042 1502 veraciter
3065 1449 3367 1503 confitetur.

1808 1540 1928 1605 Cui,
1952 1542 2051 1593 hoc
2075 1547 2156 1592 est
2178 1540 2300 1603 sibi,
2324 1539 2434 1607 ipse
2457 1551 2551 1607 per
2570 1537 2906 1591 Psalmistam
2932 1538 3141 1592 Patrem
3166 1539 3367 1594 dixisse

1809 1645 1907 1684 co.t
1930 1637 2211 1689 memorat.
2241 1629 2425 1682 dicens
2454 1646 2466 1680 :
2499 1626 2671 1680 Filius
2693 1643 2834 1680 incus
2860 1644 2913 1679 es
2939 1639 2991 1680 tu
3020 1644 3037 1682 :
3076 1627 3186 1697 Ego
3215 1630 3368 1683 hodie

1806 1721 1958 1788 genui
1992 1729 2039 1772 te
2067 1719 2237 1788 (Ptol.
2266 1735 2325 1781 ll,
2353 1718 2427 1786 7).
2470 1716 2577 1771 Nec
2628 1721 2677 1769 in
2718 1733 2783 1770 eo
2810 1719 3019 1786 quidem
3063 1719 3220 1772 datur
3263 1718 3360 1771 tibi

1807 1805 2031 1860 facultas
2057 1806 2325 1860 refellendi
2349 1821 2495 1861 more
2524 1813 2613 1859 tuo
2635 1808 2785 1874 quasi
2813 1808 3101 1862 secundum
3130 1809 3363 1863 divinam
3426 1872 3433 1893 ἱ

152 1920 170 1951 ι
206 1900 440 1956 Verbum
467 1899 627 1960 enim,
654 1898 795 1967 quod
827 1913 955 1953 caro
981 1896 1176 1952 factum
1201 1907 1302 1964 est,
1337 1899 1466 1952 nihil
1495 1883 1779 1966 aliquod.“
1808 1898 2174 1952 tantummodo
2202 1905 2323 1950 ante
2354 1896 2543 1950 saecula
2590 1898 2987 1966 generationem
3034 1900 3133 1953 hoc
3164 1900 3363 1953 dictum

143 2005 311 2059 quam
344 1990 483 2043 Deus
507 1996 608 2042 est.
641 1987 796 2057 160
829 1986 941 2041 Non
969 1995 1052 2040 est
1080 1987 1166 2041 hic
1193 1988 1474 2056 deputans,
1502 1997 1592 2040 aut
1621 2003 1705 2041 as-

143 2088 375 2151 sumpta:
418 2076 826 2145 nuncupationis
872 2076 1055 2130 relicta
1100 2077 1348 2145 suspicio.
1388 2096 1405 2128 ι
1441 2078 1507 2129 Et
1547 2078 1705 2145 paulo

142 2178 268 2237 post
297 2187 309 2221 :
343 2187 361 2218 ι
398 2167 534 2233 Quid
570 2167 663 2221 hic‘
689 2166 929 2234 adoptio,
960 2165 1086 2232 quid
1122 2165 1445 2235 indulgentia
1475 2166 1704 2220 nominis

141 2259 323 2313 locum
384 2256 626 2310 invenit?
662 2272 680 2304 ι
738 2242 802 2306 Et
850 2253 941 2307 lib.
973 2268 1068 2306 vnt
1117 2254 1195 2306 sic
1250 2270 1263 2305 :
1320 2271 1337 2302 ι
1376 2253 1488 2307 Non
1531 2262 1704 2320 potest

143 2348 295 2403 aliud
343 2347 471 2415 quid
515 2344 775 2398 diversius
795 2331 1041 2396 Christus
1090 2357 1207 2396 esse
1252 2358 1408 2410 quam
1433 2343 1571 2397 Deus
1600 2353 1697 2398 est.

142 2437 289 2490 Deus
321 2435 485 2503 igitur
507 2432 753 2503 Christus
778 2441 879 2485 est.
912 2451 929 2482 ι
972 2431 1035 2483 Et
1062 2446 1247 2485 rursus
1275 2449 1286 2483 :
1340 2450 1357 2482 ‹
1396 2433 1452 2485 Si
1480 2448 1574 2503 per
1603 2450 1697 2488 na-

141 2532 321 2576 turam
346 2522 438 2576 Dei
458 2521 704 2575 Christus
728 2520 822 2574 tibi
851 2520 1104 2575 Dominus
1126 2529 1225 2583 est,
1254 2522 1418 2575 babes
1444 2523 1699 2590 Spiritum

140 2619 411 2666 sanctum.
444 2608 501 2663 Si
523 2623 650 2661 vero
671 2623 766 2676 per
789 2608 1090 2676 adoptivum
1119 2616 1310 2661 nomen
1334 2610 1421 2661 hic
1446 2610 1699 2665 Dominus

134 2692 243 2766 est,
268 2701 471 2770 Spiritu
494 2706 680 2753 sancto
699 2712 908 2763 carens,
932 2697 1132 2766 Spiritu
1154 2699 1353 2752 erroris
1376 2699 1647 2754 animatis.
1675 2721 1692 2753 ι

134 2788 283 2845 [dein
312 2791 384 2844 ibi
409 2806 423 2842 :
456 2806 474 2839 ι
502 2787 744 2843 Christus
767 2800 835 2841 et
856 2786 962 2841 Deo
984 2788 1140 2852 Deus,
1165 2789 1265 2842 hoc
1293 2795 1459 2841 totum
1484 2796 1566 2841 est
1588 2790 1698 2856 ipse

133 2880 281 2949 quod
304 2879 447 2932 Deus
474 2886 576 2931 cst.
613 2896 631 2928 ι
665 2876 730 2929 Et
759 2876 851 2930 lib.
883 2891 935 2929 ix
961 2890 976 2928 :
1022 2895 1041 2924 ι
1075 2876 1241 2929 Natus
1266 2876 1428 2945 igitur
1453 2877 1697 2942 unigeni-

137 2981 225 3023 tus
254 2970 396 3025 Deus
420 2984 487 3022 ex
513 2968 718 3037 virgine
748 2967 926 3019 homo.
964 2985 981 3015 ι
1016 2965 1156 3018 Idem
1193 2965 1245 3027 in
1276 2965 1462 3019 eodem
1492 2982 1504 3016 :
1545 2983 1561 3015 ι
1592 2964 1696 3019 Ne-

133 3074 241 3129 que
278 3066 409 3143 pest
457 3056 727 3110 hominem
776 3054 827 3107 in
856 3054 964 3108 Deo
996 3069 1102 3109 non
1155 3060 1297 3107 totus
1339 3054 1517 3118 homo,
1551 3062 1693 3109 totus

133 3150 298 3202 Deus.
333 3166 352 3198 ι
385 3146 525 3199 idem
557 3144 626 3198 ibi
657 3160 671 3197 :
705 3160 723 3192 ι
756 3141 948 3208 Quaero
976 3142 1138 3211 igitur
1160 3142 1285 3211 quid
1312 3155 1525 3195 sensum
1574 3156 1692 3195 mo-

1804 1984 2013 2049 fuisset,
2044 1985 2167 2039 licet
2195 1993 2374 2054 posset
2403 1986 2467 2039 de
2508 1985 2593 2037 illa
2636 2000 2740 2038 non
2774 1986 3210 2041 inconvenienter
3239 1989 3356 2043 inti-

1803 2081 2005 2127 matum
2053 2075 2239 2127 videri.
2297 2074 2673 2130 Verumtamen
2729 2092 2794 2130 ex
2844 2078 3265 2144 prmcedentibus
3309 2080 3390 2135 et‘

1804 2161 2252 2227 subsequentibus
2295 2162 2729 2227 circumstantiis,
2787 2165 2853 2217 de
2898 2167 3149 2229 secunda,
3203 2182 3361 2235 quam

1803 2248 2165 2315 temporalitcr
2191 2264 2286 2318 pro
2316 2251 2466 2303 nobis
2495 2252 2766 2318 suscipere
2804 2268 2908 2307 nun
2935 2254 3231 2319 abhorruit,
3265 2272 3362 2310 na-

1801 2340 2007 2395 tivitate
2035 2341 2345 2407 praedictum
2372 2340 2473 2395 hoc
2498 2345 2696 2395 rectius
2730 2343 2948 2412 intelligi
3003 2360 3105 2398 non
3153 2346 3360 2399 inhibe-

1802 2436 1905 2482 tur.
1936 2429 2085 2492 Nam,
2116 2429 2225 2497 Ego
2252 2439 2422 2483 autem
2450 2430 2754 2483 constitutus
2782 2448 2896 2484 sum
2921 2448 3011 2485 rea:
3033 2433 3096 2485 ab
3120 2449 3178 2486 eo
3208 2451 3362 2502 super

1801 2519 1927 2573 Sion
1958 2512 2178 2571 monlem
2209 2531 2439 2572 sanctum
2469 2521 2602 2589 ejus,
2641 2530 2687 2577 et
2719 2520 2921 2589 postulo
2958 2541 2989 2577 a
3027 2540 3127 2588 me,
3154 2533 3199 2577 et
3225 2524 3358 2579 dabo

1797 2610 1889 2663 tibi
1905 2620 2076 2679 gentes
2102 2609 2262 2677 (Ibid.
2291 2609 2343 2671 6,
2369 2611 2516 2675 8).ct
2544 2613 2842 2675 c:etera,ad
2869 2628 3116 2682 magnum
3141 2617 3355 2683 pietatis

1797 2707 2210 2761 sacramentum,
2241 2699 2381 2766 quod
2405 2714 2499 2767 per
2523 2700 2971 2768 dispensationem
2992 2704 3171 2757 carnis
3193 2720 3357 2774 appa-

1776 2787 1902 2866 lruit
1945 2787 1998 2839 in
2043 2787 2262 2847 mundo,
2311 2789 2590 2856 perspicue
2633 2789 2928 2843 advertitur
2967 2790 3158 2857 procul
3190 2793 3353 2847 dubio

1794 2875 2080 2942 pertinere.
2124 2894 2142 2925 ι
2180 2874 2310 2940 Quis
2351 2886 2453 2939 est,
2509 2879 2679 2945 inquit
2705 2879 3037 2944 Ambrosius,
3092 2866 3180 2936 ille
3231 2897 3356 2950 pro-

1793 2965 1939 3033 prius
1964 2966 2056 3018 Dei
2082 2964 2247 3019 Filius
2276 2965 2375 3020 nisi
2406 2967 2489 3020 cui
2531 2967 2732 3021 dictum
2774 2977 2854 3021 est
2882 2986 2894 3020 :
2928 2967 3100 3023 Filius
3130 2988 3270 3026 meus
3296 2989 3348 3027 cs

1791 3060 1878 3103 tu:
1902 3050 2011 3119 Ego
2032 3050 2182 3105 hodie
2203 3053 2354 3118 genui
2383 3064 2433 3108 te
2451 3054 2477 3108 7
2501 3052 2638 3122 (Lib.
2678 3070 2736 3109 ιιι
2763 3056 2919 3122 epist.
2945 3056 2998 3109 in
3025 3056 3152 3111 Luc.
3183 3074 3235 3110 ιι.
3265 3060 3344 3131 9.)

1792 3139 1927 3194 Ecce
1954 3149 2193 3194 sanctum
2220 3141 2559 3197 Ambrosium
2582 3145 2917 3199 verissimum
2946 3146 3058 3202 heri
3089 3156 3142 3201 et
3168 3149 3345 3214 hodie,

134 3247 277 3301 reat,
305 3250 373 3290 ne
401 3248 559 3289 verus
584 3233 722 3287 Deus
745 3233 991 3286 Christus
1017 3232 1127 3284 sit?
1158 3250 1175 3282 ι
1216 3231 1282 3283 Et
1312 3242 1521 3284 rursum
1548 3231 1687 3301 (Lib.
1715 3214 1764 3277 (ἶ
1795 3237 1847 3283 et
1872 3230 2121 3298 deinceps
2148 3229 2272 3285 Jesu
2301 3233 2498 3291 Christi
2541 3235 2748 3290 Domini
2786 3246 2995 3303 testem,
3047 3249 3348 3311 nostraeque

133 3335 214 3401 x),
272 3343 293 3380 t
327 3324 500 3382 Homo
551 3324 728 3392 itaque
755 3320 997 3374 Christus
1021 3318 1176 3374 Jesns
1226 3321 1526 3390 unigenitus
1552 3322 1690 3376 Deus

129 3437 229 3490 per
253 3433 472 3473 carnem
501 3425 556 3469 et
576 3417 815 3477 verbum,
858 3419 915 3467 ut
948 3410 1179 3467 hominis
1204 3407 1389 3471 Filius,
1423 3410 1493 3462 ita
1520 3418 1572 3463 et
1599 3409 1688 3464 Dei

130 3512 324 3566 Filius.
362 3529 380 3561 ι
411 3508 555 3563 Idem
584 3508 696 3576 ipse
725 3506 776 3559 in
802 3505 940 3560 libro
965 3520 1034 3559 x:
1066 3522 1084 3553 ι
1110 3501 1411 3572 Apostolica
1440 3500 1569 3557 ﬁdes
1596 3516 1689 3557 uo-

126 3602 207 3656 vit
233 3614 260 3640 -
290 3600 347 3653 in
374 3597 587 3654 Christo
615 3596 965 3657 nativitatem,
1007 3593 1099 3647 sed
1136 3592 1341 3661 ignorat
1376 3591 1681 3644 exordium:

125 3691 232 3745 scit
260 3688 733 3756 dispensationem,
760 3685 851 3739 sed
869 3684 1036 3738 nescit
1062 3683 1393 3755 divisionem.
1413 3683 1524 3735 Non
1555 3683 1688 3751 pati-

124 3791 216 3833 tur
237 3777 426 3831 Jesum
453 3775 746 3836 Christum,
777 3780 836 3825 ut
862 3771 1015 3826 Jesus
1052 3788 1156 3825 non
1186 3774 1296 3840 ipse
1323 3775 1391 3827 sit
1420 3773 1684 3837 Christus,

123 3880 227 3920 nec
256 3863 455 3917 Filium
486 3862 716 3916 hominis
743 3861 995 3915 discernit
1031 3875 1061 3913 a
1090 3860 1221 3914 FlllO
1247 3861 1358 3914 Dei.
1388 3861 1497 3916 Nec
1528 3863 1683 3916 Chri-

126 3969 270 4011 stum
329 3953 474 4007 aliud
503 3952 733 4006 credere
776 3965 935 4019 quam
965 3948 1166 4011 Jesum,
1211 3964 1310 4005 nec
1334 3948 1514 4004 Jesum
1544 3951 1685 4004 aliud

122 4043 430 4114 praedicare
476 4053 636 4107 quam
662 4037 949 4092 Christum.
983 4056 1000 4087 ι
1041 4036 1107 4090 Et
1152 4036 1243 4092 lib.
1272 4051 1325 4090 ιιι
1360 4054 1372 4087 :
1422 4055 1439 4087 ι
1476 4036 1686 4105 Ignorat

121 4136 296 4189 Deum
323 4129 618 4189 Christum,
661 4127 752 4194 qui
798 4126 1009 4194 ignorat
1028 4125 1192 4178 Deum
1237 4135 1440 4179 natum.
1481 4146 1499 4177 ι
1543 4127 1685 4179 idem

124 4222 196 4277 ibi
227 4238 241 4273 :
281 4237 301 4269 ι
341 4218 404 4272 ιιι
437 4231 496 4271 se
518 4215 658 4269 enim
685 4229 804 4269 eum
830 4214 968 4267 Deus
994 4213 1326 4283 glorilicavit,
1356 4215 1410 4268 id
1434 4216 1596 4269 estin
1622 4230 1684 4269 ca

121 4318 341 4371 natura,
388 4320 494 4374 qua
520 4304 661 4358 Deus
687 4312 769 4356 est
813 4299 942 4372 [Al.,
968 4316 1075 4369 qua
1106 4299 1244 4354 Deus
1272 4309 1357 4355 est
1383 4301 1525 4369 quod
1554 4298 1679 4371 est],

121 4462 212 4515 sed
236 4460 477 4528 primum
497 4469 625 4509 vero
645 4453 870 4528 similius
893 4467 1051 4520 quam
1077 4453 1385 4528 secundum.
1416 4450 1514 4528 Qui
1533 4453 1680 4528 enim

122 4520 463 4597 fieri'potest,
488 4532 548 4578 ut
570 4522 746 4597 nullus
767 4522 930 4576 codex
956 4520 1184 4597 supersit
1204 4520 1300 4597 qui
1324 4520 1436 4597 haec
1461 4521 1673 4597 habeat,

120 4611 239 4651 cum
259 4588 457 4649 tanien
482 4592 697 4652 codices
731 4605 857 4643 mss.
890 4597 1035 4656 tanta
1069 4588 1525 4656 diligentiagzetate
1552 4590 1671 4651 ista,

120 4666 229 4720 sint
255 4676 453 4718 omnes
487 4660 729 4714 excussi?
763 4658 933 4712 Verba
960 4655 1145 4710 Hilarii
1170 4654 1255 4709 'ex
1297 4654 1528 4710 editione
1571 4656 1675 4711 Pa-

120 4743 263 4789 trum
298 4730 420 4803 BB._
456 4730 571 4783 haec
594 4736 750 4803 ιιιιιιι.⁸
776 4726 916 4781 Nam
953 4724 1087 4786 licet,
1116 4724 1677 4803 primogenitusmeus

120 4803 182 4858 de
215 4818 278 4857 eo
313 4800 567 4868 scriptam
600 4797 665 4851 sit
687 4811 705 4848 :
733 4795 880 4868 longe
912 4804 1083 4868 tamen
1119 4791 1434 4868 ruttltutitqite
1477 4793 1674 4868 di/Tert;

120 4870 258 4926 ﬁlius
285 4861 443 4923 meus
467 4865 707 4925 dilectus,
735 4873 782 4915 et
810 4863 948 4916 titius
976 4861 1357 4930 primogenitus
1380 4875 1549 4930 meus.
1575 4861 1676 4916 Ubi

117 4941 252 4993 enim
291 4937 542 4991 nativim
574 4943 668 4995 est,
713 4930 783 4985 ibi
813 4930 951 4997 filius
978 4929 1127 4983 meus
1153 4929 1412 4997 dilectus:
1442 4929 1527 4981 ubi
1553 4946 1671 4984 vero

116 5005 296 5061 electio
325 5018 395 5072 ea:
422 5003 655 5072 gentibus
693 5011 740 5055 et
766 4998 1098 5072 adoptigper
1129 4996 1438 5072 voluntatem
1471 5007 1564 5072 est,
1605 4998 1676 5072 ibi

117 5074 260 5129 ﬁlius
289 5064 897 5148 priniogehitugmeus'g
926 5064 1025 5119 an
1050 5064 1186 5148 quod
1216 5074 1453 5148 suggest,
1480 5065 1675 5148 τιό-ριςῇ

118 5131 452 5212 mogetiitom
472 5131 597 5212 ert“:
623 5134 893 5212 illie_quod
918 5149 1043 5187 suus
1063 5131 1152 5212 'est
1181 5133 1251 5212 ad
1280 5131 1447 5212 lilium
1482 5131 1673 5212 estifft

117 5211 169 5264 in
194 5201 466 5265 {uanitate
505 5204 649 5273 ﬁlius
673 5201 892 5273 prirnum:
923 5217 1047 5255 suus
1079 5202 1229 5273 et_sic
1263 5201 1522 5273 dilectus:
1545 5210 1593 5254 et
1617 5202 1673 5255 in

116 5279 364 5333 electione
414 5269 559 5343 ﬁfiits
597 5269 816 5339 primum
862 5269 1453 5343 primogenitusnethsic
1497 5280 1672 5343 postea

114 5362 254 5405 sum.
309 5356 370 5398 ut
414 5334 665 5411 adoptato
712 5354 775 5411 ea;
818 5334 1060 5411 omnibus'
1089 5338 1298 5411 populis
1339 5336 1448 5391 lilio
1497 5334 1669 5391 Israel

116 5414 379 5481 proprium
429 5407 591 5481 esset,
632 5407 770 5481 quod
811 5407 1190 5481 primogenitus
1224 5416 1298 5459 est
1332 5414 1510 5481 {nato
1549 5422 1663 5481 vero

119 5472 338 5553 uui'Deo
367 5472 796 5553 manifestum-sit
813 5472 1080 5553 prapriimt
1104 5491 1213 5553 esse
1237 5473 1373 5553 quod
1404 5472 1545 5553 [ilius
1572 5475 1657 5527 sit.

116 5550 319 5603 Exhinc
349 5541 562 5613 conjiee
584 5541 858 5613 Paulinam
904 5541 969 5613 ad
999 5551 1225 5597 mentem
1239 5541 1448 5613 _'Hilarii
1483 5556 1568 5613 res

120 5619 253 5672 xisse
296 5609 502 5685 potius,
546 5626 707 5685 quam
750 5612 815 5685 ad
844 5609 1113 5685 verba,_nt
1150 5618 1203 5663 et
1237 5609 1660 5685 in_sequentibus

114 5668 429 5754 quandoque
455 5668 606 5739 facit.
630 5679 769 5800 (god
784 5668 847 5760 in
872 5668 1108 5746 margine
1136 5668 1449 5758 notavimus.

182 5766 207 5796 ι
236 5753 352 5808 Lib.
386 5766 442 5818 χ,
482 5761 631 5802 num.
689 5745 741 5815 Ξ,
786 5761 864 5802 sic
899 5746 1016 5818 lego
1051 5760 1065 5799 :
1110 5744 1352 5800 Ecclesia:
1383 5745 1525 5810 ﬁdem
1540 5762 1637 5814 apo

338 5792 352 5805 ι
386 5782 442 5820 λ,
482 5782 631 5802 ΙΙυΙΙΙ.
656 5782 741 5815 vn,
786 5782 864 5802 ..ν
901 5782 1016 5818 ιυον
1052 5783 1065 5799 ο

1791 3330 2205 3374 consentaneum
2255 3323 2376 3376 titlei
2412 3336 2731 3379 assertorem
2757 3369 2769 3384 .
2804 3342 2960 3395 quem
3002 3339 3055 3383 tu
3087 3332 3353 3397 perversis

1790 3408 2214 3463 cavillationibus
2243 3410 2509 3465 falsissimi
2540 3415 2763 3482 putabas
2795 3415 2871 3469 tui
2902 3416 3162 3471 fautorem
3194 3420 3347 3474 testi-

1789 3500 1988 3562 monii,
2042 3500 2189 3556 illum
2237 3518 2401 3559 unum
2454 3506 2805 3577 eamdemque
2869 3510 3026 3563 audio
3072 3510 3345 3580 proprium

1786 3591 2021 3657 proﬁteri
2049 3591 2240 3645 Filium
2271 3594 2381 3656 Dei,
2412 3596 2495 3648 cui
2528 3606 2654 3649 ante
2689 3599 2868 3651 omnia
2909 3600 3097 3652 saecula
3130 3617 3157 3652 δι
3185 3600 3345 3657 Patre

1786 3680 1999 3744 dicitur,
2045 3698 2109 3734 ex
2138 3692 2281 3736 utero
2312 3693 2431 3737 ante
2470 3684 2747 3753 luciferum
2774 3689 2926 3755 genui
2956 3697 3003 3741 te
3037 3688 3206 3757 (Paul.
3234 3706 3343 3756 cu,

1785 3772 1860 3837 5).
1889 3772 1954 3825 Et
1983 3773 2036 3826 in
2062 3773 2164 3827 line
2189 3774 2502 3829 surculorum
2528 3777 2781 3832 Dominus
2809 3779 2939 3834 dicit
2966 3798 2977 3832 :
3014 3780 3181 3837 Filius
3201 3801 3345 3839 incus

1783 3878 1837 3914 es
1861 3872 1915 3914 tu
1939 3879 1958 3915 :
1981 3879 2073 3931 ego
2106 3864 2257 3917 hodie
2285 3866 2436 3933 genui
2479 3879 2543 3919 te.
2593 3852 2763 3921 Hodie
2792 3869 2931 3923 enim
2966 3879 3171 3937 tempus
3207 3874 3341 3927 intra

1786 3956 1992 4016 tempus
2026 3950 2329 4017 significat:
2360 3961 2478 4005 ante
2505 3967 2633 4007 vero
2659 3955 2838 4008 omnia
2881 3964 3115 4024 tempora
3147 3972 3343 4024 praece-

1783 4036 1890 4100 dit,
1934 4036 2058 4091 licet
2093 4037 2163 4091 sit
2200 4038 2297 4093 soli
2328 4039 2435 4093 Deo
2462 4040 2615 4095 hodie
2654 4059 2809 4097 omne
2849 4054 3061 4113 tempus
3086 4046 3341 4115 deputano

1783 4125 1928 4178 dum.
1972 4126 2029 4179 In
2070 4127 2207 4180 libro
2242 4137 2418 4182 autem
2446 4131 2510 4184 de
2549 4131 2917 4189 lncarnatione
2943 4134 3150 4189 Domini
3187 4145 3339 4192 sexto

1783 4215 1922 4283 (cap.
1953 4214 2008 4278 5,
2039 4231 2094 4268 n.
2126 4215 2239 4283 35),
2270 4217 2298 4256 δ
2330 4220 2453 4286 quia
2482 4218 2728 4275 Christus
2758 4237 2914 4276 verus
2947 4225 3015 4277 sit
3046 4224 3229 4289 Filius,
3261 4228 3340 4279 sic

1780 4301 1900 4354 ait:
1938 4319 1956 4351 ι
1992 4302 2276 4367 Adversus,
2328 4305 2516 4374 inquit,
2563 4321 2749 4363 omnes
2793 4310 3023 4366 haereses
3071 4315 3337 4383 generalis

1780 4448 1973 4504 stolicis
2019 4450 2226 4521 imbuta;
2270 4452 2519 4521 doctrinis
2569 4458 2727 4518 novit,
2752 4465 2855 4511 etc.
2909 4457 3012 4512 Sed
3058 4469 3111 4513 et
3144 4471 3337 4517 cmtera

1782 4520 2085 4588 summatim
2119 4519 2343 4588 collegit
2360 4520 2630 4575 Paulinus.

1838 4586 1985 4664 ιδ’-1η
2028 4586 2159 4639 libro
2207 4586 2277 4664 de
2324 4587 2690 4664 lucernatione
2717 4591 2925 4664 Domini
2958 4605 3121 4649 sexto.
3153 4596 3333 4664 Quare

1775 4653 2028 4707 Paulinus
2050 4665 2231 4709 noster
2244 4657 2396 4710 hunc
2421 4657 2611 4711 librum
2642 4670 2842 4715 sextum
2869 4663 2934 4717 de
2957 4653 3328 4722 lncarntitione

1776 4723 2138 4795 appellaverit,
2182 4738 2303 4778 cum
2345 4726 2532 4780 unicus
2576 4732 2932 4785 communiter
2963 4734 3237 4795 habeatur.
3274 4744 3330 4790 et

1774 4790 1990 4873 ah’aliis
2015 4790 2283 4873 seiunctus
2305 4805 2606 4873 reponatur,
2638 4807 2789 4873 certo
2816 4799 3036 4873 delinire
3081 4815 3183 4854 non
3222 4790 3322 4873 aue

1776 4860 1898 4939 sim.
1932 4859 2210 4939 suspicari
2245 4859 2420 4916 tamen
2469 4859 2689 4939 lic'e_t_in
2713 4882 2890 4939 pausa
2922 4867 3125 4939 fuisse,
3182 4872 3325 4939 quod

1775 4929 1931 5006 olim,
1960 4939 2015 4982 et
2031 4929 2177 5006 forte
2198 4929 2250 4982 in
2282 4932 2580 5006 exemplari
2600 4932 2939 4999 Pauliniano,
2962 4929 3120 5006 quasi
3141 4929 3326 4997 se'xtus

1778 4996 2186 5077 additus-fuerit
2208 4996 2632 5077 quinquelibris.
2655 5016 2791 5070 quos
2817 5005 2879 5058 de
2900 4996 3003 5073 [ide
3029 4996 3322 5077 inscripsit.

1774 5064 1907 5119 Cum
1932 5067 2072 5140 enim
2101 5064 2259 5120 unum
2277 5075 2331 5140 et
2357 5064 2507 5123 idem
2534 5064 2987 5140 sitar'gumentum
3012 5088 3133 5128 cum
3160 5064 3324 5132 libro-

1777 5148 1894 5187 rum
1914 5134 1977 5206 de
1998 5133 2119 5206 ﬁde,
2154 5144 2262 5188 tum
2292 5136 2553 5206 tractatus
2581 5139 2648 5192 de
2669 5133 3062 5206 licarnatione,
3090 5152 3145 5198 et
3168 5155 3317 5200 utro-

1774 5215 1892 5281 que
1924 5202 2005 5281 in_'
2025 5203 2141 5281 loco
2167 5210 2289 5271 agat
2307 5203 2387 5281 Ide
2414 5204 2795 5281 D_ei_incarnati
2828 5202 3124 5281 divinitate,
3160 5227 3318 5281 quam

1773 5278 1959 5324 contra
1985 5271 2164 5346 hostes
2194 5270 2407 5346 eosdem
2428 5273 2780 5346 defendereet
2801 5277 3073 5336 vindicare
3099 5270 3317 5346 satagit,

1773 5351 1970 5415 nempe
1989 5337 2215 5415 Arianos
2242 5340 2519 5415 praecipue,
2544 5343 2815 5415 probabile
2837 5355 2919 5401 est
2948 5348 3015 5401 ab
3052 5337 3322 5415 aliquibus

1773 5404 2003 5485 librariis
2028 5406 2221 5485 factum
2243 5404 2419 5461 fuisse
2433 5404 2576 5476 quod
2612 5413 3043 5485 suspicamur,‘et
3056 5404 3319 5485 (utiquam

1770 5473 1961 5548 librum
1990 5483 2194 5548 sextum
2221 5473 2598 5548 annumerasse
2631 5473 2780 5535 lia'ris
2817 5484 2879 5534 de
2901 5473 3005 5548 [ide
3034 5473 3227 5538 lihruin
3252 5487 3314 5539 de

1770 5540 2153 5620 incarnatione.
2203 5543 2351 5597 Adde
2393 5543 2743 5620 Ambrosium
2773 5540 2942 5617 ipsum
2981 5565 3313 5620 consequen-

1769 5610 1897 5663 tiam
1935 5610 2187 5665 librorum
2225 5620 2277 5665 et
2312 5616 2694 5668 oonnexionem
2733 5610 3028 5672 insinuasse
3075 5610 3315 5672 his'ver-

1767 5678 1849 5731 bis
1885 5694 2019 5755 quae
2039 5680 2196 5733 habet
2232 5680 2332 5734 hoc
2352 5683 2482 5755 ipso
2518 5683 2652 5755 libro
2686 5685 2752 5755 de
2790 5686 3049 5755 lncarnat.
3087 5700 3204 5755 cap.
3249 5687 3311 5750 7,
3344 5738 3349 5741 _

1768 5746 1915 5800 num.
1955 5746 2023 5800 62
2055 5756 2103 5801 et
2141 5762 2252 5817 seq.
2300 5766 2318 5799 ι
2351 5746 2564 5805 Possem
2603 5751 2764 5807 latius
2799 5754 3062 5822 persequi,
3103 5746 3196 5811 se'd
3219 5746 3311 5811 ve;
