3926 6444
537 442 637 496 4Ξὶἲὶ

1449 401 1510 499 ὲ.
1550 444 1813 501 PAULINI
1851 441 2302 497 PATRIARCHJE
2338 439 2798 507 AQUILEIENSIS

3659 441 3734 494 δῦ

540 556 637 607 ista
666 560 744 605 est
797 552 955 614 fides,
982 552 1103 620 quia
1128 553 1368 607 Christus
1394 562 1475 607 est
1498 554 1590 608 Dei
1620 554 1803 618 Filius,
1842 564 1894 608 et
1922 568 2059 607 sem-
2090 557 2136 615 Α
2163 552 2290 606 lium
2318 554 2877 609 sincerissima'acuue
2904 556 3096 608 mentis
3121 554 3233 622 ejus
3282 556 3491 625 ingenia
3521 564 3732 624 prote-

539 642 772 709 pitcrnus
794 654 855 693 ex
879 639 1056 703 Patre,
1102 650 1154 693 et
1189 649 1341 693 natus
1389 656 1454 694 ex
1498 642 1717 711 virgine.
1752 662 1771 694 ι
1811 641 1876 695 Et
1907 641 2064 709 paulo

539 738 692 796 post:
725 745 744 779 ι
773 728 903 782 Cum
929 728 1066 782 Deus
1104 743 1310 797 semper
1339 738 1481 783 esset
1517 741 1779 796 internus,
1823 732 2067 785 incarna-

539 821 697 874 tionis
730 830 1059 874 sacramenta
1096 820 1323 887 suscepit
1358 836 1467 903 pou
1507 821 1729 884 divisus,
1766 821 1859 876 sed
1897 836 2062 875 unus:

538 914 661 979 quia
699 900 981 977 utrumque
1018 925 1151 963 unus
1186 900 1239 963 et
1273 900 1405 965 unus
1440 913 1496 965 in
1520 921 1778 981 utroque,
1815 914 1916 968 hoc
1962 924 2064 978 est,

536 998 618 1051 vel
647 998 934 1060 divinitate,
965 996 1047 1051 vel
1074 1012 1310 1066 corpore.
1346 1017 1365 1049 ι
1401 998 1541 1053 Idem
1584 1000 1654 1053 ibi
1694 998 1775 1071 (C.
1809 1000 1861 1064 7,
1890 1017 1945 1053 n.
1976 1000 2064 1070 7i)

538 1086 698 1152 ipsius
722 1085 871 1153 quasi
900 1085 1106 1140 Domini
1126 1086 1301 1140 verbis
1333 1102 1458 1140 usus
1483 1104 1495 1139 :
1530 1105 1548 1136 ‹
1589 1089 1727 1143 Deus
1757 1090 1919 1158 igitur
1942 1085 2065 1144 ante

536 1189 766 1237 carnem,
794 1174 931 1228 Deus
961 1174 1013 1226 in
1044 1188 1200 1227 carne
1225 1174 1599 1244 perfectionem
1633 1186 1835 1231 natura;
1867 1192 2065 1233 assum-

534 1262 638 1327 psit
659 1261 918 1313 humanm.
942 1279 960 1312 ›
977 1259 1115 1314 Idem
1144 1259 1195 1314 in
1223 1263 1440 1316 eodem:
1468 1282 1485 1313 ι
1510 1263 1754 1331 Nunquid
1779 1278 1899 1317 cum
1929 1264 1979 1318 in
2000 1278 2066 1317 eo

537 1349 815 1416 imaginem
852 1347 983 1410 Dei,
1044 1342 1358 1417 crucemque
1404 1365 1741 1415 veneramur,
1783 1350 2064 1406 dividimus

534 1438 689 1490 eum?
711 1457 728 1487 ι
761 1435 887 1491 Illud
910 1444 1083 1490 autem
1109 1436 1340 1504 ejusdem
1361 1441 1641 1511 venerandi
1662 1441 1892 1495 doctoris
1917 1442 2065 1496 testi-

534 1527 789 1590 monium,
802 1527 941 1594 quod
966 1526 1017 1579 in
1037 1528 1137 1581 tuis
1162 1528 1415 1582 insertum
1436 1528 1626 1582 litteris
1647 1544 1752 1583 non
1772 1530 2061 1596 ignoratur,

534 1615 672 1683 quod
694 1615 788 1668 tibi
814 1615 963 1683 quasi
990 1614 1341 1684 praestabilius
1364 1615 1639 1669 videbatur
1664 1623 1766 1669 tua:
1791 1615 2075 1671 consulere

530 1704 787 1771 pertinaci
811 1702 1112 1769 objectioni,
1140 1703 1191 1755 in
1217 1717 1280 1756 eo
1305 1704 1444 1772 quod
1463 1702 1728 1760 Christum
1758 1705 2062 1773 adoptivum

534 1792 625 1845 Dei
643 1792 832 1847 Filium
859 1805 1111 1860 usurpare
1132 1806 1234 1845 non
1262 1806 1460 1856 cessas,
1486 1793 1608 1861 quia
1630 1794 1859 1848 dixerit:
1892 1813 1909 1844 ι
1930 1793 2062 1848 Nam

2162 649 2388 694 stantur.
2434 639 2490 694 In
2517 641 2693 696 libello
2726 643 2920 711 quippe
2966 644 3461 697 commentariorum
3497 644 3727 711 primo,

2162 726 2310 794 cujus
2363 729 2547 782 titulus
2602 730 2675 783 de
2720 729 3003 799 Evangelio
3034 731 3309 799 inspicitur
3357 730 3728 801 evangelista!

2160 816 2417 884 Matthzei,
2446 827 2645 873 textum
2671 820 2951 875 succincta:
2978 821 3256 877 locutionis
3284 820 3449 889 ipsius
3469 834 3729 889 evange-

2164 905 2299 961 lista:
2319 907 2477 961 verba
2505 922 2705 975 ponens
2734 908 2963 973 retexuit
2992 908 3064 962 ita
3090 925 3106 963 :
3139 907 3309 974 Liber,
3334 909 3529 981 inquit,
3559 925 3727 979 gene-

2161 996 2373 1048 rationis
2392 995 2517 1048 Iesu
2541 995 2731 1050 Christi
2745 995 2841 1067 ﬁlii
2869 995 3057 1061 David,
3082 995 3181 1065 ﬁlii
3201 986 3457 1050 libr-aliam
3478 996 3722 1068 (Hauh.

2161 1097 2201 1147 ι,
2233 1083 2306 1153 I).
2338 1084 2405 1138 Et
2442 1084 2596 1153 paulo
2646 1093 2804 1153 post:
2845 1102 2864 1134 ε
2896 1085 2939 1138 Α
2974 1085 3273 1139 carnalibus
3306 1093 3480 1138 autem
3513 1085 3720 1152 carpit,

2161 1176 2220 1223 ut
2249 1184 2344 1237 per
2386 1171 2649 1232 hominem
2706 1170 3093 1226 Deumdiscere.
3114 1171 3441 1239 incipiamus.
3466 1190 3484 1223 ι
3526 1169 3727 1241 (Com-

2161 1267 2314 1311 ment.
2348 1258 2402 1311 in
2442 1257 2625 1312 Matth.
2648 1258 2742 1313 lib.
2767 1274 2808 1323 t,
2832 1274 2951 1327 cap.
2988 1259 3061 1327 I).
3088 1258 3225 1324 Quid
3255 1267 3337 1312 est
3367 1258 3578 1321 dicere,
3611 1257 3726 1310 Per

2161 1344 2413 1398 hominem
2435 1344 2597 1399 Deum
2622 1345 2835 1412 discere,
2859 1347 2958 1401 nisi
2981 1347 3105 1415 quia
3119 1361 3220 1400 non
3242 1360 3431 1417 purum
3458 1355 3721 1400 tantum-

2160 1431 2318 1485 modo
2350 1432 2617 1486 hominem
2638 1431 2907 1489 Christum
2948 1432 3157 1499 Jesum,
3210 1434 3302 1488 sed
3334 1434 3473 1491 sicut
3516 1448 3725 1488 verum

2161 1519 2449 1586 hominem,
2479 1522 2552 1576 ita
2576 1530 2630 1576 et
2650 1513 3041 1588 verum'Deum,
3065 1538 3331 1595 unumque
3350 1523 3725 1592 eamdemque

2160 1608 2561 1677 intellegamus?
2604 1609 2744 1663 Idem
2794 1609 2906 1679 ipse
2942 1610 2996 1667 in
3027 1611 3211 1664 eodem
3247 1611 3516 1665 volumine
3550 1624 3569 1663 :
3607 1627 3627 1660 s
3663 1610 3721 1663 Si

2160 1703 2341 1751 autem
2357 1696 2605 1753 Salvator
2626 1698 2807 1752 eadem
2836 1699 3087 1766 praedicat
3111 1713 3228 1767 quas
3262 1696 3493 1753 Joannes
3521 1700 3722 1768 Bapti-

2164 1794 2247 1838 sta
2267 1794 2389 1839 ante
2412 1786 3005 1861 prmdiserat,ostendit
3022 1803 3081 1843 se
3099 1787 3330 1857 ejusdem
3350 1790 3445 1843 Dei
3466 1804 3598 1843 esse
3628 1788 3725 1844 Fi.

533 1882 646 1950 ipso
675 1896 774 1935 usu
802 1886 985 1935 nostro
1007 1888 1089 1934 est
1110 1880 1385 1949 adoptivus
1412 1880 1552 1935 filius
1577 1890 1630 1934 et
1653 1896 1810 1937 verus
1832 1881 2017 1937 Filius.
2041 1900 2058 1933 ι
2095 1870 2137 1931 Β
2163 1873 2321 1940 lium,
2349 1874 2499 1943 cujus
2516 1875 2605 1929 ille
2634 1877 2890 1946 propheta
2917 1877 3005 1932 sit.
3043 1896 3063 1929 ι
3095 1878 3237 1933 Idem
3266 1878 3368 1940 ibi,
3428 1896 3447 1927 ι
3476 1878 3719 1943 Scriba,
3768 1889 3775 1897 '

458 1968 464 1981 '
533 1972 610 2024 Tu
631 1985 756 2025 vero
779 1970 966 2023 vitiose
990 1965 1139 2024 more
1160 1977 1250 2023 tuo
1277 1968 1495 2037 posuisti
1524 1986 1536 2021 :
1602 1987 1622 2020 ι
1654 1968 1785 2023 Nam
1812 1971 1939 2039 ipse,
1968 1971 2065 2034 ais,

533 2076 632 2114 usu
662 2054 811 2129 161
840 2066 1021 2112 nostro
1051 2046 1130 2112 est
1154 2057 1428 2126 adoptivus
1454 2057 1609 2113 ﬁlius.
1638 2078 1657 2111 υ
1686 2058 1805 2129 Ipse
1833 2075 1929 2130 pro
1958 2062 2068 2130 ipso

531 2149 781 2214 exarasti,
811 2148 961 2217 quasi
985 2148 1049 2203 de
1070 2146 1279 2204 Christo
1305 2149 1478 2206 virum
1512 2140 1671 2205 istum
1694 2150 1888 2206 dixisse
1911 2150 2067 2204 anili-

530 2243 629 2297 bus
669 2241 955 2295 frustratus
984 2239 1194 2307 ineptiis
1231 2239 1451 2307 putasti.
1494 2238 1625 2294 Cum
1655 2239 1710 2293 in
1735 2254 1795 2294 ea
1835 2239 2071 2310 disputa-

533 2331 695 2392 tione,
725 2321 785 2382 in'
801 2342 903 2397 qua
929 2327 1029 2381 hoc
1056 2326 1340 2395 capitulum
1369 2328 1568 2381 studuit
1597 2327 1948 2396 promulgare,
1987 2329 2069 2382 ni-

532 2419 606 2471 hil
632 2418 695 2471 de
712 2417 939 2485 optionis
965 2416 1309 2484 praarogativo
1326 2416 1514 2485 linguae
1528 2414 1730 2471 ﬁavello
1747 2429 1770 2456 ι
1795 2417 2072 2486 inspicitur

533 2506 849 2567 vcntilasse;
904 2505 992 2557 sed
1030 2504 1512 2558 contradicentibus
1544 2505 1643 2559 sibi
1674 2506 1953 2571 obsistens,
1981 2508 2071 2575 qui

532 2601 734 2650 natura:
765 2591 1075 2647 vocabulum
1114 2592 1183 2654 in_
1198 2590 1287 2644 Dei
1322 2590 1668 2659 appellatione
1703 2593 1869 2647 sacris
1903 2593 2072 2649 inser-

531 2690 644 2735 tum
688 2681 826 2735 foliis
870 2680 1085 2733 minimc
1126 2693 1281 2755 posse
1320 2679 1542 2746 reperiri
1588 2679 1885 2747 conjectare
1912 2696 2073 2736 cona-

532 2763 725 2825 bantur
755 2787 768 2822 :
796 2761 983 2837 ac’per
1016 2768 1116 2821 hoc
1144 2768 1468 2822 coacervatis
1502 2766 1743 2835 plurimis
1776 2768 2071 2823 divinarum

533 2874 711 2913 rerum
746 2858 1090 2921 documentis,
1118 2856 1310 2924 quibus
1356 2856 1471 2911 luce
1505 2857 1698 2911 clarius
1731 2857 1913 2913 revicti
1942 2860 2073 2914 satis

536 2951 843 3019 abundeque
868 2947 1108 3003 sufﬁcere
1134 2963 1237 3002 non
1263 2947 1362 3000 fuit
1388 2948 1695 3012 invalidum,
1718 2949 1884 3003 voluit
1913 2950 2073 3004 etiam

535 3038 1078 3092 communiduntaxat
1103 3050 1201 3088 usu
1228 3034 1506 3088 locutionis
1534 3034 1823 3089 refellentia
1850 3035 2075 3105 perﬁdo—

534 3141 654 3179 rum
686 3128 964 3180 obstruere
1008 3123 1347 3177 nihilominus
1391 3137 1503 3175 ora.
1552 3121 1641 3175 Ait
1688 3124 1864 3179 enim:
1892 3141 1911 3173 ι
1954 3123 2072 3193 Ipso

533 3228 633 3265 usu
660 3220 841 3264 nostro
867 3217 948 3263 est
969 3209 1246 3283 adoptivus
1271 3208 1408 3263 ﬁlius
1439 3219 1492 3263 et
1531 3224 1685 3264 verus
1710 3210 1891 3265 Filius.
1928 3211 2070 3265 Ado-

535 3302 737 3372 ptivum
777 3299 939 3352 lilium
983 3313 1086 3351 non
1128 3297 1350 3351 dicimus
1392 3297 1557 3351 filium
1597 3312 1713 3351 esse
1751 3306 1957 3361 natura,
1983 3299 2074 3352 sed

536 3407 656 3445 eum
682 3392 903 3445 dicimus
936 3398 1125 3444 natura
1158 3404 1275 3443 esse
1301 3389 1489 3452 ﬁlium,
1514 3391 1603 3457 qui
1631 3405 1785 3460 verus
1809 3397 1891 3443 est
1916 3390 2071 3443 ﬁlius.

540 3481 695 3548 Ergo,
723 3481 816 3543 ait,
842 3486 1083 3531 naturam
1118 3487 1172 3530 et
1217 3479 1561 3532 substantiam
1607 3492 1723 3532 esse
1767 3476 1896 3547 (AL,
1946 3478 2071 3531 sub-

539 3570 786 3623 stantiam
814 3582 930 3622 esse
954 3565 1208 3637 divinam]
1233 3566 1410 3622 divina
1436 3569 1771 3637 probavimus
1793 3568 2066 3623 lectione.»

540 3658 675 3712 (Lib.
706 3658 768 3711 de
793 3656 1002 3711 lucaris.
1026 3655 1177 3709 Dom.
1211 3650 1457 3710 Sacram.“
1474 3673 1590 3728 cap.
1616 3660 1666 3723 8,
1699 3675 1751 3712 n.
1780 3659 1868 3723 87,
1893 3658 2004 3727 88).

1098 3763 1319 3816 CAPUT
1355 3764 1516 3816 XXII.

708 3850 921 3903 Adducit
959 3865 1049 3918 pro
1094 3866 1191 3902 sua
1236 3852 1481 3903 sententia
1520 3849 1907 3920 Hieronymum.

572 3940 577 3945 ’
610 3941 950 3995 Felicissimae
970 3954 1153 4009 nempe
1182 3943 1593 4006 recordationis,
1616 3943 2076 4013 celeberrimmque

544 4032 667 4083 vita:
690 4029 974 4092 mirabilis,
1003 4030 1191 4082 beatus
1221 4030 1466 4083 nimirum
1488 4084 1493 4092 ,
1513 4030 1879 4098 Hieronymus,
1914 4031 2076 4085 variis

542 4121 837 4188 linguarum
874 4119 1151 4188 perspicue
1200 4120 1482 4189 insignitus
1510 4121 1764 4189 loquelis,
1820 4122 1872 4175 in
1908 4121 2074 4176 sacris

546 4210 747 4264 scilicet
774 4208 1067 4262 litterarum
1094 4225 1306 4263 suarum
1354 4210 1606 4281 apicibus,
1640 4214 1725 4267 ubi
1765 4211 2077 4282 quandoque

547 4299 610 4351 de
624 4297 834 4365 negotio
844 4297 1146 4349 orthodoxe
1162 4298 1280 4351 ﬁdei
1297 4288 1661 4366 disputationis
1684 4301 1875 4373 stylum
1899 4316 2075 4355 susce-

547 4386 691 4452 pisse
711 4383 1049 4453 dignoscitur,
1075 4398 1280 4451 semper
1304 4381 1483 4439 Jesum
1508 4385 1773 4442 Christum
1798 4388 2074 4443 Dominum

2167 1963 2356 2032 inquit,
2391 1965 2515 2033 quia
2552 1965 2818 2020 hominem
2847 1968 3121 2035 putabant,
3147 1975 3374 2037 arguunt
3406 1982 3534 2022 eum
3564 1969 3721 2022 blas-

2163 2052 2405 2121 phemiae.
2455 2053 2562 2109 Sed
2608 2053 2862 2109 Dominus
2887 2055 3070 2110 videns
3112 2056 3460 2126 cogitationes
3494 2072 3717 2119 eorum,

2156 2140 2395 2194 ostendit
2422 2155 2481 2194 se
2503 2141 2690 2206 Deum,
2717 2142 2804 2211 qui
2833 2150 3006 2210 potest
3048 2143 3221 2198 cordis
3257 2144 3464 2199 occulta
3505 2161 3718 2215 cogno-

2167 2238 2336 2287 scere.
2370 2249 2387 2282 ι
2416 2229 2567 2301 (Ibid.
2593 2245 2714 2300 cap.
2743 2228 2821 2302 4.)
2854 2229 2919 2284 Ει
2960 2231 3083 2300 quia
3108 2230 3258 2300 juxta
3304 2230 3453 2287 Pauli
3495 2248 3716 2296 vocem,

2165 2319 2339 2375 omnis
2360 2318 2629 2388 plenitudo
2641 2320 2933 2376 divinitatis
2953 2320 3007 2374 in
3023 2335 3088 2375 eo
3104 2320 3305 2375 habitat
3330 2321 3715 2389 corporaliter,

2167 2408 2424 2464 intellexit
2442 2409 2526 2463 vir
2551 2406 2650 2464 iste
2693 2409 2907 2469 famosa
2933 2410 3244 2465 subtilitatis
3282 2410 3548 2465 discretor
3590 2426 3715 2465 eum

2168 2496 2532 2552 admirationis
2555 2497 2869 2567 insignibus,
2898 2512 2997 2566 pro
3019 2513 3083 2552 eo
3103 2499 3243 2565 quod
3272 2496 3469 2567 ﬂagelli
3488 2500 3718 2554 verbere

2168 2583 2334 2651 ejecta
2364 2583 2551 2639 fuisset
2609 2587 2676 2639 ab
2709 2599 2773 2639 eo
2831 2585 2982 2640 turba
3032 2585 3096 2640 de
3142 2584 3298 2641 domo
3341 2585 3522 2641 Patris
3571 2586 3709 2654 ejus,

2174 2694 2193 2727 ο
2219 2676 2429 2744 igneum
2458 2675 2584 2745 quid
2620 2683 2779 2744 atque
2823 2676 3084 2731 sidereum
3142 2676 3376 2731 radiasse
3418 2691 3487 2729 ex
3544 2676 3714 2730 oculis

2170 2764 2301 2832 ejus,
2337 2773 2391 2820 et
2425 2766 2715 2819 divinitatis
2740 2765 3067 2831 maje’statein
3100 2764 3214 2833 ejus
3255 2765 3310 2818 in
3359 2764 3498 2818 facie
3542 2763 3711 2819 reful-

2170 2856 2321 2909 sisse.
2357 2874 2375 2905 »
2407 2852 2549 2910 Idem
2575 2854 2705 2923 ipse,
2738 2871 2757 2905 ι
2785 2853 2852 2907 Et
2867 2855 2990 2918 hoc,
3019 2853 3209 2921 inquit,
3243 2853 3709 2916 considerandum,

2154 2944 2311 3011 quod
2342 2943 2584 2997 centurio
2610 2953 2733 2997 ante
2758 2957 2968 2998 crucem
2998 2942 3053 2995 in
3085 2942 3200 3011 ipso
3224 2939 3474 2996 seandalo
3498 2941 3705 3011 passio-

2171 3032 2254 3087 nis
2275 3047 2397 3086 vere
2424 3032 2515 3087 Dei
2536 3031 2725 3085 Filium
2739 3033 3053 3087 conﬁteatur
3084 3049 3097 3084 :
3125 3041 3179 3086 et
3204 3030 3363 3086 Arius
3392 3031 3448 3085 in
3469 3031 3707 3087 Ecclesia

2114 3174 2141 3205 μ
2171 3121 2423 3191 Ρτῖθάίελῑ
2448 3128 2743 3174 creaturam
2771 3121 2909 3192 (Lib.
2932 3137 3014 3185 III,
3039 3134 3156 3188 cap.
3186 3119 3275 3190 ‘21)
3300 3136 3314 3171 :
3340 3128 3419 3183 tu,
3446 3135 3479 3173 ο
3502 3116 3706 3183 infelix,

2175 3209 2587 3278 nuncupativum
2600 3210 2984 3277 etadoptivum,
3008 3222 3113 3261 non
3125 3222 3307 3262 verum
3321 3208 3489 3262 Deum
3503 3225 3707 3263 verum-

2172 3312 2275 3366 que
2300 3298 2568 3354 conliteris
2590 3298 2778 3352 Filium
2798 3298 2913 3351 Dei.

2619 3408 2772 3481 162
2809 3407 3030 3464 CAPUT
3067 3408 3249 3464 nm.
3472 3479 3478 3482 Α

2370 3496 2679 3550 Testimonia
2705 3498 2897 3567 profert
2931 3514 2994 3552 ea:
3030 3499 3299 3566 Augustini
3335 3498 3503 3553 libris.

2240 3587 2474 3654 Denique
2499 3588 2666 3641 beatae
2688 3588 2955 3649 memoriae
2985 3584 3307 3654 Augustinus
3339 3587 3529 3641 doctor
3550 3588 3701 3685 mir.)-

2146 3674 2311 3738 ‘bilis,
2339 3675 2391 3727 in
2424 3675 2595 3742 primo
2627 3682 2679 3729 et
2709 3675 2938 3729 secundo
2964 3675 3494 3732 Prasdestinationum
3527 3674 3699 3739 Lihr'o,

2152 3761 2295 3829 quia
2320 3761 2561 3816 Christus
2606 3759 2759 3817 Iesus
2795 3777 2952 3818 verus
2999 3763 3170 3827 Deus,
3202 3778 3466 3836 verusquc
3507 3766 3576 3820 sit
3614 3766 3700 3821 Dei

2170 3851 2356 3914 Filius,
2381 3851 2824 3922 quemadmodum
2852 3854 2905 3906 in
2951 3854 3156 3908 cunctis
3180 3856 3451 3921 opusculis
3476 3857 3586 3910 suis
3610 3856 3701 3910 do-

2172 3940 2345 3993 cuisse
2378 3941 2686 3996 studiosum:
2721 3954 2825 3994 non
2870 3940 3054 3996 Iel‘ellit
3104 3941 3372 4006 lectOrem,
3427 3944 3502 3997 ita
3549 3945 3699 4004 finiit.

2173 4029 2356 4083 dicens
2392 4046 2404 4081 :
2443 4047 2461 4079 ι
2495 4028 2679 4083 Nonne
2706 4028 2933 4085 faciente
2956 4045 3019 4085 ac
3047 4030 3364 4101 suscipiente
3395 4031 3566 4086 Verbo
3594 4032 3703 4102 ipse

2172 4119 2352 4182 homo,
2379 4132 2441 4171 ex
2470 4132 2577 4187 quo
2599 4133 2717 4173 esse
2739 4120 2918 4188 etrapit,
2941 4118 3108 4175 Filius
3133 4120 3224 4174 Dei
3250 4120 3440 4175 unicus
3459 4135 3572 4174 esse
3598 4136 3701 4176 cte-

2173 4207 2291 4277 pit?
2328 4222 2502 4263 nonne
2525 4208 2589 4262 de
2623 4207 2825 4277 Spiritu
2872 4216 3065 4271 sancto
3100 4217 3154 4263 et
3176 4208 3379 4277 virgine
3421 4208 3583 4262 Maria
3610 4209 3698 4263 Dei

2174 4297 2339 4352 Filius
2365 4300 2551 4353 unicus
2594 4306 2751 4352 natus
2774 4300 2934 4352 est?»
2968 4298 3105 4367 (cap.
3140 4298 3227 4361 i5,
3258 4314 3313 4352 n.
3334 4298 3445 4367 50).
3483 4299 3620 4352 Idem
3648 4300 3696 4352 in

2174 4385 2309 4440 libro
2331 4387 2358 4425 ιι
2381 4388 2609 4440 secundo
2641 4402 2653 4439 :
2685 4404 2704 4449 μ
2733 4385 2948 4449 Fidelis,
2974 4388 3205 4456 inquam,
3233 4386 3326 4454 qui
3353 4387 3408 4440 iu
3440 4401 3505 4440 eo
3527 4401 3694 4443 veram

548 4468 786 4527 uestrum
811 4481 865 4525 et
893 4486 1074 4524 verum
1100 4473 1264 4527 Deum
1287 4481 1340 4527 et
1360 4488 1542 4527 verum
1583 4475 1674 4527 Dei
1715 4475 1954 4529 docuisse
1986 4475 2075 4528 Fi-
2111 4483 2155 4540 ι)
2178 4481 2421 4530 naturam
2450 4474 2616 4527 credit
2641 4481 2693 4527 et
2715 4472 2995 4539 conﬁtetur
3038 4475 3341 4539 humanam,
3391 4474 3447 4527 id
3484 4481 3563 4528 est
3603 4488 3692 4527 no-

551 4632 679 4689 reor
732 4631 797 4669 ne
840 4617 966 4689 Διξίιξίι
1013 4618 1122 4685 ipsa
1149 4619 1439 4689 “aliquibus
1504 4629 1596 4674 aut
1664 4622 1923 4689 superflua
1987 4634 2078 4678 aut

549 4685 751 4758 prolixa
785 4684 1101 4758 _videan_tiir.
1149 4684 1592 4758 Fortassisenim
1645 4684 1784 4742 dicat
1831 4692 2018 4758 aliquis
2059 4708 2074 4746 :

552 4752 733 4807 Nonne
768 4752 833 4830 de
864 4752 1038 4830 Patris
1058 4761 1127 4830 et
1161 4754 1280 4830 lt‘ilii
1342 4757 1610 4830 divinitate
1665 4759 1893 4830 quinque
1919 4752 2035 4815 illis
2059 4798 2074 4822 ,

552 4836 686 4889 quos
718 4822 972 4894 scripsisti
990 4861 1034 4894 ‘,_
1058 4822 1204 4876 libris
1238 4825 1604 4879 conclusnrum
1641 4822 1698 4879 te
1730 4822 1845 4879 esse
1877 4834 2077 4894 promi-

553 4886 739 4943 seras?
775 4886 878 4960 seq
915 4890 1039 4955 quid
1069 4894 1281 4960 faciam,
1318 4908 1435 4945 cum
1462 4894 1697 4960 quotidie
1734 4886 1896 4957 novas
1924 4895 2081 4950 semi-

554 4964 681 5031 nent
699 4956 1044 5031 qumstiones?
1070 4958 1183 5011 Non
1205 4961 1454 5031 praeterit
1482 4956 1727 5031 sponsio,
1757 4962 1849 5017 sed
1889 4963 2079 5016 astrin-

557 5025 633 5092 git
666 5024 909 5095 objectio.
950 5024 1080 5077 Nam
1112 5024 1550 5095 que—madnioduiii
1588 5038 1758 5094 potest
1807 5031 1925 5083 linis
1960 5045 2078 5085 esse

521 5092 829 5163 responsi,
869 5091 912 5145 si
959 5091 1143 5163 modus
1195 5092 1366 5153 nullos
1409 5091 1600 5163 objecti
1630 5097 1739 5150 sit?
1789 5105 1844 5150 et
1903 5108 2077 5152 tamen

558 5160 622 5213 de
658 5157 825 5211 Patris
867 5170 920 5212 et
968 5161 1097 5214 Filii'
1144 5164 1414 5218 divinitate
1471 5157 1953 5219 consummaturum
1991 5180 2081 5218 te.

510 5266 514 5270 Α
558 5229 889 5312 sponsionem
925 5228 977 5312 in
1008 5231 1363 5312 superioribus
1401 5228 1507 5312 nie'
1521 5234 1901 5312 spoponderam
1936 5247 1949 5284 :
1979 5233 2079 5286 hoc

559 5294 735 5348 autem
756 5294 890 5347 libro
923 5297 986 5348 de
1010 5294 1386 5353 Inéarnationis
1433 5294 1717 5354 Dominicze
1749 5309 2079 5355 sacramento

530 5361 782 5437 'plenidr,
803 5364 938 5437 sicut
961 5365 1157 5437 debuit,
1188 5368 1322 5421 facta
1352 5369 1571 5435 digestio
1596 5378 1695 5430 est,
1724 5378 1857 5430 etc,o
1892 5367 2077 5424 Viden’

559 5431 818 5507 Quomodo
845 5433 1013 5499 ipsum
1040 5433 1228 5507 librum
1247 5437 1397 5502 quasi
1410 5431 1516 5505 'pro
1537 5446 1686 5489 sexto
1709 5438 1929 5503 ipsemet
1952 5438 2080 5490 Amc-

559 5498 767 5566 brosius
795 5498 1167 5566 recognoscat?

631 5576 655 5604 ιι
695 5563 901 5633 Lingua:
922 5563 1143 5639 ﬂabello,
1163 5586 1255 5639 pro
1273 5570 1505 5639 ﬂabello,
1532 5573 1561 5624 b
1586 5573 1638 5625 in
1659 5588 1687 5625 υ
1706 5583 2079 5628 consonantem

564 5641 865 5711 unitato,_ut
886 5638 1087 5711 passim
1111 5638 1292 5711 videre
1310 5646 1406 5691 est.
1434 5638 1865 5711 Iusti-amentum,
1891 5658 1994 5711 quo
2024 5642 2081 5695 fit

566 5702 848 5755 ventilatio.
883 5702 1157 5759 Terentius
1180 5708 1230 5759 in
1257 5707 1387 5758 Eun.
1421 5721 1471 5758 v.
1500 5707 1630 5761 594:
1694 5760 1702 5773 ,
1758 5704 1769 5712 ’

2262 4626 2388 4686 Cape
2404 4625 2493 4674 hoc
2516 4624 2771 4683 ﬂabellum,
2800 4631 2852 4674 et
2874 4624 3121 4674 ventulum
3145 4596 3257 4672 huic
3272 4626 3345 4672 sic
3359 4623 3500 4674 facito
3522 4637 3535 4683 ;

2172 4705 2317 4774 quod
2333 4713 2445 4759 erat
2467 4704 2693 4774 cilicium
2726 4703 3063 4774 ancillarum,
3086 4717 3220 4774 quas
3251 4701 3579 4774 Ilabelliferas
3610 4716 3693 4755 vo-

2173 4770 2258 4827 cat
2290 4772 2504 4826 Plautus
2528 4775 2580 4824 in
2608 4771 2846 4824 Trinum.
2873 4788 2925 4824 v.
2952 4770 3074 4835 25‘,
3106 4770 3179 4825 'de
3195 4770 3385 4840 quibus
3414 4774 3534 4840 vide
3561 4770 3689 4822 Lau-

2174 4843 2400 4894 rentium
2420 4840 2721 4908 Pignorium
2735 4853 2872 4893 com.
2893 4840 2959 4894 de
2975 4840 3143 4894 servis
3163 4837 3276 4908 cap.
3294 4837 3367 4908 .30
3387 4837 3527 4908 quod
3547 4840 3689 4891 matri

2176 4910 2348 4964 Paula:
2374 4911 2618 4963 morienti
2643 4908 2889 4977 praestitit
2921 4908 3024 4963 ﬁlis
3057 4907 3399 4965 Eustochium
3432 4907 3633 4960 laudata
3646 4924 3690 4977 ⁸ει

2174 4977 2493 5048 lliemnymo
2517 4978 2572 5030 in
2592 4977 2831 5049 epitaph.
2864 4977 3043 5033 Paula:
3071 4991 3086 5028 :

2357 5086 2460 5145 Ipsa
2484 5084 2700 5133 assidere
2715 5085 2908 5142 lectulo,
2936 5083 3176 5133 ﬂabellum
3203 5092 3393 5134 tenere.

2354 5146 2572 5193 Umulum
2595 5146 2865 5192 ancillarum
2890 5148 3155 5206 prmenire
3174 5145 3343 5205 uthcis.

2176 5233 2278 5303 Sed
2304 5232 2557 5303 translate
2580 5242 2637 5286 ut
2665 5233 2940 5303 Paulinus,
2979 5228 3145 5287 utitur
3169 5248 3384 5303 quoque
3412 5231 3603 5287 Tullius
3636 5225 3682 5287 in

2174 5302 2235 5371 Oi
2248 5312 2321 5355 at.
2345 5316 2443 5369 pro
2465 5300 2669 5355 Flacco.
2694 5320 2712 5351 ι
2733 5301 2907 5371 Usque
2928 5315 2991 5355 eo
3010 5304 3137 5356 orba
3158 5300 3258 5357 fuit
3278 5300 3344 5355 ab
3362 5303 3687 5371 optimatibus

2177 5370 2262 5422 illa
2290 5371 2493 5427 concio,
2523 5378 2580 5420 ut
2621 5370 2866 5440 princeps
2890 5371 3185 5440 principum
3210 5370 3676 5440 essethleandrius,

2176 5439 2343 5518 cujus
2374 5439 2546 5503 lingua
2589 5437 2740 5516 quasi
2785 5437 2989 5518 liabello
3034 5437 3306 5494 seditionis
3336 5437 3427 5490 illa
3469 5447 3570 5493 tum
3610 5446 3685 5494 est

2176 5508 2437 5577 egentium
2475 5507 2659 5560 concio
2678 5507 2954 5560 "ventilata.
2993 5526 3010 5559 ι

2247 5577 2273 5614 b
2297 5574 2361 5627 In
2392 5574 2521 5625 libro
2548 5574 2786 5629 secundo.
2816 5576 2983 5630 Verba
3007 5573 3283 5640 Augustini
3322 5574 3412 5633 hic
3436 5593 3468 5631 a
3486 5578 3682 5631 Paulino

2177 5644 2395 5712 allegata
2428 5651 2546 5712 sunt
2570 5643 2623 5693 in
2649 5643 2777 5694 libro
2806 5642 3038 5712 Deliam
3061 5647 3465 5712 perseverantia
3491 5656 3544 5699 ut
3570 5647 3679 5697 lidc~

2181 5710 2298 5767 um
2332 5710 2638 5777 appanimus
2665 5711 2716 5787 in
2738 5710 2990 5779 margine.
3036 5711 3142 5765 Cur
3164 5710 3339 5767 autem
3382 5715 3576 5769 dicatur
3607 5728 3677 5769 so-
