3926 6448
111 522 218 576 τιέίἵ

774 521 1044 577 CONTRA
1081 521 1366 576 FELICEiI
1406 521 1936 578 URGELLITANUM
1975 525 2149 578 LIBRI
2184 526 2266 580 III.
2305 557 2372 564 —
2404 525 2530 580 LIB.
2571 526 2654 579 III.

3216 519 3316 584 λεδ

107 640 308 694 stram,
332 629 575 699 quamvis
611 629 952 698 singulariter
977 629 1297 699 suscipiente
1326 630 1434 684 Deo
1461 630 1665 694 Verbo,
1695 635 1742 691 Α
1768 631 1869 685 Itoc
1898 640 1980 686 est
2010 633 2173 685 filium
2202 632 2440 702 virginis,
2476 633 2884 701 uuncupativum
2909 634 3075 689 Deum
3110 644 3164 690 ct
3199 637 3321 695 ado-

107 720 166 777 In
189 722 411 784 unicum
438 721 529 774 Dei
558 719 748 774 Filium
793 719 1156 782 sublimatam,
1190 720 1262 773 ita
1293 729 1352 774 ut
1372 721 1463 788 qui
1489 735 1671 774 susce-

107 810 211 880 pit,
235 820 296 865 et
315 809 459 894 quod
474 809 707 878 suscepit
731 823 836 862 una
855 816 996 863 esset
1016 808 1070 861 in
1091 808 1351 863 Trinitate
1374 824 1622 876 persona.
1650 829 1666 860 ι

108 901 258 971 (Lib.
297 897 377 953 De
401 899 532 953 bono
566 898 971 967 perseverantia,
1020 913 1074 950 n.
1134 896 1247 967 67.)
1277 896 1332 950 In
1365 897 1432 951 ea
1462 897 1671 966 itaque,

107 1005 236 1060 qua:
257 988 571 1043 inscribitur
590 974 895 1039 ari-Petrum
937 998 963 1026 ι
1001 985 1247 1054 epistola,
1269 985 1321 1039 in
1346 1000 1452 1054 qua
1472 985 1674 1053 specia-

105 1075 239 1130 liter
287 1073 567 1129 catbolicas
611 1072 735 1127 ﬁdei
778 1073 1194 1128 sincerissimam
1242 1073 1436 1141 regula:
1479 1074 1672 1128 seriem

105 1163 410 1234 delegavit,
450 1165 590 1234 inter
612 1170 804 1218 cetera
836 1162 915 1216 sic
957 1163 1032 1215 ait
1088 1176 1103 1214 :
1163 1181 1182 1212 ι
1214 1162 1381 1216 Natus
1419 1163 1563 1216 enim
1609 1165 1674 1217 de

104 1255 276 1308 Patre
299 1253 438 1308 Deus
454 1254 707 1317 Verbum,
729 1261 888 1307 natus
905 1260 988 1307 est
1013 1253 1263 1324 de‘matre
1293 1253 1521 1307 Verbum
1547 1268 1673 1307 caro

105 1342 523 1399 factum.'Unus
551 1343 716 1414 igitur
744 1351 905 1412 atque
956 1342 1097 1396 idem
1145 1344 1287 1398 Deus
1335 1344 1428 1398 Dei
1484 1342 1671 1407 Filius,

104 1444 276 1490 natus
305 1443 431 1489 ante
462 1435 680 1500 stecula,
708 1443 763 1488 et
812 1443 971 1488 natus
1020 1434 1072 1488 in
1103 1434 1328 1499 saeculo,
1359 1443 1412 1496 et
1446 1442 1673 1503 utraque

104 1525 370 1581 nativitas
395 1525 555 1579 unius
575 1534 659 1578 est
689 1523 810 1576 Filii
843 1523 956 1576 Dei.
984 1523 1181 1577 Verum
1207 1525 1370 1578 etiam
1398 1525 1462 1578 dc
1485 1524 1671 1578 eodem

104 1613 305 1667 matris
341 1620 496 1667 utero
519 1611 659 1665 idem
685 1610 824 1664 Deus
848 1610 1009 1665 homo
1037 1607 1222 1675 exivit,
1253 1621 1307 1664 et
1347 1611 1400 1664 in
1427 1612 1673 1679 sepulcro

105 1702 255 1755 idem
281 1701 421 1755 Deus
443 1702 605 1756 homo
633 1699 807 1754 factus
854 1699 1044 1768 jacuit,
1090 1709 1145 1753 et
1193 1701 1261 1755 ab
1315 1701 1501 1756 inferis
1532 1702 1673 1756 idem

103 1796 255 1850 Deus
274 1795 440 1850 homo
459 1793 634 1850 factus
659 1792 747 1848 die
774 1793 932 1848 tertio
957 1792 1267 1848 resurrexit.
1291 1813 1310 1845 ι
1329 1793 1674 1864 (Fulgentius

105 1883 175 1936 de
195 1883 302 1951 ﬁde
339 1883 409 1936 ad
445 1881 692 1947 Petrum,
747 1896 865 1950 cap.
896 1881 953 1946 2,
999 1896 1147 1936 num.
1181 1881 1266 1947 10,
1298 1881 1408 1952 Il.)
1450 1882 1681 1937 Attende.

1778 719 1978 786 ptivum
2018 719 2215 783 ﬁlium;
2263 713 2590 788 Augustinus
2629 734 2756 775 vero
2788 721 2952 780 Deum
2992 724 3320 791 unigenitum

1777 810 2022 877 appellat.
2049 810 2190 864 Idem
2222 811 2292 863 ibi
2318 809 2456 879 (cap.
2497 810 2548 870 9,
2578 826 2632 863 n.
2656 810 2764 880 52),
2799 828 2817 860 ι
2852 810 3086 875 Patrem,
3113 813 3207 879 ait,
3235 827 3320 867 so-

1774 899 1883 954 lum
1912 915 2029 955 esse
2049 901 2138 968 qui
2172 901 2307 954 dixit
2335 917 2349 952 :
2378 899 2480 952 llic
2505 909 2578 953 est
2600 898 2772 954 Filius
2798 917 2941 955 meus
2982 901 3227 965 dilectus,
3264 906 3321 958 in

1772 1007 1873 1059 quo
1898 992 2026 1044 mihi
2062 989 2348 1060 complacita“
2373 1005 2391 1043 :
2418 989 2608 1043 Filium
2638 990 2808 1044 solum
2837 1005 2956 1046 esse
2979 1007 3136 1062 super
3162 1007 3321 1062 quem

1774 1083 1862 1136 illa
1887 1099 1988 1136 vox
2015 1083 2180 1138 solius
2203 1083 2377 1136 Patris
2396 1083 2601 1146 sonuit,
2631 1079 2844 1150 quando
2879 1083 2933 1137 in
2985 1082 3215 1139 Iordane
3243 1099 3320 1138 se-

1775 1171 2004 1227 cundum
2030 1186 2244 1226 carnem
2286 1171 2586 1240 baptizatus
2633 1178 2718 1225 est
2752 1170 3055 1241 unigenitus
3098 1172 3258 1226 Deus.
3301 1192 3318 1223 ι

1775 1265 1913 1318 Ecce
1953 1263 2280 1333 Augustinus
2313 1261 2458 1315 illum
2487 1302 2501 1325 ,
2538 1263 2630 1328 qui
2678 1261 2734 1314 in
2772 1261 3000 1317 Iordane
3033 1262 3326 1314 secundum

1774 1366 1990 1406 carnem
2027 1350 2330 1420 baptizatus
2371 1357 2488 1412 est,
2539 1364 2700 1418 super
2730 1361 2888 1418 quem
2917 1357 3138 1417 paterna
3189 1349 3328 1403 into-

1774 1442 1889 1495 nuit
1911 1455 2035 1505 vox,
2057 1448 2112 1494 et
2152 1439 2382 1508 Spiritus
2404 1445 2621 1493 sanctus
2649 1437 2704 1491 in
2728 1437 2905 1505 specie
2931 1437 3190 1492 columba
3212 1438 3327 1492 des-

1775 1532 1989 1596 cendit,
2043 1530 2370 1600 unigenitum
2425 1529 2588 1583 Deum
2620 1527 2922 1583 conﬁtetur.
2957 1528 3038 1582 Tu
3095 1527 3327 1583 afﬁrmas

1775 1621 2128 1691 Augustinum
2177 1618 2378 1674 dixisse
2426 1617 2728 1687 adoptivum
2784 1615 2950 1670 ﬁlium
3009 1616 3063 1669 in
3101 1615 3332 1671 Iordane

1775 1711 2122 1779 baptizatum,
2153 1722 2313 1777 super
2332 1722 2490 1776 quem
2513 1697 2736 1775 paterna.
2759 1704 2808 1756 F
2810 1704 2931 1758 ilius
2953 1704 3188 1758 insonuit
3205 1719 3327 1757 vox.

1776 1798 1913 1854 Hinc
1942 1813 2129 1854 rursus
2171 1798 2225 1851 in
2268 1795 2444 1851 libello
2478 1795 2597 1850 ﬁdei
2646 1810 2774 1858 suae,
2822 1794 2850 1833 ι)
2880 1794 2973 1863 qui
3023 1793 3334 1856 inscribitur

1777 1895 1963 1942 contra
2008 1901 2195 1941 omnes
2239 1886 2513 1940 haereses:
2556 1903 2573 1934 ‹
2601 1883 2763 1938 Pater
2789 1891 2912 1948 est,
2953 1883 3151 1952 inquit,
3184 1881 3334 1950 cujus

104 1986 258 2026 nunc
283 1971 428 2041 quod
457 1970 670 2035 dicitur,
697 1971 743 2026 si
769 1971 946 2040 aliqua
975 1971 1070 2026 tibi
1119 1971 1392 2026 rationalis
1420 1981 1678 2026 creatum
1708 1975 1880 2035 nvo:
1912 1977 2025 2030 hac
2045 1985 2129 2032 est
2163 1975 2345 2029 audita
2372 1975 2438 2028 de
2478 1973 2629 2030 caelis
2653 2014 2668 2039 ,
2711 1972 2813 2027 llic
2843 1983 2916 2027 est
2945 1971 3118 2026 Filius
3168 1990 3332 2036 meus,

105 2064 292 2133 portio
323 2061 603 2116 remansit.
652 2061 839 2115 Nonne
895 2070 952 2115 tu
1001 2061 1158 2126 dicis,
1211 2061 1353 2129 quod
1399 2061 1559 2115 homo
1589 2059 1679 2113 ille

104 2148 362 2204 Christus
385 2147 558 2212 Iesus,
584 2157 864 2218 susceptus
882 2163 911 2202 a
936 2147 1112 2204 Verbo
1134 2147 1227 2202 Dei
1250 2163 1354 2203 non
1376 2149 1446 2202 sit
1472 2149 1540 2202 ab
1563 2149 1676 2217 ipsa

105 2239 388 2310 virginalis
413 2239 557 2308 uteri
577 2239 783 2309 origine
830 2239 973 2294 Deus
1013 2247 1069 2294 et
1094 2246 1384 2314 conceptus
1418 2247 1472 2292 et
1499 2247 1674 2301 natus,

107 2341 165 2386 et
191 2332 314 2386 ideo
331 2345 438 2385 non
461 2343 642 2393 verus,
667 2329 759 2385 sed
785 2329 1066 2398 adoptivus
1081 2329 1226 2385 credi
1247 2329 1432 2384 ﬁliusa
1448 2339 1500 2384 te
1520 2330 1679 2397 perﬁ-

109 2423 233 2477 dius
258 2420 530 2476 deleretur
542 2418 843 2491 [deliratur]
859 2421 881 2473 τ
895 2420 1088 2475 Beatus
1102 2434 1332 2488 namque
1349 2419 1679 2489 Augustinus

111 2511 390 2566 veridicus
410 2511 602 2564 asserit
625 2509 962 2578 prmdicator,
993 2507 1077 2562 Ea:
1098 2524 1199 2578 quo
1223 2524 1331 2562 esse
1355 2509 1519 2576 cepit,
1537 2507 1678 2560 haud

108 2601 277 2655 dubio
319 2601 373 2653 in
398 2606 554 2653 utero
576 2598 818 2668 virginis,
851 2595 1027 2652 Filius
1047 2595 1145 2651 Dei
1175 2597 1358 2650 unicus
1382 2611 1491 2649 esse
1511 2596 1676 2664 carpit.

113 2688 248 2743 Esse
277 2688 428 2757 coepit
458 2685 600 2756 quod
627 2686 843 2751 dicitur,
899 2702 1006 2742 non
1041 2685 1334 2742 secundum
1359 2685 1501 2753 quod
1541 2684 1680 2738 Deus

109 2788 193 2834 est
220 2777 449 2848 intelligi
476 2778 655 2842 datur,
685 2776 778 2832 sed
803 2792 905 2846 per
928 2777 982 2831 id
1017 2777 1162 2846 quod
1210 2775 1371 2831 homo
1397 2773 1513 2828 ﬁeri
1553 2782 1682 2828 tem-

109 2868 373 2938 poraliter
421 2867 606 2923 voluit.
641 2866 707 2920 Et
741 2867 828 2921 ille
874 2867 966 2936 qui
1019 2880 1136 2920 esse
1181 2864 1345 2936 erepit
1372 2866 1552 2926 homo,
1587 2863 1680 2931 qui

102 2975 328 3030 semper
354 2968 473 3014 erat
493 2959 654 3023 Deus,
680 2958 869 3012 unicus
893 2958 960 3011 ab
975 2957 1296 3026 Augustino,
1337 2969 1443 3009 non
1473 2953 1680 3022 adopti-

108 3065 212 3104 vus
238 3049 334 3102 Dei
362 3047 532 3101 Filius
568 3046 906 3115 praedicatur.
948 3044 1149 3100 Unicus
1181 3057 1410 3112 namque
1434 3041 1518 3096 vel
1561 3039 1681 3094 uni-

108 3137 348 3208 genitus,
375 3135 721 3205 proprietatis
744 3149 850 3189 non
891 3134 1190 3204 adoptionis
1213 3133 1419 3188 censeri
1451 3131 1682 3186 vocabu-

109 3227 227 3281 lum
251 3226 670 3280 demonstratur.
710 3224 854 3281 Idem
899 3224 954 3295 i_n
995 3224 1181 3280 eadem
1209 3223 1429 3294 praefata
1457 3223 1681 3294 epistola

1779 2068 1835 2120 in
1857 2080 1958 2135 quo
1988 2064 2110 2118 bene
2136 2062 2446 2133 eomplaeui,
2471 2064 2640 2131 ipsum
2681 2063 2898 2115 audite:
2928 2061 3095 2116 Filius
3123 2070 3207 2116 est
3244 2078 3336 2130 qut

1779 2156 1855 2209 ait
1885 2172 1900 2211 :
1943 2153 2054 2224 Ego
2075 2170 2108 2207 a
2135 2152 2244 2206 Deo
2284 2153 2417 2206 exivi
2444 2161 2490 2204 et
2532 2168 2565 2204 a
2593 2151 2701 2204 Deo
2728 2153 2841 2204 veni
2869 2168 2888 2205 :
2917 2151 3223 2206 Paracletus
3255 2164 3338 2206 est

1780 2248 1914 2315 ipse,
1945 2245 2011 2300 de
2033 2260 2140 2324 quo
2166 2243 2335 2297 Filius
2359 2243 2436 2296 ait
2465 2259 2478 2295 :
2520 2241 2640 2295 Nisi
2667 2258 2761 2312 ego
2785 2241 2979 2304 abiero,
3029 2236 3337 2296 Paraeletus

1780 2353 1884 2390 non
1909 2336 2092 2389 ueniet.
2123 2353 2142 2386 ι
2184 2332 2314 2399 Quis
2339 2341 2519 2387 autem
2569 2325 2658 2384 illé
2709 2331 2779 2384 sit
2831 2329 3192 2400 Augustinus,
3245 2331 3336 2398 qui

1779 2439 1941 2496 super
1964 2422 2269 2493 adoptivum
2313 2421 2459 2476 dicat
2492 2428 2771 2490 paternam
2814 2421 3085 2474 intonasse
3133 2433 3336 2480 vocem,

1780 2514 1963 2568 nescio
1991 2526 2006 2565 :
2039 2512 2133 2566 sed
2161 2519 2216 2564 et
2241 2509 2387 2564 illum
2415 2516 2593 2563 tecum
2623 2508 2762 2562 scire
2804 2507 3160 2576 Augustinum
3187 2507 3338 2561 dedi'-

1779 2619 1933 2674 gnor.
1959 2602 2111 2656 Hunc
2131 2610 2310 2654 autem
2342 2598 2694 2667 Augustinum
2726 2598 2932 2665 recipit,
2963 2597 3056 2665 qui
3083 2611 3181 2664 per
3205 2611 3336 2651 cun-

1779 2700 1920 2747 ctam
1944 2690 2125 2744 mundi
2153 2687 2486 2742 latitudinem
2504 2685 2681 2740 clarus
2705 2687 2757 2739 in
2783 2687 2945 2740 rebus
2967 2686 3161 2740 divinis
3180 2686 3342 2741 babc-
3380 2749 3383 2752 _

1779 2788 1887 2833 tur.
1918 2778 2061 2837 Idem
2084 2778 2198 2846 ipse
2221 2774 2486 2848 (Fulgent.
2517 2773 2594 2828 De
2617 2773 2713 2842 ῥά.
2737 2773 2806 2827 ad
2837 2772 3221 2843 Petrum,‘eap.
3251 2761 3340 2839 I7,

1780 2885 1837 2922 n.
1869 2868 1957 2937 60)
1985 2883 2000 2920 :
2031 2885 2049 2917 ‹
2076 2868 2220 2920 Deus
2239 2865 2380 2918 enim
2422 2864 2652 2918 Verbum
2683 2877 2788 2917 non
2823 2862 3028 2932 accepit
3053 2876 3339 2931 personam

1781 2955 2012 3010 hominis
2038 2968 2296 3022 :persona
2317 2953 2611 3006 divinitatis
2635 2953 2840 3021 accepit
2854 2951 3195 3021 temporalem
3219 2953 3344 3005 sub-

1782 3045 2035 3100 stantiam
2068 3041 2266 3097 carnis.
2318 3039 2472 3096 Unus
2514 3048 2597 3095 est
2643 3055 2772 3111 ergo
2815 3039 3060 3094 Christus
3108 3038 3342 3094 Verbum
3383 3066 3388 3070 -

1781 3151 1908 3192 caro
1935 3134 2165 3204 factum,
2215 3132 2304 3202 qui
2331 3140 2413 3186 est
2444 3147 2511 3186 ex
2543 3132 2786 3202 patribus
2807 3130 3096 3185 secundum
3121 3145 3342 3184 carnem

1784 3239 1944 3293 super
1965 3222 2142 3278 omnia
2185 3222 2325 3275 Deus
2351 3221 2664 3275 benedictus
2707 3220 2760 3273 in
2795 3217 3006 3273 saecula.
3037 3238 3056 3270 ›
3098 3217 3241 3273 Idem
3268 3219 3342 3272 ibi

106 3316 291 3387 (num.
323 3314 431 3387 16),
462 3333 482 3365 ι
509 3313 732 3381 Quibus,
758 3315 948 3382 inquit,
983 3313 1163 3367 verbis
1189 3312 1542 3379 explicabitur
1562 3325 1679 3365 car-
1699 3309 1753 3372 C
1784 3314 1954 3384 (num.
1984 3311 2072 3382 6i)
2099 3325 2113 3363 :
2148 3329 2166 3360 ‹
2200 3309 2528 3362 Firmissime
2550 3317 2699 3362 tenes
2725 3316 2780 3360 et
2806 3307 3108 3360 nullatenus
3129 3306 3340 3367 dubites

109 3406 202 3462 nis
228 3404 374 3459 illius
399 3403 712 3458 excellentia
739 3401 1046 3472 singularis,
1103 3398 1252 3468 cujus
1278 3396 1457 3452 divina
1496 3407 1580 3452 est
1612 3413 1680 3452 ex

109 3493 231 3562 ipsa
259 3492 342 3546 sui
370 3489 718 3559 conceptione
754 3497 1015 3560 persona;
1048 3488 1172 3557 quia
1201 3487 1280 3541 sic
1300 3486 1534 3541 Verbum
1555 3500 1682 3540 caro

112 3584 318 3638 factum
338 3590 442 3647 est,
468 3588 530 3636 ut
548 3595 654 3634 una
671 3595 900 3649 persona
921 3586 1066 3634 esset
1087 3593 1209 3632 cum
1234 3591 1395 3631 carne
1419 3591 1533 3640 sua,
1563 3575 1682 3629 uni-

111 3671 328 3742 genitus
354 3685 418 3725 ac
443 3669 804 3738 sempiternus
831 3669 1002 3731 Deus,
1036 3667 1149 3736 ipsa
1192 3682 1303 3722 sua:
1346 3665 1526 3719 carnis
1555 3679 1683 3718 con-

111 3762 363 3832 ceptione
415 3766 726 3828 conceptus.
771 3777 790 3810 ι
848 3758 915 3810 Et
960 3757 1116 3827 paulo
1169 3766 1291 3825 post
1332 3755 1503 3826 (num.
1549 3755 1678 3822 l7):

117 3871 138 3904 ι
170 3853 316 3910 Deus
356 3850 681 3920 unigenitus,
707 3849 798 3919 qui
827 3847 950 3902 dum
983 3847 1371 3916 conciperetur,
1401 3843 1681 3898 veritatem

113 3942 298 3998 carnis
317 3939 564 4010 concepit
587 3955 654 3993 ex
670 3939 888 4009 Virgine
913 3955 926 3990 :
952 3938 1053 3992 ista
1074 3923 1236 3991 causa
1261 3939 1366 4000 esti,
1399 3949 1504 4003 qua
1541 3932 1682 3986 Deus

114 4032 292 4088 factus
321 4040 407 4086 est
426 4030 568 4086 ﬁlius
591 4029 813 4107 virginis
841 4018 1038 4094 Marias,
1074 4035 1129 4082 et
1146 4026 1314 4080 Maria
1341 4026 1490 4096 virgo
1512 4032 1684 4080 mater

115 4125 256 4180 facta
279 4133 363 4179 est
412 4121 684 4192 Unigeniti
708 4121 820 4176 Dei.
861 4140 880 4172 ι
935 4120 1015 4174 Tu
1043 4119 1177 4174 dicis
1209 4117 1378 4171 ﬁlium
1428 4116 1680 4180 hominis,

116 4278 325 4334 eundus
369 4274 436 4330 de
460 4275 943 4345 prmdestinatioue,
986 4271 1317 4345 ut‘facitbic
1348 4268 1683 4345 et_Paulinus

117 4339 892 4412 noster,vide'admonitionem
918 4341 1192 4413 prmﬁxam
1218 4341 1342 4394 huic
1369 4339 1520 4402 libro,
1547 4345 1678 4394 tam.

117 4419 162 4471 Χ
185 4416 411 4478 Patrol.,
439 4414 542 4470 col.
575 4415 697 4469 995.

184 4502 210 4526 ιι
237 4485 303 4540 In
328 4501 390 4538 ea
415 4500 534 4554 qui:
555 4483 859 4554 inscribitur
884 4481 952 4534 ad
979 4479 1190 4533 Petrum
1212 4479 1459 4554 epistola._
1628 4487 1684 4554 ut

116 4567 167 4612 et
210 4549 601 4622 subsequentes
637 4552 912 4608 sententia:
937 4565 1045 4604 non
1077 4557 1202 4622 sunt
1241 4549 1549 4622 Augustini,
1590 4550 1682 4604 sed

117 4618 411 4696 Fulgentii;
442 4631 515 4682 .ut
549 4631 797 4696 accurate
831 4628 1101 4696 notamus
1128 4619 1266 4696 inter
1293 4618 1673 4696 parentheses.

118 4686 276 4750 Libe'r
319 4686 466 4748 enim
517 4707 610 4745 seu
656 4689 877 4760 epistola
919 4689 981 4742 de
1027 4689 1130 4760 ﬁde
1173 4686 1241 4739 ad

117 4766 294 4834 gentio
347 4761 651 4834 ascribitur.
688 4754 920 4834 'Verum
962 4754 1101 4834 apud
1128 4763 1348 4834 veteres
1387 4754 1519 4808 adeo
1557 4755 1674 4822 opi-

119 4822 206 4889 ὖίο
233 4830 460 4888 invaluit
482 4843 602 4886 esse
629 4828 941 4898 Augustini,
971 4822 1044 4898 ut
1064 4827 1202 4879 inter
1228 4822 1342 4898 ejus
1367 4837 1527 4898 opera
1559 4839 1677 4898 pas»-

120 4906 215 4958 sim
242 4909 588 4958 recenseatur
623 4907 678 4953 et
707 4893 759 4951 in
798 4912 926 4959 mss.
951 4903 1005 4950 et
1034 4897 1086 4950 in
1106 4963 1112 4964 ί
1135 4893 1273 4964 typis
1301 4893 1528 4962 vulga;is
1559 4893 1674 4947 edi-

121 4974 382 5028 tionibus:
414 4970 553 5026 unde
591 4968 783 5021 mirum
810 4966 949 5020 haud
987 4966 1057 5018 sit
1092 4963 1368 5018 Paulinum
1396 4977 1492 5032 pro
1512 4978 1680 5032 opere

120 5041 399 5098 Auzustini
424 5040 566 5094 illam
597 5035 860 5090 habuisse.
891 5034 1123 5088 Videnda
1151 5041 1234 5086 est
1257 5041 1433 5084 autem
1462 5029 1568 5083 PP.
1589 5029 1681 5086 Be-

121 5100 510 5168 uedict'morum
543 5107 832 5162 admonitio
870 5103 991 5158 huic
1024 5102 1172 5171 operi
1197 5100 1477 5171 prmposita
1510 5101 1560 5152 itt
1585 5116 1676 5169 ap-

122 5183 364 5248 pendice,
409 5188 538 5234 tom.
575 5176 642 5231 Vl
671 5175 832 5248 Oper:
861 5169 1674 5248 August,Batrologiatnautetn

125 5237 245 5306 tom.
280 5237 392 5305 XL.
419 5249 548 5302 Vide
577 5237 785 5314 quoque
807 5237 1072 5314 Ioannem
1091 5239 1436 5314 Nolanumin
1461 5237 1672 5314 Prusia}.

124 5323 276 5390 Oper.
308 5307 1235 5390 Fulgentii§ﬁ,"et_observationetu
1273 5308 1576 5390 Bellar‘mini
1611 5307 1678 5362 de

119 5376 380 5452 scriptor.
411 5376 638 5441 VEccles'.
683 5376 745 5437 in
782 5381 1061 5452 Augustini
1113 5389 1244 5452 tom.
1415 5376 1676 5452 (Steterunt

159 5446 260 5515 ιιοᾶ
296 5457 522 5513 aﬂ'ertur
571 5453 725 5509 citari
749 5446 942 5506 librum
980 5450 1079 5504 sub
1113 5446 1371 5514 Fulgentii
1411 5447 1623 5499 nomine
1648 5462 1677 5498 a

159 5476 260 5515 “00
296 5476 522 5513 anenur
571 5476 725 5509 (ειιίιη
749 5476 942 5506 IlDl'uul
980 5476 1079 5504 aut)
1114 5476 1371 5514 rulgcuul
1412 5476 1623 5499 IIUIIIIIIC
1648 5476 1676 5498 ιι

127 5476 434 5590 Illatratnno,
458 5527 570 5581 sive
594 5525 866 5578 Bertramo
893 5515 1481 5590 monachoCorbeiensi
1512 5517 1563 5568 in
1582 5517 1676 5590 lib.

127 5597 194 5654 De
219 5612 368 5668 corp.
393 5585 449 5668 et
473 5610 622 5665 sang.
655 5591 884 5668 Domini,
912 5605 1014 5668 non
1042 5588 1198 5668 nimis
1213 5593 1397 5668 .urget,
1427 5585 1548 5668 eum
1581 5586 1682 5668 Ila-

127 5653 366 5724 tramnus
389 5653 774 5734 aliquotannis
804 5653 1064 5734 posterior
1104 5655 1191 5734 sit_
1213 5653 1459 5734 Paulino,
1491 5662 1545 5733 et
1579 5653 1680 5734 βο·
1746 5702 1753 5709 ,

128 5719 402 5802 nihili
420 5719 928 5802 habet‘l‘rithen'tius,
953 5727 1276 5796 temporibus
1291 5719 1524 5778 Lotha’rii
1545 5723 1685 5802 circa

129 5793 209 5865 an.
238 5793 363 5864 830.
399 5807 625 5875 Ideoque
648 5803 692 5875 _si
721 5801 1036 5875 auctoritate
1062 5793 1305 5875 veterum
1322 5793 1682 5875 tantummodo

131 5861 209 5937 res
228 5861 372 5937 esset
400 5861 728 5934 dirimenda,
763 5872 939 5940 potius
977 5867 1196 5922 Paulino
1229 5863 1504 5920 vetustiori
1554 5861 1685 5917 scri-

524 5967 792 6028 ΡΑτιιοι..
825 5957 1048 6022 XCIX.

1732 3443 1734 3456 .
1781 3417 1888 3458 non
1932 3416 2148 3456 carnem
2188 3398 2390 3454 Christi
2433 3399 2548 3453 sine
2599 3397 2878 3452 divinitate
2915 3405 3226 3465 conceptam
3284 3397 3338 3450 in

1780 3502 1934 3547 utero
1970 3490 2208 3560 virginis,
2256 3489 2564 3558 priusquam
2609 3487 2966 3556 susciperetur
3001 3501 3118 3540 sua:
3161 3486 3340 3540 carnis

1781 3585 2090 3655 acceptione
2113 3588 2388 3650 concepta.
2416 3598 2434 3628 ι
2472 3577 2614 3632 Nihil
2643 3577 2835 3631 fortius
2882 3577 3251 3645 sacratiusquc
3276 3577 3342 3630 de

1781 3674 2052 3747 Unigeniti
2089 3669 2470 3726 incarnationis
2526 3669 2782 3738 mysterio
2830 3665 3087 3736 explicari
3144 3675 3340 3735 potest.

1780 3767 1916 3833 Quia
1948 3765 2206 3840 Dominus
2224 3760 2470 3815 Christus
2493 3757 2646 3813 Iesus
2671 3758 2785 3828 ipse
2810 3758 2880 3812 sit
2900 3758 3039 3811 Deus
3062 3772 3245 3824 verus,
3272 3757 3347 3812 ita

1780 3857 1835 3910 in
1869 3853 2199 3925 expositione
2244 3851 2431 3921 psalmi
2462 3850 2605 3904 tertii
2654 3850 2823 3918 (num.
2870 3847 2925 3919 5)
2983 3847 3122 3901 idem
3162 3847 3348 3902 doctor

1781 3944 2026 4015 egregius
2047 3941 2308 4012 delegavit
2335 3957 2346 3992 :
2380 3959 2398 3990 ι
2428 3938 2683 4003 Gloriam,
2712 3937 2976 4006 inquiens,
3003 3951 3152 3996 suam
3177 3935 3344 3990 Deum

1785 4035 1914 4090 dicit
1944 4033 2104 4088 etiam
2138 4031 2246 4094 ille,
2277 4044 2437 4098 quem
2469 4028 2546 4082 sic
2591 4027 2678 4080 ille
2709 4028 2943 4096 suscepit
2977 4026 3070 4080 Dei
3099 4027 3342 4090 verbum,

1780 4132 1841 4177 ut
1863 4121 2022 4178 simul
2052 4135 2174 4174 cum
2203 4118 2294 4173 illo
2317 4119 2456 4172 Deus
2485 4116 2654 4170 ﬁeret.
2677 4134 2694 4167 ι
2723 4115 2781 4169 Itt
2811 4115 3063 4169 Tractatu
3093 4115 3344 4169 videlicet

1821 4259 1945 4323 tori,
1971 4272 2129 4327 quam
2167 4252 2612 4327 Ratrantno‘ﬁdes
2638 4259 2780 4327 esset
2804 4249 3083 4327 habenda.
3135 4250 3239 4327 Sed
3268 4251 3345 4327 ob

1821 4279 1945 4323 ton,
1971 4279 2129 4327 quam
2168 4279 2458 4309 nutruumu
2483 4279 2612 4306 uuca
2638 4279 2780 4306 casus
2825 4279 3083 4304 UdUCllua.
3137 4279 3238 4304 acu
3276 4279 3345 4303 υυ

1782 4279 1885 4386 Eoo
1908 4343 2015 4382 non
2041 4333 2328 4382 certamus.
2361 4321 2561 4376 Suﬁicit
2602 4321 2754 4375 nobis
2804 4319 3086 4388 Paulinum
3137 4319 3346 4388 opinio-

1782 4414 1906 4480 nem
1937 4409 2274 4452 communem
2311 4401 2549 4446 secutum
2595 4389 2938 4445 excusatione
2978 4387 3192 4456 dignum
3245 4391 3342 4441 ha—

1784 4471 1972 4590 bent;
2001 4533 2171 4588 libello
2198 4533 2325 4601 ﬁdei
2364 4546 2492 4593 stur,
2518 4530 2605 4598 qui
2628 4528 2926 4601 inscribitur
2950 4535 3127 4601 contra
3167 4543 3342 4601 omnes

1783 4609 2022 4660 ἡαπ-εδει.
2047 4596 2338 4660 Elencltutn
2367 4596 2538 4654 totum
2579 4598 2745 4652 evolvi
2794 4610 3013 4666 operum
3065 4596 3345 4666 Augustini

1706 4652 1755 4712 θ
1939 4652 2495 4737 Lovaniensis,quam
2525 4652 2953 4722 novissimzr'PP.
2975 4652 3348 4740 Benedictum—

1779 4762 1897 4799 rum
1924 4744 2184 4798 Parisien.
2214 4732 2480 4799 editionis,
2502 4753 2602 4792 nec
2631 4745 2802 4788 tamen
2855 4737 3024 4801 reperi
3058 4732 3136 4802 vel
3167 4734 3217 4802 iii
3254 4749 3344 4802 ge—

1779 4815 1979 4874 nuinis,
2005 4814 2086 4867 vel
2104 4813 2158 4865 in
2181 4807 2535 4877 supposititiis
2550 4805 2765 4877 Imtibus
2790 4803 2959 4877 sancti
2984 4801 3146 4877 huius
3170 4801 3346 4877 Patris

1779 4871 2078 4953 epistolam,
2105 4871 2389 4953 tractatum
2411 4884 2501 4928 aut
2526 4875 2719 4953 librum
2765 4873 3027 4953 aliquem,
3059 4872 3146 4938 qui
3175 4871 3344 4953 Libet:

1781 4940 1861 5007 lus
1892 4953 2014 5022 ﬁdei
2040 4940 2450 5022 inscriberetur,
2474 4943 2555 5022 vel
2581 4954 2757 5022 contra
2779 4941 3215 5022 onuwsjmvegs.
3240 4940 3344 5022 ξω

1784 5007 1954 5091 neque
2003 5019 2271 5091 Possidius
2315 5017 2367 5069 in
2409 5013 2640 5091 indicqu
2673 5025 2904 5091 .opcrutn
2939 5007 3218 5091 Augustini
3252 5009 3344 5062 ltu-

1775 5077 2010 5158 jusinoJi
2057 5089 2236 5158 operis
2269 5084 2546 5158 _memit1it.
2593 5077 2753 5158 Cujus
2801 5086 2983 5158 autem
3041 5077 3129 5140 sit,
3175 5092 3347 5158 usque

1782 5146 1938 5214 Inodo
1967 5175 2051 5214 me
2071 5146 2218 5212 latet.
2253 5155 2410 5222 .Sapit
2457 5146 2807 5222 Fulgentium,
2837 5148 2928 5209 sed
2969 5146 3082 5222 haec
3104 5146 3260 5200 verba
3291 5147 3344 5199 in

1782 5229 2059 5299 Fulgentio
2088 5243 2193 5282 non
2224 5215 2450 5299 invenio.
2487 5215 2644 5299 Forte
2678 5233 2896 5299 sensum
2921 5215 3189 5299 proferre,
3236 5231 3342 5267 non

1782 5285 1943 5355 verba
1969 5300 2166 5360 voluit;
2198 5305 2250 5349 et
2273 5293 2486 5362 quidem
2517 5291 2618 5362 alga
2646 5304 2749 5362 non
2787 5285 3048 5362 absitnilia
3082 5286 3132 5338 itt
3162 5299 3226 5362 _eo
3257 5299 3342 5362 res

1783 5352 1986 5438 peries;
2015 5352 2097 5438 ita
2124 5352 2205 5438 uit,
2230 5352 2349 5438 cu:tn
2379 5358 2724 5438 prmcedfntia
2755 5364 2809 5409 et
2837 5352 3348 5438 subsequentiasint

1783 5421 2043 5507 It‘ulgen'tii
2073 5421 2247 5507 iulib.
2281 5434 2352 5486 De
2377 5421 2561 5507 Iide_ad_
2573 5427 2806 5507 Petrum,
2831 5421 3348 5507 probabiliter-liceat

1785 5493 2043 5577 suspicari
2089 5506 2155 5560 ad
2199 5512 2434 5577 mentem
2472 5497 2764 5577 blulgentii,
2815 5508 2906 5547 seu
2934 5493 3119 5577 'III‘III'I'II
3167 5493 3347 5577 Attigit:

1785 5559 2183 5636 stlitriqscribere
2212 5559 2665 5642 voluissc._VOEat
2698 5576 2874 5642 autem
2926 5559 3174 5642 Libellum

1783 5630 1920 5713 ibi},
1951 5647 2074 5717 quia
2123 5659 2306 5698 revera
2330 5638 2556 5717 _de__,ﬁde
2604 5634 2929 5717 ιιιεοιψίιιιιο.
2969 5630 3033 5682 Et.
3061 5630 3344 5717 quianlid‘ei

1785 5699 1986 5788 ξιλῇίὶθῖ
2010 5732 2129 5785 quae
2153 5711 2387 5788 exponit,
2417 5699 2740 5786 lirqonnres
2768 5702 2994 5788 lum-eses
3020 5699 3308 5788 percellunt
3325 5737 3344 5764 ,

1785 5773 1976 5843 ciuium.
2019 5773 2189 5841 amnes
2222 5773 2473 5835 'Ita'rescs
2537 5776 2835 5841 instriptttm
2876 5773 3008 5839 (pro
3060 5773 3303 5834 arripiam
3337 5800 3342 5822 ;

1784 5859 1908 5913 dici.

2846 5929 2917 5987 135
3013 5989 3030 5995 _
