3926 6424
147 457 241 513 “il

808 463 1076 523 CONTRA
1113 465 1403 520 FELICEM
1441 463 1972 522 URGELLITANUM
2006 426 2180 524 LIBRI
2217 470 2387 524 III.-—
2411 470 2536 525 LIB.
2574 471 2658 524 III.

3246 468 3347 520 ια

144 568 510 632 timuerunt;
529 569 622 623 sed
647 568 784 622 sicut
805 576 890 626 est
915 571 1134 635 veritas,
1179 572 1392 628 homine
1413 555 1553 628 facto
1578 572 1694 627 Sal—
1717 576 1769 636 Α
1792 575 2014 628 verbum
2044 583 2210 630 totum
2252 577 2546 646 suscipiens
2591 579 2730 646 quod
2756 588 2837 632 cst
2884 576 3112 632 hominis
3131 617 3146 641 ,
3194 574 3351 631 homo

143 665 359 715 vatore.
390 658 559 711 totius
583 657 812 712 hominis
831 660 974 713 salus
1000 659 1138 714 facta
1160 670 1258 716 est.
1290 663 1346 717 Si
1373 664 1512 718 enim
1537 663 1699 732 adop-

141 746 288 799 tione
315 746 503 800 eratin
541 762 761 815 corpore
799 749 1028 802 Verbum
1059 752 1347 805 secundum
1389 752 1507 806 illos
1536 751 1698 821 (quod

138 845 322 889 autem
365 837 647 904 adoptione
680 838 879 891 dicitur
907 840 1184 908 phantasia
1205 842 1307 910 est)
1342 853 1615 910 reputetur
1645 853 1698 897 et

139 923 380 993 putative
405 924 601 979 salus.»
631 925 697 978 Et
723 933 777 979 tu
815 927 1051 994 adiecisti
1090 930 1153 982 de
1189 937 1307 983 tuo:
1331 931 1426 983 «Et
1448 931 1533 985 hic
1571 933 1697 999 quid

138 1011 331 1064 melius
360 1013 500 1080 loqui
526 1015 696 1080 potuit
714 1055 728 1078 ,
759 1031 880 1068 cum
906 1017 1240 1086 adoptionem
1265 1035 1370 1072 non
1396 1035 1426 1074 a
1453 1036 1694 1088 corpore,

136 1098 196 1153 in
231 1115 339 1168 quo
363 1111 479 1156 erat
517 1104 772 1168 Verbum,
801 1107 892 1159 sed
920 1108 986 1159 ab
1022 1097 1134 1174 ipso
1155 1111 1317 1164 verbo
1335 1113 1647 1166 evacuavit?
1673 1133 1691 1164 ι

135 1188 251 1255 Ego
274 1199 453 1245 autem
489 1191 628 1252 dico,
657 1193 759 1246 etsi
787 1193 874 1248 ille
895 1195 1019 1262 quid
1048 1196 1401 1268 melius,.quia
1427 1215 1530 1254 non
1557 1217 1696 1255 sem-

133 1292 236 1346 per
276 1292 365 1344 per
411 1279 769 1346 adoptionem,
806 1277 898 1335 sed
940 1284 994 1336 in
1031 1286 1253 1340 veritate
1293 1288 1504 1344 homine
1555 1290 1694 1345 facto

134 1362 437 1427 Salvatore,
470 1367 633 1420 totius
665 1369 896 1424 hominis
922 1372 1112 1426 factam
1142 1377 1418 1442 perdocuit
1445 1380 1689 1434 salutem.

134 1451 204 1504 Et
232 1462 289 1505 tu
320 1455 444 1522 quid
480 1454 629 1523 pejus
657 1472 719 1511 ac
753 1459 1045 1521 scelestius,
1093 1478 1250 1530 quam
1289 1466 1431 1532 quod
1471 1468 1691 1522 verbum

97 1547 99 1549 ’
132 1556 239 1595 non
271 1542 322 1594 in
353 1545 586 1612 proprio,
627 1548 768 1614 quod
795 1563 860 1600 ex
886 1550 1087 1616 virgine
1114 1555 1490 1608 assumendum
1512 1571 1696 1610 essen-

133 1629 353 1692 tialiter,
403 1632 675 1700 preprium
722 1649 979 1703 suumque
1029 1635 1153 1691 fecit
1205 1655 1444 1708 corpore,
1502 1645 1594 1697 sed
1641 1646 1694 1698 in

130 1720 381 1788 adOptivo
416 1713 614 1775 asseris
647 1723 954 1779 habitasse?
980 1725 1144 1782 Nosse
1170 1730 1347 1792 velim,
1391 1734 1482 1786 sed
1515 1750 1617 1787 non
1663 1750 1694 1787 a

131 1817 206 1869 te,
246 1809 374 1877 quid
410 1818 492 1862 est
535 1811 674 1878 quod
720 1812 866 1875 dicit,
918 1805 1019 1868 non
1063 1833 1153 1884 per
1203 1817 1529 1886 adoptionem
1581 1823 1691 1874 Iure

131 1895 275 1962 facta
307 1905 447 1956 sunt,
480 1903 533 1949 et
557 1899 861 1964 exprobrat,
891 1899 1043 1954 absit.
1076 1900 1152 1954 'I‘u
1181 1903 1314 1957 dicis
1339 1907 1477 1971 quod
1499 1921 1689 1961 secun-
1723 1898 1766 1955 Β

129 1987 258 2039 dum
279 1987 611 2042 divinitatem
634 1989 831 2066 dictum
853 1993 939 2052 sit,
968 2009 1068 2046 non
1090 2011 1180 2062 per
1203 1997 1525 2064 adoptionem
1549 2000 1691 2068 facta

129 2084 269 2124 sunt.
301 2074 440 2139 Quid
477 2077 685 2136 attinet,
713 2094 893 2145 qureso
917 2089 986 2141 te,
1011 2082 1077 2134 ad
1121 2082 1452 2138 divinitatem
1510 2089 1687 2152 Verbi,

129 2162 241 2212 Iure
262 2161 403 2227 facta
425 2171 544 2213 sunt
568 2163 593 2214 ?
613 2162 722 2217 Non
745 2166 898 2227 dixit,
920 2168 1014 2221 Itoc
1029 2168 1222 2235 factum
1248 2181 1342 2233 est,
1362 2183 1414 2224 ut
1434 2174 1497 2226 de
1512 2175 1694 2243 Nerbo

130 2246 332 2299 dictum
369 2257 550 2314 posset
573 2249 761 2304 videri.
799 2251 924 2306 "(rc
950 2269 1176 2322 namque
1203 2256 1342 2323 facta
1377 2270 1492 2312 sunt
1517 2261 1696 2328 plura-

132 2333 257 2386 liter
294 2337 727 2402 pronuntiantur.
763 2337 980 2393 Verbum
1005 2354 1181 2396 autem
1201 2345 1464 2414 singulare
1502 2357 1582 2402 est
1605 2365 1697 2404 vo-

128 2424 403 2476 cabulum.
420 2424 641 2478 Curnon
655 2436 807 2480 caute
831 2429 1277 2499 temperatiusquc
1320 2434 1549 2500 primum
1576 2450 1697 2503 pcr-

127 2513 320 2581 pendis
347 2513 473 2580 quid
519 2515 607 2576 sit,
640 2515 941 2582 rectiusque
965 2528 989 2555 ι
1023 2531 1148 2569 vera
1190 2519 1321 2571 dixit
1351 2523 1540 2574 verbi?
1587 2524 1696 2578 Cur

128 2615 236 2653 non
257 2603 516 2654 secretius
547 2611 717 2654 teequ
746 2607 987 2658 invocato
1007 2615 1189 2660 sancto
1213 2607 1444 2677 loqueris
1470 2610 1690 2679 Spiritu,

121 2697 181 2742 et
211 2689 291 2742 sic
311 2704 375 2742 ex
405 2689 544 2742 dono
571 2691 756 2757 gratim
797 2691 910 2759 ejus
939 2693 1007 2746 lin
1041 2695 1272 2762 publico,
1314 2699 1462 2765 quasi
1491 2700 1687 2765 soluto,

126 2785 255 2830 ante
287 2778 502 2845 quidem
525 2793 621 2845 per
645 2779 910 2832 silentium
935 2781 1093 2849 ligato
1118 2783 1375 2837 velamine
1397 2786 1588 2855 linguae
1609 2803 1696 2842 sa-

129 2863 287 2921 lubri.
309 2875 624 2932 conceptum
644 2866 869 2921 elTerens
888 2869 1047 2924 divini
1066 2873 1200 2926 roris
1215 2872 1474 2927 inlusione
1495 2890 1698 2929 sermo-

125 2965 248 3004 nem
269 2952 293 3002 ?
313 2952 394 3004 An
423 2953 610 3011 nescis,
644 2954 767 3022 quia
811 2968 967 3010 omne
993 2959 1449 3028 vasculum,,quod
1476 2971 1692 3032 operto-

127 3039 208 3090 rio
238 3051 392 3091 caret
417 3039 500 3091 vel
526 3039 767 3108 ligatura,
801 3043 1127 3098 immundum
1170 3051 1350 3115 procul
1383 3049 1544 3105 dubio
1583 3052 1691 3105 Do-

123 3126 256 3178 mini
274 3126 389 3193 lege
409 3126 656 3196 doeetur(
667 3127 825 3182 Num.
849 3133 1096 3202 xum-15)?
1118 3133 1229 3189 Non
1251 3137 1411 3205 igitur
1425 3141 1693 3210 peradOp-

126 3215 328 3267 tionem
360 3215 473 3268 lucc
511 3213 646 3269 facta
690 3227 827 3278 sunt,
857 3221 1107 3288 quoniam
1153 3236 1396 3280 cessante
1429 3229 1570 3280 omni
1603 3245 1692 3312 ne-
1720 3209 1766 3270 (ἶ

120 3303 377 3356 cessitate
399 3304 696 3370 adoptionis
715 3306 765 3358 in
793 3306 882 3359 Dei
909 3307 1064 3372 Filio,
1088 3325 1182 3378 per
1203 3324 1594 3368 sacramentum
1617 3303 1688 3370 in.

123 3389 332 3442 carnali
359 3390 668 3443 mediatoris
702 3391 837 3445 facta
877 3404 1002 3447 sunt
1038 3396 1246 3450 inlirma
1293 3410 1469 3454 nostra
1507 3403 1684 3469 fortia,

121 3475 260 3528 facta
280 3486 407 3528 sunt
424 3484 632 3529 terrena
649 3479 908 3543 cwlestia,
927 3484 1160 3537 carnalia
1179 3490 1501 3544 transierunt
1518 3493 1567 3545 in
1582 3497 1711 3562 spi-‘

124 3564 322 3617 ritalia.
343 3563 503 3616 Multa
517 3567 659 3618 enim
680 3568 747 3621 ab
767 3583 830 3622 eo
859 3562 1100 3638 superius
1127 3576 1514 3641 quodammodo
1552 3597 1688 3649 prie-

122 3657 282 3709 missa
319 3652 468 3720 Sunt,
494 3659 688 3724 quibus
716 3659 970 3726 su~jecit:
1004 3661 1132 3716 lituo
1167 3676 1336 3718 autem
1365 3669 1505 3735 facta
1541 3681 1681 3725 sunt.

123 3743 414 3813 Disputans
452 3747 680 3813 denique
704 3750 932 3814 qualiter
961 3751 1027 3803 ad
1073 3767 1130 3805 se
1159 3756 1379 3807 verbum
1418 3757 1687 3813 referebat

121 3835 380 3902 quidquid
417 3848 610 3900 corpus
640 3837 910 3904 proprium
956 3840 1099 3893 verbi
1140 3841 1426 3896 humanum
1460 3847 1511 3899 in
1547 3851 1685 3903 veri-

123 3930 230 3975 tate
253 3931 590 3990 assumptum
632 3919 977 3991 patiebatur:
1000 3929 1228 3996 qualiter
1253 3939 1306 3984 et
1345 3933 1684 3999 impassibilis

120 4014 261 4079 pati,
286 4005 343 4067 et
372 4013 687 4066 immortalis
727 4015 892 4078 mori,
920 4025 974 4069 ct
1001 4019 1337 4086 infatigabilis
1377 4019 1608 4091 fatigari,
1629 4033 1684 4079 et

121 4102 422 4172 insepultus
449 4103 620 4170 ρυιυίι
643 4104 698 4157 in
720 4120 939 4174 corpore
963 4121 1061 4160 suo
1084 4109 1330 4176 sepeliri,
1351 4120 1406 4164 et
1427 4113 1480 4165 in
1502 4113 1584 4166 his
1604 4113 1678 4167 sio

123 4190 284 4243 milia.
311 4190 526 4245 Etidw
570 4190 858 4246 subiufert:
909 4191 1031 4247 Non
1071 4212 1162 4264 per
1207 4197 1530 4266 adoptionem
1570 4200 1679 4252 Itan:

123 4275 254 4341 [acta
279 4286 428 4339 sunt,
460 4276 612 4329 absit.
639 4276 788 4331 Licet
807 4278 960 4332 aliter
981 4281 1036 4334 in
1061 4282 1256 4334 nostris
1276 4284 1550 4339 codicibus
1587 4301 1680 4340 ex-

122 4376 264 4419 arata
294 4366 511 4420 valeant
536 4369 901 4438 contemplari.
931 4369 1074 4426 Idem
1097 4372 1283 4440 ipsein
1317 4373 1516 4428 Libello
1555 4375 1677 4431 ﬁdei

121 4473 226 4513 sua:
247 4459 368 4525 (lib.
398 4456 497 4525 is).
518 4456 574 4510 in
603 4472 709 4525 quo
743 4458 1019 4514 alternatis
1061 4462 1278 4516 vocibus
1314 4465 1463 4532 quasi
1510 4463 1676 4520 dialo-

1797 663 1893 717 sit:
1930 673 1984 717 et
2006 674 2307 734 assumptus
2339 666 2500 719 homo
2537 674 2704 719 totum
2733 667 3041 735 accipiendo
3073 667 3211 736 quod
3255 667 3344 722 Dei

1796 760 1906 816 est,
1939 752 2078 806 aliud
2107 768 2264 821 quam
2294 754 2432 807 Deus
2454 764 2676 808 estesse
2713 753 2817 808 nea
2856 756 3085 824 potuit.»
3123 755 3178 809 Si
3219 771 3346 824 ergo

1769 839 1934 893 'Deus
1963 842 2178 894 verbum
2215 849 2388 895 totum
2409 844 2744 910 suscipiendo
2779 843 2916 912 quod
2957 844 3186 898 hominis
3229 853 3310 897 est
3332 885 3346 907 ,

1796 927 1954 981 homo
2005 937 2117 982 est:
2168 938 2225 982 et
2272 940 2573 999 assumptus
2617 933 2775 984 homo
2822 941 2989 984 totum
3046 932 3351 999 accipiendo

1794 1017 1936 1084 quod
1965 1017 2058 1071 Dei
2089 1025 2188 1080 est,
2213 1018 2353 1072 Deus
2387 1027 2468 1072 est
2496 1020 2604 1079 ubi,
2639 1034 2818 1087 quzeso
2862 1029 2934 1084 te,
2967 1019 3016 1072 in
3044 1019 3143 1072 hoc
3169 1034 3348 1074 sacra-

1795 1114 1974 1157 mento
2004 1109 2344 1175 nuneupativi
2388 1108 2508 1164 Dei.
2538 1108 2618 1160 vel
2643 1109 2872 1176 athptivi
2920 1109 3010 1162 lilii
3038 1107 3352 1162 vocabulum

1764 1188 1877 1258 .jus
1900 1193 1999 1246 sibi
2027 1194 2224 1248 valebit
2246 1197 2502 1266 privilegii
2544 1198 2847 1252 vindicare?

2259 1309 2412 1378 165
2447 1309 2673 1364 CAPUT
2712 1311 2874 1366 xxv.
2913 1346 2917 1349 ς

1796 1415 2094 1469 Doctrinam
2137 1416 2317 1486 Cyrilli
2365 1418 2703 1472 Alexandrini
2745 1423 3009 1488 perpendit
3054 1434 3101 1476 et
3148 1426 3350 1481 la'dat.

1861 1503 2091 1572 Cyrillus
2129 1505 2356 1574 denique
2399 1505 2633 1572 ejusdem
2673 1509 2814 1561 sedis
2850 1511 3127 1580 episcopus
3164 1516 3214 1567 in
3245 1519 3356 1585 cpi-

1793 1593 1926 1645 stola
1953 1593 2016 1644 ad
2043 1592 2346 1646 Nestorium
2382 1597 2541 1647 missa
2576 1596 2716 1649 inter
2740 1607 2928 1650 caztera
2966 1603 3042 1654 sic
3067 1605 3140 1655 ait
3160 1604 3349 1674 (Epist.

1794 1681 1846 1744 8,
1875 1682 1950 1736 uel
1973 1683 2155 1736 concil.
2192 1683 2379 1752 Epltes.
2408 1700 2524 1752 par.
2569 1703 2608 1749 ι,
2651 1702 2765 1756 cap.
2801 1689 2855 1755 8)
2889 1706 2900 1740 :
2945 1708 2963 1738 α
3001 1691 3180 1761 Neque
3209 1697 3352 1750 enim

1794 1779 1952 1826 natus
1980 1781 2062 1826 est
2087 1773 2246 1826 homo
2275 1776 2573 1828 communis
2596 1775 2663 1829 de
2696 1788 2874 1832 sancta
2903 1781 3123 1849 virgine,
3150 1793 3202 1836 et
3231 1795 3356 1842 tunc

1797 1859 2008 1912 demum
2036 1860 2350 1924 inhabitayit
2390 1861 2440 1915 in
2476 1878 2540 1916 eo
2566 1865 2826 1930 Verbum;
2857 1868 2948 1920 sed
2975 1869 3026 1924 in
3060 1871 3167 1939 ipsa
3201 1874 3353 1928 vulva

1795 1955 2050 2016 uteroque
2077 1949 2320 2016 virginali
2355 1965 2413 2004 se
2440 1967 2560 2005 cum
2597 1948 2758 2007 carne
2791 1953 3082 2021 co:junxit,
3114 1968 3166 2013 et
3197 1965 3357 2018 susii~

1794 2038 1909 2091 nuit
1942 2040 2337 2106 generationem
2374 2043 2663 2106 carnalem,
2695 2048 2842 2100 carni
2879 2063 2988 2102 sua:
3024 2051 3353 2105 nativitatem

1795 2143 1942 2181 suam
1972 2128 2170 2184 faciens
2199 2149 2210 2183 :
2249 2150 2266 2182 ι
2301 2139 2353 2184 et
2380 2141 2498 2200 post
2529 2148 2694 2201 pauca
2731 2153 2742 2187 :
2776 2155 2794 2186 ‹
2843 2137 2954 2191 Νοη
2990 2143 3113 2207 quia
3151 2141 3204 2194 in
3237 2157 3357 2195 cor-

1795 2219 2039 2288 ruptione
2080 2218 2381 2282 ceciderat,
2413 2222 2553 2288 quod
2591 2223 2758 2286 absit;
2803 2221 2893 2277 sed
2921 2227 3042 2293 quia
3082 2227 3196 2293 ejus
3233 2244 3354 2281 sur-

1795 2308 1932 2360 rexit
1966 2323 2158 2375 corpus
2189 2327 2202 2362 :
2229 2310 2299 2362 ita
2332 2311 2600 2365 Christum
2632 2330 2795 2368 unum
2829 2326 2881 2369 et
2917 2315 3195 2372 Dolninum
3224 2337 3353 2375 con-

1795 2394 2022 2457 fitemur,
2054 2411 2157 2449 non
2187 2403 2438 2464 tanquam
2479 2400 2745 2456 hominem
2782 2419 2902 2458 cum
2923 2406 3096 2462 Verbo
3128 2409 3353 2463 adoran-

1795 2493 1875 2537 tes
1906 2501 1919 2536 τ
1952 2487 2073 2552 quia
2103 2501 2206 2539 non
2235 2499 2318 2540 est
2339 2487 2687 2557 alienigenum
2713 2507 2741 2546 a
2762 2495 2936 2548 Verbo
2960 2511 3149 2566 corpus
3175 2516 3348 2569 suum,

1793 2586 1913 2624 cum
1940 2589 2044 2641 quo
2075 2575 2171 2641 ipsi
2197 2577 2357 2630 etiam
2383 2580 2590 2632 assedet
2610 2579 2772 2634 Patri.
2808 2602 2825 2634 ι
2863 2583 2940 2636 Tu
2967 2601 3092 2641 vero
3112 2605 3232 2644 cum
3260 2609 3356 2645 au-

1794 2667 1970 2714 tumas
2014 2661 2281 2717 Christum
2334 2681 2436 2719 non
2464 2683 2662 2723 .verum
2709 2672 2896 2738 Deum,
2929 2675 3020 2730 sed
3057 2679 3354 2747 subjectum

1796 2765 1922 2803 vero
1949 2751 2075 2814 Deo,
2101 2752 2233 2808 duos
2258 2771 2361 2809 non
2391 2773 2552 2811 unum
2577 2758 2844 2818 Christum
2873 2767 3202 2825 divisrhilitcr
3231 2790 3352 2828 con-

1787 2837 1991 2905 jcctare
2021 2842 2233 2897 videris.
2272 2844 2463 2900 Beatus
2490 2846 2717 2916 Cyrillus
2759 2855 2900 2906 tertii
2933 2860 3141 2914 concilii
3167 2871 3354 2918 auctor

1796 2931 2194 2997 non'homincm
2223 2941 2275 2986 et
2299 2935 2528 2990 Verbum
2557 2939 2689 2994 duos
2720 2940 2975 3009 Christus,
3009 2947 3232 3004 alterum
3259 2967 3353 3008 su-

1794 3017 2032 3082 blimem,
2058 3019 2280 3073 alterum
2306 3025 2608 3091 subditum;
2650 3030 2741 3082 sed
2781 3031 2944 3085 Deum
2987 3045 3040 3088 et
3086 3037 3350 3096 hominem

1793 3121 1957 3160 unum
1981 3109 2332 3180 cumdemque
2360 3112 2635 3169 confessus
2663 3126 2742 3170 est
2767 3119 3056 3174 Christum.

2349 3222 2571 3279 cxrur
2608 3211 2790 3280 xxvi.

2205 3289 2389 3345 Leonis
2425 3311 2573 3362 popte
2618 3299 2929 3352 testimonia.

1856 3375 1964 3431 Leo
2004 3377 2165 3445 igitur
2205 3381 2523 3435 venerabilis
2570 3398 2724 3450 papa,
2763 3388 3178 3461 orthodoxmque
3226 3398 3345 3453 fidei

1787 3465 2046 3520 mirabilis
2087 3466 2424 3538 suffragator,
2474 3472 2528 3523 in
2571 3480 2712 3528 tomo
2758 3491 2884 3529 sane
2929 3479 3085 3547 pleno
3126 3485 3347 3542 sincera:

1786 3553 1907 3609 fidei
1934 3558 2177 3622 veritate,
2216 3574 2372 3628 quem
2413 3562 2478 3615 ad
2522 3562 2812 3619 liam-Lamum
2857 3568 3341 3644 Constantinopoli-

1785 3651 1923 3697 tanae
1957 3646 2102 3698 urbis
2135 3647 2438 3717 episcopum
2469 3651 2535 3704 ob
2561 3651 2900 3721 Eutychianm
2927 3659 3160 3724 perfidiae
3185 3665 3344 3721 desti-

1783 3735 1946 3795 navit,
1974 3735 2112 3789 inter
2137 3746 2326 3790 cmtera
2355 3750 2407 3791 et
2429 3748 2546 3808 post
2575 3742 2739 3796 multa
2764 3745 2886 3811 quia
2918 3746 3160 3805 Christus
3187 3751 3341 3810 Iesus

1783 3825 1834 3878 in
1861 3839 1984 3877 vera
2013 3825 2239 3880 hominis
2261 3835 2469 3890 natura,
2496 3844 2599 3883 non
2635 3837 3039 3900 nuncupativus,
3065 3842 3156 3894 sed
3183 3857 3341 3899 verus
3375 3885 3384 3894 .

1781 3906 2060 3978 sitDens,
2105 3925 2388 3971 exsecutus
2431 3927 2511 3972 est
2546 3919 2616 3972 ita
2659 3919 2860 3988 (Epist.
2908 3924 2973 3976 10
3000 3928 3069 3978 ad
3111 3927 3336 3984 llarian.

1779 4017 1896 4070 cap.
1925 4003 1978 4073 5)
2011 4019 2024 4054 :
2062 4021 2081 4053 ι
2115 4003 2172 4056 lo
2199 4006 2438 4074 integra,
2480 4007 2756 4075 inquiens,
2797 4013 2906 4065 veri
2952 4014 3182 4071 hominis
3223 4034 3340 4087 per-

1778 4090 2023 4160 fectaque
2056 4101 2243 4146 natura
2276 4108 2434 4147 verus
2464 4106 2622 4149 natus
2645 4105 2727 4150 est
2758 4099 2917 4162 Deus,
2955 4110 3096 4158 lotus
3122 4106 3174 4160 in
3206 4108 3337 4173 suis,

1780 4190 1920 4235 totus
1954 4183 2005 4236 in
2039 4183 2251 4237 nostris.
2296 4202 2314 4234 ι
2353 4182 2502 4238 Licet
2543 4195 2596 4238 tu
2643 4187 2789 4242 illum
2833 4189 2968 4244 falso
3012 4193 3064 4246 in
3108 4198 3337 4263 quadam

1777 4261 2090 4339 astipu'lasse
2129 4273 2351 4340 epistola
2393 4290 2637 4339 asseras,
2667 4277 3000 4346 adoptionem
3040 4282 3093 4337 in
3121 4261 3330 4356 capite,

1776 4363 1877 4416 hoc
1900 4369 1981 4417 est
2007 4363 2060 4416 in
2085 4361 2300 4418 Christo
2321 4366 2677 4436 praecessisse.
2709 4366 2856 4432 Quod
2891 4371 3103 4439 quidem
3131 4374 3200 4427 ita
3229 4391 3333 4430 nou

1775 4465 1895 4505 esse
1935 4453 2212 4522 perspicue
2248 4465 2313 4505 ex
2355 4453 2468 4521 ipsa
2508 4455 2788 4510 verborum
2828 4461 3157 4517 connexione
3193 4464 3335 4522 ultro

123 4547 231 4614 gioe
253 4555 446 4603 contra
477 4547 755 4621 hereticos
793 4549 1087 4618 disputans,
1107 4552 1250 4606 inter
1271 4525 1460 4609 caetera
1487 4561 1540 4608 et
1557 4565 1680 4624 post
1706 4525 2018 4621 Qcitroque
2042 4541 2214 4595 eidem
2241 4541 2475 4608 subjecta
2511 4543 2741 4610 capitulo
2766 4545 2930 4599 videri
2965 4562 3068 4602 non
3093 4551 3331 4623 ambigeb
3422 4541 3424 4544 ’

123 4634 278 4690 multa
304 4637 383 4689 ita
413 4634 704 4702 subinfert:
736 4636 1076 4693 «lucarnatus
1111 4650 1224 4703 est,
1246 4641 1446 4710 inquit,
1479 4641 1678 4711 Unige-

123 4723 257 4778 nitus
281 4731 496 4779 secreto
516 4723 608 4778 illo
633 4725 906 4793 mysterio,
928 4727 1070 4794 quod
1095 4729 1205 4796 ipse
1230 4731 1395 4783 novit.
1426 4731 1674 4787 Nostrum

123 4828 342 4883 uanique
367 4821 459 4869 est
485 4816 729 4876 credere,
762 4813 902 4869 illius
929 4830 1106 4871 nosse.
1156 4815 1234 4872 Ac
1267 4818 1345 4872 sic
1381 4819 1491 4887 ipse
1535 4821 1675 4875 Deus

123 4943 216 4997 col.
247 4945 381 4998 ηπ
401 4953 460 4997 et
488 4943 620 5019 “"75
644 4945 750 4997 ait:
785 4945 905 5000 «Sic
929 4949 1062 5019 ρέσςς
1098 4949 1162 5019 de
1213 4963 1292 5019 re
1319 4965 1436 5019 qua:
1463 4960 1669 5019 natura

124 5025 224 5088 sua
246 5029 350 5088 non
376 5023 484 5075 est,
511 5012 719 5088 dicitur,
750 5028 870 5066 eum
899 5015 979 5088 ab_
1001 5015 1245 5088 Appiano
1273 5012 1430 5083 (teste
1454 5018 1668 5088 Budzeo)

123 5083 372 5151 accipitur
397 5095 498 5151 pro
525 5082 741 5151 νξοοισία
765 5099 779 5145 ;
811 5096 932 5135 nam
959 5082 1124 5138 θέσθάι
1150 5082 1312 5145 vique,
1344 5094 1400 5138 et
1426 5082 1666 5142 υἵοθιτιῐῦ

122 5146 332 5223 είυείεει
356 5146 448 5204 cui
473 5150 1028 5223 nullos_uatura_dedit_
1050 5151 1274 5214 liberos,
1302 5154 1393 5207 sed
1422 5156 1511 5223 qui
1540 5155 1667 5210 alie-

124 5228 223 5291 gos
237 5219 288 5270 in
316 5232 472 5291 suam
510 5215 798 5291 ΐέιιιιὶιξειιηΔ
811 5219 1057 5291 adsciscit
1078 5227 1133 5291 et
1159 5215 1525 5291 adoptatJ'Et
1553 5223 1664 5291 ipse

122 5280 340 5358 Dudum
385 5286 442 5358 in
474 5286 718 5358 βοτηε-ιι.
761 5283 824 5339 G.
876 5287 976 5339 col.
1029 5288 1141 5358 27407
1179 5280 1521 5345 θέσδκιπαῖδα
1564 5280 1662 5358 pro

123 5351 356 5427 adoptare
386 5353 582 5427 habet.
613 5353 820 5427 Verum
835 5362 1026 5427 textus
1060 5357 1331 5427 Athanasii
1380 5373 1482 5412 non
1528 5351 1663 5427 pra.¥

123 5419 223 5494 eise
245 5423 308 5494 de
335 5422 621 5490 adeptione
651 5421 765 5494 lj‘ih'i
796 5424 882 5477 Dei
900 5423 1098 5494 Christi
1123 5422 1261 5494 (Jesu
1291 5419 1544 5494 loquitur,
1567 5428 1658 5481 sed

122 5485 181 5562 tle
207 5492 428 5562 veritate
439 5485 698 5562 corporis
717 5489 848 5556 ejus.
869 5561 875 5562 ί
899 5492 960 5544 Et
989 5492 1159 5562 pergit
1183 5485 1406 5562 probare
1448 5511 1514 5548 ex
1533 5485 1661 5548 ver-

124 5551 198 5629 Itis
212 5558 381 5629 ipsius
410 5551 620 5612 Domini
650 5559 716 5611 in.
741 5551 1005 5628 passione'
1024 5551 1259 5629 prolaiis.
1295 5561 1431 5627 Quid
1457 5579 1535 5614 me
1560 5579 1659 5615 etr-

120 5621 311 5696 gtisi'et
335 5645 399 5680 ex
428 5631 493 5682 iis
534 5642 653 5695 qua!
679 5621 812 5681 dixit
861 5639 978 5696 post
1024 5621 1461 5684 resurrectionem
1511 5633 1660 5684 exiti-

122 5685 281 5768 heado
304 5685 580 5764 discipulis
623 5685 874 5768 vulnera;
889 5695 1092 5768 palpate
1111 5709 1158 5749 et
1179 5700 1359 5768 ridete,
1384 5713 1501 5766 qua:
1524 5714 1657 5768 pne-

121 5761 302 5814 Wunt
325 5773 382 5818 et
403 5761 707 5832 sequuntur
752 5761 911 5818 verba
953 5761 1111 5819 allata
1142 5781 1171 5818 a
1198 5761 1434 5830 Paulino,
1464 5761 1655 5834 corpus

1777 4636 1881 4684 tur.
1913 4629 2053 4684 Idem
2081 4631 2192 4698 ipse
2222 4630 2273 4683 in
2311 4630 2624 4698 quibusdam
2649 4631 2992 4701 synodalibus
3023 4636 3212 4694 litteris
3233 4640 3332 4696 Po-

1779 4719 1845 4771 tri
1881 4718 2038 4771 tidem
2063 4729 2350 4786 exponens,
2377 4720 2456 4774 sic
2489 4720 2564 4774 ait
2597 4721 2784 4791 (Epist.
2817 4722 2880 4776 15
2916 4726 2986 4777 ad
3026 4725 3214 4794 Ephes.
3243 4749 3330 4802 sy-

1777 4807 1898 4862 nod.
1929 4807 1990 4878 ιι)
2023 4825 2035 4859 :
2071 4824 2090 4856 ς
2127 4806 2206 4861 Tu
2231 4823 2316 4872 es,
2341 4808 2541 4876 inquit,
2577 4808 2818 4864 Christus
2862 4810 3028 4868 Filius
3071 4815 3164 4873 Dei
3199 4820 3325 4875 vivi.

1775 4940 1970 4995 Christi
1991 4939 2113 4993 Jesu
2146 4953 2250 4991 non
2297 4937 2458 4992 fuisse
2505 4939 2916 5008 phantasticum,
2965 4946 3056 4998 sed
3102 4947 3242 5001 reale
3271 4959 3326 5003 ct

1773 5025 1980 5063 verum.
2007 5009 2175 5080 Igitur
2213 5010 2349 5067 θέσις
2380 5009 2604 5080 hic_non
2631 5012 2844 5080 proprie
2877 5010 3203 5080 adoptionem
3225 5017 3325 5072 im-

1772 5086 1968 5146 portat.
1995 5076 2277 5146 Céeterum,
2303 5091 2425 5130 cum
2455 5076 2599 5146 Felix
2630 5076 2870 5132 hoc’loeo
2894 5076 3164 5136 Athanasii
3192 5085 3320 5139 abu—

1773 5144 1996 5224 teretur,
2027 5154 2086 5224 ut
2112 5144 2361 5224 Paulinus
2386 5145 2632 5224 ostendit.
2664 5160 2766 5199 non
2794 5148 2933 5224 male
2949 5153 3188 5224 procedit
3209 5155 3320 5224 ipse

1770 5215 2019 5268 Paulinus
2047 5214 2322 5268 lectionem
2342 5213 2639 5283 adoptionis
2669 5213 2988 5283 usurpando,
3013 5227 3066 5272 et
3095 5223 3206 5275 suis
3226 5213 3318 5276 ἰθ-

1768 5284 2058 5359 lis_hostem
2089 5281 2404 5359 impetendo.
2433 5281 2875 5359 insupeenon‘in
2905 5300 3130 5359 corpore
3156 5291 3314 5359 adop-

1764 5353 1885 5413 tati,
1917 5353 2005 5405 sed
2031 5351 2142 5402 veri
2165 5348 2255 5401 lilii
2289 5348 2575 5420 hieerl’acta'
2601 5348 3015 5420 fuissetoptime'
3048 5353 3210 5409 infv-rt
3252 5348 3318 5414 ἐς

1762 5420 2052 5474 Athanasio
2100 5420 2150 5470 in
2200 5418 2413 5487 capituli
2457 5433 2735 5486 progressu
2783 5418 3049 5474 Paulinus.
3105 5424 3322 5482 Viderat

1764 5498 1940 5542 tamen
1971 5489 2080 5557 ipse
2107 5488 2398 5557 variantem
2425 5498 2478 5557 et
2523 5487 2784 5552 geminam
2830 5489 3104 5544 lectionem
3150 5493 3317 5547 Atha-

1763 5559 1918 5618 nasii,
1949 5555 2069 5610 cum
2099 5557 2198 5608 ait:
2232 5555 2366 5606 Licet
2395 5556 2543 5605 aliter
2569 5556 2621 5606 in
2671 5557 2856 5608 nostris
2902 5560 3159 5613 codicibus
3191 5579 3318 5615 exa-

1763 5637 1875 5678 rata
1909 5625 2105 5677 ualeant
2143 5622 2493 5688 contemplari.

1829 5707 1852 5732 ι
1883 5694 2344 5764 liectiusqzte,_ve_ra
2371 5690 2502 5744 dixit
2548 5693 2700 5745 verbi.
2737 5693 2830 5764 llic
2877 5691 3075 5764 aliquid
3123 5697 3315 5756 ncesse

1758 5764 1982 5817 videtur.
2018 5759 2152 5825 Quid
2187 5760 2321 5812 desit
2353 5771 2529 5813 autem
2560 5775 2662 5813 non
2691 5770 2772 5814 est
2799 5759 3244 5819 facika'divinare.
