3926 6430
534 451 635 506 ιθδ

1448 444 1500 500 8.
1543 418 1810 499 rant.th
1850 440 2320 509 AQllll.ElE.\'SlS
2353 441 2813 498 manuum
2846 472 2849 475 λ

3710 134 3869 159 --η

3640 446 3736 501 ιει

529 563 644 617 lloc
667 570 768 624 est,
792 560 883 621 ait,
911 567 964 612 ιιι
988 559 1080 628 qui
1100 573 1222 613 vere
1247 574 1306 613 es
1329 557 1492 612 Filius
1521 558 1770 620 hominis,
1795 556 1933 609 idem
1956 570 2082 609 vere
2107 558 2156 616 Δ
2186 551 2266 608 te'r
2290 553 2433 609 fecit.
2463 555 2567 609 Sed
2598 554 2889 625 ﬁguraliter
2916 555 2980 610 de
3006 554 3190 611 electis
3209 555 3323 625 ejus
3351 558 3521 628 accipi
3551 567 3737 630 potest,

530 667 589 707 es
617 650 783 706 Filius
804 649 899 704 Dei
918 649 1041 702 vivi.
1069 648 1167 712 Tu,
1197 648 1433 717 inquam,
1466 662 1624 700 verus
1655 647 1709 700 in
1734 646 1959 707 Deitate,
1990 659 2082 698 vc-

530 758 622 797 rus
646 743 698 796 in
732 756 914 805 easne,
948 749 1002 793 et
1042 739 1188 794 salva
1224 739 1448 808 gemina:
1474 737 1813 807 proprietate
1858 743 2082 798 naturai,

477 885 481 890 ,
529 834 775 901 utrinque
802 846 957 887 unus.
1002 850 1020 882 ι
1056 830 1198 885 ldem
1230 831 1283 885 in
1322 830 1558 894 homilia,
1601 843 1721 898 quae
1752 824 2091 896 nuncupatur

527 925 593 978 de
614 923 823 978 Domini
856 921 1032 985 natale
1059 920 1253 991 (serm.
1289 922 1341 984 5,
1368 935 1484 989 cap.
1518 919 1582 990 9.)
1614 937 1626 972 :
1663 937 1681 970 ι
1712 917 1962 982 Proinde,
1987 916 2081 980 ait,

526 1014 613 1081 qui
635 1014 688 1068 in
710 1011 879 1068 forma
902 1011 996 1066 Dei
1017 1011 1144 1066 fecit
1166 1012 1454 1075 hominem,
1477 1011 1533 1065 in
1557 1009 1726 1064 forma
1749 1010 1887 1064 servi
1910 1008 2109 1071 factus,

523 1112 605 1159 est
628 1107 804 1159 homo.
833 1104 940 1159 Sed
966 1111 1252 1170 utrumque
1280 1102 1419 1156 Deus
1448 1101 1513 1156 de
1534 1102 1766 1170 potentia
1793 1099 2085 1169 sitseipien-

522 1195 612 1258 tis,
638 1199 923 1264 utrumque
942 1195 1105 1247 homo
1127 1192 1193 1246 de
1211 1192 1510 1246 humilitate
1533 1192 1784 1260 suscepti.
1817 1211 1835 1244 ι
1866 1190 1933 1244 Ει
1952 1205 2083 1258 quo—

520 1287 665 1342 niam
705 1302 811 1341 non
844 1287 914 1340 sit
960 1284 1093 1339 alter
1134 1284 1402 1338 habitator
1441 1290 1493 1337 ct
1528 1282 1660 1338 alter
1698 1280 2080 1345 habitaculum,

520 1378 661 1431 sicut
686 1385 762 1440 tu,
799 1390 921 1431 cum
960 1388 1023 1428 ex
1064 1373 1295 1443 propriis
1336 1365 1589 1440 loqueris,
1634 1371 1829 1426 asseris
1868 1370 2084 1425 menda-

519 1466 678 1526 cium,
712 1472 1058 1531 sanctumque
1083 1464 1338 1516 mentitus
1365 1477 1425 1517 es
1448 1461 1703 1532 Cyrillum
1731 1460 1990 1525 docuisse,
2027 1459 2081 1513 in

518 1552 951 1633 eademhomilia
978 1553 1050 1606 ita
1083 1550 1342 1633 profatur,
1382 1551 1565 1606 dicens
1592 1551 1738 1622 (cap.
1785 1550 1836 1620 l)
1868 1566 1879 1602 :
1916 1566 1934 1599 ι
1972 1548 2081 1603 Nec

518 1642 598 1697 sic
620 1626 865 1697 creatura
890 1642 943 1695 in
966 1626 1277 1696 societatem
1301 1641 1383 1693 sui
1404 1641 1662 1695 creatoris
1685 1647 1956 1710 assumpta
1975 1647 2078 1703 est,

515 1741 577 1788 ut
599 1733 687 1788 ille
710 1734 999 1798 habitator,
1028 1740 1084 1788 et
1110 1732 1200 1786 illa
1225 1738 1367 1786 esset
1392 1730 1773 1797 habitaculum,
1800 1730 1893 1784 sed
1922 1729 1997 1783 ita
2024 1737 2082 1783 ut

516 1832 720 1878 naturze
749 1823 903 1878 alteri
940 1822 1107 1876 altera
1134 1822 1466 1876 misceretur.
1501 1820 1568 1873 Et
1604 1819 1847 1889 quamvis
1877 1819 1980 1873 alia
2010 1820 2080 1874 sit

513 1928 631 1981 quae
660 1913 965 1981 suscipitur,
994 1911 1098 1965 alia
1135 1920 1253 1980 quae
1293 1910 1543 1980 suscipit;
1584 1910 1637 1964 in
1667 1916 1867 1964 tantam
1897 1916 2075 1965 tamen

512 2004 771 2057 unitatem
824 2003 1073 2057 convenit
1125 2003 1403 2073 utriusque
1454 2001 1770 2068 diversitas,
1825 2008 1885 2055 ut
1937 2017 2075 2057 unus

512 2093 758 2161 idemque
787 2093 856 2147 sit
883 2092 1070 2147 Filius.
1108 2113 1127 2145 ι
2034 2104 2039 2107 ·

1057 2182 1283 2239 CAPUT
1321 2184 1530 2241 XXVII.
1546 2176 1549 2177 ν

644 2271 781 2326 Fuso
808 2274 1131 2342 prosequitur
1158 2272 1394 2343 Gregorii
1422 2291 1568 2344 papa:
1594 2276 1944 2328 auctoritatis.

461 2375 474 2387 ’
506 2407 511 2411 '
579 2390 838 2444 Mellilluze
865 2388 1249 2444 recordationis
1269 2389 1459 2442 beatus
1482 2403 1618 2457 papa
1645 2387 1963 2457 Gregorius,
1980 2401 2075 2442 ore

509 2480 832 2539 dulcisonus,
871 2478 1188 2548 eloquentia:
1223 2484 1497 2532 venustate
1531 2478 1848 2547 praecipuus,
1884 2477 2074 2532 verbo-

509 2583 628 2622 rum
658 2565 961 2636 frugalitate
992 2565 1352 2630 clarissimus,
1393 2565 1691 2620 sanctitatis
1733 2565 1926 2635 insigni
1954 2579 2074 2632 gra-

511 2657 780 2721 tissimus,
831 2655 949 2710 fidei
997 2655 1227 2723 puritate
1277 2653 1650 2722 pncfulgidus,
1711 2654 1765 2707 in
1814 2652 2072 2707 latissima

506 2747 760 2802 nimirum
788 2745 1002 2800 famosa:
1026 2742 1273 2799 lectionis
1301 2745 1439 2798 serie
1476 2744 1601 2797 licet
1636 2743 1866 2811 sparsim
1896 2742 2075 2796 Domi-

511 2853 658 2899 num,
710 2844 886 2890 tamen
933 2832 1115 2888 Jesum
1153 2831 1425 2886 Christum
1469 2838 1522 2885 et
1561 2843 1743 2885 verum
1789 2830 1976 2890 Deum,
2022 2837 2076 2883 et

505 2940 694 2979 verum
722 2923 1071 2991 eumdemque
1111 2922 1205 2976 Dei
1251 2921 1462 2984 Filium,
1507 2928 1716 2975 cassato
1741 2920 1887 2974 oumi
1916 2921 1984 2973 ab
2010 2935 2074 2974 eo

508 3013 921 3083 nnncupationis
956 3019 1115 3081 atque
1144 3012 1441 3080 adoptionis
1469 3010 1755 3081 przcconio,
1786 3026 1915 3065 voce
1943 3026 2070 3063 ron-

507 3103 680 3158 fessus
722 3112 804 3158 est
848 3103 1138 3173 apostolica
1186 3102 1413 3173 (Merui.
1452 3103 1545 3156 lib.
1575 3118 1649 3167 tv,
1692 3118 1739 3157 c.
1773 3103 1857 3166 ll,
1889 3119 1941 3155 ιι.
1981 3102 2068 3167 18;

509 3193 599 3250 lib.
630 3209 792 3288 xxxv,
818 3209 866 3247 c.
900 3193 983 3254 ll,
1094 3193 1189 3257 9.4;
1223 3200 1275 3245 et
1301 3193 1362 3288 in.
1383 3192 1575 3262 Expos.
1604 3191 1789 3288 psolm.
1821 3208 1871 3254 v,
1993 3192 2064 3288 ἑξ.
2098 3227 2143 3288 C

508 3284 613 3338 Sed
634 3292 689 3336 et
716 3282 857 3335 illius
886 3289 939 3334 tu
969 3281 1117 3353 nisus
1139 3296 1199 3334 es
1226 3280 1424 3334 vomitu
1452 3280 1682 3334 vesaniae
1708 3288 1809 3334 huc
1836 3280 2070 3350 pulchri—

506 3374 707 3427 tudinis
749 3373 949 3427 fuadare
983 3373 1258 3434 decorem,
1291 3370 1529 3424 referens
1562 3386 1683 3426 eum
1716 3369 1986 3433 Christum
2015 3382 2070 3425 et

506 3450 800 3517 Ecclesiam
847 3462 1088 3515 docuisse
1134 3476 1293 3513 unam
1336 3474 1640 3529 personam.
1672 3460 1781 3514 lloc
1810 3461 1949 3513 enim
1988 3469 2070 3515 est

504 3568 713 3617 verum,
739 3552 860 3620 quia
884 3567 1034 3616 suum
1060 3560 1169 3614 est;
1196 3548 1289 3604 sed
1311 3565 1415 3604 non
1444 3550 1734 3605 secundum
1765 3559 1908 3604 tuum
1937 3566 2071 3618 prte—

506 3643 727 3703 libatum
757 3650 839 3697 est
880 3657 1114 3697 sensum.
1148 3640 1444 3707 Tuitamen
1482 3640 1609 3695 alibi
1654 3639 1890 3708 adjecisti
1927 3641 2069 3709 quod

507 3742 657 3787 tuum
704 3741 818 3794 est,
873 3740 920 3784 ct
966 3747 1097 3783 unus
1143 3731 1292 3782 homo
1329 3745 1494 3783 imave
1540 3746 1690 3794 cura,
1739 3730 2069 3801 Paulumque

505 3822 704 3876 astrdis
736 3820 1006 3874 Christum
1032 3826 1087 3872 et
1127 3818 1419 3873 Ecclesium
1450 3835 1612 3873 unum
1643 3820 1910 3875 hominem
1935 3812 2070 3891 pra:-

510 3912 715 3965 dieasse
745 3899 956 3979 (Epeos.
981 3924 1032 3972 v,
1057 3906 1257 3976 23-32).
1290 3906 1367 3959 Ex
1394 3922 1500 3976 quo
1530 3908 1726 3962 videris
1752 3910 2071 3978 abrumpere

505 4005 778 4058 Christum
809 4002 929 4057 addi
957 4002 1313 4056 essentialiter
1339 4016 1639 4069 personam,
1670 4002 1716 4055 si
1744 4001 1988 4056 Christus
2018 4008 2071 4052 et

506 4096 740 4152 Ecclesia
769 4111 905 4150 unus
926 4102 1007 4149 est
1038 4096 1216 4159 homo,
1249 4109 1419 4148 unave
1450 4094 1703 4147 nimirum
1741 4110 1884 4146 caro.
1918 4091 2072 4146 Tole—

507 4188 727 4242 rabilius
753 4187 949 4256 quippe
982 4184 1231 4241 ferendus
1260 4199 1399 4243 eras.
1432 4185 1477 4239 si
1510 4184 1896 4255 significantius
1921 4184 2071 4237 addi—

505 4279 694 4342 disses,
743 4286 789 4330 et
832 4278 980 4346 quasi
1026 4291 1159 4328 unus
1204 4277 1374 4337 homo,
1425 4283 1643 4343 propter
1684 4266 1850 4328 unius
1880 4275 2070 4342 capitis

505 4368 791 4421 multorum
829 4365 1194 4420 diversitatem
1246 4364 1625 4417 membrorum.
1671 4361 1784 4417 Non
1821 4378 1949 4432 ergo
1989 4370 2071 4421 est

505 4458 750 4513 Christus
777 4465 830 4511 et
857 4456 1093 4512 Ecclesia
1113 4470 1251 4509 unus
1274 4455 1453 4519 homo,
1481 4469 1651 4509 unave
1664 4454 1815 4521 juxta
1838 4464 1889 4509 te
1919 4470 2067 4519 caro,

2183 643 2267 699 vel
2293 653 2512 715 propter
2540 655 2824 715 utrumque
2843 660 3050 711 sexum,
3077 648 3158 701 vel
3183 659 3328 704 certe
3348 649 3500 718 juxta
3530 654 3747 708 merito-

2185 750 2303 790 rum
2328 736 2709 802 diversitatem,
2728 746 2993 807 quatenus
3017 738 3105 792 alii
3128 741 3304 795 carnis
3325 741 3394 797 ob
3419 741 3742 799 infirmitatis

2182 827 2460 883 mollitiem
2493 843 2784 899 aevumque
2812 830 3152 895 leneiiorcm,
3169 830 3277 885 'alii
3300 846 3431 886 vero
3456 833 3599 889 ossis
3623 848 3744 903 pro-

2180 924 2301 986 pter
2326 916 2656 972 fortitudinis
2677 919 2918 974 rohorcm
2944 935 3048 974 non
3078 920 3512 977 inconvenienter
3531 925 3742 979 nomine

2181 1008 2356 1062 valeat
2392 1008 2708 1077 nuncupari.
2750 1010 2825 1064 Dc
2871 1011 3064 1083 quibus
3101 1011 3284 1080 utique
3318 1012 3744 1070 Ecclesiavoce

2180 1112 2277 1167 per
2321 1098 2659 1154 Psalmistam
2694 1096 2891 1153 dicitur
2931 1116 2943 1152 :
2991 1098 3355 1169 Imperfectum
3395 1116 3566 1155 nteant
3610 1101 3746 1155 vide-

2161 1197 2301 1241 .runt
2330 1188 2467 1242 oculi
2501 1189 2598 1253 tui,
2621 1197 2669 1241 et
2699 1188 2752 1240 in
2773 1187 2903 1241 libro
2929 1196 3018 1240 tuo
3047 1203 3219 1241 omnes
3255 1189 3548 1242 scribentur
3573 1188 3742 1260 (Psal.

2181 1296 2439 1345 cxxxvut,
2473 1280 2580 1352 16).
2610 1280 2677 1334 Ει
2702 1296 2931 1343 rursum,
2972 1281 3228 1334 benediav‘t
3257 1282 3495 1335 omnibus
3522 1282 3746 1335 timenti-

2181 1373 2274 1425 bus
2301 1388 2355 1426 se
2391 1374 2660 1434 Dominus,
2690 1370 2892 1440 pusillis
2923 1388 3039 1425 cum
3074 1374 3361 1442 majoribus
3389 1372 3563 1442 (Psal.
3594 1390 3743 1439 cxm,

2182 1460 2293 1524 l5).
2325 1460 2564 1528 Denique
2592 1459 2730 1541 idem
2770 1459 3029 1514 mirabilis
3068 1461 3253 1515 doctor
3287 1461 3339 1515 in
3367 1462 3546 1530 primo
3568 1462 3745 1517 Mora-

2180 1550 2309 1604 lium
2338 1550 2596 1603 librorum
2626 1550 2893 1604 volumine
2918 1551 3041 1618 quia
3070 1550 3316 1606 Christus
3337 1549 3494 1606 Iesus
3520 1566 3626 1606 non
3653 1568 3749 1621 per

2180 1638 2517 1706 adoptionem
2556 1638 2732 1692 collati
2773 1639 3124 1709 pra-rogativi,
3165 1638 3257 1693 sed
3299 1640 3353 1693 in
3397 1641 3625 1695 veritate
3652 1642 3747 1696 Dei

2180 1730 2250 1782 sit
2270 1729 2457 1793 Filius,
2478 1729 2620 1783 inter
2645 1738 2836 1784 caetera
2860 1729 3035 1801 fassus
3054 1738 3135 1783 est
3156 1730 3228 1785 ita
3252 1730 3401 1799 (Cap.
3431 1732 3516 1795 l8,
3538 1748 3595 1785 n.
3612 1732 3701 1803 26)
3729 1750 3743 1785 :

2188 1836 2206 1868 ι
2244 1816 2459 1882 Omnes,
2490 1818 2675 1887 inquit,
2700 1820 2791 1887 qui
2820 1819 2873 1872 in
2898 1818 3002 1872 fide
3026 1819 3136 1873 Deo
3160 1829 3475 1886 nascuntur,
3497 1834 3742 1892 superat;

2108 1898 2153 1958 Β
2178 1912 2434 1983 quianon
2466 1920 2524 1965 ut
2551 1920 2773 1966 cancros
2810 1912 3050 1981 adaptio,
3076 1913 3168 1966 sed
3196 1921 3387 1967 mtura
3428 1914 3579 1974 illum
3615 1916 3749 1969 divi-

2176 2002 2359 2056 nitatis
2395 2001 2613 2056 exaltat.
2651 2022 2669 2054 ι
2704 2002 2893 2056 En'vir
2918 2010 3135 2057 sanctus
3169 2002 3271 2057 fide
3317 2011 3487 2067 recta,
3529 2004 3746 2075 Deoque

2174 2077 2384 2160 plenus,
2409 2090 2680 2146 hominem
2707 2106 2937 2161 namque
2961 2091 3230 2146 Christum
3252 2093 3317 2148 de
3341 2094 3549 2164 virgine
3576 2094 3741 2149 Deum

2174 2181 2549 2251 hominemque
2579 2191 2783 2246 natum,
2816 2194 2921 2236 non
2950 2192 3008 2237 ut
3036 2192 3255 2239 caeteros
3275 2200 3547 2255 purosque
3572 2189 3746 2243 homi-

2176 2288 2272 2328 nes
2297 2273 2366 2327 ob
2393 2272 2610 2326 indulta:
2644 2272 2946 2341 adoptionis
2968 2273 3300 2341 donativum,
3334 2278 3429 2331 sed
3457 2292 3557 2345 per
3592 2289 3750 2332 natu-

2176 2379 2293 2418 ram
2322 2363 2469 2418 illum
2500 2363 2796 2419 divinitatis
2834 2364 2885 2417 in
2916 2365 3008 2418 Dei
3044 2364 3237 2419 Filium
3279 2377 3578 2436 pneinonet
3603 2371 3748 2424 exal—

2175 2463 2365 2508 tatum.
2416 2452 2493 2507 Tu
2538 2454 2751 2522 quidem
2799 2452 3003 2508 moliris
3042 2454 3281 2511 dividere
3319 2457 3374 2510 in
3408 2458 3545 2513 duas
3582 2475 3747 2514 unum

2174 2543 2441 2599 Clnistum
2470 2558 2746 2613 personas,
2778 2552 2837 2596 ut
2863 2543 2955 2613 qui
3000 2553 3156 2599 natus
3192 2553 3276 2599 est
3313 2561 3376 2600 ex
3420 2548 3645 2617 virgine,
3675 2550 3749 2603 sit

2175 2620 2453 2702 adoptivus
2484 2650 2496 2685 :
2526 2640 2580 2686 et
2619 2633 2710 2702 qui
2753 2648 2819 2687 ex
2849 2633 2977 2697 Deo,
3005 2636 3253 2702 proprius
3291 2637 3545 2691 credatur
3581 2638 3750 2692 Filius

2175 2722 2294 2785 Dei,
2320 2736 2441 2774 eum
2470 2728 2524 2773 et
2552 2735 2619 2773 ex
2650 2720 2759 2774 Deo
2784 2720 2960 2782 Patre,
2988 2732 3043 2775 et
3069 2738 3134 2776 ex
3162 2724 3376 2779 homine
3406 2737 3580 2780 matre
3610 2744 3747 2781 unus

2174 2811 2244 2864 sit
2272 2809 2534 2873 Christus,
2566 2825 2671 2862 non
2709 2824 2805 2879 per
2831 2810 3188 2878 adoptionem,
3234 2814 3325 2867 sed
3357 2815 3611 2884 pr0prius
3652 2815 3747 2869 Dei

2174 2901 2359 2956 Filius.
2402 2900 2625 2956 Videtur
2652 2900 2764 2964 tiii,
2799 2909 2857 2955 ut
2885 2908 2989 2956 tua:
3029 2908 3293 2955 testantur
3327 2903 3541 2968 litterae,
3571 2905 3747 2957 virum

2176 2992 2335 3045 istum
2363 2991 2687 3061 praecipuum
2714 2992 2778 3045 de
2816 2991 2928 3046 sola
2967 3006 3052 3056 ea,
3086 3007 3204 3061 qua:
3231 3008 3295 3046 ex
3324 2992 3482 3047 Patre
3513 3004 3620 3061 est,
3649 3009 3745 3064 ge-

2175 3083 2469 3146 neratione,
2502 3095 2604 3135 hoc
2631 3082 2683 3134 in
2715 3082 2832 3136 loco
2862 3081 3176 3150 disputasse.
3217 3082 3490 3153 Interrogo
3522 3099 3651 3154 ergo
3677 3086 3746 3139 de

2175 3174 2368 3243 quibus
2394 3174 2605 3227 ca‘teris
2642 3174 2938 3238 intimatur,
2970 3190 3071 3226 non
3105 3183 3155 3226 ut
3190 3184 3403 3228 ca‘teros
3427 3175 3573 3229 illum
3615 3178 3745 3231 ado-

2169 3265 2296 3333 ptio,
2325 3263 2370 3317 si
2400 3280 2503 3331 non
2529 3265 2593 3318 de
2617 3278 2741 3317 vero
2770 3263 2983 3317 homine
3004 3262 3217 3317 Christo
3242 3264 3529 3318 disseruit?
3553 3266 3661 3321 Cur
3678 3269 3748 3323 ad

2172 3357 2416 3410 homines
2442 3355 2593 3425 quasi
2621 3355 2685 3409 de
2713 3355 2926 3408 homine
2960 3356 3375 3424 comparatiozis
3401 3358 3632 3412 formula
3660 3360 3747 3413 eui
3790 3381 3795 3386 ι

2170 3446 2503 3514 inspiciatur,
2537 3445 2798 3499 materiali
2841 3445 3094 3499 instruxit
3130 3446 3345 3514 speculo
3384 3447 3592 3510 dicens,
3623 3447 3749 3503 Non

2169 3536 2317 3589 illum
2354 3546 2407 3589 ut
2433 3546 2642 3590 cwteros
2672 3536 2920 3605 adoptio?
2944 3536 3058 3590 Non
3076 3544 3252 3604 potest
3280 3538 3582 3593 istiusmodi
3605 3555 3750 3594 com.

2169 3625 2398 3696 paratio,
2429 3625 2531 3679 nisi
2575 3624 2645 3679 sit
2687 3624 2924 3693 ejusdem
2957 3626 3196 3692 generis,
3237 3628 3440 3692 cu'teri,
3470 3629 3627 3698 cujus
3662 3640 3748 3684 est

2170 3718 2258 3772 ille
2286 3716 2370 3770 cui
2395 3725 2754 3785 comparatur,
2786 3716 3030 3771 usitatius
3054 3718 3323 3772 invehere.
3356 3718 3747 3776 laconveniens

2170 3809 2382 3876 quippe,
2420 3807 2700 3876 nullusque
2732 3822 2897 3876 capax
2940 3808 3163 3863 rationis
3196 3809 3328 3863 ordo
3368 3826 3427 3864 se
3461 3811 3665 3880 palliai,
3700 3816 3747 3868 si

2169 3915 2289 3954 cum
2320 3897 2385 3952 de
2410 3899 2623 3952 homine
2652 3899 2792 3951 actio
2823 3897 3125 3961 ventilatur,
3158 3899 3375 3954 alterius
3402 3905 3620 3971 generis
3642 3905 3745 3959 ista

2171 3988 2480 4051 similitudo,
2514 3989 2614 4041 hoc
2653 3995 2752 4050 est,
2781 3996 2986 4050 cu‘tera,
3020 3987 3405 4043 introducatur.
3436 3993 3599 4048 Verbi
3625 4010 3750 4065 gra-

2172 4082 2264 4143 tia,
2295 4081 2337 4135 si
2368 4080 2595 4143 dicatur,
2628 4080 2831 4148 primus
2860 4080 3019 4132 homo
3056 4094 3161 4134 non
3190 4089 3273 4136 est
3300 4085 3514 4151 genitus
3543 4087 3625 4140 vel
3651 4103 3748 4140 na-

2173 4182 2278 4238 tus,
2305 4173 2398 4226 sed
2426 4158 2599 4227 facilis
2635 4188 2702 4254 ex
2728 4172 2855 4226 limo
2886 4182 2967 4228 est
2995 4181 3149 4228 terra:
3177 4188 3193 4226 :
3220 4182 3400 4228 ueteri
3430 4185 3612 4232 autem
3643 4179 3746 4234 ho-

2171 4266 2342 4318 mines
2382 4279 2447 4317 ex
2479 4272 2703 4331 utroque
2743 4278 2873 4317 sexu
2914 4272 2969 4316 et
3005 4265 3170 4332 geniti
3210 4272 3332 4318 sunt
3364 4275 3419 4319 et
3463 4268 3598 4321 nati.
3628 4268 3746 4323 Non

2170 4357 2314 4412 enim
2360 4355 2762 4409 convenientius
2802 4355 3000 4409 salubri
3050 4356 3298 4424 congruit
3340 4358 3602 4425 :equltati,
3647 4376 3746 4416 nec

2171 4449 2382 4502 usitata:
2410 4432 2690 4501 locutionis
2730 4447 2917 4501 modus
2955 4447 3217 4510 concedit,
3247 4448 3459 4502 aurium
3502 4453 3744 4507 suaviter

506 4550 599 4603 sed
627 4548 777 4618 quasi
814 4562 952 4601 unus
981 4547 1159 4601 homo.
1193 4545 1270 4599 Τιι
1298 4551 1474 4598 autem
1511 4545 1629 4598 ideo
1657 4544 1859 4612 fingens
1885 4543 2071 4599 fateris
2101 4564 2147 4625 υ
2171 4536 2577 4604 ὒθῐῐιιιιοεηάυηι
2601 4536 2840 4590 alidum“
2879 4536 2952 4590 ίῑει
2988 4537 3265 4604 ουριιοηίίη
3303 4537 3578 4593 ιηοάιιιιιῐη
3611 4550 3744 4597 lent-

504 4648 551 4691 οι
578 4654 710 4691 unus
738 4638 891 4690 homo
920 4650 1083 4689 unave
1111 4650 1263 4697 caro,
1292 4641 1350 4687 ut
1390 4631 1662 4687 Christum
1694 4642 1748 4686 et
1777 4633 2070 4689 Ecclesiae:

505 4745 670 4784 unum
704 4737 757 4783 te
784 4729 1052 4783 hominem
1081 4724 1353 4780 Christum
1378 4726 1644 4794 perversis
1668 4726 2071 4794 allegationibus

506 4836 805 4892 separares.
837 4820 993 4874 Aliud
1023 4835 1213 4888 nempe
1239 4827 1339 4882 est,
1362 4818 1455 4873 sed
1472 4825 1527 4872 et
1550 4817 1704 4885 longe
1730 4817 1887 4871 aliter
1916 4818 2062 4872 intel-

507 4915 609 4983 legi
640 4915 799 4967 datur
817 4909 1088 4965 Christum
1106 4918 1160 4963 et
1186 4909 1495 4973 Eeelcsiam,
1512 4907 1662 4977 juxta
1687 4908 1836 4983 Pauli
1864 4925 2069 4973 vocem,

508 5014 668 5073 caput
700 5012 753 5057 et
780 5016 975 5070 corpus
994 5000 1178 5079 .typice
1209 5015 1367 5053 unam
1399 5014 1517 5053 esse
1544 5014 1791 5069 persona,
1824 5009 1877 5053 et
1916 4999 2072 5052 aliter

425 5132 431 5137 .
510 5094 741 5147 Verbum
768 5106 894 5146 caro
922 5088 1152 5155 factum,
1189 5089 1291 5145 hoc
1333 5097 1415 5142 est
1456 5088 1621 5141 Deum
1659 5089 1873 5142 homine
1905 5087 2069 5150 facto,

507 5196 669 5235 unam
707 5194 822 5235 esse
848 5180 1119 5234 Christum
1148 5194 1428 5247 personam
1455 5193 1576 5232 cum
1604 5178 1732 5240 Deo,
1765 5193 1826 5231 ac
1849 5193 1946 5247 per
1970 5179 2073 5232 hoc

510 5272 782 5325 Christum
808 5283 924 5322 esse
952 5269 1215 5322 veraciter
1243 5268 1425 5320 Deum.
1448 5265 1552 5322 Sed
1571 5275 1626 5321 et
1652 5267 1801 5331 illud,
1836 5268 1978 5336 quod
2007 5282 2073 5321 ex

513 5362 800 5430 apostolica
843 5359 1080 5411 doctrina
1125 5357 1230 5411 tuis
1268 5357 1537 5410 intexuisti
1580 5358 1910 5420 commentis,
1940 5371 2075 5427 quo-

512 5453 656 5506 niam
705 5448 861 5518 166
901 5446 1125 5499 membro
1172 5463 1347 5502 sumus
1383 5447 1611 5515 corporis
1650 5446 1782 5513 ejus,
1823 5447 1883 5499 de
1915 5463 2073 5500 ramo

513 5541 646 5609 ejus,
680 5546 725 5590 et
753 5552 815 5588 ca:
841 5536 1038 5589 ossibus
1062 5536 1173 5604 ejus
1202 5535 1361 5606 (Ibid.
1389 5536 1500 5604 '50).
1530 5551 1631 5588 non
1671 5536 1737 5589 ad
1784 5536 1909 5589 illud
1946 5551 2073 5590 cor-

511 5647 614 5703 pus
641 5627 849 5680 illumve
877 5642 1111 5691 carnem,
1144 5635 1201 5680 ut
1232 5635 1286 5679 tu
1321 5629 1539 5696 satagis,
1568 5626 1768 5680 referre
1806 5636 1948 5682 recte
1980 5643 2076 5694 pu-

481 5756 487 5765 .
516 5719 734 5771 tahilur.
765 5715 914 5781 Quod
943 5718 1223 5785 assumpsit
1250 5718 1481 5771 Verbum
1524 5734 1647 5771 caro
1688 5716 1885 5771 factum
1917 5733 2073 5772 suum

518 5808 787 5876 proprium
816 5822 1007 5877 corpus
1042 5824 1293 5877 suamque
1327 5807 1593 5879 ιη’ίψιὶιιιιι
1622 5824 1835 5862 carnem
1865 5809 2070 5861 veraci-

2172 4641 2381 4697 perare,
2418 4634 2680 4696 quatenus
2731 4634 2851 4694 post
2892 4627 3214 4705 mentionem
3261 4629 3494 4683 hominis
3542 4630 3739 4687 factam

2170 4734 2276 4773 non
2316 4718 2427 4772 nati
2465 4719 2558 4773 sed
2597 4720 2785 4783 creati,
2818 4719 2996 4773 caeteri
3034 4719 3155 4789 equi
3197 4719 3278 4773 vel
3318 4720 3482 4776 boves
3518 4725 3638 4778 nati
3659 4726 3741 4779 vel

2172 4809 2335 4879 geniti
2386 4808 2808 4870 introducantur,
2843 4809 2936 4862 sed
2973 4809 3212 4863 homines
3249 4813 3441 4864 crs-teri.
3483 4813 3742 4870 Similiter

2172 4915 2269 4954 nec
2290 4907 2410 4968 post
2436 4898 2605 4968 angeli
2632 4899 2957 4952 mentionem
2983 4899 3160 4953 etcteri
3187 4900 3450 4966 homines,
3485 4919 3586 4959 nec
3624 4914 3742 4974 post

2172 4989 2403 5044 hominis
2424 4988 2601 5043 caeteri
2621 4989 2793 5055 angeli
2816 4997 2936 5056 apte
2955 4997 3175 5058 possunt
3200 4991 3419 5056 ascribi,
3434 4993 3529 5048 sed
3551 5010 3742 5049 unum-

2171 5080 2419 5149 quodque
2446 5080 2685 5133 suhneeti
2715 5095 2811 5133 suo
2839 5079 3018 5148 generi
3048 5079 3322 5133 rationalis
3350 5082 3485 5135 ordo
3515 5084 3737 5140 deinon-

2171 5176 2324 5223 stt-at.
2353 5169 2477 5222 Sine
2499 5177 2673 5221 autem
2700 5168 2802 5221 hoc
2827 5168 3203 5231 additamenta,
3230 5169 3330 5223 hoc
3354 5178 3437 5224 est
3463 5177 3661 5237 certari,
3687 5183 3738 5229 et

2172 5270 2291 5332 post
2319 5262 2638 5315 mentionem
2662 5260 2833 5330 angeli
2862 5261 3123 5324 homines,
3152 5268 3206 5315 et
3228 5270 3347 5331 post
3372 5264 3619 5319 homines
3642 5282 3734 5319 an-
3761 5301 3765 5305 ν

2173 5352 2277 5421 geli
2320 5367 2423 5404 non
2456 5349 2686 5403 absurde
2722 5349 2882 5403 inseri
2923 5348 3114 5402 litteris
3154 5350 3344 5425 sacris,
3381 5351 3500 5406 sine
3535 5352 3638 5423 [An
3670 5353 3736 5408 Ie-

2173 5440 2413 5509 gendum,
2446 5438 2667 5500 et‘trito,
2697 5437 2788 5499 vel,
2822 5452 2924 5490 non
2949 5438 3062 5491 sine
3085 5438 3213 5492 trito
3226 5438 3267 5510 ?]
3290 5440 3418 5494 trito
3438 5439 3591 5495 effari
3621 5457 3735 5511 pcr-

2176 5529 2458 5583 miituntur
2492 5541 2754 5581 sermone.
2795 5525 2925 5579 Cum
2976 5541 3102 5596 ergo
3137 5527 3297 5592 dicit,
3340 5527 3463 5582 Non
3506 5529 3652 5583 illum
3683 5540 3734 5585 ut

2174 5630 2384 5673 ru‘tcros
2413 5619 2638 5689 adoptio,
2663 5617 2990 5679 subauditur,
3008 5632 3111 5671 non
3134 5618 3278 5672 illum
3305 5627 3362 5671 ut
3391 5627 3618 5675 cmteros
3644 5623 3736 5675 ho-

2176 5712 2344 5763 mines
2370 5710 2602 5777 adoptio,
2631 5709 2753 5776 quia
2780 5717 2827 5760 et
2861 5707 3101 5763 Christus
3122 5708 3310 5773 homo,
3338 5720 3391 5763 et
3421 5724 3528 5765 non
3556 5712 3736 5765 solita-

2179 5804 2287 5857 rius
2335 5802 2577 5855 Christus
2623 5802 2807 5865 homo,
2859 5801 2949 5855 sed
2991 5800 3129 5856 Deus
3166 5816 3376 5869 semper
3412 5800 3661 5857 Christus
3682 5810 3731 5856 et
