3926 6440
168 513 272 570 ιεΰ

860 516 1128 574 CONTRA
1165 521 1457 587 FEUCEM
1498 523 2028 602 URGELLITANIW
2066 525 2265 580 LIBRI.
2305 522 2588 581 lll.'—LIB.
2629 526 2713 581 III.

2673 333 2720 388 /

3312 471 3412 582 is}.

166 658 353 712 homo.
407 655 610 710 Idcirco
657 655 800 709 illum
826 697 840 720 ν
887 673 993 711 non
1042 659 1197 713 siem
1228 669 1449 715 exteros
1496 661 1739 714 homines
1765 649 1812 704 Α
1841 639 1928 704 50,
1961 657 2025 694 n.-
2043 641 2118 712 9),
2160 640 2377 694 humilia
2417 640 2682 695 luculento
2715 639 2878 694 aratri
2919 638 3236 695 insulcatum
3277 643 3416 710 style

167 744 408 814 adoptio,
447 745 541 798 sed
579 743 873 801 divinitatis
910 747 1056 802 illum
1097 757 1287 803 natura
1331 750 1383 804 in
1415 750 1507 804 Dei
1548 749 1740 803 Filiqu

169 836 427 889 exaltavit
457 854 470 888 :
499 836 623 904 quia
668 815 937 906 nunquam
982 854 1086 892 non
1129 839 1234 894 fuit
1278 840 1369 894 Dei
1416 840 1600 904 Filius,
1647 841 1738 909 qui

169 925 530 994 sempiternus
556 936 832 994 permanet
858 927 1207 998 unigenitoris
1247 929 1563 998 unigenitus.
1597 929 1742 982 Nun-

169 1030 330 1082 quam
363 1015 480 1078 fuit,
509 1016 645 1070 sicut
671 1017 849 1070 επιετί
878 1018 1149 1079 homines,
1179 1034 1347 1086 purus
1388 1021 1575 1081 homo,
1605 1029 1663 1072 ut
1691 1021 1739 1072 ei

168 1119 234 1157 ex
273 1104 573 1174 adeptionis
610 1107 966 1160 emolumento
997 1106 1124 1175 Filii
1167 1110 1577 1177 pratrogativum
1607 1125 1741 1177 pne-

169 1203 425 1250 staretur.
474 1195 578 1249 Sed
617 1195 709 1250 Dei
749 1197 979 1251 Verbum
1018 1213 1144 1251 caro
1183 1198 1410 1263 factum,
1450 1197 1589 1268 quod
1619 1215 1738 1252 cum

169 1297 276 1338 non
325 1293 384 1337 ut
430 1294 653 1339 cmteros
694 1287 935 1340 homines
964 1303 1028 1340 ex
1069 1288 1206 1342 dono
1231 1289 1436 1358 gratim,
1473 1289 1564 1342 sed
1595 1289 1739 1342 salva

167 1373 498 1440 proprietate
531 1375 809 1443 utriusque
853 1384 1074 1438 naturae,
1116 1377 1472 1431 essentialiter
1504 1379 1555 1431 in
1590 1393 1740 1431 suam

169 1462 458 1528 assumpsit
488 1476 766 1528 personam
795 1479 810 1522 ;
842 1478 936 1530 per
973 1466 1114 1532 quod
1157 1466 1400 1521 mirabile
1439 1482 1740 1521 sacramen-

169 1559 280 1602 tum
326 1559 379 1605 et
421 1560 653 1605 aeternus
689 1567 752 1606 ex
801 1551 980 1618 Patre,
1022 1561 1076 1606 et
1118 1556 1425 1624 temporalis
1449 1571 1510 1608 ex
1546 1564 1736 1618 matre,

168 1656 306 1693 unus
350 1642 598 1710 idemque
639 1651 780 1697 esset
821 1659 978 1697 verus
1028 1644 1120 1700 Dei
1167 1648 1503 1717 hominisque
1552 1647 1735 1702 Filius.

169 1731 302 1785 lIinc
333 1732 459 1786 illud
494 1741 575 1786 est
595 1773 610 1796 ,
637 1734 778 1802 quod
807 1734 859 1787 in
893 1734 1026 1790 libro
1053 1734 1208 1803 hujus
1233 1739 1410 1806 operis
1433 1747 1622 1793 octavo
1649 1739 1741 1792 de—

168 1822 307 1873 cimo
351 1821 649 1900 (Cap._52,
693 1839 747 1876 n.
795 1823 893 1892 85)
946 1825 1086 1877 idem
1130 1827 1407 1880 verissime
1454 1827 1740 1896 explicavit

168 1911 504 1977 praedicator.
529 1910 617 1962 Ait
643 1909 786 1963 enim
825 1929 837 1963 :
873 1931 890 1962 ‹
928 1912 1082 1966 Aliud
1107 1926 1189 1968 est
1217 1915 1360 1968 enim
1387 1925 1540 1971 natos
1569 1917 1738 1971 homi-

1846 729 2066 797 legentis
2090 729 2273 784 oculus
2300 745 2406 784 non
2429 727 2792 784 defraudatur.
2831 747 2848 778 ‹
2876 728 3124 794 Pensate,
3155 729 3410 792 referens,

1845 817 2055 879 fratres,
2086 826 2206 887 post
2245 817 2660 871 incarnationem
2689 817 2949 886 unigeniti
2990 817 3107 872 Filii
3147 820 3320 888 qualis
3345 823 3412 874 sit

1844 907 2098 961 hodierna
2145 907 2453 960 solertinitas
2478 907 2542 960 de
2577 905 2808 960 adventu
2834 909 3005 961 sancti
3052 907 3303 977 Spiritus.
3357 909 3412 962 lu

1845 995 1930 1049 illa
1959 998 2152 1064 quippe
2183 996 2322 1049 Deus
2349 997 2401 1050 in
2431 1011 2487 1050 se
2513 996 2742 1050 creando
2768 997 3002 1064 suscepit
3022 997 3289 1052 hominem
3319 1015 3333 1051 :
3362 1001 3411 1052 in

1843 1091 1952 1143 ista»
1988 1091 2230 1142 homines
2270 1089 2394 1142 facti
2438 1097 2561 1142 sunt
2586 1102 2682 1156 per
2706 1088 3040 1155 adoptionem
3064 1078 3185 1142 Dei.
3224 1110 3240 1137 ι
3271 1090 3414 1143 Idem

1844 1179 1955 1247 ipse
1983 1177 2132 1246 (Lib.
2174 1195 2230 1238 ιι,
2257 1178 2402 1230 hom.
2431 1177 2520 1240 2|,
2551 1192 2604 1230 n.
2633 1177 2687 1245 4)
2726 1195 2737 1228 :
2776 1196 2793 1226 ι
2829 1176 2898 1230 At
2932 1192 3059 1231 vero
3098 1179 3246 1231 multi
3289 1188 3415 1235 tunc

1841 1266 1966 1321 Jcsu
2015 1267 2118 1321 dici
2163 1274 2429 1334 poterant,
2467 1281 2570 1320 non
2620 1275 2796 1320 tamen
2841 1266 3280 1327 substantiaiiter,
3321 1268 3413 1319 sed

1842 1357 2215 1423 nuucupative.
2253 1375 2269 1405 ι
2324 1355 2497 1408 Ilabes
2549 1356 2748 1424 itaque,
2792 1358 3044 1424 quoniam
3094 1357 3413 1411 naturaliter

1840 1443 2013 1518 factus
2047 1453 2128 1497 est
2157 1445 2295 1497 Deus
2335 1445 2513 1498 homo.
2554 1444 2728 1498 [Iabes
2759 1446 2980 1508 etenim,
3005 1447 3129 1511 quia
3168 1455 3221 1500 et
3259 1445 3413 1500 Jesus

1841 1551 1947 1589 non
1982 1545 2063 1589 est
2107 1537 2481 1604 nuucupative,
2519 1537 2610 1590 sed
2645 1535 2999 1590 essentialiter
3035 1535 3190 1591 Jesus
3220 1539 3412 1605 praedi-

1841 1627 2061 1680 caudus.
2088 1625 2221 1680 Cum
2250 1641 2380 1697 ergo
2406 1626 2546 1680 Deus
2576 1627 2889 1682 naturaliter
2918 1632 3089 1681 iactus
3125 1629 3192 1682 sit
3228 1630 3407 1690 homo,

1841 1724 1894 1768 et
1919 1713 2072 1770 Iesus
2101 1715 2458 1770 essentiali’ter
2488 1714 2640 1770 Jesus
2673 1727 2754 1772 est
2791 1719 3102 1782 credendus,
3142 1734 3236 1771 cur
3263 1728 3315 1772 tu
3355 1721 3408 1772 iu

1843 1815 2048 1860 tantum
2073 1805 2304 1874 dissipis,
2346 1814 2402 1858 ut
2439 1805 2615 1860 minus
2647 1807 2890 1861 attendas
2923 1807 2976 1860 in
3007 1823 3112 1875 quo
3137 1808 3408 1874 periclita-

1843 1903 1930 1949 tur
1961 1904 2062 1948 tuae
2089 1895 2404 1950 assertiouis
2427 1893 2673 1962 ohjcetio,
2704 1904 2966 1963 quatenus
2992 1910 3093 1948 non
3118 1894 3406 1950 confunda—
3468 1935 3477 1942 .

167 2015 260 2051 ηρδ
283 1998 512 2066 gramm
541 1997 838 2066 adoptionis
864 2001 1127 2067 accipere,
1155 2002 1296 2056 aliud
1321 2020 1483 2058 unum
1507 2005 1736 2075 είηεηιη,
1769 1995 1810 2054 Β
1840 1987 1914 2040 ris
1944 1987 2258 2039 naturaliter
2280 1986 2388 2041 Deo
2413 1986 2554 2040 facto
2583 1986 2805 2048 homini,
2831 1995 2884 2040 et
2906 1986 3259 2040 essentialiter
3283 1985 3405 2040 Jesu

167 2088 297 2140 riter
336 2102 435 2156 per
474 2086 772 2141 divinitatis
807 2091 1097 2157 potentiam
1144 2090 1307 2145 Deum
1347 2108 1413 2146 ex
1461 2094 1574 2162 ipso
1612 2111 1736 2149 cou-

163 2187 319 2246 crptu
347 2178 607 2247 prodisse.
649 2199 668 2229 s
696 2179 761 2232 Et
786 2190 904 2248 post
931 2196 1099 2250 pauca
1129 2200 1139 2234 :
1185 2201 1201 2233 ι
1238 2183 1353 2252 Ipse
1390 2193 1513 2241 ante
1546 2187 1736 2240 szecula

161 2265 224 2316 de
252 2276 407 2333 patre
431 2266 546 2320 sine
568 2275 738 2320 matre
769 2282 782 2319 :
815 2268 925 2336 ipse
951 2269 1005 2323 in
1044 2271 1148 2325 Iine
1176 2272 1489 2326 saeculorum
1517 2275 1584 2328 de
1624 2290 1738 2328 ma-

163 2363 242 2406 tre
272 2356 388 2408 sine
415 2364 586 2422 patre.
622 2356 735 2423 Ipse
759 2358 1050 2412 conditoris
1079 2361 1331 2429 templum
1369 2379 1381 2414 :
1414 2363 1525 2430 ipse
1553 2364 1738 2417 condi-

160 2450 246 2495 tor
275 2442 478 2510 templi.
516 2462 533 2493 ι
572 2443 704 2497 Hinc
730 2445 918 2498 iterum
957 2447 1010 2500 in
1047 2447 1182 2503 libro
1221 2450 1476 2518 vigesimo
1514 2453 1738 2520 septimo

159 2533 320 2602 (Cap.
363 2533 408 2597 I,
442 2550 494 2586 n.
533 2534 597 2604 5)
639 2550 654 2587 :
705 2554 721 2583 ι
760 2537 1086 2608 Redemptor
1133 2548 1312 2594 autem
1359 2549 1542 2595 noster
1579 2543 1738 2597 homo

157 2623 275 2676 sine
321 2631 577 2690 peccato,
618 2623 786 2678 Filius
829 2626 945 2680 sine
989 2628 1290 2696 adoptione.
1337 2649 1354 2680 ι
1397 2629 1533 2683 Ecce
1579 2644 1736 2698 quem

159 2713 434 2766 hominem
466 2715 722 2781 prmmisit
751 2716 866 2769 sine
894 2726 1136 2784 peccato,
1167 2718 1358 2772 Filium
1384 2735 1448 2772 eu
1531 2720 1738 2773 confes-

159 2817 251 2854 sus
273 2811 354 2854 est
374 2801 490 2854 sine
515 2803 814 2870 adoptione.
851 2803 979 2858 Item
1007 2805 1130 2860 alibi
1163 2807 1228 2861 de
1258 2807 1574 2874 quibusdam
1597 2807 1732 2876 (Lib.

158 2909 314 2953 χχιιι,
336 2910 385 2946 c.
401 2893 488 2962 2):
514 2913 530 2944 ε
551 2893 681 2947 Nam
704 2897 1108 2964 quamvisjuxta
1124 2899 1333 2953 Domini
1348 2911 1610 2968 praecepta
1633 2917 1738 2956 non

158 2984 364 3045 vivant,
407 2982 573 3036 Deum
614 2992 790 3038 tamen
839 2985 1120 3040 Dominum
1161 3002 1280 3042 esse
1328 2997 1734 3058 recognoscunt,

157 3073 282 3139 quia
312 3073 364 3125 in
393 3073 618 3126 veritate
644 3074 822 3128 carnis
846 3075 1006 3128 etiam
1038 3075 1264 3130 formam
1293 3078 1508 3133 deitatis
1532 3079 1761 3144 intelle—,

157 3171 285 3227 gqu
327 3175 340 3213 :
371 3161 512 3214 sicut
540 3177 636 3230 per
663 3162 984 3231 Prophetam
1011 3165 1205 3219 dicitur
1230 3180 1243 3218 :
1277 3166 1468 3220 Scitote
1491 3185 1733 3236 quoniam

156 3248 416 3301 Dominus
442 3251 550 3317 ipse
577 3259 648 3302 est
675 3249 832 3302 Deus.
857 3269 874 3301 ι
903 3251 978 3304 Tu
1003 3251 1216 3319 quidem
1244 3253 1505 3308 coniceris
1531 3263 1736 3310 astrue-

1840 2077 2256 2146 nuncupativum
2286 2077 2364 2130 vel
2403 2077 2708 2144 adoptivum
2741 2077 3002 2131 insultans
3029 2076 3224 2130 inferre
3253 2094 3401 2131 voca-

1838 2168 2054 2222 bulum?
2081 2168 2188 2231 ναξ,
2221 2183 2296 2222 vce
2320 2168 2443 2222 tibi!
2472 2169 2569 2221 nisi
2594 2182 2690 2236 per
2709 2167 2900 2222 bonam
2926 2167 3309 2222 confessionem
3337 2169 3402 2220 ad

1839 2257 2196 2326 cognitionem
2228 2258 2300 2310 tui
2337 2258 2600 2312 veraciter
2629 2273 2874 2312 recurras
2900 2245 3150 2312 auctoris.

2370 2347 2596 2402 CAPUT
2636 2347 2870 2402 XXVIII.

2155 2436 2415 2506 Fulgentii
2457 2439 2818 2491 auctoritatem
2864 2440 3090 2508 exponit.

1910 2527 2003 2581 Vir
2031 2527 2151 2580 vitae
2177 2526 2499 2581 venerabilis
2527 2526 2856 2596 Fulgentius,
2917 2529 3235 2599 eloquentia:
3282 2545 3404 2600 per-

1840 2618 2024 2686 spicuo
2053 2619 2292 2672 radiante
2332 2616 2538 2687 fulgore
2582 2617 3020 2688 perfulgidus,iu
3070 2621 3206 2675 libro
3245 2625 3405 2676 tertio

1842 2708 1982 2778 (cap.
2014 2707 2125 2779 12),
2156 2708 2246 2778 qui
2273 2716 2608 2777 nuncupatur
2645 2709 2717 2763 De
2743 2707 3090 2765 Sacramenta
3115 2711 3402 2767 Dominiczc

1838 2799 2122 2865 passionis,
2153 2799 2280 2867 quia
2308 2790 2633 2870 Redemptor
2658 2808 2840 2856 noster
2869 2811 3055 2856 auctor
3077 2803 3197 2856 vita:
3230 2803 3346 2857 ideo
3371 2818 3400 2856 τι

1837 2886 1997 2942 Petro
2024 2887 2609 2958 apastoloperdocetur,
2643 2891 2892 2958 quoniam
2928 2893 3066 2945 Deus
3114 2908 3272 2946 verus
3317 2891 3399 2944 in-

1838 2988 2174 3044 cunctanter,
2191 2995 2296 3034 non
2311 2989 2485 3034 autem
2514 2981 3202 3048 nuncupativuspredendus
3221 2982 3310 3044 sit,
3327 2983 3402 3034 in-

1837 3076 1920 3122 ter
1941 3077 2132 3122 cmtera
2162 3079 2214 3123 et
2241 3077 2360 3138 post
2384 3065 2634 3138 plurima,
2663 3070 2763 3123 ista
2790 3069 3051 3124 subinfert
3082 3088 3093 3122 :
3125 3089 3142 3121 ι
3286 3086 3392 3138 ‹ιιιο

1839 3159 2168 3228 ἱείιυιίῡθιιε
2185 3159 2306 3213 vitm
2333 3168 2520 3214 auctor
2550 3160 2816 3214 hominem
2849 3159 3080 3229 suscepit
3113 3161 3164 3214 in
3195 3160 3397 3214 unitate

1835 3265 2100 3318 personae,
2123 3265 2187 3303 ex
2219 3265 2284 3305 eo
2313 3249 2398 3305 ille
2425 3251 2584 3305 homo
2612 3265 2805 3304 nomen
2825 3250 2947 3303 vita:
2972 3250 3220 3303 obtinuit.
3247 3249 3401 3302 Sicut

157 3353 235 3396 re,
277 3338 404 3405 quia
449 3352 547 3405 per
589 3336 844 3392 Joannem
890 3349 944 3394 et
976 3341 1194 3395 Paulum
1235 3343 1523 3398 advocatus
1552 3354 1733 3400 noster
1761 3345 1806 3407 Ο
1837 3354 1902 3393 ex
1943 3355 2008 3394 eo
2032 3341 2173 3408 quod
2217 3341 2308 3394 Dei
2350 3340 2516 3394 Filius
2555 3341 2820 3395 hominem
2861 3339 3093 3408 suscepit
3141 3339 3192 3392 in
3244 3347 3398 3393 utero

156 3429 497 3506 perdocetur,
527 3429 726 3485 idcirco
755 3445 912 3486 verus
937 3430 1028 3486 Dei
1057 3448 1160 3487 non
1189 3433 1378 3487 debeat
1400 3434 1566 3490 Filius
1596 3452 1732 3506 pra:-

155 3518 349 3594 dicari.
390 3517 486 3570 Vir
527 3527 702 3572 autem
749 3521 849 3574 iste
899 3521 1144 3589 egregius
1180 3523 1364 3575 doctor
1403 3524 1731 3594 unigenitum

155 3592 309 3660 illum
358 3607 729 3660 incunctanter
769 3607 863 3660 Dei
908 3607 1100 3661 Filium
1142 3609 1193 3662 in
1232 3610 1418 3665 eodem
1452 3592 1729 3665 Moralium

153 3699 281 3766 styli
311 3697 448 3751 libro
475 3697 732 3766 vigesimo
753 3699 986 3752 secundo
1013 3696 1163 3767 (Cap.
1194 3699 1282 3771 Π)
1313 3715 1440 3754 voce
1466 3700 1730 3768 prmconia

152 3796 237 3840 est
273 3785 566 3855 professus.
593 3787 712 3855 Ipso
737 3789 984 3842 videlicet
1011 3787 1234 3843 Joannis
1259 3789 1513 3858 Paulique
1543 3791 1594 3844 in
1623 3805 1733 3843 me-

153 3876 304 3929 dium
335 3875 564 3930 deducto
595 3876 903 3932 testimonio
937 3879 1016 3932 sic
1051 3879 1123 3931 ait
1153 3893 1166 3931 :
1201 3896 1220 3928 ‹
1259 3878 1546 3946 Unigenito
1587 3880 1730 3933 enim

154 3965 249 4018 Dei
283 3963 420 4018 Filio
450 3979 547 4034 pro
581 3965 795 4019 homine
835 3967 1170 4036 interpellare
1217 3977 1300 4024 est
1337 3971 1476 4039 apud
1510 3979 1731 4026 coarter-

152 4068 284 4106 num
313 4052 530 4108 Patrem
555 4053 727 4122 ipsum
768 4069 826 4108 se
853 4056 1124 4121 hominem
1153 4057 1547 4125 demonstrare;
1576 4059 1730 4128 eique

152 4156 254 4210 pro
282 4142 514 4195 humana
544 4150 735 4196 natura
766 4158 982 4213 rogasse
1016 4149 1096 4198 est
1133 4144 1374 4200 eamdem
1403 4154 1648 4200 naturam
1676 4149 1729 4201 in

152 4229 455 4283 divinitatis
482 4245 592 4283 sua:
615 4231 980 4286 celsitudinem
1011 4235 1325 4303 suscepisse.
1356 4255 1375 4287 s
1419 4235 1730 4305 Unigenitus

152 4317 352 4386 quippe
376 4317 480 4370 dici
511 4331 635 4379 non,
665 4317 766 4371 uisi
794 4333 950 4373 verus
976 4321 1042 4374 sit
1072 4320 1255 4386 Filius,
1288 4329 1480 4391 potest.
1508 4315 1615 4378 Aut
1644 4339 1728 4380 me

152 4424 286 4478 ergo
315 4423 437 4462 cum
474 4409 628 4463 beato
659 4406 914 4478 Gregorio
940 4408 1233 4464 fautoribus
1263 4413 1366 4466 tuis
1397 4429 1611 4479 accusa,
1637 4423 1730 4468 aut

153 4497 342 4551 relicta
385 4497 595 4550 illorum
616 4513 802 4566 prava:
834 4498 1228 4567 pollicitationis
1260 4503 1480 4568 perfidia
1519 4518 1726 4557 meeum

151 4587 358 4654 pariter
398 4586 557 4640 beato
609 4585 865 4655 Gregorio
916 4589 1091 4642 crede.
1132 4589 1188 4642 In
1234 4591 1562 4660 expositione
1603 4591 1724 4646 libri

1833 3429 2077 3498 virginali
2109 3445 2174 3484 ex
2204 3445 2268 3483 eo
2297 3430 2453 3483 simul
2484 3430 2622 3484 Deus
2645 3438 2698 3484 et
2730 3432 2890 3484 homo
2914 3445 3050 3484 unus
3075 3445 3193 3484 esse
3233 3431 3396 3498 cmpit

1835 3517 1928 3572 Dei
1965 3517 2129 3572 Filius
2179 3520 2461 3582 nominari,
2521 3519 2708 3588 angelo
2759 3519 2969 3574 dicente
3015 3520 3082 3572 ad
3138 3519 3394 3573 Mariam:

1836 3607 2063 3677 Spiritus
2085 3618 2293 3663 sanctus
2323 3610 2637 3677 superveniet
2667 3611 2717 3661 in
2744 3618 2814 3673 te,
2844 3619 2892 3662 et
2935 3609 3092 3662 virtus
3139 3608 3395 3662 ditissimi

1834 3701 2154 3754 obumbrabit
2184 3701 2295 3754 tibi.
2321 3700 2544 3770 Ideoque
2565 3701 2702 3770 quod
2729 3709 2969 3755 nascetur
2991 3718 3048 3760 ex
3074 3711 3121 3754 te
3155 3711 3395 3755 sanctum

1833 3789 2096 3841 vocabitur
2117 3786 2289 3842 Filius
2313 3787 2425 3842 Dei.
2463 3809 2481 3840 ›
2514 3789 2578 3842 Et
2613 3789 2782 3854 illud,-
2822 3792 2851 3838 ι’
2893 3787 3008 3842 Erit
3067 3806 3304 3857 magnus,
3348 3800 3394 3843 ct

1833 3874 2003 3928 Filius
2023 3875 2274 3928 Altissimi
2296 3877 2570 3930 vocabitur.
2609 3896 2626 3928 ι
2653 3877 2716 3930 Et
2741 3886 2858 3946 post
2883 3878 3181 3932 modicum:
3223 3899 3242 3929 ι
3278 3878 3392 3932 Non
3487 3926 3490 3930 .

1832 3963 2002 4017 solum
2052 3963 2243 4018 Filium
2277 3964 2404 4029 Dei,
2458 3966 2750 4020 secundum
2790 3966 2842 4020 id
2867 3966 3007 4035 quod
3034 3973 3190 4020 natus
3216 3973 3297 4021 est
3328 3967 3394 4021 de

1833 4053 2067 4118 homine,
2100 4053 2276 4108 dictus
2329 4062 2412 4108 est
2432 4053 2714 4121 Christus;
2745 4070 2928 4110 verum
2955 4057 3117 4110 etiam
3150 4057 3311 4111 homo
3338 4056 3394 4109 il-

1831 4145 1880 4200 le
1904 4146 2043 4200 Deus
2090 4146 2284 4200 dicitur
2307 4161 2404 4216 pro
2433 4163 2516 4210 eo,
2549 4150 2690 4217 quod
2715 4157 2796 4203 est
2825 4165 2854 4203 a
2884 4151 2992 4206 Deo
3037 4160 3331 4221 susceptus.
3369 4172 3385 4204 ι

1831 4234 1906 4289 De
1933 4234 2017 4288 his
2043 4234 2116 4288 ita
2143 4235 2272 4290 satis
2301 4235 2575 4292 intimasse
2597 4235 2842 4293 suﬂiciat.

1899 4321 2016 4377 Jam
2044 4339 2185 4378 nunc
2211 4325 2262 4378 in
2307 4311 2458 4379 bona:
2488 4326 2816 4395 sincerteque
2846 4327 2967 4382 fidei
3014 4330 3349 4384 confessrone
3370 4370 3385 4391 ,

1829 4412 1953 4480 quia
1975 4411 2222 4466 Christus
2245 4404 2399 4467 Jesus
2410 4414 2714 4482 unigenitus
2742 4415 2834 4470 Dei
2853 4415 3026 4471 Patris
3038 4432 3198 4473 verus
3226 4419 3387 4484 Deus,

1828 4513 2094 4568 verusque
2119 4501 2304 4564 homo;
2332 4515 2469 4555 unus
2497 4500 2638 4555 idem
2675 4504 2921 4572 proprius
2944 4505 3056 4566 Dei,
3089 4506 3227 4560 idem
3276 4508 3388 4576 ipse

1827 4588 2176 4658 prOpriusque
2231 4588 2397 4644 Filius
2460 4591 2530 4644 sit
2586 4591 2848 4657 hominis,
2895 4594 3108 4648 abolitis
3166 4609 3387 4663 prorsus

152 4677 454 4732 Ezechielis
493 4677 709 4731 homilia
752 4687 939 4731 octava
990 4680 1066 4732 sic
1105 4688 1186 4734 est
1213 4679 1420 4736 eﬂ‘atus.
1457 4700 1472 4732 ι
1508 4681 1723 4748 Volens,
1751 4693 1803 4752 1)
1829 4683 2037 4736 cunctis
2062 4683 2129 4735 ab
2156 4696 2240 4747 eo,
2271 4682 2425 4736 nobis
2454 4690 2630 4736 tamen
2662 4683 2932 4738 concessis
2977 4687 3408 4756 nuncupationis‘

153 4767 347 4835 inquit,
372 4765 569 4820 Paulus
593 4768 1004 4835 nuncupativum
1031 4767 1122 4822 Dei
1147 4785 1340 4824 nomen
1366 4773 1440 4842 ab.
1458 4774 1724 4828 essentiali

152 4859 480 4921 discernere,
504 4857 569 4910 de
599 4856 951 4927 Redemptore
973 4868 1154 4914 nostro
1175 4860 1380 4916 locutus
1400 4871 1481 4917 est
1502 4865 1684 4920 dicens
1708 4882 1722 4919 :

155 4943 389 5008 Quorum
416 4954 605 5012 patres,
637 4954 684 4997 et
713 4962 776 4998 ea:
800 4948 984 5016 quibus
1020 4947 1252 5004 Christus
1298 4953 1576 5006 secundum
1609 4973 1725 5009 car-

155 5051 287 5096 urm,
320 5034 409 5102 qui
432 5043 507 5086 est
539 5049 691 5103 super
720 5038 892 5089 omnia
916 5037 1053 5092 Deus
1076 5040 1368 5094 benedictus
1395 5042 1447 5094 in
1471 5043 1715 5098 uacula.»

153 5123 215 5175 Et
241 5131 362 5190 post
385 5122 660 5190 paululum
693 5141 705 5176 :
741 5141 758 5174 ε
791 5122 904 5178 Non
943 5125 1084 5180 hunc
1127 5126 1293 5182 Deum
1334 5132 1717 5192 tantummodo.

156 5211 309 5280 167
360 5210 454 5264 sed
497 5209 662 5263 Deum
707 5227 866 5282 super
912 5215 1090 5269 omnia
1144 5230 1262 5270 esse
1313 5222 1644 5274 monstravit.
1697 5242 1714 5274 s

151 5297 288 5353 llem
314 5300 364 5352 in
394 5297 615 5353 humilia
636 5299 838 5355 decima
861 5305 1015 5358 tertia
1038 5305 1176 5374 (Lib.
1204 5323 1260 5369 Il,
1289 5307 1432 5360 hom.
1466 5309 1514 5372 i,
1546 5326 1598 5363 n.
1629 5311 1716 5382 4):

157 5403 172 5432 ο
217 5386 563 5453 Redemptor,
596 5386 689 5450 ait,
721 5396 903 5453 noster
931 5407 1035 5466 npn
1073 5393 1242 5447 solum
1277 5395 1435 5449 homo
1459 5396 1594 5450 ultra
1627 5399 1720 5453 ho-

153 5476 337 5539 mines,
383 5476 480 5529 scd
530 5478 690 5531 homo
736 5479 895 5532 etiam
935 5494 1094 5549 super
1133 5485 1350 5553 angelos
1387 5485 1574 5541 factus.
1611 5508 1628 5539 ι
1663 5490 1719 5544 ln

153 5563 379 5616 homiliis
419 5578 653 5630 namque
687 5567 1006 5637 cvangelicis
1030 5584 1242 5641 semper
1269 5581 1323 5626 et
1360 5575 1572 5644 ubique,
1600 5578 1719 5630 uli-

154 5669 372 5723 cmuquc
420 5668 479 5706 sc
507 5654 647 5706 ratio
687 5659 909 5712 contulit
938 5659 1080 5727 fidei,
1108 5670 1160 5716 et
1188 5678 1369 5718 verum
1401 5667 1491 5720 Dei
1524 5667 1712 5722 Filium

154 5755 306 5796 unum
331 5743 691 5821 cutudcmque
712 5758 775 5796 ex
802 5755 1026 5815 utraque
1045 5758 1097 5803 et
1125 5751 1174 5802 in
1203 5760 1423 5821 utraque
1445 5755 1718 5811 confessus

157 5841 224 5883 3st
254 5843 466 5885 natura.
495 5811 952 5903 Queruadtuodum
984 5835 1034 5888 in
1073 5839 1272 5894 decima
1315 5811 1449 5904 (Lib.
1484 5861 1538 5904 ιι.
1569 5847 1709 5898 hum.

1829 4783 1925 4824 seu
1977 4769 2271 4837 adoptionis
2298 4769 2622 4838 insignibus,
2663 4772 2805 4826 tertii
2851 4772 2972 4826 libri
3011 4775 3178 4829 series
3203 4775 3384 4830 istius-

1828 4856 1969 4911 modi
2007 4857 2176 4910 artius
2216 4855 2466 4910 conclusa
2504 4859 2754 4925 persistet
2780 4860 2934 4914 titulo
2964 4861 3131 4914 finali.

1831 4983 2036 5022 PAULIM
2064 4982 2162 5022 PRO
2189 4983 2354 5022 OPERE
2380 4983 2696 5023 BXANTLATO
2724 4985 2788 5022 AD
2827 4983 2964 5022 υεωι
3003 4982 3278 5025 CONFESSIO
3312 4985 3380 5024 ΕΤ

2343 5053 2649 5092 ῦκΑτιΑιιυιι
2691 5053 2867 5091 Αετιο.

1899 5128 1972 5182 Da
2011 5129 2159 5189 mihi,
2197 5129 2440 5191 obsecro,
2482 5128 2701 5183 Domine
2723 5128 2848 5184 Jesu
2891 5129 3122 5194 Christe,
3168 5131 3378 5186 veniam

1825 5219 2090 5289 peccatori
2123 5219 2187 5273 de
2216 5227 2303 5272 tua
2359 5219 2723 5275 misericordia
2763 5229 2870 5275 tota
2928 5223 3123 5276 mentis
3178 5237 3379 5289 prmsu—

1826 5311 1991 5364 menti
2017 5309 2313 5372 devotione,
2347 5311 2468 5380 quia
2510 5313 2822 5368 necessitate
2869 5312 3170 5382 compulsus
3219 5312 3371 5380 juxta

1826 5400 1968 5454 vires
1981 5399 2357 5471 intellegentiae
2371 5416 2520 5463 mem,
2537 5409 2588 5454 te
2601 5403 2783 5472 utique
2798 5404 3072 5472 largiente,
3089 5404 3143 5457 in
3157 5416 3376 5470 respon-

1827 5489 1901 5541 sis
1929 5503 2023 5557 pro
2051 5504 2208 5544 causa
2231 5490 2504 5545 catholicae
2531 5491 2651 5547 fidei
2678 5492 2965 5547 desudasse
2988 5508 3071 5548 me
3097 5492 3377 5560 operosius

1829 5593 2180 5647 recognosco;
2219 5580 2312 5633 sed
2341 5581 2478 5634 ultra
2515 5581 2656 5635 vires
2686 5581 2845 5634 etiam
2873 5583 3006 5636 velle
3033 5597 3116 5635 me
3138 5597 3242 5634 non
3277 5595 3370 5634 ex-

1826 5681 1954 5720 cuso
1988 5682 2224 5721 cenasse.
2255 5668 2394 5723 Nihil
2429 5678 2602 5723 tamen
2627 5669 2786 5724 habui
2820 5673 2960 5739 quod
2987 5686 3089 5723 non
3119 5686 3147 5723 a
3177 5679 3225 5722 te
3287 5686 3375 5725 ac-

1826 5760 2079 5828 ceperim.
2114 5761 2243 5814 nihil
2269 5779 2485 5831 prorsus
2509 5765 2710 5830 accepi,
2753 5765 2894 5832 quod
2932 5779 3035 5818 non
3082 5773 3226 5817 tuum
3281 5765 3371 5816 sit.

1823 5845 1990 5902 Tuum
2017 5859 2118 5908 est,
2163 5851 2401 5913 Domine,
2440 5865 2595 5906 unum
2620 5853 2759 5916 quod
2795 5854 3052 5924 optimum
3081 5864 3180 5914 est,
3223 5859 3279 5908 et
3307 5854 3424 5908 de"
