3926 6422
597 460 703 515 ‘67

1523 459 1581 513 S.
1621 461 1888 516 PAULINI
1924 461 2394 528 AQUILEIENSIS
2431 461 2890 518 PATRIARCHE

3701 462 3808 516 468

600 579 685 622 tua
710 569 1048 638 benignitatis
1075 568 1370 635 suscepisse
1397 567 1746 622 mecoafiteor
1763 583 1941 622 manu.
1969 569 2140 624 Omne
2166 576 2216 630 Α
2243 571 2425 626 inculti
2455 569 2756 641 frugalitate
2783 569 3066 625 frustratus
3102 586 3208 624 non
3247 571 3538 639 deliquisse
3574 587 3662 625 me
3715 585 3810 638 po-

574 657 734 725 'quod
771 659 965 712 bonum
1013 667 1066 711 et
1101 656 1356 726 Optimum
1406 665 1508 720 est,
1548 665 1697 710 tuam
1752 658 1935 725 procul
1981 659 2142 713 dubio

593 761 708 799 esse
733 762 836 800 non
867 747 1142 817 ignoratur
1178 763 1190 798 ε
1225 753 1498 813 totumque
1539 746 1680 812 quod
1715 760 2022 814 perversum
2055 748 2140 800 in-

593 834 916 904 dignumque
943 836 1232 902 inspicitur,
1278 849 1452 888 meum
1484 835 1829 887 nihilominus
1876 849 1992 888 esse
2035 850 2141 889 non

595 925 914 989 am'igetur.
965 923 1072 978 Cur
1109 939 1212 976 non
1245 932 1392 976 tuum
1441 931 1523 976 est
1550 937 1708 976 omne
1753 923 1891 990 quod
1947 923 2142 978 habere

591 1013 791 1075 videor,
821 1001 942 1067 cum
990 1030 1088 1083 ego
1119 1015 1230 1082 ipse
1269 1028 1374 1065 non
1395 1013 1496 1066 siin
1549 1027 1717 1075 meus,
1759 1013 1967 1080 meique
2001 1012 2144 1079 juris

590 1106 908 1172 possessor?
945 1106 1114 1158 Tuum
1139 1106 1281 1158 enim
1315 1105 1621 1174 figmentum
1657 1120 1796 1168 sum,
1827 1105 1951 1159 licet
1980 1106 2140 1158 inuti-

591 1193 660 1248 lis
684 1197 948 1258 servulus,
973 1197 1094 1263 quia
1132 1204 1249 1263 post
1272 1195 1592 1262 captivitatis
1631 1196 1900 1248 miseriam
1947 1179 2141 1264 magno

590 1297 677 1335 me
714 1283 886 1349 pretio
914 1284 1167 1348 redimisti
1211 1285 1498 1351 :quouiam
1547 1283 1841 1337 dulcedinis
1873 1293 1975 1337 tua:
2029 1284 2140 1336 cle-

591 1372 804 1424 mentia:
830 1373 879 1425 vi
911 1371 1067 1424 validi
1101 1373 1345 1440 exigente
1380 1374 1575 1441 vigoris
1619 1374 1848 1441 pretium
1900 1388 1997 1442 pro
2057 1389 2141 1428 me

589 1469 737 1514 tuum
773 1463 1081 1529 sanguinem
1111 1461 1330 1515 fundere
1361 1478 1465 1514 non
1494 1462 1768 1514 liorruisti.
1797 1461 1964 1515 Porro
2005 1463 2049 1515 si
2085 1463 2138 1516 in

586 1549 745 1617 hujus
767 1551 965 1619 negotii
981 1551 1239 1618 qualitate
1252 1550 1379 1604 utile
1395 1550 1520 1617 quid
1545 1566 1574 1602 a
1598 1565 1862 1618 quoquam
1889 1550 2138 1604 arbitrari

583 1641 955 1708 suspicarique
981 1649 1177 1708 potest,
1210 1655 1311 1693 non
1357 1649 1437 1692 est
1485 1640 1739 1692 attributa
1783 1640 1914 1693 mibi
1961 1656 2026 1693 ex
2075 1655 2140 1694 eo

584 1728 848 1798 gloriandi
883 1726 1126 1792 facultas,
1162 1730 1252 1781 scd
1281 1729 1612 1782 tiLiDomiuo
1630 1729 1885 1782 bonorum
1901 1729 2139 1782 omnium

583 1815 823 1884 largitori
862 1818 1151 1883 gratiarum
1194 1817 1364 1870 modis
1387 1819 1632 1870 omnibus
1671 1818 1980 1872 exhibendae
2019 1829 2144 1872 sunt

2242 660 2386 714 nitus
2408 675 2512 713 non
2537 674 2753 713 excuso.
2779 659 2992 729 Ignosce
3017 674 3148 726 ergo
3181 659 3311 712 milii
3339 659 3554 712 bonitas
3569 658 3806 722 infinita,

2240 746 2360 802 fons
2391 748 2599 816 pietatis
2642 749 2912 801 immensa:
2944 749 3120 818 168,
3149 749 3374 815 abyssus
3414 747 3809 800 niiserimrdite

2239 837 2383 891 nullo
2409 837 2637 890 termino
2669 836 2963 906 praelinitw,
2985 836 3111 890 Jesu
3145 836 3354 890 Christe
3381 837 3610 889 Domine
3638 836 3804 900 Deus,

2239 929 2328 994 qui
2352 943 2470 981 cum
2497 927 2655 982 Patre
2682 937 2736 982 et
2763 927 2962 996 Spiritu
2991 936 3175 981 sancto
3202 927 3338 981 vivis
3360 937 3415 979 et
3437 942 3630 995 regnas
3660 927 3808 979 Deus

2240 1020 2292 1072 in
2324 1018 2582 1072 Trinitate
2625 1017 2853 1088 perfecta
2894 1034 2990 1086 per
3015 1026 3206 1072 cuneta
3238 1027 3292 1070 et
3317 1019 3454 1070 ultra
3485 1027 3544 1072 et
3591 1017 3807 1071 inﬁnita

2240 1105 2432 1158 smcula
2457 1105 2789 1159 seculorum.
2831 1105 2998 1156 Amen

2775 1210 2950 1264 FRAG
2961 1210 3246 1266 MENTUM

2240 1322 2486 1392 Ερὶριοιω
2531 1323 2736 1378 Paulini
2795 1323 3105 1389 patriarcha
3153 1322 3495 1390 Aquileiensis
3526 1317 3608 1374 'dd
3634 1322 3808 1383 Caro-

2308 1393 2414 1444 lum
2441 1393 2686 1444 Mannum
2717 1393 2778 1444 de
2798 1391 2962 1444 libris.
2989 1407 3115 1444 auos
3137 1392 3382 1444 adversus
3416 1389 3644 1444 Felicem
3693 1392 3808 1444 eni-

2309 1407 2414 1445 tum
2441 1407 2686 1461 magnum
2717 1407 2778 1444 ac
2798 1407 2962 1454 noris,
2989 1407 3115 1460 quos
3137 1407 3382 1444 adversus
3416 1407 3644 1444 renum
3693 1408 3809 1461 epi-

2309 1478 2490 1529 copum
2506 1462 2730 1530 scripsit.

2310 1551 2432 1605 Haec
2457 1553 2650 1620 quippe
2691 1551 2936 1619 specialia
2983 1565 3198 1618 precum
3251 1565 3493 1603 mearum
3539 1549 3804 1603 libamina

2241 1639 2579 1708 singulariter
2601 1639 2831 1708 pectoris
2863 1640 2963 1692 mei
3007 1640 3294 1706 purissima
3338 1639 3607 1692 incitante“
3637 1637 3806 1691 devo-

2241 1729 2386 1781 tione
2414 1729 2465 1781 in
2493 1737 2777 1795 conspectu
2811 1729 3090 1781 orthodoxi
3127 1727 3384 1796 principis
3413 1736 3681 1792 terra-que
3705 1724 3805 1777 do-

2243 1820 2371 1872 mini
2397 1819 2669 1886 prmlibare
2697 1817 2921 1871 festino:
2951 1828 3212 1887 quatenus
3236 1819 3336 1871 lioc
3378 1829 3620 1870 nostrum
3674 1817 3802 1869 licet

584 1907 841 1958 actiones.
875 1905 1002 1970 Quae
1032 1923 1156 1960 vero
1185 1907 1391 1960 inutilia
1437 1908 1681 1974 iueptave
1738 1908 1791 1960 in
1838 1908 1922 1961 bis
1975 1909 2140 1978 inspi-
2171 1913 2215 1970 Β
2243 1922 2344 1958 non
2373 1906 2690 1974 pretiosum,
2717 1907 3065 1974 quodcunque
3100 1915 3277 1957 tamen
3316 1903 3713 1965 munusculum,
3734 1901 3802 1955 ad

584 1991 799 2044 ciuntur
830 1993 1049 2056 inserta,
1091 2010 1220 2047 mea:
1248 2002 1455 2047 constat
1485 1994 1720 2049 stultitiae
1737 1997 1937 2064 absque
1977 1997 2138 2052 dubio

582 2084 955 2150 reputantium.
982 2083 1160 2151 Neque
1197 2085 1337 2137 enim
1383 2093 1604 2152 possunt
1659 2086 1771 2140 lucc
1819 2088 2136 2155 ineulpanda

585 2187 692 2226 non
728 2174 912 2231 videri,
947 2176 990 2226 si
1030 2174 1104 2226 tui
1143 2173 1340 2228 fuerint
1383 2177 1644 2230 examinis
1694 2179 1940 2232 subtilius
1988 2179 2139 2234 lance

583 2261 799 2316 librata.
832 2263 936 2318 Sed
959 2278 1156 2330 quaeso,
1183 2274 1239 2317 ut
1266 2266 1574 2320 dessimules
1597 2267 1729 2320 iram
1772 2279 1990 2336 propter
2025 2285 2138 2337 pa:-

587 2351 902 2415 nitenliam,
956 2361 1023 2431 et.
1058 2353 1366 2422 imperfecta
1421 2355 1532 2410 lucc
1593 2364 1682 2410 tuo
1733 2373 1892 2426 parce
1932 2358 2136 2426 judicio

583 2438 867 2503 ventilare,
902 2442 986 2495 cui
1009 2443 1168 2494 etiam
1199 2441 1428 2510 perfecta
1463 2459 1566 2497 non
1593 2445 1770 2498 valent
1798 2447 2133 2515 irrcprelien-

583 2527 758 2580 sibilia
795 2541 818 2568 ει
846 2545 950 2590 non
976 2530 1161 2583 videri.
1193 2531 1249 2584 lu
1271 2546 1336 2584 eo
1359 2532 1519 2599 igitur
1547 2533 1659 2599 spei
1717 2531 1904 2586 ﬁducia
1932 2535 1984 2586 in
2012 2535 2132 2587 sinu

581 2616 850 2672 inviolata:
882 2620 1000 2672 lidei
1035 2635 1165 2673 mea:
1203 2621 1371 2674 artius
1397 2622 1737 2690 tenaciusque
1789 2624 2015 2690 reposita
2047 2640 2132 2678 cu-

581 2707 828 2768 stoditur,
858 2710 980 2776 quia
1013 2723 1115 2762 non
1174 2726 1258 2763 me
1307 2712 1541 2779 perﬁdia!
1593 2713 1888 2780 pervicacia
1940 2715 2135 2778 recolo,

582 2796 628 2852 si
657 2809 892 2852 erratum
921 2807 1022 2861 est,
1051 2800 1359 2864 aberrasse;
1414 2803 1505 2856 sed
1545 2802 1854 2869 ignot'antia:
1885 2803 2018 2857 forte
2056 2805 2137 2857 in-

573 2889 911 2942 ‘tervenientc
937 2889 1117 2943 nubilo
1148 2888 1200 2942 in
1225 2889 1356 2942 artis
1381 2891 1591 2958 peritia,
1633 2891 1746 2944 sive
1783 2891 1836 2944 in
1876 2891 2137 2944 sermonis

2240 2009 2428 2046 manus
2464 1994 2874 2048 reverentissimi
2906 1994 3022 2052 viri,
3047 2002 3096 2046 et
3150 1993 3202 2044 in
3233 1993 3427 2045 divinis
3450 1993 3609 2044 rebus
3661 1989 3806 2058 peri-

2239 2083 2431 2136 tissimi
2459 2092 2512 2136 et
2538 2083 2800 2150 prmclari,
2828 2081 3003 2135 Albini
3031 2082 3233 2134 scilicet
3255 2095 3477 2133 summa:
3526 2081 3803 2146 religionis

2236 2175 2488 2244 przecipui
2514 2175 2742 2226 oratoris
2769 2173 2951 2234 vestri,
2985 2173 3220 2238 mibiiue
3259 2186 3419 2238 super
3467 2171 3646 2222 omnia
3704 2168 3803 2220 tia-

2237 2264 2479 2318 ventium
2507 2261 2746 2316 favorum
2777 2261 3062 2314 dulcissimi
3092 2260 3269 2322 mella,
3309 2260 3660 2325 urguentibus
3703 2272 3800 2310 ve-

2243 2353 2370 2406 stris
2397 2353 2553 2405 ciUus
2614 2351 2930 2404 venerandis
2980 2349 3216 2417 imperiis
3265 2346 3556 2400 deferatur.
3609 2347 3802 2402 Nescio

2244 2442 2420 2512 plane,
2444 2443 2486 2496 si
2508 2442 2706 2510 possint
2752 2441 3066 2510 quandoque
3122 2440 3172 2491 in
3217 2439 3320 2491 alio
3373 2439 3487 2491 huic
3545 2447 3801 2505 congesta

2246 2536 2533 2598 volumine,
2585 2533 2870 2588 inviolabili
2919 2532 3166 2586 charitati
3218 2531 3358 2583 illius
3411 2532 3546 2583 meis
3593 2530 3802 2582 viribus

2247 2626 2538 2694 impertire.
2567 2625 2678 2677 Non
2701 2623 2842 2691 quod
2864 2623 2945 2675 bis
2970 2623 3057 2675 ille
3089 2623 3350 2690 indigeat;
3377 2622 3470 2674 sed
3494 2629 3552 2672 ut
3605 2635 3675 2671 ex
3717 2619 3800 2672 bis

2245 2714 2440 2768 clarius
2462 2715 2614 2767 detur
2636 2711 2868 2779 intellegi
2911 2711 3060 2778 cujus
3105 2707 3405 2761 dilectionis
3450 2717 3504 2760 et
3550 2705 3801 2758 amicitia:

2236 2817 2360 2872 erga
2387 2817 2506 2855 eum
2531 2802 2671 2869 pleni
2703 2815 2900 2854 amoris
2921 2799 3141 2852 dulcedo
3155 2813 3272 2850 meo
3292 2810 3508 2864 semper
3539 2797 3592 2848 in
3615 2801 3799 2864 pecto-

2239 2907 2298 2946 re
2325 2892 2644 2960 quantocius
2675 2890 2908 2944 suaviter
2932 2897 3177 2958 saporata
3191 2887 3480 2942 dulcescat.

650 3032 677 3062 ι
703 3022 1235 3093 Velreprehensibilia
1269 3021 1567 3090 legendum,
1593 3021 1674 3075 vel
1701 3007 2166 3106 irreﬁrelieiisibilia
2196 3020 2376 3083 videri,
2405 3018 2579 3074 ablato
2607 3035 2731 3072 non.

597 3159 944 3175 *-

826 3153 3794 3446 ζιζΜῆ

1205 3626 1774 3738 CARMEN
1859 3624 2036 3732 DE
2121 3621 2667 3733 REGULA
2749 3620 3164 3730 FIDEI.

717 3893 825 3960 Te,
852 3893 1013 3947 Pater
1037 3888 1371 3956 omnipotens
1391 3924 1406 3948 ,
1455 3863 1707 3938 mundum
1754 3881 1843 3951 qui
1887 3880 2005 3933 luce
2045 3894 2139 3947 gu-
2165 3861 2214 3923 C

1807 3967 1827 4038 [
1843 3968 2032 4020 bernas
2047 4005 2061 4029 ,

717 4072 786 4127 Et
814 4079 863 4124 te
881 4111 894 4133 ,
921 4068 1054 4122 Nate
1077 4067 1202 4128 Dei,
1227 4063 1346 4118 θα·ιί
1373 4060 1461 4128 qui
1489 4057 1660 4111 sidera
1691 4063 1922 4122 torques,
1957 4121 1962 4126 ἦ

719 4159 928 4226 Teque,
957 4171 1106 4210 sacer
1133 4153 1377 4213 Flamen,
1407 4161 1585 4202 rerum
1628 4144 1929 4197 mederator
1952 4153 2006 4196 et
2042 4158 2138 4196 au-

1880 4231 2028 4302 [ctor
2047 4271 2062 4293 ,

718 4337 1000 4392 Etcrnum
1033 4333 1336 4398 trinumque
1356 4327 1518 4380 Deum
1546 4330 1861 4377 veneranter
1882 4329 1936 4373 et
1971 4335 2133 4373 unum

641 4431 680 4486 5
716 4428 982 4484 Confiteor
1011 4424 1190 4484 labiis,
1224 4421 1376 4490 pleno
1409 4419 1500 4471 sed
1530 4423 1744 4485 pectore
1767 4412 1944 4466 credo.

721 4519 779 4571 in
805 4526 854 4568 te
882 4514 1038 4568 credo
1066 4510 1297 4570 Patrem,
1321 4520 1439 4558 cum
1468 4518 1572 4570 quo
1611 4502 1750 4554 Deus
1780 4499 1932 4552 unica
1959 4496 2132 4566 proles

719 4610 951 4678 ltegnat,
993 4611 1045 4657 et
1090 4598 1425 4667 omuipo.ens
1465 4607 1586 4648 cum
1633 4605 1740 4659 quo
1791 4590 1928 4642 Deus
1967 4588 2131 4678 unica

1833 4676 1850 4748 [
1868 4675 2060 4745 proles.

717 4787 833 4841 Non
877 4794 988 4838 tres
1015 4796 1142 4850 ergo
1167 4780 1330 4839 Deos,
1373 4774 1539 4835 absit,
1569 4772 1662 4826 sed
1707 4768 1941 4824 sanctius
1969 4780 2132 4818 unum

716 4878 885 4932 Corde
911 4858 1074 4928 eum
1102 4871 1280 4930 credo,
1317 4865 1470 4920 labiis
1496 4879 1600 4917 non
1629 4876 1779 4916 cesso
1807 4858 1959 4912 fateri
1985 4874 1998 4909 :

622 4970 684 5022 t0
721 4968 819 5033 Qui
843 4978 1052 5034 semper
1090 4952 1643 5025 sumiuushperfeetus
1663 4966 1871 5018 semper
1895 4957 1948 5002 et
1973 4946 2131 5007 altus,

721 5056 878 5113 Solus
899 5066 952 5110 et
995 5056 1105 5123 ipse
1136 5061 1322 5121 potens
1365 5047 1534 5100 tritius
1564 5043 1799 5114 persistit
1823 5052 1877 5096 et
1906 5055 2062 5095 unus.

717 5151 982 5205 Personas
1010 5159 1228 5197 numero
1269 5140 1536 5208 distinguo
1565 5136 1788 5202 denique
1827 5133 1992 5192 trino,

721 5239 976 5292 Naturam
1007 5233 1149 5286 nullo
1177 5231 1350 5300 patior
1377 5229 1611 5283 diviJere
1640 5231 1813 5292 pacto.

719 5327 775 5381 lu
799 5327 994 5379 deizale
1029 5323 1241 5392 quidem
1272 5319 1494 5388 simplex
1525 5313 1753 5369 essentia
1782 5317 2027 5372 constat;

625 5417 686 5471 l5
722 5416 776 5469 lu
807 5412 1064 5468 Ti'inizate
1094 5414 1270 5474 manet
1308 5406 1400 5459 sed
1442 5399 1785 5458 subsistentia
1817 5396 2026 5465 triplex.

723 5505 838 5560 Non
870 5504 1009 5558 buuc
1052 5514 1169 5554 esse
1198 5497 1442 5558 Patrem,
1497 5490 1728 5546 sobolem
1767 5501 1928 5558 quam
1976 5485 2137 5539 credo

1734 5577 2027 5650 [tonantem
2050 5613 2063 5637 ,

723 5684 826 5740 Sed
859 5683 960 5739 hoc
984 5695 1102 5736 esse
1146 5677 1393 5739 Patrem,
1432 5685 1696 5729 summum
1736 5667 1876 5738 quod
1917 5679 2140 5735 germen

1845 5757 1864 5826 [
1880 5758 2060 5810 adoro.

2164 5374 2216 5440 D

2379 3879 2446 3932 Et
2474 3893 2580 3932 non
2627 3877 2716 3945 qui
2747 3875 2988 3939 Genitor,
3016 3872 3344 3940 Genitusque
3394 3881 3512 3934 est,
3567 3870 3798 3941 Spiritus

3456 3961 3577 4032 [hic
3605 3972 3688 4016 est
3710 3979 3724 4025 ;

2378 4056 2484 4112 Sed
2519 4055 2619 4111 ltoc
2644 4055 2787 4124 quod
2805 4052 3045 4115 Genitor,
3068 4051 3398 4120 Genitusquc
3426 4060 3527 4114 est,
3565 4051 3798 4120 Spiritus

3457 4139 3594 4210 [hoc
3622 4148 3707 4194 est

2271 4243 2341 4297 ΞΟ
2375 4241 2589 4310 Virgine
2619 4241 2683 4293 de
2711 4253 2885 4300 sacra,
2915 4244 3098 4289 sancto
3128 4235 3192 4287 de
3226 4232 3466 4285 Flamiue
3497 4241 3686 4283 natum

2379 4334 2549 4390 Credo
2580 4333 2670 4386 Dei
2700 4331 2934 4401 genitum
2968 4347 2978 4380 :
3006 4328 3180 4396 lingua
3208 4325 3435 4379 decanto
3467 4321 3609 4374 fideli
3630 4361 3644 4383 ,

2376 4425 2634 4492 Tempore
2675 4421 2772 4474 sub
2802 4427 2947 4473 certo
2977 4428 3180 4484 tempus
3204 4416 3295 4482 qui
3334 4413 3575 4466 condidit
3617 4423 3792 4472 omne,

2374 4513 2572 4567 Lucida
2611 4509 2831 4578 rorigeri
2875 4506 2993 4560 (τωΙί
3022 4505 3110 4572 qui
3150 4509 3410 4570 temperat
3437 4510 3581 4553 astra
3604 4540 3620 4563 ,

2377 4601 2476 4667 Qui
2519 4608 2768 4669 pontum,
2803 4606 3103 4664 terramque
3126 4632 3140 4656 ,
3179 4590 3356 4663 polum
3379 4630 3394 4654 ,
3439 4591 3529 4657 qui
3562 4589 3792 4641 maxima

3499 4675 3721 4747 [mundi

2273 4776 2342 4830 25
2378 4773 2602 4829 Climata
2636 4770 2928 4842 quatrilidi,
2953 4777 3159 4822 montes
3185 4766 3452 4834 collesque
3490 4766 3720 4827 creavit;

2377 4863 2620 4918 Aitheris
2641 4871 2799 4928 atque
2827 4859 2972 4912 liumi
2998 4857 3161 4910 cludit
3185 4856 3273 4923 qui
3291 4854 3486 4907 limina
3517 4869 3694 4924 pugno

2377 4953 2633 5007 Articulis
2661 4950 2814 5003 trinis
2839 4949 3003 5001 vastis
3037 4961 3156 4999 cum
3202 4945 3394 4998 linibus
3431 4945 3620 5008 orbem

2374 5044 2668 5101 Prazlibrat,
2701 5047 2752 5092 et
2777 5038 2940 5091 latum
2973 5022 3148 5104 palmo
3176 5036 3389 5087 metitur
3419 5033 3733 5102 Olympum:

2375 5131 2577 5187 Saicula
2608 5129 2878 5199 pnecedit,
2906 5126 3031 5178 fecit
3055 5125 3144 5192 qui
3185 5121 3376 5177 szecula
3402 5131 3594 5174 cuncta

2268 5229 2338 5283 30
2372 5224 2524 5280 Hunc
2547 5213 2704 5276 Pater
2728 5219 3063 5286 omnipotens
3084 5211 3568 5269 tiuctumJordanis
3588 5213 3639 5265 in
3653 5211 3786 5265 unda

2375 5316 2625 5370 Protinus
2651 5326 2717 5364 ex
2751 5309 2859 5362 alto
2889 5315 3105 5360 sanctus
3127 5320 3246 5359 eum
3271 5303 3504 5370 Spiritus
3533 5302 3667 5356 alba:

2373 5406 2594 5462 Ctelitus
2629 5403 2684 5455 in
2711 5400 2885 5469 specie
2921 5397 3192 5452 descendit
3231 5407 3459 5462 namque
3502 5391 3784 5456 columbae,

2377 5496 2609 5564 Baptista
2640 5489 2852 5546 sibimet
2893 5501 3082 5556 magno
3103 5482 3393 5538 famulante
3417 5480 3650 5543 Joanne,

2376 5586 2655 5643 Dilectum,
2687 5578 3090 5649 propriumque,
3117 5573 3260 5643 pium
3282 5612 3296 5635 ,
3328 5571 3643 5638 dulcemque
3687 5565 3786 5621 To-

3131 5683 3140 5687 ·
3467 5658 3487 5732 [
3505 5665 3713 5714 nantem

2271 5767 2338 5820 55
2375 5765 2504 5821 Esse
2527 5776 2681 5818 suum
2716 5757 2962 5815 Genitum
3001 5762 3184 5810 sancto
3220 5751 3472 5806 discrevit
3509 5749 3576 5804 ab
3603 5760 3710 5801 ore.
