3926 6422
161 524 272 588 469
1279 517 1549 574 CARMEN
1592 505 1676 569 DE

1793 514 1988 569 ZCULA
2027 513 2220 568 FIDEL
3245 509 3343 565 ‘70

306 636 590 707 Splendida
606 633 905 704 llorigcram
917 634 1084 687 nubes
1103 649 1224 686 cum
1253 634 1490 700 cingeret
1513 628 1706 698 alpem,
1735 635 1780 686 Α
1948 626 2220 691 lmpietate
2244 624 2404 693 jacet,
2434 625 2532 677 sub
2559 624 2774 676 vulnere
2802 637 2991 692 preme.

307 725 459 780 Esset
486 732 540 778 et
581 726 634 776 in
669 737 872 777 summa
903 721 1092 775 secreti
1131 721 1324 773 montis
1349 719 1399 771 in
1437 732 1559 771 arce
1579 756 1593 779 ,
1667 713 1680 722 ’
1947 715 2132 767 Arrius
2157 713 2208 765 in
2236 714 2460 772 foveam,
2484 710 2612 765 fodit
2641 725 2796 780 quam
2824 709 3054 778 perfidus
3080 708 3209 778 ipse,

308 812 588 881 Discipulis
607 827 725 864 cum
744 825 968 878 namq-2e
998 810 1164 861 tribus
1189 805 1499 872 famulisque
1514 803 1716 857 duobus
1844 803 1913 859 95
1949 803 2179 863 Corruit,
2209 810 2405 854 aeterna
2438 802 2716 853 damnatus
2741 809 2893 853 nocte
2921 799 3160 852 tabescit.

310 899 508 954 Unicus
544 900 814 952 altithroni
846 898 1099 951 cmlorutn
1144 895 1307 964 gloria
1341 892 1495 946 Jesus
1952 894 2240 947 Eunomius
2278 892 2463 959 laqueo
2489 905 2616 962 sese
2649 891 2920 958 suspendit
2950 890 3000 942 in
3042 891 3167 953 alto,

201 986 273 1040 ιο
309 985 378 1040 Ut
413 987 540 1040 solis
568 987 745 1038 radius
776 983 935 1036 facies
971 983 1088 1050 plus
1116 983 1333 1050 pulchra
1365 978 1612 1048 refulget,
1840 1010 1868 1029 κ
1952 981 2055 1035 Per
2104 979 2332 1034 medium
2359 981 2582 1048 crepuit,
2611 981 2743 1047 picei
2774 981 2896 1046 petit
2940 981 3041 1031 ima
3087 976 3352 1046 profundi.

308 1071 519 1128 Candor
545 1083 602 1125 ut
639 1073 757 1125 allia
803 1073 938 1124 nivis
965 1073 1126 1124 vestis
1165 1072 1444 1132 radiabat,
1485 1079 1539 1125 ct
1593 1083 1718 1123 ecce
1953 1070 2386 1138 Perflditejaculo
2412 1071 2620 1138 propria
2663 1084 2717 1123 se
2746 1069 2967 1136 perculit
2999 1069 3140 1121 ttlna.

305 1161 539 1226 Intonuit
564 1179 663 1216 vox
698 1162 802 1215 altu
835 1162 922 1214 Dt-i
961 1163 1024 1214 de
1049 1163 1186 1213 nube
1212 1176 1397 1214 serena
1419 1201 1433 1223 ,
1575 1159 1594 1164 ”
1955 1157 2228 1212 Nestorius
2256 1160 2468 1211 demens
2494 1157 2704 1228 S;vgias
2732 1158 2999 1212 descendit
3020 1157 3082 1209 ad
3111 1159 3355 1220 umbras,

310 1254 446 1307 Aera
486 1269 581 1322 per
607 1267 850 1311 vacuum,
885 1261 1094 1304 teneras
1121 1251 1383 1303 transfusa
1427 1266 1520 1317 per
1540 1265 1716 1312 auras,
1821 1250 1919 1304 100
1954 1248 2202 1303 Cunceris
2236 1256 2293 1300 ut
2332 1249 2494 1315 pestis
2519 1249 2818 1301 Macedonia
2848 1249 3086 1315 dogmata
3124 1258 3357 1313 serpent,

311 1343 456 1396 Talia
488 1342 754 1396 tnellilluis
795 1342 1057 1408 depromit
1097 1341 1284 1409 gaudia
1321 1341 1509 1394 dictis:
1961 1335 2060 1390 Pro
2093 1337 2284 1404 quibus
2321 1338 2559 1390 ambusta
2596 1336 2928 1390 Macedonius
2964 1337 3114 1389 ardet
3156 1336 3206 1388 in
3235 1336 3356 1389 olla.

201 1431 273 1486 45
310 1432 407 1486 llic
434 1447 582 1485 meus
607 1441 710 1494 est,
738 1433 928 1498 inquit,
959 1431 1183 1483 dilectus
1212 1429 1377 1482 Filius
1404 1445 1540 1483 unus
1564 1447 1577 1482 :
1959 1425 2224 1493 Eutychos
2247 1424 2422 1478 infelix
2453 1439 2512 1478 ex
2541 1425 2681 1478 omni
2716 1435 2865 1492 parte
2906 1423 3161 1477 nefandus

312 1519 464 1572 Hunc
505 1519 698 1571 audite.
733 1519 922 1571 Datum
964 1519 1063 1571 huc
1091 1526 1172 1569 est
1202 1517 1441 1570 mirabile
1481 1518 1720 1585 signum,
1965 1515 2111 1568 Trita
2141 1529 2337 1567 venena
2378 1515 2534 1577 bibit,
2581 1515 2790 1568 sibituet
2834 1529 2951 1581 qum
2999 1514 3206 1567 miscuit
3235 1514 3364 1581 ipse.

310 1606 459 1672 Quod
478 1607 787 1674 Deusatque
809 1607 964 1659 homo
977 1605 1218 1659 Christus
1237 1606 1305 1659 sit
1325 1620 1481 1660 verus
1500 1604 1722 1658 etaltus.
1963 1603 2188 1658 Pestifer
2223 1604 2308 1656 ille
2335 1593 2524 1666 mauis,
2563 1613 2726 1657 totum
2755 1619 2909 1671 quem
2938 1603 3166 1671 possidet
3195 1617 3366 1666 error,

311 1694 478 1748 Filius
499 1695 584 1747 ille
613 1696 702 1748 Dei
731 1704 927 1771 sancta‘
953 1694 1017 1748 de
1048 1695 1249 1765 virgine
1278 1704 1454 1748 natus.
1829 1695 1928 1748 l05
1965 1693 2273 1762 Sulphurea:
2303 1693 2477 1748 fumus
2505 1694 2700 1748 confiat
2726 1695 2840 1749 sine
2869 1694 2972 1748 fine
3004 1695 3276 1762 gcltennzn,

315 1783 572 1850 Arguitur
594 1783 717 1836 hinc
746 1801 757 1834 :
791 1781 922 1834 forte
946 1783 1132 1836 Petrus
1155 1785 1253 1836 hac
1290 1796 1416 1835 voce
1443 1783 1662 1835 docetur
1967 1780 2115 1833 llautl
2145 1795 2298 1834 secus
2344 1781 2622 1834 horrisono
2654 1797 2948 1850 spurcaque
2984 1781 3243 1835 Sabellius
3279 1795 3374 1834 ore

209 1871 278 1925 50
316 1871 430 1924 Non
463 1872 702 1924 homines
724 1886 933 1939 requare
975 1872 1100 1933 Deo,
1143 1871 1460 1940 dominoque
1489 1870 1727 1923 clientes.
1970 1871 2314 1940 Blaspbemus
2363 1871 2612 1940 ignivomi
2659 1871 2841 1942 Cocyti
2890 1881 3063 1940 gemet
3115 1879 3265 1924 ustus
3309 1871 3377 1925 ab

315 1959 439 2014 Haec
477 1969 560 2012 est
582 1975 704 2013 vera
729 1960 879 2020 fides,
910 1960 1103 2028 frangit
1131 1977 1250 2028 qua:
1285 1960 1417 2014 colla
1456 1959 1728 2027 chelydri;
1765 1943 1807 2000 Β
2253 1971 2256 1973 ‘
3114 1956 3305 2029 [unda.

316 2048 441 2103 llwc
463 2049 714 2102 mundum
746 2049 924 2105 vincit,
950 2049 1150 2116 peccati
1177 2049 1395 2102 erimina
1427 2047 1591 2109 tollit;
1971 2050 2079 2104 llos
2104 2051 2298 2102 etenim
2336 2058 2659 2117 cunctosque
2701 2049 2856 2102 simul
2891 2049 2980 2116 qui
3012 2049 3241 2103 nominis
3288 2049 3380 2103 alti

318 2138 431 2194 llac
463 2138 651 2192 Petrus
689 2138 740 2191 in
772 2138 902 2192 clavi
934 2119 1189 2191 emlorum
1230 2137 1408 2190 limina
1456 2135 1637 2204 pandit
1971 2137 2245 2193 Obsistuut
2277 2138 2442 2190 sacris
2483 2142 2700 2191 contuso
2729 2146 2942 2206 pectore
2974 2134 3138 2203 jussis
3169 2153 3182 2189 :

316 2227 494 2281 Aurea
533 2226 788 2281 ruricolas
823 2240 1066 2280 reserans
1088 2225 1150 2278 ad
1194 2241 1352 2289 regna
1383 2224 1670 2292 phalanges
1838 2228 1938 2283 110
1979 2227 2077 2294 Qui
2113 2228 2304 2297 Regem
2334 2227 2566 2280 Sal:ao:h
2609 2227 2778 2280 fallaci
2820 2227 2968 2280 fauce
3006 2226 3285 2291 lacessunt,

211 2321 280 2377 55
320 2319 499 2382 Mittit,
529 2328 581 2372 et
610 2319 693 2372 his
719 2319 884 2372 nivea:
908 2317 1170 2386 depromit
1213 2317 1402 2384 gaudia
1425 2316 1563 2368 vitm.
1978 2319 2042 2372 Et
2075 2319 2349 2372 Dominum
2378 2316 2644 2371 Christum
2682 2326 2860 2370 natum
2891 2315 2954 2370 de
2983 2315 3185 2384 virgine
3210 2330 3382 2379 sacra,

318 2410 609 2478 Agniculos
629 2409 750 2462 allio
777 2417 987 2460 teneros
1012 2423 1130 2460 cum
1159 2407 1350 2459 vellere
1381 2414 1534 2458 natos
1977 2408 2215 2463 Flumine
2255 2408 2321 2463 de
2366 2415 2550 2462 sancto
2576 2447 2591 2472 ,
2643 2422 2955 2478 regemque,
2992 2408 3382 2476 hominemque,

325 2500 517 2554 Lactea
550 2513 644 2566 per
671 2505 880 2550 centum
909 2510 1192 2563 suspensos
1226 2495 1388 2548 ubera
1422 2482 1672 2555 matrum,
2174 2531 2178 2538 -
3012 2497 3318 2568 [Deumque

317 2589 398 2642 Ᾱέ¹
426 2604 676 2656 εθηψοδν
708 2585 957 2647 Ῑθὶηιίιῐιθν
991 2594 1140 2649 ῑυοε,
1181 2594 1488 2651 ειιιριοείιιιο
1529 2581 1739 2644 roseus.
1980 2587 2151 2642 Corde
2193 2596 2385 2658 negant
2409 2603 2605 2657 pravo,
2653 2589 2808 2641 labiis
2850 2590 3218 2656 spumantibus
3263 2591 3387 2654 actl,

321 2678 637 2734 Gramineus
671 2685 876 2746 segetes
924 2683 1141 2743 propter
1183 2680 1410 2742 myrteta
1443 2671 1676 2724 virentes
1984 2675 2296 2746 impugnare
2320 2680 2550 2739 student,
2579 2692 2732 2730 casso
2761 2679 2952 2729 sudore
2995 2677 3284 2740 latrantes,

210 2767 286 2826 δῦ
312 2769 444 2823 Lilia
477 2769 640 2822 mixta
673 2767 828 2827 rosis,
861 2765 1101 2818 florentia
1130 2778 1326 2831 pascua
1359 2761 1524 2814 frctus
1848 2764 1948 2820 115
1988 2766 2060 2819 De
2089 2766 2289 2834 gremio
2318 2767 2466 2819 avelli
2499 2777 2700 2827 sancto,
2728 2766 2791 2818 de.
2823 2780 3042 2834 corpore
3069 2767 3253 2820 matris

320 2859 554 2925 Carpere
593 2857 736 2910 mille
780 2863 960 2909 monet
988 2852 1271 2906 ruminanti
1304 2849 1454 2903 fauce
1485 2849 1740 2902 bidentes.
1987 2855 2234 2908 Ecclesia)
2257 2856 2490 2908 abscindi
2524 2857 2692 2908 cultro
2720 2857 2946 2909 decerno
2979 2854 3118 2918 ﬁdei,

323 2946 430 3001 Illic
460 2947 598 3015 piata
627 2946 815 2998 rubent
845 2957 1036 2997 croceo
1062 2943 1126 2994 de
1150 2940 1278 2992 "ore
1305 2941 1536 3000 νὶτυςῑίιῖ
1985 2941 2153 3010 Quam
2184 2943 2372 2998 Petrus
2399 2944 2697 3012 Paulusque
2739 2945 2948 3009 docent,
2973 2960 3131 3013 quant
3166 2943 3394 2998 concinit

323 3035 618 3091 Candidqu
645 3034 816 3086 rident
839 3031 1060 3100 pulchre
1099 3030 1162 3083 de
1197 3029 1434 3098 germine
1467 3028 1675 3091 cincta,
2395 3089 2400 3094 ,
3132 3031 3320 3103 [Oi-ms,

325 3125 544 3193 Frigore
575 3139 693 3192 qua:
719 3136 1009 3190 nunquam,
1035 3118 1293 3172 radionec
1314 3117 1444 3170 solis
1464 3125 1746 3182 arescunt;
1990 3124 2264 3191 Quamque
2300 3124 2431 3177 satis
2469 3124 2629 3191 prisci
2652 3122 2793 3176 clare
2834 3122 3074 3176 cecinere
3105 3123 3391 3190 propbctte.

218 3216 288 3270 65
327 3213 661 3269 Μειτεοεαιηιῑ
689 3227 956 3280 numl‘lam
987 3208 1172 3279 gelidis
1197 3206 1387 3260 ίηίθείθ
1428 3206 1651 3273 Ρ¹Ί¹ίηῖεν
1777 3258 1818 3285 η
1991 3215 2290 3270 Catholicos
2319 3225 2634 3284 sanctosque
2667 3217 2807 3270 viros
2853 3218 3140 3285 Patresque
3182 3219 3362 3272 Icatos

327 3304 438 3360 Nec
489 3303 681 3372 pluviis
730 3302 941 3370 perfusa
994 3296 1207 3368 quidem
1252 3295 1544 3349 madefacta
1597 3295 1745 3349 tabe-
1776 3295 1877 3358 υι

1854 3305 1953 3360 120
1991 3305 2278 3359 Trecentos
2306 3314 2530 3373 octoque
2557 3306 2759 3366 decen,
2792 3317 3113 3371 cunctosque
3152 3305 3396 3373 perennis

1459 3383 1673 3456 [δειιηῑῖ
1987 3394 2186 3450 Judicis
2215 3397 2496 3465 tequisoua:
2527 3395 2757 3449 cultores
2801 3409 2986 3461 nenape
3025 3394 3056 3446 fi
3083 3395 3142 3448 Tei

329 3483 433 3538 Sed
472 3497 700 3550 semper.
736 3479 1008 3543 Paradise,
1037 3488 1156 3533 tuos
1194 3477 1480 3532 redolentia
1511 3475 1750 3543 fragrant
1988 3485 2307 3552 Amplector,
2346 3486 2565 3552 placidis
2586 3485 2810 3537 strictim
2843 3483 3065 3537 feliciter
3101 3483 3256 3535 ulnis.

330 3575 518 3630 Messis
556 3575 860 3628 aromaticre
908 3572 1170 3639 permixto
1205 3570 1495 3624 chrismate
1535 3568 1745 3619 odores.
1993 3575 2149 3644 170
2175 3573 2359 3627 Nullus
2383 3575 2449 3626 ab
2477 3573 2559 3627 his
2603 3583 2794 3638 imor,
2839 3574 3014 3626 "unus
3059 3588 3141 3625 nn.
3172 3571 3399 3640 ρρε-ηάιη

330 3664 626 3733 \‘irgultum
651 3662 791 3716 foliis
830 3671 1095 3728 genunato
1126 3661 1314 3711 robore
1340 3659 1567 3726 prolunt
1592 3695 1606 3715 ,
2564 3685 2569 3691 ·
3155 3659 3238 3730 [ιιι
3263 3676 3328 3713 οπο

225 3756 296 3812 ἰο
332 3757 482 3824 Quod
529 3769 797 3822 nunquam
847 3752 984 3806 foliis
1025 3751 1293 3802 viduatum
1347 3757 1496 3816 turpe
1527 3744 1748 3808 vilescit,

1993 3755 2348 3825 Sanguivomo
2383 3754 2621 3808 absrindi
2652 3767 2903 3807 mucrone
2930 3760 3142 3808 secante
3167 3752 3394 3805 valebit:

332 3845 530 3901 Punica
559 3847 720 3900 mixta
753 3844 908 3897 simul
941 3842 1081 3896 foliis
1121 3842 1212 3895 sed
1242 3856 1393 3910 poma
1423 3845 1679 3897 νοιυιιῑίιῑ.
1855 3844 1955 3898 125
1992 3843 2224 3910 Quorum
2255 3844 2395 3896 nulla
2425 3858 2542 3895 meo
2565 3843 2759 3910 poterit
2787 3842 2849 3894 de
2884 3850 3096 3909 pectore
3135 3839 3328 3894 fatuam

333 3936 461 4003 Qua:
493 3950 702 4003 semper
734 3933 958 4000 liquidos
989 3932 1180 3984 sudant
1207 3931 1270 3982 de
1297 3928 1493 3982 cortice
1521 3940 1709 3979 succos
1735 3942 1748 3978 :
1990 3933 2212 3988 Auferre
2238 3932 2454 3993 oblivio,
2485 3942 2743 4001 pactoque
2769 3931 3029 3983 abolerier
3064 3929 3190 3982 ullo.

333 4027 732 4083 Transfumlunt
776 4023 960 4077 dulces
995 4019 1294 4075 mandentis
1324 4031 1469 4072 more
1511 4027 1749 4086 sapores.
1993 4023 2106 4077 Non
2132 4022 2240 4090 jam
2280 4022 2378 4076 sub
2411 4021 2598 4074 tabulis
2625 4020 2755 4074 dura
2799 4020 2862 4073 de
2899 4035 3025 4087 rupe
3057 4018 3239 4073 recisis

333 4116 412 4171 Ad
447 4115 653 4188 fontem.
681 4113 919 4168 salientis
949 4127 1099 4179 aquae
1128 4111 1216 4177 qui
1253 4108 1368 4159 viva
1399 4105 1594 4159 fluenta
1996 4113 2238 4181 Scalpdli
2265 4112 2415 4165 rimis
2445 4110 2657 4164 sulcatis
2685 4110 2898 4177 cuspide
2927 4109 3184 4176 sculpam,

233 4208 299 4263 75
333 4206 524 4269 Ιηηυίῐν
547 4214 600 4258 (δι
630 4220 778 4258 rores
801 4219 905 4256 uno
941 4202 1005 4254 de
1031 4200 1234 4268 gurgite
1266 4197 1410 4249 fusos
1583 4230 1589 4235 -
1724 4224 1732 4233 -
1994 4202 2099 4256 Nec
2125 4203 2334 4270 pingam
2385 4200 2548 4268 nigris
2582 4199 2786 4252 calamo
2829 4199 2891 4252 de
2925 4198 3131 4251 roribus
3179 4198 3400 4261 hausto;

337 4297 547 4352 DiviSos
572 4295 791 4362 spargit,
825 4292 1020 4362 pariles
1055 4306 1149 4359 per
1175 4297 1401 4357 quatuor
1433 4300 1616 4340 amnes
1862 4291 1959 4346 l50
1998 4290 2101 4344 Sed
2125 4289 2299 4358 potius
2330 4288 2558 4340 scribam
2587 4287 2759 4340 cordis
2793 4290 2890 4340 sub
2916 4287 3092 4356 piviu’e
3123 4287 3265 4340 lento

336 4386 592 4441 Albentes
623 4384 864 4452 perducit
889 4397 1034 4441 mres,
1067 4381 1188 4434 hinc
1219 4378 1402 4446 pocula
1431 4377 1573 4443 Cogit
1997 4381 2286 4436 lnslillaute
2310 4380 2412 4449 poli
2444 4380 2600 4432 rutilo
2638 4380 2702 4434 de
2734 4379 2961 4433 culmine
2989 4377 3134 4432 fonte

337 4477 583 4537 Sumere,
617 4475 705 4542 qui
734 4488 1000 4542 nunquam
1041 4471 1306 4539 spumanti
1344 4469 1495 4523 fauce
1519 4468 1758 4522 halantes
1998 4471 2175 4526 lufuso
2199 4469 2353 4539 stylo,
2391 4475 2507 4536 post
2537 4483 2618 4520 tne
2648 4477 2984 4520 monumenta
3016 4466 3250 4532 relinquo

335 4566 570 4620 Alterius
598 4563 757 4618 fontis
793 4563 1032 4616 sitientes
1069 4560 1278 4614 fluuiiua
1311 4569 1547 4626 poscant.
1788 4587 1839 4645 υ
2002 4561 2248 4617 Venturis
2275 4559 2554 4626 descripta.
2580 4557 2747 4610 libens
2773 4572 2874 4609 non
2900 4571 3059 4626 parco
3089 4552 3288 4610 referre

236 4654 304 4710 80
343 4653 563 4708 Percelli
603 4652 750 4719 pravi
791 4650 1023 4704 fautores
1057 4648 1317 4717 dogmatis
1336 4661 1523 4701 omnes

1997 4654 2242 4709 Carmine
2276 4653 2562 4713 succincto,
2595 4653 2697 4704 lata
2736 4652 2826 4705 sed
2855 4651 3046 4702 tuentis
3086 4660 3263 4701 avena

340 4746 546 4799 Censeo
592 4742 900 4808 falsiloquos
929 4742 1195 4809 geminato
1223 4740 1559 4791 anathemate
1589 4736 1758 4800 Pauli,
1861 4749 1883 4802 ί

1679 4737 1758 4800 lli:
1861 4747 1961 4802 ίόὕ
1997 4745 2267 4814 Ρικεςυρῑο
2294 4743 2543 4797 fundente
2569 4743 2698 4796 duas
2724 4740 3014 4794 duleedi..is
3040 4738 3229 4799 undas.

342 4835 588 4890 Doetoris
612 4833 813 4894 mundi,
843 4831 1058 4884 Galatas
1085 4846 1192 4898 quo
1214 4829 1348 4882 forte
1383 4829 1605 4882 rebelles
1997 4836 2332 4904 Amplectens
2363 4834 2584 4887 Domino
2611 4841 2794 4887 saneto
2823 4846 2955 4898 quas
2983 4829 3196 4898 protulit
3223 4840 3335 4882 ore.

343 4921 559 4976 Terruit
598 4939 610 4974 ε
644 4930 734 4972 aut
782 4921 944 4972 etiam
997 4933 1185 4971 (‘I'OCCO
1220 4917 1522 4970 succinctus
1566 4915 1763 4970 amictu
2000 4926 2230 4979 Primam
2262 4924 2366 4976 libo
2401 4923 2528 4984 Der),
2556 4922 2768 4989 collega)
2800 4920 2959 4974 reddo
2988 4917 3272 4972 secundam

343 5013 577 5081 Angelus
602 5011 650 5064 al
681 5013 856 5075 ivagas
877 5010 1115 5078 quisquis
1138 5005 1401 5076 jaculatus
1428 5008 1476 5059 in
1503 5023 1660 5060 auras

2000 5016 2222 5069 Pectore
2259 5013 2323 5067 de
2352 5029 2483 5082 puro
2524 5012 2798 5066 charitatis
2825 5012 2994 5064 victus
3029 5020 3210 5061 amore
3230 5045 3245 5071 ,

243 5104 310 5161 85
343 5104 679 5158 Grandisouo
708 5101 941 5154 referens
973 5101 1127 5153 aliter
1160 5113 1403 5152 sermone
1433 5095 1692 5163 profatur,
2000 5107 2056 5161 1n
2087 5105 2257 5174 jubgio
2295 5105 2547 5174 namque
2582 5102 2741 5155 alacri
2778 5102 2874 5154 sul,
2907 5107 3084 5152 meum:
3106 5094 3340 5164 jucunda

347 5193 518 5259 Q'tatn
556 5189 769 5244 Gabriel
801 5189 957 5257 [legis
983 5187 1227 5256 prmitixit
1268 5185 1482 5238 nuntius
1510 5182 1622 5246 al.i,
1866 5197 1888 5250 ί

1866 5196 1966 5251 HO
2003 5196 2223 5262 Semper
2249 5205 2296 5248 et
2320 5193 2605 5247 almisonas
2629 5192 2835 5246 sincero
2872 5188 3067 5242 famine
3091 5197 3289 5258 grates,

347 5282 516 5348 Quam
539 5280 719 5334 docuit
747 5279 950 5338 Petrus,
979 5277 1121 5331 Pauli
1143 5291 1300 5345 quam
1327 5273 1511 5328 scribit
1540 5273 1760 5333 arundo,

2001 5286 2217 5339 Summe
2241 5285 2332 5339 tibi
2355 5284 2592 5343 Genitor,
2621 5281 2842 5334 referam
2862 5279 2997 5333 Deus
3011 5278 3113 5331 alia
3136 5285 3407 5346 iro-cstas:

349 5371 614 5438 Quattuor
637 5376 690 5421 et
713 5382 962 5436 proceres
1003 5365 1156 5436 parili
1193 5379 1350 5433 quam
1379 5377 1507 5417 voce
1538 5361 1768 5415 fatentur

1633 5371 1768 5415 ειηυτ
2005 5374 2068 5428 Et
2097 5375 2188 5427 tibi
2226 5374 2355 5428 Nate
2382 5374 2494 5434 Dei,
2525 5372 2612 5425 lati
2638 5385 2756 5438 spes
2781 5369 2934 5423 unica
2966 5366 3143 5421 mundi
3171 5383 3183 5419 :

352 5460 520 5528 llnjus
555 5459 663 5512 erit
692 5456 849 5511 bibici
893 5454 1161 5510 feriendus
1190 5453 1424 5507 fulminis
1471 5452 1599 5505 ictu.
2004 5465 2236 5533 Spiritus
2270 5464 2407 5519 alme
2442 5461 2532 5516 ubi
2554 5501 2568 5524 ’
2596 5461 2906 5523 metuende,
2949 5459 3218 5512 "emenda
3251 5453 3408 5524 maio.

249 5547 318 5602 00
351 5547 680 5616 Principium
710 5553 868 5615 caput
913 5559 1072 5599 omne
1109 5543 1253 5606 mali,
1293 5540 1442 5596 nefas
1478 5553 1635 5594 omne
1669 5538 1768 5598 Cc-
3167 5545 3324 5616 [μηδ’

1469 5632 1702 5704 [illumIs
2003 5645 2145 5700 Fons
2172 5617 2460 5709 charitatis’.
2495 5656 2644 5695 amor
2671 5639 2838 5694 dulcis
2857 5653 3016 5708 super
3031 5636 3204 5692 omnia
3233 5634 3404 5698 mella,

355 5727 645 5782 Ultricibus
672 5725 828 5779 fomis
856 5723 1081 5778 flammis
1105 5720 1330 5778 infertur
1351 5723 1592 5777 obustos.
1870 5739 1905 5794 ιλ

1870 5736 1972 5794 115
2007 5737 2117 5792 Lux
2146 5745 2199 5791 et
2227 5736 2376 5805 origo
2405 5735 2550 5796 boni,
2577 5732 2708 5786 casti
2746 5730 2974 5800 spirator
3006 5727 3203 5782 amoris
3229 5739 3243 5778 :

353 5817 534 5874 Ιηίειίκ
582 5816 752 5873 Bllio"
780 5814 904 5870 huic
942 5830 1044 5871 ηοη
1075 5814 1254 5886 disp“
1289 5813 1340 5868 ίη
1367 5812 1508 5868 Omni
2007 5827 2107 5893 Qui
2155 5842 2259 5898 quo
2289 5826 2436 5882 vadis
2462 5834 2515 5879 et
2550 5823 2689 5880 unde
2715 5824 2862 5878 venis
2889 5821 3133 5883 nesciris,
3152 5826 3205 5873 et
3231 5816 3411 5873 orbem
