3926 6440
82 487 190 542 497

297 598 509 651 Primus
539 595 753 664 superni
791 593 1022 647 nominis
1046 590 1296 644 notitiam

232 688 383 742 Dedit
412 687 463 740 in
485 687 672 740 urbem
710 683 916 736 Marcus
949 681 1322 735 Alexandriam
1361 695 1376 732 :

233 775 434 831 Christi
461 774 657 828 dicavit
679 787 797 826 mox
831 771 902 825 ibi
937 769 1212 824 basilicam
1237 808 1252 833 ,

229 868 400 932 Quam
422 863 656 933 expiavit
692 862 925 930 pretioso
953 860 1209 927 sanguine
1238 872 1253 910 :

120 956 191 1020 50
234 954 456 1009 Vallavit
477 952 628 1006 alma:
663 951 781 1005 ﬁdei
810 950 1120 1003 munimine.

299 1043 478 1098 Gloria
507 1042 650 1096 Patri
675 1041 836 1095 decus
861 1048 914 1093 et
944 1037 1244 1106 imperium,

233 1133 316 1187 Sit
338 1132 470 1185 Nate
491 1143 700 1200 semper
724 1128 817 1182 tibi
845 1142 1005 1196 super
1029 1125 1225 1185 sidera,

231 1222 414 1277 Honor
437 1227 673 1291 potestas
704 1227 995 1286 sanctoque
1019 1215 1277 1286 Spiritui:

233 1316 317 1370 Sit
341 1315 588 1369 Trinitati
619 1314 789 1368 virtus
828 1311 1114 1392 individua:

121 1408 195 1462 55
230 1407 335 1462 Per
359 1405 565 1461 inﬁnita
585 1405 900 1460 smeulorum
927 1402 1142 1457 szeenla.

675 1492 958 1548 HYMNUS
993 1479 1096 1545 VL.

476 1577 502 1604 ι
531 1563 605 1617 De
636 1563 964 1617 Dedicatione
1002 1559 1267 1614 Ecclesia.

303 1654 458 1710 Clara
487 1653 746 1724 refulgent
771 1652 928 1720 hujus
952 1651 1132 1721 templi
1160 1649 1394 1712 culmina

238 1745 460 1801 Perfusa
489 1744 605 1800 luce
629 1742 954 1814 septiformis
981 1742 1232 1811 Spiritus,

232 1835 430 1890 Christi
459 1836 743 1889 rubescunt
771 1842 1060 1904 purpurata
1086 1834 1344 1903 sanguine

233 1926 550 1980 Perlitatorc
573 1924 790 1993 pretiosi
822 1923 1042 1978 balsami

157 2015 196 2068 5
229 2013 405 2069 Odore
435 2012 671 2084 fragrant
696 2013 868 2067 mistis
894 2013 1240 2067 aromatibus.

304 2103 424 2158 Sint
448 2117 656 2172 semper
683 2102 836 2156 istam
863 2117 1023 2172 supra
1049 2103 1285 2164 domum,
1311 2099 1550 2159 Domine.

234 2193 337 2248 Tui
360 2194 550 2262 aperti,
579 2189 946 2261 deprecamur,
975 2192 1114 2246 oculi
1147 2209 1158 2244 :

237 2269 512 2353 Auresqne
537 2291 638 2336 tua:
671 2283 778 2336 sint
805 2284 1020 2336 intenta:
1043 2281 1236 2351 jugiter

238 2375 386 2427 Diem
415 2388 511 2442 per
534 2387 767 2437 omnem,
797 2373 968 2427 noctis
997 2381 1051 2426 ct
1071 2373 1123 2426 in
1155 2380 1390 2439 tempore
1422 2390 1432 2424 :

126 2462 198 2516 10
237 2461 458 2530 Tuoque
486 2460 696 2528 se'mper
727 2475 820 2514 ore
848 2461 1144 2516 benedicta.

318 2549 437 2602 Sint
461 2549 769 2618 angelorum
797 2549 886 2604 hic
918 2549 1035 2604 alba
1065 2548 1384 2619 frequentia,

243 2642 539 2697 Descendat
568 2644 742 2698 omnis
765 2643 871 2698 iiue
897 2645 1129 2700 caelestis
1152 2644 1346 2713 gratia,

242 2729 443 2786 Dilfnsa
470 2738 657 2786 sancto
686 2731 942 2802 largiente
968 2733 1192 2802 Spiritu.

248 2821 404 2876 Vultu
432 2836 622 2877 sereno
645 2831 828 2877 sancta
855 2837 1067 2892 semper
1093 2823 1327 2878 Trinitas

134 2911 203 2964 15
240 2909 338 2966 Pio
366 2909 546 2966 favore
570 2911 812 2980 dignetur
841 2912 1123 2981 inspicere.

219 3083 228 3086 _
318 2992 497 3053 Nubes
522 3010 748 3065 saerata,
775 3015 895 3070 quae
922 3001 1158 3071 pendens
1182 3001 1418 3056 incubuit

245 3089 356 3144 Deo
377 3087 598 3156 iubente
625 3103 780 3158 supra
809 3090 1134 3159 tabernaculi

245 3178 488 3243 Tectum,
519 3180 704 3234 beatus
728 3180 868 3248 quod
892 3179 1097 3250 Moyses
1123 3182 1174 3234 in
1205 3195 1388 3236 eremo

244 3269 405 3333 Fixit,
436 3284 718 3337 precamur
746 3268 900 3354 hujus
929 3269 1060 3324 aul:e
1087 3270 1280 3324 mtenia

95 3372 324 3434 umbras
366 3380 600 3433 carceris
630 3381 993 3447 phantasticas
1021 3383 1214 3436 vocat?
1245 3383 1326 3437 An
1362 3399 1465 3438 non
1505 3399 1661 3447 verte,

93 3461 151 3504 et
183 3464 294 3503 non
331 3448 534 3519 ﬁctilia:
559 3457 692 3519 sunt
721 3449 961 3502 umbris?
986 3449 1120 3504 Puto
1153 3452 1515 3518 phantasticas
1538 3453 1662 3519 dici,

96 3519 227 3586 quia
257 3518 491 3571 tenebris
519 3515 698 3587 obsiti,
729 3527 788 3571 ut
823 3526 946 3572 sunt
971 3520 1062 3587 qui
1103 3515 1167 3572 in
1187 3522 1492 3576 carceribus
1527 3515 1663 3576 deti;

99 3596 318 3649 nentur,
333 3587 629 3656 phantasiis
643 3586 1208 3656 imaginationibusque
1222 3589 1466 3643 laborare
1476 3589 1661 3654 solent,

97 3655 389 3729 macro;
419 3656 564 3708 enim
591 3663 645 3729 et
669 3655 992 3729 pyragmo:
1021 3655 1084 3708 Η.
1123 3655 1308 3727 Steph.
1345 3667 1427 3712 est
1451 3660 1666 3729 efﬁciens

99 3723 324 3796 i‘isioneq
358 3733 449 3796 out
483 3725 791 3796 concipiens.
837 3723 1057 3796 Spectra
1095 3723 1272 3796 autem
1293 3767 1306 3789 ,
1334 3743 1450 3796 quae
1479 3723 1667 3794 hujus-

99 3794 247 3848 modi
273 3792 578 3866 visionariis
587 3792 906 3866 occurrunt,
937 3793 980 3845 si
1001 3809 1118 3866 qua:
1139 3792 1493 3866 immittuntur
1508 3812 1538 3850 a
1555 3792 1666 3852 da:-

101 3876 280 3934 monc,
307 3862 685 3934 u_t__plurin_1um
713 3862 763 3934 in
793 3861 922 3934 locis
949 3861 1243 3934 tenebrosis
1263 3861 1539 3934 apparent.

169 3931 215 3983 11
224 3945 313 4004 tu.
336 3929 495 4004 νις-
508 3934 531 3970 ει
545 3930 624 3983 De
635 3929 965 4004 Dedicatione
983 3931 1246 4004 ιζεςζεδὶιε.
1260 3929 1666 4004 [Ie-originehu-

92 4001 182 4068 jus
197 4000 336 4052 ritus
364 3999 489 4068 vide
507 4014 625 4068 quae
649 3999 922 4068 desumpta
939 4017 968 4054 a
993 4001 1164 4056 Felice
1188 4017 1320 4068 papa
1350 3999 1509 4058 habet
1533 4003 1665 4056 Gra-

100 4017 182 4067 llls
197 4017 336 4052 l'lllls
364 4017 489 4053 Hae
507 4017 625 4068 qua:
649 4017 922 4068 (108!"me
939 4017 968 4054 a
993 4017 1164 4056 rence
1223 4017 1252 4054 ἰ
1293 4019 1320 4056 a
1351 4017 1509 4058 DaDel.
1533 4017 1665 4056 tira-

100 4072 286 4122 tianus
297 4069 363 4122 de
374 4066 624 4122 Consecr.
649 4067 773 4121 dist.
793 4084 830 4130 ι,
859 4084 907 4122 c.
925 4069 961 4122 2
983 4079 1036 4124 et
1062 4085 1112 4124 e.
1140 4017 1423 4126 t'g‘lgefert
1436 4073 1575 4126 enim
1595 4073 1666 4126 ri-

100 4148 213 4191 tum
245 4138 314 4208 ad
355 4137 801 4208 constructionem
827 4138 1150 4193 tabernaculi
1177 4155 1270 4208 per
1296 4139 1526 4208 Moysem
1557 4140 1664 4195 Do-

99 4208 250 4276 mino
281 4207 575 4276 imperante
598 4205 910 4276 completam
930 4246 943 4268 ,
978 4215 1032 4261 et
1068 4208 1135 4262 ad
1160 4205 1340 4276 templi
1367 4205 1666 4266 Salomonis

97 4274 507 4354 dedicationem
530 4293 544 4327 :
580 4290 698 4354 qua:
735 4275 819 4354 in_
834 4276 934 4354 hoc
967 4277 1161 4354 hymno
1203 4274 1308 4332 non
1347 4277 1660 4354 dissimulat,

100 4346 208 4397 imo
250 4343 424 4396 innuit
467 4342 734 4396 Paulinus.
781 4342 1215 4412 Evplanationem
1248 4356 1424 4402 autem
1469 4342 1664 4402 rituum

99 4412 453 4482 dedicationis
490 4412 659 4482 habes
694 4414 888 4478 passim
914 4415 1068 4482 apud
1107 4418 1542 4471 ceremoniarum
1572 4432 1662 4472 ec-

99 4481 524 4548 clesiasticarum
560 4481 863 4548 scriptores.
901 4481 1230 4539 Recurrente
1264 4501 1404 4538 anno
1430 4485 1664 4539 celebra-

101 4560 186 4603 tur
216 4550 385 4630 ipsius
409 4545 754 4630 dedicatiohis
782 4553 1053 4630 memogia,
1087 4567 1211 4630 qua:
1245 4555 1471 4630 encgcuia
1507 4569 1664 4630 voca-

102 4629 187 4672 tur
233 4616 290 4671 in
329 4617 605 4685 evangelio
638 4616 788 4672 Joan.
825 4635 878 4679 χ.
919 4619 1006 4684 22,
1036 4616 1295 4685 ad'qucm
1333 4622 1505 4676 locum
1543 4623 1663 4676 vide

101 4687 459 4756 Augustinum
487 4693 640 4739 tract.
675 4687 742 4739 48
776 4688 828 4740 in
852 4687 1027 4752 Joan.,
1067 4705 1122 4742 n.
1154 4687 1208 4744 2.
1245 4691 1336 4746 Ha:
1360 4691 1665 4747 anniversa-

102 4755 203 4809 rize’
238 4755 607 4824 solemnitatcs
649 4766 844 4824 quanta
882 4773 1001 4811 cum
1049 4759 1228 4813 lretitia
1278 4775 1304 4811 a
1349 4760 1664 4814 Christianis

104 4825 472 4897 haberentur,_
500 4823 699 4897 indicat
742 4825 1030 4897 Gregorius
1073 4827 1216 4882 hom.
1257 4828 1322 4881 M
1349 4829 1400 4881 in
1430 4844 1616 4897 evang.
1647 4848 1658 4881 :

109 4911 125 4939 σ
157 4891 318 4962 Certe
343 4894 511 4962 sicubi
540 4895 760 4962 populus
786 4891 1045 4949 nundinas
1069 4897 1382 4958 celebraret,
1408 4898 1450 4950 si
1475 4899 1540 4950 ad
1563 4891 1662 4951 ali-

105 4961 256 5029 cujus
291 4961 945 5018 erclcsiazidedicationem
980 4963 1285 5020 denuntiata
1330 4966 1664 5020 solemnitate

107 5038 470 5091 concurreret,
487 5029 858 5085 festinari-mus
881 5045 1066 5086 omnes
1081 5033 1234 5086 simul
1254 5034 1498 5096 inveniri,
1512 5044 1566 5087 et
1586 5036 1666 5088 in-

106 5107 311 5170 teIesse
343 5098 502 5170 ια
520 5101 878 5170 unusquisque
899 5109 1182 5170 satageret.
1207 5101 1366 5155 Gravi
1393 5117 1450 5154 se
1475 5104 1665 5157 damno

108 5167 358 5220 amictum
385 5167 644 5229 crederet,
668 5167 727 5221 si.
744 5167 1130 5224 solemnitatem
1157 5172 1452 5226 communis
1473 5173 1666 5226 hetitice

108 5250 209 5308 non
235 5236 463 5308 videret.
485 5256 502 5287 ι
531 5236 740 5308 Quibus
753 5252 817 5291 ex
839 5240 1016 5308 verbis
1041 5255 1262 5308 arguere
1288 5242 1408 5294 licet
1427 5239 1536 5308 jam
1560 5257 1667 5294 cm-

108 5306 246 5379 pisse
282 5319 311 5379 a
339 5305 598 5372 spirituali
632 5307 683 5359 in
717 5306 1039 5379 mundanum
1075 5305 1319 5379 gaudium
1348 5305 1667 5379 degenerare

110 5373 474 5448 celebritatem
507 5383 739 5448 tempore
774 5376 938 5448 ipsius
975 5373 1237 5448 Gregorii,
1269 5373 1463 5447 quippe
1497 5379 1584 5448 qui
1613 5387 1667 5434 et

112 5442 467 5516 nundinarum
496 5451 552 5496 et
573 5442 920 5508 dedicationis
939 5442 1177 5500 ecclesiae
1214 5442 1562 5516 frequentiam
1591 5449 1666 5502 si-

115 5510 217 5562 mul
244 5520 506 5586 memorat
532 5523 936 5586 ;_argu_m_en_tum
961 5517 1292 5586 subrepentis
1312 5510 1666 5582 profanitatis,

113 5593 228 5644 qua:
263 5581 648 5646 posterioribus
675 5581 863 5635 deinde
898 5581 1370 5638 smculis'maxime
1411 5586 1666 5648 excrevit,

115 5648 242 5724 adeo
267 5655 327 5724 ut
345 5650 614 5724 _ronviviis
651 5651 906 5724 institutis
929 5667 1110 5724 prope
1132 5655 1331 5724 templa
1356 5654 1523 5724 genio,
1543 5655 1672 5709 libe—

117 5718 221 5770 rius
246 5717 607 5791 __indulgerent
648 5737 659 5770 :
697 5722 836 5786 quod
873 5717 951 5791 ita
992 5717 1254 5791 Ecclesia;
1287 5717 1572 5791 displicuit,
1616 5732 1673 5777 ut

115 5787 392 5842 conciliant
431 5787 798 5843 Cahili'mense
837 5790 975 5844 circa
1005 5806 1089 5844 an.
1124 5790 1230 5845 630
1262 5787 1674 5862 ista'prohibue-

1342 472 1552 530 HYMNI
1595 473 1678 527 ET
1717 473 2025 528 RHYTHMI

3199 473 3302 528 ιη

1677 586 1724 636 Δ
1787 584 1854 636 '21)
1888 584 2070 637 Amata
2098 594 2280 638 saneto
2307 584 2585 651 perfundat
2611 585 2927 652 Spiramine.

1640 3195 1644 3200 ’
1693 3212 1736 3271 c

1958 675 2180 728 Famosa
2209 675 2402 728 dudum
2429 690 2544 740 qua:
2572 673 2790 740 replevit
2820 675 2953 725 atria

1886 763 2087 831 Templi
2114 764 2270 818 dicati
2303 763 2491 818 nebula
2522 761 2791 831 perlucida

1887 852 2085 907 Orante
2113 869 2245 922 puro
2275 853 2556 906 Salomone
2585 862 2820 920 pectore,
2906 839 2910 842 ’

1889 945 2036 998 Ilanc
2059 944 2272 999 Christe
2298 946 2419 1000 cmli
2448 943 2606 997 missa
2637 943 2700 997 de
2729 941 3004 996 cacumine

1782 1034 1850 1086 27$
1888 1035 2111 1087 Domum
2142 1033 2394 1089 fccundes
2421 1035 2744 1101 sempiterno
2767 1046 3005 1086 munere.

1955 1123 2266 1192 Quicunque
2287 1133 2432 1177 tuum
2462 1134 2704 1178 sanctum
2730 1137 2919 1177 nomen
2946 1118 3164 1188 supplici

1890 1210 2154 1280 Plenoque
2180 1211 2341 1264 corde
2367 1212 2680 1279 deprecatus
2710 1209 2888 1274 fuerit,

1891 1297 2056 1366 Hujus
2085 1300 2138 1353 in
2163 1301 2292 1353 tedis
2317 1308 2500 1362 sancto
2525 1299 2792 1354 domicilio
2826 1305 2832 1310 '

1891 1390 1965 1443 Te
1993 1389 2250 1459 largiente
2274 1390 2343 1444 sit
2369 1390 2501 1444 liber
2527 1405 2556 1443 a
2581 1390 2833 1454 crimine;

1783 1477 1852 1530 50
1889 1478 2122 1533 Exclude
2149 1487 2372 1547 pestem,
2408 1479 2621 1532 morbos
2646 1492 2832 1532 omnes
2858 1475 3018 1531 dilue.

1968 1561 2083 1623 Tuo
2105 1577 2316 1624 sacrato
2345 1569 2433 1624 hic
2459 1569 2661 1637 depasti
2695 1583 2936 1637 corpore,

1893 1661 2112 1730 Tuoque
2137 1670 2322 1716 sancto
2344 1662 2523 1716 satiati
2551 1663 2824 1732 sanguine,

1893 1751 1973 1805 Ab
2002 1752 2151 1805 hoste
2175 1761 2266 1806 tuo
2294 1751 2495 1806 defensi
2526 1751 2836 1815 munimine,

1897 1838 2026 1892 Lmti
2054 1838 2237 1894 ﬁdeles
2261 1840 2552 1893 sortiantur
2580 1840 2775 1894 servuli

1794 1925 1862 1980 35
1896 1927 2029 1981 Viue
2053 1927 2305 1995 perennis
2332 1920 2577 1982 sine'ﬁne
2605 1929 2814 1996 gaudia.

1975 2015 2168 2068 Rerum
2195 2015 2415 2069 Creator
2441 2014 2563 2070 Jcsu
2591 2016 2762 2072 Patris
2791 2019 2966 2079 unice,

1898 2105 2144 2159 Mundum
2173 2120 2363 2159 cruore
2386 2105 2560 2159 salvas
2588 2105 2679 2172 qui
2704 2101 2992 2174 purpureo,

1898 2193 2120 2248 Pcecata
2143 2187 2286 2248 tollis
2312 2194 2455 2248 solus
2477 2194 2566 2264 qui
2592 2192 2866 2262 pestifera,

1897 2284 2122 2352 Dignare
2151 2289 2270 2338 tuos
2295 2298 2513 2338 munere
2543 2284 2796 2354 gratuito

1791 2372 1858 2423 40
1893 2371 1972 2426 Ad
2000 2381 2144 2425 astra
2170 2373 2291 2426 coeli
2321 2373 2532 2426 mittere
2562 2372 2838 2426 ruricolas.

1975 2459 2058 2513 Sit
2091 2474 2301 2528 semper
2324 2460 2432 2514 alta
2470 2461 2578 2515 Deo
2605 2459 2749 2515 Patri
2779 2460 2964 2531 gloria,

1905 2551 2087 2607 Omnis
2111 2559 2349 2620 potestas
2373 2552 2441 2606 sit
2466 2551 2662 2606 dilecto
2683 2553 2840 2616 Filio,

1903 2639 2204 2710 Sancteque
2231 2656 2442 2711 semper
2465 2641 2630 2711 gloria
2652 2641 2937 2706 Paraclito,

1903 2729 2206 2798 llonorque,
2235 2731 2423 2794 virtus,
2455 2730 2587 2791 laus,
2622 2729 2799 2793 decus,
2833 2730 3112 2799 imperium

1798 2822 1866 2874 13
1901 2821 1966 2874 Et
1993 2836 2136 2876 nunc
2160 2830 2216 2875 et
2248 2821 2481 2876 uitra-sit
2505 2836 2601 2889 per
2626 2829 2816 2877 cuncta
2841 2819 3052 2876 saecula.

1979 2911 2168 2966 Amen.

3219 1191 3227 1218 l

2317 3003 2348 3046 ιι
2379 3001 2760 3059 RIIYTHMUS

2216 3093 2292 3146 De
2323 3093 2598 3147 Nativitate
2637 3093 2860 3146 Domini.

1982 3184 2217 3239 Gloriam
2244 3184 2352 3237 Deo
2379 3183 2433 3237 in
2461 3182 2683 3238 excelsis
2707 3182 2862 3237 hodie
2909 3234 2912 3237 .

1905 3272 2147 3326 Caelestis
2173 3271 2402 3339 primum
2428 3271 2620 3326 cecinit
2643 3261 2927 3325 exercitus.

1767 3381 1854 3443 rit,
1887 3382 2251 3447 monueritque
2274 3395 2390 3435 can.
2423 3381 2488 3434 19
2519 3388 2575 3432 ιιι
2607 3398 2626 3430 ι
2648 3379 2950 3433 sacerdotes
2985 3380 3084 3434 loci
3124 3379 3247 3433 talia
3291 3395 3320 3435 a

1766 3451 1930 3519 septis
1956 3449 2314 3511 basilicarum,
2347 3449 2427 3502 vel
2452 3450 2744 3516 porticibus
2775 3448 3030 3517 ipsarum,
3066 3463 3130 3519 ae
3159 3450 3320 3503 etiam

1766 3515 1840 3600 ab
1878 3520 2006 3600 ipsis
2049 3520 2200 3600 atriis
2241 3528 2420 3599 vetare
2456 3515 2684 3600 debeant
2722 3524 2776 3570 et
2794 3515 3009 3600 arcere:
3045 3537 3061 3597 ε
3093 3515 3323 3600 Sanctum

1765 3585 2018 3643 Paulinus
2051 3587 2284 3642 Nolanus
2317 3589 2370 3640 in
2410 3587 2572 3640 natal.
2621 3587 2653 3640 9
2696 3585 2862 3639 sancti
2903 3585 3110 3648 Felicis,
3153 3585 3207 3638 id
3241 3597 3324 3641 est

1765 3672 1874 3710 car.
1902 3656 1992 3720 24,
2010 3671 2211 3711 morem
2235 3671 2338 3709 non
2355 3656 2639 3722 approbat;
2665 3663 2881 3708 excusat
2907 3662 3079 3710 tamen
3104 3655 3174 3710 ob
3193 3654 3324 3709 sitn-

1764 3725 2054 3793 plicitatem
2081 3724 2518 3793 delinquentium.

1885 3814 2066 3872 Verum
2085 3821 2262 3862 utinam
2282 3824 2410 3860 sanis
2432 3816 2637 3872 agerent
2664 3813 2766 3860 haec
2789 3812 2960 3866 natuiia
2983 3816 3129 3872 votis,

1885 3871 1987 3922 Nec
2008 3886 2092 3922 sua
2113 3873 2348 3922 liminibus
2373 3871 2631 3921 miscerent
2657 3871 2821 3932 pocula
2844 3873 3055 3921 sinetis!

1891 3972 1902 3983 .
1933 3969 1946 3982 .
1971 3969 1982 3981 .
2008 3968 2020 3982 .
2045 3933 2335 3994 lgnoscenda
2364 3943 2524 3994 tamen
2548 3941 2663 3991 puto
2687 3932 2796 3981 talia
2813 3937 2976 3993 parvis

1887 3989 2196 4055 Candia'qngp.
2216 3995 2396 4042 ducunt
2419 3989 2576 4051 ep’ulis
2599 4007 2608 4040 :
2626 3997 2738 4052 quia
2756 3989 2998 4042 mentione
3023 4006 3162 4044 error

1887 4054 2065 4113 lrrepit
2082 4054 2302 4110 rudibus,
2329 4066 2421 4101 nec
2441 4058 2586 4099 tantae
2609 4056 2798 4113 conscia
2831 4055 2986 4112 culp:o

1885 4112 2176 4172 Simplicitas
2195 4114 2377 4171 pietate
2404 4114 2550 4172 cadit,
2573 4112 2698 4159 male
2723 4113 2918 4159 credula
2943 4123 3136 4164 sanctos

1886 4172 2101 4224 Perfuais
2117 4173 2306 4222 halante
2330 4185 2468 4223 mero
2483 4173 2701 4234 gaudere
2718 4172 2970 4234 sepulcris.

1767 4274 2075 4344 Huiusmodi
2118 4273 2316 4328 lietitiae
2360 4281 2670 4343 argumenta
2710 4273 2840 4344 adeo
2881 4283 3232 4344 excreverunt
3264 4275 3318 4331 in

1767 4343 1995 4415 regione
2012 4353 2213 4415 nostra,
2245 4351 2320 4415 ut,
2353 4358 2419 4415 ne
2443 4345 2582 4415 inter
2604 4343 2810 4410 pocula,
2839 4352 2896 4396 ut
2915 4343 3067 4406 solet,
3090 4345 3312 4399 alterca-

1767 4412 1954 4477 tiones,
1979 4412 2155 4482 iurgia
2183 4423 2238 4467 et
2265 4412 2544 4466 homicidia
2587 4419 2950 4531 sequerentur,
2980 4420 3035 4464 et
3071 4415 3320 4481 quaestio-

1767 4501 1879 4531 nos-
1915 4485 1957 4531 si
1999 4499 2116 4531 unm
2150 4491 2347 4531 exorta:
2379 4480 2617 4531 fuissent.
2650 4498 2666 4531 t
2689 4479 3043 4531 irimerentur.
3088 4484 3317 4531 manuati

1766 4501 1880 4547 nes,
1915 4485 1957 4538 si
1982 4479 2116 4552 quin
2150 4491 2347 4552 exortae
2379 4480 2617 4552 fuissent,
2650 4479 3043 4552 dirimerentur,
3088 4479 3317 4550 inagnati

1689 4548 1742 4606 D
1765 4555 1981 4608 cuidam
1999 4548 2234 4605 custodia
2264 4550 2749 4610 commendaretur,
2781 4549 2918 4616 quod
2945 4561 3124 4617 postea
3151 4548 3203 4604 in
3231 4565 3317 4604 ra-

1765 4624 1963 4676 tionem
1995 4621 2348 4678 investiturze,
2384 4627 2445 4672 ut
2481 4626 2696 4679 vocant,
2730 4618 2968 4682 transiit,
3011 4627 3063 4673 et
3093 4617 3182 4686 jus
3227 4635 3320 4674 cu-

1763 4690 2020 4746 stodiendi
2060 4686 2252 4742 festum
2283 4689 2481 4741 dictum
2516 4687 2633 4748 fuit,
2663 4687 2728 4740 de
2755 4701 2861 4754 quo
2893 4688 3193 4744 sanctiones
3219 4690 3319 4744 sub

1763 4758 2077 4827 Marquardo
2105 4758 2404 4827 patriarcha
2431 4757 2482 4808 in
2517 4763 2694 4827 castro
2723 4755 2890 4827 sancti
2920 4757 3021 4827 \iiti
3046 4772 3141 4827 an.
3184 4757 3312 4811 1381

1762 4824 1909 4890 Ιειιιεξ
1949 4841 2082 4895 quas
2106 4824 2255 4879 mss.
2282 4825 2415 4895 tejus
2461 4824 2713 4892 temporis
2741 4824 2982 4895 originali
3010 4826 3319 4895 charactere

1762 4897 1900 4966 apud
1931 4892 2014 4980 me
2038 4896 2218 4980 .hatico
2237 4933 2250 4956 ,
2281 4894 2568 4980 loquuutur
2589 4892 2847 4980 ρέξβὶιῦξλ
2871 4895 3000 4980 Vide
3028 4894 3189 4947 ctiam
3225 4894 3319 4948 do-

1763 4961 2004 5020 cumenta
2037 4965 2088 5016 in
2115 4963 2412 5031 Appendice
2435 4963 2490 5025 2,
2528 4977 2580 5014 n.
2608 4961 2676 5031 29
2699 4970 2751 5014 et
2780 4961 2866 5013 40.

1837 5035 1895 5088 V.
1935 5033 1988 5086 6.
2023 5033 2097 5085 Ex
2125 5029 2353 5084 llParal.
2382 5048 2454 5093 vi,
2489 5031 2552 5083 19
2576 5038 2630 5081 et
2653 5030 2704 5083 2.
2734 5031 2794 5083 V.
2829 5030 2913 5091 16,
2944 5047 3008 5084 ex
3033 5029 3198 5084 Exod.
3228 5047 3313 5095 ιι..

1763 5103 1848 5157 32.
1884 5103 1946 5156 ν.
1975 5102 2064 5174 2i,
2088 5117 2152 5174 ex
2179 5101 2416 5174 lipara]1
2439 5115 2534 5162 vn,
2562 5098 2585 5150 1
2618 5100 2744 5174 8ξᾷ2.
2769 5099 2943 5174 V._26,
2981 5100 3016 5153 l.
3045 5116 3094 5155 c.
3123 5117 3197 5163 vr,
3224 5101 3313 5163 28,

1764 5183 1818 5227 et
1841 5188 1938 5236 vn,
1975 5171 2056 5224 13.
2087 5171 2147 5223 ν.
2180 5171 2266 5230 '58,
2296 5185 2359 5223 ex
2389 5168 2541 5223 Joan.
2573 5183 2610 5230 ι,
2635 5167 2720 5222 29.

1835 5241 1898 5294 γ.
1939 5239 2025 5293 40.
2069 5237 2369 5291 Ruricolus.
2388 5238 2467 5292 An
2496 5251 2590 5306 pro
2615 5235 2879 5291 terricolaa
2902 5239 2926 5290 .’
2948 5254 3012 5291 an
3036 5239 3155 5305 quia
3183 5247 3317 5293 teni-

1764 5311 1909 5379 plum
1937 5309 2046 5362 ruri
2082 5306 2217 5360 forte
2251 5307 2612 5379 dedicabatur,
2649 5313 2702 5358 ct
2737 5307 3085 5361 ruricolarum
3113 5307 3165 5360 in
3191 5322 3317 5376 gra-

1767 5374 1892 5433 tiam
1916 5379 2167 5446 hymnum
2195 5374 2582 5446 composuerit?
2680 5380 2684 5384 ‘

1836 5446 1863 5485 δ
1891 5445 2073 5499 Latius
2100 5445 2164 5499 de
2200 5445 2581 5507 Rhythmorum
2619 5447 2822 5500 ratione
2847 5445 3184 5507 dissererem,
3209 5446 3310 5501 nisi

1773 5517 1831 5569 V.
1859 5514 1939 5569 Cl.
1972 5514 2151 5583 Scipio
2182 5503 2416 5567 Maﬁ‘eius
2457 5517 2734 5568 materiam
2759 5527 2890 5583 pene
2912 5522 3078 5568 totam
3106 5503 3308 5583 exhau-

1769 5586 1926 5639 sisset
1957 5581 2209 5652 peruliari
2231 5583 2599 5652 dissertatione
2625 5581 2991 5652 histidiplom.
3013 5581 3310 5652 edit.Mau-

1771 5666 1872 5708 ture
1891 5649 1978 5721 an:
2010 5652 2139 5706 l727
2167 5651 2445 5706 occasione
2471 5651 2744 5718 cujusdam
2771 5649 3022 5721 Rhythmi
3045 5651 3118 5721 De
3137 5649 3311 5704 laudi-

1772 5725 1863 5775 bus
1912 5720 2140 5785 Vrromr,
2173 5721 2238 5774 ad
2265 5735 2422 5789 quem
2469 5721 2719 5775 lectorem
2749 5720 2986 5776 nostrum
3016 5720 3201 5774 lubens
3229 5734 3313 5774 re-

1773 5794 1944 5878 mitto.
1977 5789 2109 5857 Quia
2137 5806 2261 5846 vero
2287 5790 2422 5846 forte
2465 5791 2726 5860 aliquibus
2753 5791 2916 5846 \ideni
2942 5789 3134 5859 poterit
3171 5789 3299 5844 Pan-
