3926 6454
613 433 706 487 511

1538 441 1593 494 s.
1633 443 1900 497 meum
1940 443 2394 500 PATltlAllCllAi
2435 413 2900 514 AQUILEIEZVSIS
2938 513 2939 516 γ

3669 9 3926 266 ⁸

3713 458 3810 510 512

1339 595 2202 800 fers—narem:
2275 612 3046 807 Panum

872 914 1625 1040 EPIS‘TOLA
1717 914 1919 1038 AD
2014 912 2757 1048 CAROLUM
2850 929 3534 1061 MAGNUM
3625 967 3630 970 ’

980 1144 1058 1182 DE
1099 1141 1307 1182 GESTIS
1353 1142 1412 1181 IN
1457 1141 1699 1184 SYNODO
1741 1143 1880 1194 ΟΠΞ
1921 1143 2277 1184 CELEBRATA
2324 1143 2434 1185 EST
2476 1148 2638 1189 APl’D
2679 1153 2953 1196 ALTINUM
2997 1156 3161 1200 ANNO
3204 1162 3451 1206 DCCCHI.

2065 1271 2361 1286 ἡ

677 1356 719 1411 ι.
736 1355 1006 1412 Catholica
1027 1371 1337 1424 semperque
1352 1356 1406 1409 in
1422 1356 1633 1410 Christo
1648 1355 1842 1424 inclyte
1863 1355 2149 1422 triumpba-
2173 1355 2220 1411 Δ
2249 1357 2689 1451 erctuadmodum
2726 1361 2780 1414 iu
2809 1361 2982 1418 fronte
3017 1366 3222 1434 praefati
3260 1387 3445 1428 sumus
3494 1376 3676 1445 hujus
3703 1385 3811 1451 epi-

612 1449 713 1504 tori
745 1450 934 1502 domno
959 1447 1146 1500 Carolo
1186 1445 1362 1499 divina
1411 1454 1695 1500 ooronante
1737 1444 2014 1500 clementia
2055 1443 2154 1496 im-

609 1540 834 1605 peratori
863 1539 877 1568 ¹
907 1539 1153 1592 Paulinus
1184 1539 1433 1592 minimus
1470 1539 1704 1593 omnium
1749 1551 2021 1590 servorum
2047 1551 2154 1590 ser-

608 1641 702 1680 vus
737 1627 755 1656 ¹
787 1627 1038 1680 concordi
1070 1626 1327 1694 parilique
1355 1627 1628 1680 devotione
1669 1643 1787 1680 cum
1813 1625 2063 1680 fratribus
2099 1635 2152 1680 et

604 1731 724 1770 cum
751 1717 772 1746 ⁸
802 1715 1265 1770 consacerdotibus
1293 1715 1488 1768 nostris
1526 1730 1678 1768 roseo
1717 1715 1770 1767 in
1809 1715 2002 1768 Christi
2028 1714 2148 1770 Jesu

604 1819 792 1857 cruore
836 1812 1060 1856 aeternas
1106 1802 1464 1871 multipliciter
1509 1802 1728 1871 supplici
1775 1804 2150 1857 concinnamus

606 1891 859 1958 stylisona
887 1904 1015 1942 voce
1044 1888 1255 1942 salutes.

675 1978 734 2031 ll.
773 1979 838 2030 Et
865 1978 1031 2031 sacris
1075 1987 1414 2045 paternorum
1439 1978 1460 2009 ⁸
1483 1995 1740 2032 canonum
1796 1978 2030 2032 valenter
2074 1980 2152 2031 iu-

601 2067 887 2119 citantibus
915 2065 1244 2119 documentis
1285 2077 1333 2127 ι,
1374 2075 1426 2120 et
1471 2067 1694 2130 vestris,
1738 2075 1796 2119 ut
1843 2081 2023 2120 verum
2070 2083 2152 2120 re-

603 2166 777 2221 sonat,
815 2157 1029 2211 mellitis
1058 2158 1360 2212 salubribus
1388 2158 1738 2212 irrorantibus
1765 2159 1978 2228 syllabis
2017 2160 2066 2224 δ,
2095 2161 2148 2214 in

603 2251 703 2304 hac
729 2251 814 2305 cui
851 2251 958 2304 Deo
981 2258 1195 2303 auctore
1220 2250 1342 2304 licet
1369 2249 1612 2320 indignus
1640 2251 1956 2320 indignoque
1978 2252 2150 2305 famu-

577 2341 711 2392 <lulu
738 2340 977 2393 deservio
1022 2339 1145 2393 sede
1191 2340 1469 2393 concilium
1505 2342 1738 2394 habitum
1768 2340 1928 2394 Altini
1964 2341 2148 2404 fuisse,

599 2428 700 2480 sub
727 2428 936 2481 nomine
963 2429 1100 2498 regis
1140 2429 1585 2497 tranquillissimis
1621 2438 1809 2484 vestra:
1849 2431 2150 2484 serenitatis

601 2514 815 2569 auribus
849 2530 1021 2583 opem:
1063 2517 1289 2584 pretium
1331 2512 1577 2571 duximus
1615 2518 1923 2572 humillimis
1961 2520 2148 2573 borum

600 2604 840 2670 quamvis
867 2605 1182 2659 incultorum
1210 2607 1418 2675 apicum
1448 2608 1754 2675 suppliciter
1795 2610 1988 2663 notulis
2026 2611 2150 2663 inti-

2253 1443 2420 1508 stolae,
2458 1445 2509 1499 in
2556 1460 2742 1504 vestrm
2782 1457 3058 1522 potestatis
3091 1461 3422 1530 emancipata
3461 1443 3809 1535 arbitrio,'in

2253 1542 2426 1588 vestro
2470 1537 2810 1596 nihilominus
2853 1544 3184 1602 decrevimus
3239 1563 3516 1608 reservare
3565 1555 3804 1623 judicio:

2251 1634 2507 1692 quatenus
2541 1631 2718 1684 subtili
2762 1632 3057 1690 libraminis
3093 1642 3256 1694 vestri
3305 1645 3636 1701 moderatius
3661 1649 3809 1705 lance

2251 1715 2462 1782 librata,
2503 1719 2546 1771 si
2585 1721 2800 1776 sinistro
2822 1724 2937 1791 plus
2954 1724 3100 1792 justo
3129 1730 3399 1786 relaxante
3425 1738 3810 1796 moderaminis

2171 1875 2180 1888 ι.
2251 1807 2620 1872 perpendiculo
2652 1811 2845 1866 nullius
2877 1830 2994 1870 esse
3034 1806 3806 1894 deprehendanturomomenti,

2251 1902 2438 1948 vestra:
2490 1900 2822 1955 auctoritatis
2859 1919 3079 1959 censura
3125 1909 3320 1970 abolita
3389 1916 3700 1983 sopiantur.
3751 1922 3805 1973 Si

2252 1996 2375 2033 vero
2404 1983 2625 2051 alicujus
2650 1987 2871 2043 fortasse
2897 1993 3140 2048 utilitatis
3168 2012 3318 2064 :equo
3351 2002 3620 2066 pendente
3651 2006 3806 2060 libra-

2252 2071 2410 2124 minis
2442 2073 2588 2127 disco
2617 2086 2747 2138 rata,
2777 2079 2818 2131 si
2865 2081 2966 2134 dici
2995 2082 3169 2147 liceat,
3211 2097 3460 2152 poterunt
3497 2096 3804 2160 approbari,

2249 2163 2438 2212 vestris
2471 2162 2651 2216 fulcita
2691 2163 2879 2221 fortius
2908 2168 3224 2237 adjumentis
3264 2176 3521 2232 vivaciter
3562 2185 3808 2240 convale-

2249 2254 2420 2299 scant.
3055 2319 3060 2327 ι

2319 2337 2380 2389 ν.
2404 2337 2553 2403 Quod
2589 2342 2632 2396 si
2677 2345 2785 2398 sola
2833 2350 3139 2415 putationis,
3189 2355 3489 2426 ventivagis'
3521 2362 3803 2428 palmitum

2249 2423 2584 2482 fruticantem
2611 2441 2642 2472 -ο
2666 2431 2826 2498 foliis,
2868 2436 3101 2507 indigeat
3132 2441 3284 2508 falce,
3327 2423 3704 2506 ita—duntaxat
3751 2463 3805 2507 ut

2249 2518 2499 2570 resecatis
2544 2520 2788 2576 vitiorum
2833 2529 3116 2581 truncatim
3161 2536 3463 2600 sarmentis,
3499 2539 3553 2592 iu
3596 2542 3804 2597 camino

2248 2619 2453 2673 vestrae,
2487 2620 2542 2664 ut
2595 2615 2665 2666 ita
2703 2615 2944 2681 dixerim,
2984 2624 3273 2678 combustis
3322 2629 3618 2697 sapientiae,
3655 2635 3706 2686 in
3741 2651 3803 2688 eo

601 2707 746 2746 mare
772 2694 810 2744 ⁸.
844 2692 950 2747 Nec
997 2695 1134 2748 enim
1171 2693 1311 2760 juris
1337 2694 1417 2748 fas
1447 2705 1550 2757 est,
1575 2711 1673 2749 nec
1700 2703 1872 2763 potest
1902 2697 2147 2765 quazlibet
2179 2699 2218 2756 Β
2249 2706 2306 2748 ιιι
2339 2698 2404 2750 ad
2460 2698 2664 2755 favillas
2703 2704 2961 2773 folligeua:
3004 2708 3024 2746 τ
3075 2692 3398 2782 redigantur,
3449 2733 3512 2771 ac
3565 2737 3666 2788 per
3709 2723 3802 2775 hac

596 2780 753 2834 docili
782 2782 981 2851 digesta
1005 2783 1206 2836 calamo
1240 2784 1512 2837 rationalis
1539 2783 1775 2839 formulae
1800 2788 2002 2841 sanctio
2027 2804 2144 2857 per-

597 2867 778 2934 spicue
799 2877 911 2920 rata
940 2869 1132 2936 putari,
1161 2870 1260 2924 nisi
1290 2870 1448 2924 fuerit
1469 2871 1704 2939 judiciali
1730 2873 1930 2928 calculo
1963 2877 2144 2943 explo-

598 2956 768 3009 ratius
807 2958 1128 3023 examinata,
1173 2961 1484 3029 argentique
1533 2976 1678 3015 more
1705 2979 1736 3015 a
1767 2963 1847 3017 sui
1889 2965 2144 3033 rubiginis

599 3060 736 3098 s:eva
758 3047 1168 3115 seplempliciter
1193 3049 1399 3116 probati
1428 3059 1714 3118 expurgata
1757 3052 2139 3107 combustione.

597 3137 662 3189 Et
693 3147 802 3190 tum
841 3137 1534 3209 plurimorumjudiciojure
1556 3142 1734 3198 fulcita
1759 3146 1952 3214 poterit
1979 3149 2146 3202 sacris

597 3228 796 3294 inserta
821 3226 960 3281 foliis
991 3230 1287 3282 veneranda
1315 3231 1500 3285 videri.
1523 3233 1729 3302 Alioqui
1755 3250 1858 3287 non
1896 3236 2048 3301 satis,
2086 3247 2146 3291 ut

600 3331 735 3379 reor,
772 3319 983 3388 proprio
1028 3323 1355 3377 tantumdem
1395 3325 1674 3380 scribentis
1707 3327 1898 3381 valebit
1926 3328 2146 3382 arbitrio

602 3407 889 3473 probabilis
911 3409 1180 3463 aestimari.

667 3497 748 3550 Ill.
771 3497 1006 3566 Cumque
1029 3515 1093 3553 ex
1112 3500 1355 3555 condicto
1383 3501 1436 3553 ln
1459 3516 1622 3554 unum
1643 3503 1914 3557 canonicis
1931 3511 2146 3557 coactus

597 3584 813 3652 syllabis
840 3586 1180 3640 sacerdotalis
1207 3595 1378 3640 emtas
1407 3588 1648 3658 religiosa
1694 3592 2026 3646 convenisset
2057 3592 2147 3646 de-

597 3673 846 3739 votione,
895 3675 1205 3742 requisitum
1254 3677 1495 3744 protinus
1543 3679 1875 3732 concorditer
1921 3689 2145 3745 constat,

593 3777 802 3816 summa
824 3763 1138 3831 quantocius
1163 3764 1470 3831 explorante
1501 3764 1808 3819 subtilitatis
1841 3769 2143 3836 sagacitate,

590 3849 1037 3916 quemadmodum
1088 3848 1323 3916 ejusdem
1383 3849 1617 3903 declarat
1662 3851 1888 3920 religiosi
1938 3847 2146 3908 concilii

595 3937 1012 3990 solemnissimus
1037 3937 1168 3992 ordo
1207 3947 1253 4001 ο,
1300 3938 1365 3991 de
1406 3952 1718 4007 quacunque
1755 3941 1912 3994 activi
1950 3944 2143 4010 negotii

595 4026 870 4093 qualitate,
921 4027 985 4081 de
1032 4043 1193 4082 causa
1229 4029 1490 4096 siquidem
1536 4023 1843 4083 orthodoxa:
1898 4030 2036 4094 fidei,
2082 4032 2146 4084 de
2172 4017 2216 4077 (ἶ
2249 4032 2322 4085 bis
2345 4051 2429 4087 eos
2459 4036 2625 4104 (Paul.
2660 4057 2816 4106 xxxv,
2846 4045 2898 4113 9)

594 4122 736 4167 statu
760 4115 1050 4182 quinetiam
1084 4132 1146 4169 ac
1168 4115 1397 4170 formosa
1427 4118 1766 4172 ecclesiastici
1795 4120 2040 4173 culminis
2067 4120 2146 4173 di-

591 4205 822 4270 gnitate,
867 4206 932 4258 de
981 4222 1156 4259 rerqu
1202 4221 1636 4274 quarumcunque
1690 4206 2023 4277 dispendiosa
2064 4209 2145 4278 ja-

596 4301 769 4354 ctura,
838 4293 902 4347 de
942 4294 1363 4362 quibuscuuque.
1397 4295 1711 4349 necessariis
1759 4293 2144 4354 susurrautium

590 4396 895 4449 quanquam
941 4371 1288 4451 petitionem,
1356 4387 1420 4440 de
1471 4387 1662 4455 quibus
1708 4387 1850 4456 justo
1900 4401 2146 4458 rectoque

594 4473 848 4538 conqueri
886 4482 1079 4541 potest,
1125 4490 1455 4544 quarumque
1494 4476 1726 4545 querula:
1779 4480 2146 4548 disputationis

594 4560 873 4622 exbibitio,
905 4563 1100 4616 nodosa
1138 4564 1306 4617 litium
1350 4567 1664 4634 allegatione
1689 4572 1935 4635 contrita,
1966 4587 2142 4626 sacer-

594 4645 755 4698 dotali
819 4648 1155 4703 nibilominus
1203 4651 1539 4719 desiderabat
1583 4657 1848 4710 enodatim
1896 4659 2145 4714 dirimen-

574 4746 579 4751 '
599 4735 746 4788 tione
775 4737 985 4791 resolvi.

665 4825 754 4880 1V.
795 4827 928 4882 lluie
970 4837 1163 4884 nostra:
1211 4833 1516 4888 humillimae
1566 4838 1840 4904 parvitatis
1883 4831 2172 4908 exiguitas'

589 4914 745 4982 juxta
776 4918 1096 4986 tenuissimze
1131 4921 1307 4974 minus
1358 4913 1416 4975 u't'
1459 4924 1634 4978 decuit
1685 4925 2030 4994 incapabilem
2073 4931 2146 4982 in.

596 5002 897 5072 telligeutiae
916 5014 1110 5061 nostrze
1132 5011 1503 5076 capacitatem,
1525 5027 1630 5065 non
1649 5022 1708 5066 ut
1732 5013 1876 5080 juxta
1907 5031 2144 5070 consum-

597 5100 793 5146 matam
831 5093 1206 5162 perfectionem
1233 5099 1440 5153 celebre
1479 5101 1796 5170 dignumque
1825 5102 2015 5170 fuerat,
2047 5121 2146 5160 nec

596 5191 654 5233 ut
683 5183 813 5235 tanti
846 5183 1086 5252 exigebat
1118 5201 1340 5241 censura
1381 5190 1668 5257 regiminis,
1700 5192 1791 5246 sed
1815 5192 1865 5246 in
1889 5187 2142 5262 quantum

596 5281 832 5322 annuens
865 5270 1144 5324 immeritis
1176 5275 1327 5328 nobis
1373 5275 1628 5329 altissima
1657 5279 1867 5346 dignata
1907 5290 1990 5335 est
2017 5298 2139 5352 gra-

597 5354 730 5407 tuito
771 5371 985 5412 munere
1021 5359 1202 5427 largiri
1231 5362 1529 5425 clementia,
1569 5373 1724 5431 prout
1745 5367 1820 5420 rei
1847 5369 1983 5423 ratio
2003 5385 2142 5437 pne-

596 5443 837 5498 stabilius
866 5443 1197 5514 esposcebat,
1242 5449 1307 5502 de
1348 5453 1566 5519 singulis
1603 5455 2000 5523 quibuscunque
2030 5467 2143 5511 ten—

597 5531 825 5586 tavimus
871 5533 1252 5590 inevitabilium
1310 5541 1640 5606 negotiorum
1682 5548 2024 5612 querimoniis
2050 5563 2142 5602 ex-

598 5617 811 5686 plicare.
845 5622 971 5687 Quae
1000 5624 1290 5690 cum’juxta
1340 5629 1503 5682 moris
1537 5633 1697 5685 nostri
1731 5648 1834 5685 non
1866 5635 2139 5705 incognihe

599 5705 622 5743 ἀ
668 5707 848 5777 gloria:
898 5722 1082 5768 vestra)
1129 5717 1412 5773 voluntatis
1459 5729 1649 5776 nostrae
1684 5727 2130 5794 consuetudinem,

2243 2785 2476 2852 explosa,
2507 2804 2627 2843 eum
2655 2807 2844 2860 purum
2881 2799 3194 2866 semiputata
3235 2785 3582 2872 paupertatis.
3609 2822 3801 2867 nostra:

2241 2877 2416 2931 vineta
2448 2881 2694 2936 mellilluo
2720 2897 2984 2968 gemmato
3013 2905 3265 2960 suspensa
3293 2894 3344 2948 in
3382 2899 3640 2968 pampino
3672 2915 3799 2956 uva-

2244 2979 2361 3017 rum
2387 2967 2616 3022 ubertim
2645 2963 2809 3040 eopiz'e
2829 2976 3161 3045 pinguedinis
3188 2982 3361 3038 infusa
3384 2963 3602 3044 rotiana
3627 2991 3752 3061 jure
3776 2995 3800 3034 ⁸

2245 3053 2541 3141 rubescant.
2573 3056 2830 3122 Quocirca
2866 3069 3242 3136 prmeognitum
3274 3053 3799 3141 gentibus“...

2245 3139 2446 3196 triones
2486 3141 2734 3201 folliculis
2784 3149 2836 3202 in
2880 3155 3135 3207 mentiqu
3186 3139 3503 3229 quandoque
3550 3170 3800 3222 torculri

2245 3232 2435 3301 ingenii
2459 3241 2694 3304 expressi
2724 3243 2956 3307 pondere
2999 3247 3174 3301 aureis
3218 3265 3412 3305 novum
3455 3269 3604 3310 same
3647 3267 3803 3312 nave-

2245 3327 2356 3411 scat
2401 3322 2652 3378 doctrina:
2696 3326 2951 3416 [ειιοιὲιωη
2998 3333 3050 3386 iu
3103 3339 3301 3403 pateris
3327 3379 3342 3404 ,
3387 3342 3584 3409 quibus
3639 3362 3803 3416 usque

2245 3393 2526 3463 salubriter
2553 3417 2777 3480 cpotatis
2807 3393 2887 3473 εἷιά
2938 3393 3177 3488 fundum,
3211 3393 3490 3486 ntmretftia
3539 3393 3802 3504 siquidem

2244 3497 2401 3550 corda
2435 3514 2530 3553 sua
2570 3503 2821 3559 virefacta
2867 3508 2893 3546 ιι
2947 3510 3100 3579 193
3151 3519 3357 3582 saporis
3389 3497 3693 3588 dulcedine,
3720 3527 3801 3581 la:-

2247 3587 2359 3639 titia
2403 3589 2646 3655 protinus
2685 3594 2880 3662 repleta
2913 3601 3103 3666 gaudio
3135 3603 3410 3671 clarescat,
3441 3609 3507 3663 de
3549 3611 3640 3666 illa
3667 3617 3803 3669 vide-

2246 3673 2366 3728 licet
2396 3677 2499 3730 vini
2527 3681 2813 3747 potatione,
2845 3687 2909 3741 de
2945 3705 3049 3757 qua
3092 3691 3369 3749 Psalmista
3397 3701 3574 3767 typiee
3611 3707 3802 3759 cecinit

2247 3764 2461 3819 dicens:
2499 3768 2683 3836 Panis,
2718 3773 2908 3841 inquit,
2941 3795 3030 3832 cor
3055 3782 3276 3838 hominis
3301 3789 3600 3856 conﬁrmat,
3629 3795 3801 3848 vinum

2245 3853 2469 3922 lwtiﬁcat
2510 3860 2679 3929 (Paul.
2721 3879 2832 3926 cur,
2867 3866 2950 3936 13)
2989 3885 3002 3933 ;
3041 3877 3096 3923 et
3141 3887 3325 3929 rursus
3351 3893 3365 3929 ς
3395 3853 3803 3938 fttcbrinbuntnr

2247 3943 2308 3994 ab
2339 3945 2566 4000 ubertate
2592 3949 2774 4006 domus
2800 3960 2920 4018 tum,
2953 3967 2999 4010 et
3027 3969 3248 4014 torrente
3267 3963 3579 4021 deliciarum
3615 3972 3627 4010 ί
3662 3983 3804 4040 pora-

2311 4123 2394 4175 γι.
2423 4125 2558 4181 Ecce
2583 4130 2722 4184 enim
2760 4132 3026 4202 balsigeri,
3062 4148 3074 4186 ι
3111 4140 3422 4196 transmisso
3443 4141 3554 4210 jam
3580 4146 3802 4220 jamque

2239 4209 2485 4268 Iordanis
2529 4217 2697 4282 alveo,
2746 4225 3112 4288 promissionis
3151 4235 3348 4282 terram
3387 4209 3574 4288 Iesum
3609 4209 3798 4293 ducem

2242 4313 2522 4369 sequentes
2544 4306 2784 4375 ingressi,
2817 4309 3094 4367 fructifera
3114 4315 3391 4404 confestim
3421 4322 3643 4377 arbusta
3673 4327 3801 4395 legis

2243 4397 2536 4450 studuimus
2575 4399 2833 4467 plantare,
2865 4415 3086 4475 cogente
3122 4397 3386 4478 praecepto
3413 4410 3460 4474 κ,
3493 4417 3637 4482 quod
3669 4417 3800 4488 figu-

2244 4494 2355 4536 rata
2388 4486 2577 4556 legitur
2614 4491 2953 4547 nihilominus
2982 4497 3400 4565 promulgatioue
3426 4486 3797 4570 digestumsfn

2240 4576 2412 4642 primo
2449 4576 2463 4614 ι
2495 4579 2691 4648 itaque,
2715 4585 2964 4646 secundo,
3009 4595 3064 4638 et
3107 4589 3268 4641 tertio
3313 4604 3454 4645 anno
3501 4595 3796 4663 primordia

2243 4662 2507 4718 fructuum
2543 4682 2727 4721 eorum
2768 4672 3019 4738 prohibiti
3065 4685 3425 4743 contractam,
3456 4662 3676 4750 gustare
3716 4702 3796 4740 re-

2243 4753 2470 4814 nuimus,
2492 4756 2584 4808 sed
2605 4772 2702 4810 nec
2723 4773 2928 4813 summo
2950 4771 3071 4816 voto
3091 4767 3392 4832 putavimus
3421 4770 3614 4824 borum
3644 4776 3796 4842 quid-

2243 4854 2420 4907 quam,
2453 4842 2631 4909 gulosa
2678 4841 2843 4900 delusi
2891 4847 3094 4914 fraude,
3125 4853 3273 4920 apice
3325 4850 3601 4923 linquente
3631 4841 3675 4890 ’ί
3700 4861 3796 4914 lin-

2241 4945 2372 4998 guze,
2399 4947 2625 5000 moxque
2649 4938 2902 5003 praeputia
2944 4953 3127 4992 eorum
3152 4942 3486 4997 discretionis
3515 4950 3681 5003 recidi
3706 4952 3797 5005 bo-

2242 5018 2443 5071 nestius
2471 5023 2833 5090 perspeximus
2868 5025 3059 5089 cultro,
3081 5013 3431 5099 obvolutaque
3469 5037 3798 5092 tenuissimis

2241 5106 2524 5160 verborum
2554 5109 2694 5164 foliis
2730 5111 2929 5166 intacta
2963 5111 3320 5180 judicavimus
3363 5131 3705 5188 permanere,
3731 5142 3796 5180 ne

2242 5193 2378 5249 forte
2413 5197 2565 5250 valde
2592 5197 2788 5253 lasciva
2819 5202 3035 5256 mollitie
3079 5205 3328 5270 resoluta,
3349 5216 3405 5261 et
3442 5209 3694 5268 elationis
3720 5216 3796 5270 ni-

2243 5287 2362 5338 miae
2413 5287 2680 5355 perfluida,
2708 5293 3091 5358 teneritudine,
3139 5304 3193 5350 et
3238 5298 3430 5351 nedum
3476 5301 3795 5358 humilitatis

2243 5389 2400 5428 succo
2427 5376 2669 5444 perfusa,
2704 5387 2928 5434 matura:
2969 5382 3260 5438 dulcedinis
3301 5400 3491 5454 sapore
3523 5398 3552 5425 ³
3579 5394 3789 5447 succiva

2243 5464 2309 5516 ad
2333 5467 2586 5520 vomitum
2608 5470 2864 5538 superbiae
2892 5475 3060 5544 magis
3085 5478 3411 5532 comedentis
3436 5495 3788 5548 provocarent

2241 5551 2446 5608 faucem
2482 5573 2639 5625 quam
2685 5558 2989 5616 refcctionis
3035 5566 3204 5633 gratia
3250 5569 3485 5622 suaviter
3521 5573 3787 5629 dulculata

2242 5642 2419 5696 humili
2444 5645 2797 5701 demulcerent
2821 5651 2995 5703 edulio
3023 5655 3353 5722 receptacula
3386 5662 3609 5714 ventris.
3644 5663 3789 5716 Nunc

2240 5740 2412 5785 autem
2460 5732 2695 5801 lcg'tlitcr
2747 5737 2796 5790 iu
2827 5738 2924 5792 hoc
2967 5753 3103 5795 anno
3143 5752 3163 5769 "
3205 5745 3266 5798 de
3303 5746 3563 5802 fructibus
3609 5767 3789 5805 rerum
