3926 6440
94 436 197 490 515

1132 434 1454 507 EPIS'I‘OLA
1479 437 1579 490 -Αο
1613 435 1934 493 CAROLUII
1975 390 2278 494 nicavit.

3133 421 3274 495 Ἧι

93 547 285 602 edendi
308 559 560 601 conoessn
589 544 820 609 licentia,
845 546 1083 600 mosaico
1111 563 1207 616 per
1231 549 1408 601 omnia
1434 548 1639 603 calamo
1670 554 1710 609 Α
1739 549 2059 612 connitatur,
2105 559 2366 618 quatenus
2412 547 2733 602 inflammata
2780 550 3112 605 cavillatione
3157 566 3278 606 cum

93 636 395 697 cohibente,
425 641 531 688 non
557 633 626 686 ab
663 649 720 688 re
766 635 988 697 instituo,
1016 634 1059 687 si
1088 635 1290 688 avidius
1313 637 1455 689 vesci
1480 651 1544 690 ex
1567 637 1644 689 eis

95 725 280 778 humili
329 723 659 792 simplicique
702 721 878 792 palato
925 723 1185 776 desidero.
1221 723 1347 787 Quis
1375 723 1637 792 plantavit,

97 814 270 882 inquit
298 822 325 861 Ρ
350 811 650 882 Apostolus,
680 814 897 878 vineam,
931 822 976 864 et
997 811 1059 864 de
1083 811 1253 879 fructu
1279 813 1390 877 eius
1428 829 1529 865 non
1559 829 1643 864 co-

96 903 253 954 mcdit
283 901 336 971 (1
365 899 486 953 Oar.
511 915 585 962 ix,
615 899 706 969 7)?
733 895 799 954 Et
829 901 948 968 quis
975 897 1145 968 pa‘scit
1170 915 1382 969 gregem
1415 900 1496 952 vel
1525 915 1643 969 pre-

98 992 198 1044 mit
241 990 424 1054 ubera,
457 997 513 1042 et
539 988 691 1042 Iactis
737 988 1010 1042 dulcedine
1048 987 1408 1052 defraudatus,
1447 986 1645 1055 jejunio

99 1080 370 1143 deficiens,
397 1079 672 1134 stomacho
701 1079 998 1131 inarescat?

172 1170 279 1222 VII.
329 1168 434 1222 Sed
484 1168 585 1220 hoc
631 1168 800 1236 ipsum
851 1166 1036 1219 melius
1078 1181 1298 1234 prorsus
1346 1168 1646 1235 putavimus

100 1259 215 1312 bac
242 1257 420 1310 omnia
449 1256 502 1309 in
529 1270 634 1308 uno
661 1265 971 1308 coacervata
1003 1255 1145 1308 fasce
1173 1256 1291 1324 styli
1337 1258 1502 1309 nostri
1542 1255 1645 1310 fer-

97 1346 219 1400 culo
265 1329 470 1402 serenis
510 1346 701 1400 vestris
738 1345 967 1399 vultibus
1006 1345 1289 1400 deferenda
1335 1364 1347 1398 :
1386 1356 1646 1415 quatenus

98 1445 290 1490 vestra
323 1436 652 1511 discretionis
675 1435 896 1488 arbitrio
921 1437 1182 1510 acerrima
1209 1451 1379 1505 poma,
1405 1451 1502 1490 nec
1521 1437 1645 1490 dum

99 1536 313 1580 maturo
349 1540 509 1580 succo
547 1524 838 1594 perlucida,
889 1542 955 1580 ne
985 1536 1271 1594 carpantur
1306 1541 1463 1579 manu
1511 1526 1645 1588 sola,

99 1625 211 1680 aut,
237 1624 300 1669 ut
325 1617 398 1670 ita
425 1616 670 1680 dixerim,
702 1617 1174 1672 animadversionis
1209 1619 1356 1687 virga
1386 1617 1647 1670 aurisonis

98 1704 454 1757 discutiantur
479 1703 800 1772 syllabarum
823 1703 1038 1755 latentia
1060 1704 1124 1756 de
1153 1703 1416 1757 fruitetisq
1431 1714 1646 1774 prater-

97 1793 338 1846 euntium
375 1793 594 1861 pedibus
631 1792 1008 1846 conculcanda.
1065 1793 1137 1846 Ea
1186 1809 1330 1855 vero,
1379 1795 1424 1846 si
1470 1803 1643 1846 tamen

1742 637 1850 688 suis
1875 636 2086 689 asseclis
2111 651 2386 704 spumosus
2416 635 2586 691 infuso
2605 636 2771 690 salibo
2801 648 2852 681 α
2878 637 3143 702 dentibus,
3173 639 3284 692 ala-

1741 739 1832 777 cer
1874 725 2029 794 hujus
2071 723 2288 780 factura
2311 724 2578 779 collisione
2621 727 2918 795 procaciter
2944 727 3168 795 coeperit
3204 728 3284 781 in-

1740 815 1977 882 crispare
2003 814 2284 868 cacinnum
2310 813 2402 877 dd;
2433 815 2694 876 mittatur,
2723 829 2920 882 quaso,
2949 815 3192 883 protinus
3217 815 3286 866 ad

1740 916 1862 954 eum
1913 915 2118 956 summa
2159 901 2487 969 pernicitate
2533 916 2864 969 pracurrens
2911 901 3173 970 Bannajas
3228 909 3286 939 οι

1742 988 1879 1042 filius
1902 987 2099 1042 Joiada
2124 989 2445 1042 secretarius
2473 982 2686 1042 Davidis
2724 989 2972 1042 auricula
3012 989 3066 1041 in
3113 990 3287 1058 virga,

1743 1078 1833 1145 qui
1854 1077 1968 1130 viro
1985 1085 2300 1145 extorqueat
2345 1077 2549 1130 clavam
2595 1078 2658 1130 de
2701 1091 2860 1130 manu
2891 1077 3024 1146 ejus,
3055 1078 3146 1131 sed
3182 1094 3287 1131 non

1744 1163 1810 1216 ad
1837 1177 2133 1230 supremam
2162 1163 2376 1216 fatalem
2406 1179 2554 1216 suam
2583 1164 2894 1231 perniciem,
2926 1179 3030 1232 quo
3058 1165 3200 1218 circo
3231 1164 3282 1202 τί

1744 1252 1937 1306 amissa
1967 1251 2172 1304 roboris
2199 1252 2387 1306 fiducia
2417 1253 2666 1315 siccetur,
2695 1253 2928 1320 quinimo
2957 1253 3289 1308 membratim

1745 1341 1912 1394 tribus
1959 1341 2041 1394 vel
2074 1342 2288 1410 triginta
2335 1340 2635 1394 fortissimis
2685 1341 2814 1394 viris
2861 1341 3140 1395 charitatis
3175 1341 3292 1394 vin-

1744 1430 1862 1482 culo
1890 1439 1944 1483 et
1963 1430 2274 1483 humilitatis
2301 1431 2484 1484 ansula
2514 1431 2788 1500 religatur.

1813 1517 1877 1571 Χ.
1907 1518 2304 1581 Verumtamen,
2345 1519 2481 1571 sicut
2509 1532 2667 1587 supra
2697 1517 2954 1571 exorabili
2998 1519 3117 1588 styli
3161 1534 3291 1574 voce

1745 1607 2087 1676 pratulimus,
2115 1607 2209 1660 Dei
2237 1607 2612 1675 omnipotentis
2640 1606 2831 1660 devicti
2859 1621 3061 1670 amore,
3089 1615 3142 1661 et
3168 1623 3292 1663 san-

1745 1706 1844 1751 cta
1871 1697 2058 1750 matris
2079 1705 2268 1749 vestra
2295 1695 2542 1750 Ecclesia
2569 1694 2809 1764 profectu
2835 1695 3128 1764 decoreque
3145 1711 3292 1750 com-

1744 1787 1900 1856 pulsi,
1929 1787 2182 1855 quidquid
2210 1785 2357 1840 vobis
2384 1785 2643 1854 placuerit
2686 1783 2770 1838 vel
2811 1783 3156 1853 displicuerit,
3201 1794 3295 1837 aut

100 1883 326 1935 inveniri
353 1883 642 1951 potuerint,
669 1897 788 1951 qua
813 1881 937 1936 solis
963 1882 1173 1950 perfusa
1205 1883 1351 1937 radio
1392 1884 1538 1936 aurei
1568 1882 1647 1935 fu-
1677 1863 1722 1922 Β
1747 1877 1792 1929 si
1817 1876 1946 1929 nihil
1964 1876 2180 1930 omnino
2201 1875 2417 1944 dignum
2440 1874 2716 1936 duxeritis,
2735 1874 2902 1927 sacris
2928 1874 3078 1928 nobis
3104 1875 3295 1928 vestris

98 1977 226 2036 gant
250 1968 475 2022 |’decore
499 1969 551 2022 in
576 1969 784 2048 cortice
806 1969 1157 2037 rationalique
1191 1970 1436 2048 decerpta
1463 1970 1649 2038 pollice

97 2057 450 2111 discoloribus
493 2057 738 2127 depictis-
763 2043 1011 2127 palmulis
1042 2069 1062 2096 ³
1106 2043 1652 2127 γεειτᾰωῃοηειηιυι·

89 2145 296 2211 judicio
322 2131 610 2200 redolentia
639 2148 691 2200 in
714 2147 982 2210 canistris,
1015 2147 1081 2198 ad
1108 2162 1235 2200 usus
1264 2147 1444 2216 utique
1477 2145 1654 2200 fruen—

99 2234 253 2296 tium,
301 2234 402 2286 etsi
441 2247 545 2286 non
591 2234 745 2302 digna
785 2233 1054 2295 nobilium,
1095 2248 1386 2302 pauperum
1431 2232 1652 2286 forsitan

96 2321 405 2375 necessario
451 2332 740 2373 reservata.
773 2319 897 2374 Scio
922 2322 1064 2374 enim
1103 2334 1295 2388 pueros
1335 2328 1540 2372 vestros
1567 2335 1653 2387 pe-

99 2411 393 2464 ritissimos
435 2411 580 2464 viros
630 2411 848 2477 hujusce
895 2410 1026 2462 artis
1075 2423 1269 2478 gnaros
1313 2417 1657 2476 strenuosquc

94 2500 375 2562 cultores,
427 2513 655 2567 quorum
711 2500 902 2553 sudore
960 2499 1331 2566 luculentoque
1375 2497 1656 2550 verborum

94 2588 304 2656 lepore,
335 2569 426 2654 qui
453 2586 662 2640 calamo
703 2586 894 2656 lingua
936 2595 1109 2640 astuto
1146 2585 1405 2656 perfuncti
1452 2584 1660 2654 ingenio

97 2678 150 2728 in
181 2677 382 2728 mentis
422 2676 588 2728 tincto
633 2677 650 2710 ⁸
702 2689 804 2727 non
851 2676 1112 2743 intingere
1162 2689 1265 2727 non
1301 2681 1428 2727 'sunt
1469 2673 1657 2742 ignari,

95 2764 294 2817 vestris
319 2778 416 2832 per
439 2763 617 2816 omnia
647 2763 971 2832 magnisonis
999 2762 1328 2816 observanda
1357 2762 1657 2830 praeceptis.

93 2860 151 2904 ct
177 2861 362 2904 errata
391 2852 585 2920 corrigi
611 2860 665 2904 et
690 2853 895 2904 triticea
930 2850 1074 2902 farra
1102 2865 1133 2902 a
1161 2846 1411 2903 vitiorum
1443 2849 1661 2902 zizaniis

95 2940 384 2994 discretius
402 2949 649 3008 poterunt
676 2942 976 3010 expurgari,
1007 2942 1096 3009 qui
1125 2934 1320 3009 prator
1339 2952 1363 2978 υ
1385 2939 1471 2993 illa
1497 2954 1659 2993 aurea

97 3027 356 3096 regiaque
408 3025 542 3078 falce
592 3027 854 3096 regalibus
898 3037 1142 3082 tenentur
1184 3029 1507 3083 moderatius
1546 3027 1658 3096 pal-

96 3131 219 3168 IIIIS.

1743 1965 1923 2035 jubete
1947 1965 2161 2035 syllabis
2199 1963 2581 2034 significantius
2609 1962 2881 2031 propalate
2924 1964 2999 2014 εδ.
3040 1961 3146 2017 Nec
3194 1964 3294 2017 hoc

1750 2057 2112 2126 pratereundo
2137 2095 2151 2120 ,
2208 2056 2301 2112 sed
2343 2054 2508 2123 magis
2559 2053 2917 2106 necessarium
2967 2067 3063 2121 per
3115 2055 3292 2107 omnia

1752 2147 2111 2221 scireovestra
2137 2143 2416 2196 maluimus
2455 2140 2774 2194 sinceritatis
2814 2139 3292 2202 mansuetudinem,

1703 2247 1726 2255 ’
1752 2237 2000 2306 quoniam
2029 2235 2184 2303 hujus
2205 2242 2402 2287 statuta
2427 2228 2656 2294 concilii,
2683 2232 2740 2269 ιιὶι
2770 2245 2874 2282 non
2897 2230 3046 2299 quasi
3075 2245 3295 2298 genera-

1753 2325 1822 2378 lia
1853 2366 1866 2390 ,
1895 2325 1985 2378 sed
2014 2323 2200 2377 localia
2230 2322 2310 2376 vel
2341 2321 2500 2376 etiam
2539 2319 2809 2389 specialia,
2841 2334 2960 2372 cum
3001 2319 3298 2387 provincia--

1753 2413 1889 2466 libus
1937 2412 2090 2480 193
2139 2411 2291 2463 istius
2334 2410 2475 2462 sedis
2516 2408 2989 2475 consentaneisque
3041 2408 3300 2476 episcopis

1753 2516 1960 2571 aquum
2005 2508 2280 2566 ratumque
2315 2496 2680 2566 perspeximus
2725 2495 2990 2563 delegare,
3035 2495 3078 2547 si
3120 2503 3298 2547 tamen

1756 2591 1932 2646 vestra
1981 2599 2381 2656 vestrorumque
2445 2585 2675 2639 fidelium
2729 2583 2925 2638 fuerint
2984 2585 3300 2638 auctoritate

1756 2679 2096 2750 probabiliter
2126 2676 2391 2738 roborata,
2421 2673 2502 2726 vel
2544 2675 2587 2726 si
2634 2673 2895 2727 curvatim
2933 2672 3131 2725 inclusa
3161 2672 3297 2725 infra

1756 2770 2013 2825 circulum
2041 2766 2330 2822 resecantis
2357 2764 2506 2818 falcis
2533 2771 2721 2834 vestra
2747 2762 2992 2817 nonnulla
3029 2761 3112 2816 vel
3139 2763 3298 2816 etiam

1757 2874 1913 2929 quam
1934 2857 2158 2927 plurima
2191 2855 2350 2908 illaesa
2389 2853 2615 2908 voluerit
2656 2852 2885 2921 effugere
2928 2854 3003 2916 ii,
3034 2861 3088 2907 et
3114 2853 3180 2906 ad
3208 2849 3314 2905 no-'

1758 2959 1882 3003 stra
1908 2946 2220 3016 quandoque
2260 2940 2571 2996 humilitatis
2617 2955 2805 2993 manus
2841 2941 3300 3010 prosperajucun-

1759 3039 1926 3092 ditate
1959 3035 2224 3102 celerique
2259 3032 2550 3101 'prazcincta
2588 3029 2780 3083 latitia
2825 3029 3004 3082 favore
3052 3030 3170 3084 lata
3217 3045 3303 3084 re-

1763 3125 1895 3177 verti
1918 3123 2190 3184 meruerit,
2233 3120 2564 3189 indulgentia:
2609 3125 2796 3172 vestra
2829 3126 3118 3186 praenotata
3152 3120 3313 3188 signo

166 3204 302 3260 VIII.
345 3202 554 3258 llabent
579 3206 763 3275 procul
798 3205 957 3260 dubio
984 3215 1040 3260 et
1072 3208 1170 3276 ipsi
1205 3208 1445 3276 proprias
1470 3209 1653 3261 denta-
1678 3180 1724 3242 θ
1754 3211 2073 3273 venerando,
2117 3180 2219 3261 non
2269 3180 2588 3276 quidem”...
2618 3207 2703 3260 cui
2755 3180 3021 3270 libuerint,
3065 3207 3156 3259 sed
3200 3180 3300 3261 nec

95 3295 166 3348 tis
193 3292 463 3346 subtiliter
503 3294 842 3348 nihilominus
870 3294 1009 3349 limis
1036 3304 1346 3360 exacuatas,
1383 3296 1654 3350 cinctoriis

93 3397 320 3452 prorsus
363 3383 620 3436 vectitant
654 3397 938 3452 suspensas
975 3385 1027 3438 in
1063 3386 1312 3456 strophiis
1339 3394 1386 3449 ',
1415 3387 1656 3455 quamvis

94 3486 193 3526 nec
213 3470 440 3533 bellicis,
465 3471 548 3523 his
568 3473 1253 3536 contenti,careant-armis,
1281 3474 1468 3526 muniti
1495 3475 1653 3526 nimi-

95 3575 216 3612 tum
244 3559 426 3612 loricis
458 3557 767 3611 triformicis
805 3573 829 3598 ι
861 3560 1168 3613 etcristatis
1201 3562 1440 3614 instructi
1465 3560 1648 3629 galeis,

94 3656 325 3716 pergunt
346 3645 414 3698 ad
438 3644 576 3698 bella
597 3645 902 3699 doctissimi.
927 3646 1049 3702 Scio
1069 3648 1258 3700 horum
1279 3649 1560 3716 quemdam
1581 3649 1656 3702 in-

95 3744 177 3788 ter
207 3734 429 3803 triginta
449 3733 732 3787 nobiliores
755 3742 781 3782 3'
803 3744 855 3788 et
877 3750 1036 3804 super
1067 3736 1278 3804 triginta
1302 3738 1656 3791 nominatissi-

95 3841 264 3890 mum,
292 3834 350 3878 et
369 3826 530 3878 alium
554 3814 692 3878 inter
718 3835 826 3880 tres
854 3827 1226 3882 celeberrimos
1260 3836 1314 3882 et
1348 3843 1507 3896 super
1546 3839 1654 3883 tres

93 3914 418 3982 principem,
443 3914 537 3966 sed
575 3920 626 3964 et
653 3912 783 3966 alios
811 3923 917 3966 tres
942 3929 1133 3982 pueros
1169 3915 1500 3979 fortissimos,
1532 3933 1657 3986 quo-

97 4018 211 4056 rum
236 4002 573 4056 vibrantibus
593 4003 758 4055 hastis
773 4002 1153 4071 allophylorum
1173 4013 1215 4065 3,
1235 4005 1285 4057 id
1305 4014 1386 4058 est
1407 4005 1656 4075 maligno-

96 4106 210 4143 rum
225 4092 514 4159 spirituum
528 4091 638 4144 sive
658 4092 1045 4153 hareticorum,
1063 4093 1459 4160 sanguinolenta
1479 4103 1654 4163 strage

97 4183 214 4233 hinc
246 4181 372 4233 inde
406 4177 618 4246 rejectis
649 4179 896 4235 Ecclesia
919 4180 1178 4244 hostibus,
1201 4183 1447 4250 poterunt
1476 4191 1653 4237 castra

95 4270 279 4325 recidi.
312 4269 378 4322 Hi
400 4283 628 4338 namque
648 4269 920 4324 fortissimi
937 4279 1235 4326 castrorum
1253 4273 1535 4342 principes,
1563 4275 1655 4330 sed

93 4368 147 4412 et
175 4358 581 4429 prudentissimi
610 4359 894 4414 Dominica
935 4361 1101 4412 vinea
1139 4361 1388 4424 cultores,
1421 4363 1542 4416 nolo
1572 4379 1654 4418 me

97 4449 218 4500 totis
253 4446 465 4500 viribus
495 4446 860 4516 insequantur,
892 4448 985 4502 sed
1017 4449 1406 4504 dissimulantes
1438 4455 1652 4506 merito-

96 4551 207 4588 rum
224 4535 439 4602 culpas,
457 4535 790 4603 indulgcntia
805 4537 932 4590 mihi
949 4537 1224 4591 venialiter
1241 4541 1515 4609 porrigant
1536 4557 1648 4594 ma-

94 4641 236 4678 num.
267 4623 388 4676 Non
418 4624 560 4677 enim
589 4626 764 4692 magni
792 4634 872 4679 est
904 4629 1172 4695 praeconii,
1205 4644 1300 4682 nec
1322 4627 1647 4695 judicabitur

94 4716 325 4781 palmata
351 4712 559 4781 tyronis
593 4712 658 4766 de
675 4714 953 4782 triumpho
977 4730 1193 4782 corona,
1239 4719 1284 4771 si
1329 4719 1394 4772 de
1430 4719 1648 4774 inermis

94 4807 251 4861 fuerit
274 4805 519 4861 ranicula
548 4807 800 4876 sanguine
821 4807 1133 4861 rubicunda.
1309 4855 1314 4860 .
1609 4789 1615 4796 ’

157 4897 245 4952 IX.
269 4899 446 4952 Porro
471 4898 515 4952 si
534 4897 773 4968 gigantes
815 4914 974 4968 super
1018 4914 1136 4952 meo
1161 4900 1358 4970 impetu
1386 4912 1649 4957 conantur

96 4994 415 5062 irrumpere,
437 4991 681 5056 obsecro,
709 5006 742 5045 ο
770 4991 1086 5046 venerabilis
1115 4994 1378 5062 princeps,
1405 4994 1648 5064 exemplo

97 5095 150 5121 ιι
177 5082 277 5136 mei
308 5095 480 5135 causa
510 5080 724 5148 pietatis
755 5081 865 5136 alas
910 5096 1014 5135 non
1057 5096 1149 5135 vos
1175 5083 1350 5152 pigeat
1375 5081 1480 5136 late
1501 5099 1648 5152 spar-

96 5173 296 5240 simque
324 5167 550 5224 dilfusas
572 5169 875 5231 extendere,
907 5183 970 5223 ac
994 5184 1090 5237 pro
1117 5170 1216 5224 hoc
1242 5170 1481 5238 apposito
1501 5170 1649 5225 benio

98 5259 310 5326 gnitatis
347 5265 519 5320 scuto,
559 5259 974 5326 praparatisque
1009 5257 1230 5326 ‘spiculis
1273 5259 1552 5324 labiorum,
1583 5276 1648 5317 ne

97 5351 313 5417 patiaris
341 5365 429 5404 me
461 5349 530 5402 ab
568 5349 633 5401 iis
661 5347 901 5401 violentis
940 5349 1078 5402 ultro
1109 5349 1343 5403 calcibus
1369 5350 1643 5404 inculcari.

98 5437 241 5500 Quod
265 5439 310 5490 si
339 5438 610 5506 quispiam
639 5437 825 5489 horum
854 5435 1131 5489 Herculem
1163 5437 1312 5490 clavo
1348 5436 1404 5475 bb
1434 5437 1648 5492 robusto

97 5545 150 5579 se
171 5527 386 5592 iactans
428 5536 642 5598 [astare
687 5527 784 5580 sub
823 5527 1065 5588 humero,
1097 5535 1151 5578 et
1191 5527 1509 5596 pedetentim
1560 5544 1650 5583 ve-

100 5619 262 5679 niens,
310 5617 426 5687 sive
464 5615 708 5670 clanculo
737 5615 847 5669 sive
877 5615 927 5668 in
958 5613 1262 5684 propatulo,
1293 5610 1529 5685 improbe
1560 5633 1649 5671 ca-

100 5706 214 5771 pitis
260 5707 362 5760 mei
413 5705 924 5758 vibrantilimmerso
973 5705 1076 5758 ictu
1128 5704 1326 5760 illidere
1369 5708 1646 5761 cerebrum

1752 3307 2070 3362 coarctatas,
2099 3299 2185 3352 cui
2221 3297 2601 3365 displicuerint,
2631 3297 2797 3366 gratis
2843 3305 3018 3350 tamen
3043 3297 3302 3351 correctis

1751 3388 1929 3442 oblata
1968 3388 2021 3439 in
2054 3385 2275 3439 arbitrio
2322 3383 2601 3453 respuendi
2639 3384 2720 3437 vel
2761 3384 3110 3452 amplectendi
3142 3384 3302 3438 relin-

1752 3477 1962 3546 quimus
1996 3474 2295 3542 unicuique.
2334 3472 2447 3525 Non
2487 3473 2629 3525 enim
2666 3469 2982 3526 fastidientis
3026 3474 3077 3524 in
3123 3481 3304 3542 guttur

1752 3563 1892 3617 ultro
1921 3562 2283 3632 immergimus
2308 3561 2462 3630 hujus
2489 3560 2880 3614 sorbitiuncula
2925 3561 3170 3630 scyphos,
3210 3563 3301 3616 sed

1753 3668 1850 3708 nec
1886 3653 2037 3706 avide
2075 3652 2342 3706 humantis
2372 3651 2416 3700 ll
2455 3651 2635 3720 patula
2687 3652 2877 3720 raptim
2907 3652 2971 3708 de
3001 3652 3152 3706 fauce
3177 3667 3302 3722 cya-

1755 3740 1874 3793 thos
1914 3739 2274 3792 subtrabimus
2312 3732 2493 3807 plenos
2539 3738 2602 3792 de
2640 3753 2758 3792 rore
2789 3739 2936 3808 Lyei,
2962 3741 3198 3796 excussis
3220 3741 3301 3794 his
3385 3761 3393 3765 ·

1754 3829 2002 3882 nimirum
2033 3828 2114 3890 ιιι,
2145 3826 2336 3894 quibus
2371 3827 2480 3879 oris
2524 3826 2690 3879 no’stri
2716 3826 2888 3880 ollicio
2915 3835 3207 3896 opportune
3249 3837 3303 3881 et

1754 3917 2048 3984 importune
2074 3929 2140 3968 ex
2163 3914 2338 3968 debito
2367 3913 2748 3966 suntllaventia
2777 3913 2963 3981 pocula
2994 3914 3160 3968 modis
3183 3929 3301 3967 oms

1755 4005 1909 4060 nibus
1935 4004 2278 4073 propinanda.
2429 4055 2440 4063 ,

1822 4091 1908 4144 XI.
1941 4090 2014 4144 De
2041 4091 2402 4144 sacerdotibus
2439 4100 2617 4147 autem
2654 4090 2823 4162 plagis
2846 4091 3105 4160 impositis
3141 4096 3299 4149 semi-

1753 4196 1856 4250 quc
1886 4181 2019 4233 vivis
2047 4179 2266 4244 relictis,
2292 4181 2375 4234 vel
2401 4191 2544 4234 certe
2573 4182 2832 4236 diabolica
2869 4179 3194 4238 fervescente
3218 4183 3301 4238 fu-

1756 4281 1874 4321 rore
1902 4283 1996 4336 per
2021 4267 2138 4337 ejus
2163 4269 2417 4322 satellites
2454 4270 2802 4352 interemptis,
2835 4285 2937 4323 non
2983 4287 3182 4339 meum,
3206 4275 3300 4328 sed

1755 4364 1946 4410 vestra
1967 4356 2286 4409 definitionis
2306 4357 2412 4409 erit
2426 4351 2700 4424 judicium.
2725 4357 2780 4409 In
2808 4367 2981 4411 vestra
3011 4360 3187 4427 itaque
3207 4376 3300 4430 po-

1756 4445 1961 4498 testatis
2011 4444 2309 4510 altitudine,
2364 4445 2418 4496 in
2461 4446 2706 4512 quodam
2718 4445 2954 4513 judiciali
2982 4445 3154 4500 libello
3192 4446 3238 4486 ιι
3267 4463 3300 4504 a

1752 4537 1950 4589 sanctis
1968 4534 2091 4588 olim
2122 4535 2366 4588 Patribus
2397 4534 2681 4589 salubriter
2695 4535 2972 4604 pralibato
3000 4536 3187 4606 legisse
3215 4553 3301 4592 me

1752 4626 1926 4680 recolo
1951 4634 2296 4680 reservatum.
2331 4625 2408 4680 Ob
2438 4642 2597 4695 quam
2625 4627 2786 4694 igitur
2805 4642 3016 4680 causam
3047 4629 3158 4682 hac
3185 4628 3204 4658 ⁸
3225 4629 3301 4682 fe-

1751 4714 1942 4776 cerint,
1960 4713 2150 4766 vestris
2168 4715 2362 4766 certius
2388 4714 2498 4766 scio
2517 4715 2731 4766 omnino
2759 4729 2860 4766 non
2881 4714 3100 4769 latuisse
3128 4730 3301 4784 neque

1750 4804 1916 4858 latere
1945 4803 2111 4857 sacris
2137 4803 2424 4856 memoriis.
2477 4801 2751 4856 Neminem
2780 4819 3005 4872 namque
3029 4805 3186 4857 alium
3211 4820 3300 4858 ar-

1751 4895 1932 4950 bitrati
1960 4902 2081 4948 sunt
2106 4902 2344 4948 sanctam
2369 4892 2658 4947 Ecclesiam
2688 4893 2752 4946 de
2780 4892 2938 4946 illatis
2961 4894 3163 4966 injuriis
3188 4904 3298 4950 tam

1752 4984 2112 5054 potentissime
2135 4998 2294 5053 quam
2319 4982 2478 5052 regali
2507 4982 2959 5035 animadversione
2990 4981 3194 5046 ulcisci,
3220 4983 3299 5037 vi-

1753 5077 1954 5131 cariam
1975 5087 2056 5114 ωω
2084 5076 2152 5129 ab
2194 5090 2257 5128 eo
2281 5058 2656 5128 vicissitudinis
2691 5072 2711 5102 ⁷
2741 5079 2995 5139 expetens
3014 5087 3219 5137 curam,
3239 5083 3299 5128 ut
3331 5114 3354 5123 -

1751 5162 2192 5234 quemadmodum
2221 5161 2307 5214 illa
2331 5176 2453 5215 eum
2479 5161 2500 5191 "
2530 5168 2582 5212 et
2605 5159 2656 5210 in
2701 5159 2946 5226 praesenti
2988 5158 3177 5212 sacqu
3204 5173 3298 5214 ne-

1752 5267 1912 5321 quam
1955 5250 1975 5281 ’
2025 5250 2192 5304 sacris
2220 5258 2395 5302 tuetur
2441 5246 2699 5315 perpetim
2750 5247 3019 5315 precibus,
3059 5253 3113 5298 et
3157 5246 3298 5300 inter

1750 5347 1885 5401 bella
1915 5344 2275 5415 spiritualibus
2302 5357 2404 5395 non
2433 5347 2605 5393 cessat
2631 5353 2886 5393 coronare
2916 5337 3216 5406 triumphis,
3243 5349 3300 5392 et

1753 5438 1950 5492 caelesti
1983 5444 2144 5504 regno
2162 5434 2391 5486 divinam
2418 5430 2744 5499 implorando
2782 5429 3113 5482 clementiam
3132 5437 3299 5498 parti-

1754 5529 1922 5596 cipem
1952 5526 2066 5578 fieri
2110 5526 2451 5591 imprecatur,
2475 5520 2547 5573 ita
2577 5527 2628 5572 et
2657 5519 2741 5571 ille
2766 5517 3109 5587 principalem
3136 5516 3298 5586 adep-

1757 5626 1840 5670 tus
1860 5616 2147 5686 potentiam
2175 5621 2230 5666 et
2274 5614 2340 5668 ab
2368 5611 2591 5665 inimicis
2619 5612 2733 5677 ejus
2775 5607 3011 5662 valenter
3043 5621 3160 5659 eam
3204 5605 3296 5659 de-

1754 5691 1966 5762 fendere
1994 5716 2048 5760 ct
2069 5707 2132 5760 de
2156 5704 2395 5760 hostibus
2415 5702 2528 5772 ejus
2551 5700 2728 5761 ultrici
2754 5698 3064 5755 invectionis
3083 5706 3298 5765 sentcn-
