4266 6436
117 491 226 547 0‘35

1425 496 1753 552 APPENDIX
1793 495 2019 550 PRIMA.

3217 500 3318 556 (Sili

117 610 276 686 seris,
307 623 404 678 per
425 608 1117 686 intercessionempmnium
1142 617 1444 686 sanctorum
1461 595 1670 686 tuorum
1703 618 1744 674 Α
1773 605 2071 686 aedificatio,
2101 605 2263 677 256
2280 615 2335 660 et
2351 607 2549 686 excelsi
2575 609 2803 676 parietes
2834 607 3031 677 templi.
3063 608 3118 664 In
3133 609 3322 686 diebus

119 680 284 732 libera
299 677 416 746 fnos
435 692 465 730 a
485 679 714 732 terrenis
733 677 1008 732 desideriis
1036 685 1092 730 et
1130 677 1418 746 cupiditate
1447 678 1668 738 carnali,

119 760 175 802 et
201 745 347 816 nullo
372 747 424 800 in
451 748 602 800 nobis
630 757 881 816 regnante
919 755 1160 815 peccato,
1202 745 1296 799 tibi
1326 746 1420 800 soli
1451 746 1673 816 Domino

122 815 325 870 servire
379 814 711 870 mereamurf
750 816 853 870 Per
881 814 1157 872 Dominum
1206 824 1446 868 nostrum
1491 814 1674 869 Jesum

121 887 416 946 Christum,
438 886 526 952 qni
551 895 722 938 tecum
743 885 873 938 vivit
897 893 952 937 et
980 893 1163 952 regnat
1191 883 1329 936 Dens
1371 885 1421 936 in
1475 885 1675 936 unitate

122 955 364 1024 Spiritus
380 954 550 1024 sancti
578 969 672 1024 per
697 952 1091 1024 omniagsarcula
1119 953 1450 1007 saeculorum.
1484 952 1672 1006 Amen.

190 1022 584 1076 Benediramns
597 1023 835 1086 Domino.
870 1022 976 1076 Deo
1004 1024 1223 1092 gratias.

189 1092 493 1159 {Sanctum
521 1092 818 1151 Paulinum,
842 1089 1107 1158 quem—lue
1137 1091 1354 1144 Litania:
1376 1089 1672 1158 proferunt,

124 1160 471 1230 probabiliter
495 1171 740 1229 putamus
768 1177 886 1214 esse
912 1169 1150 1215 nostrum
1188 1160 1580 1230 Aquileiensem
1607 1159 1676 1212 ob

125 1229 360 1284 rationes
390 1244 481 1283 seu
500 1231 865 1299 conjecturas,
895 1245 1028 1299 quas
1063 1231 1114 1284 in
1149 1230 1265 1282 Vita
1315 1229 1488 1299 capite
1540 1230 1672 1299 xvii,

123 1316 268 1352 num.
297 1300 351 1362 5,
381 1299 671 1352 attulimus.
701 1298 843 1364 Quas
885 1298 1022 1352 inter
1047 1299 1178 1353 ordo
1206 1306 1290 1355 cst
1313 1298 1678 1353 collocationis

123 1370 180 1423 S.
208 1368 412 1422 Paulini
439 1377 563 1437 post
580 1377 826 1432 caeteros,
856 1383 996 1437 quos
1013 1377 1170 1437 antea
1191 1365 1378 1420 fuisset
1397 1368 1674 1429 locandus,

122 1439 163 1491 si
195 1438 261 1492 de
291 1437 396 1490 alio
421 1436 660 1499 Paulino,
693 1436 955 1506 praecipue
983 1436 1204 1499 Nolano,
1229 1445 1370 1490 esset
1414 1437 1678 1490 invocatio

124 1508 208 1560 illa
237 1507 596 1577 intelligenda,
621 1515 681 1560 ut
707 1506 778 1562 ibi
801 1506 1044 1560 dicimus.

460 1682 658 1738 MISSA
683 1672 784 1738 ’ΒΕ
813 1683 1078 1739 SANCTO
1108 1683 1400 1739 PAULINO
1447 1735 1454 1741 .

547 1790 878 1829 ρΑτιιιΑιιοιιΑ
939 1775 1265 1837 Αρυιιειεκδι

123 1865 485 1936 Extracts};
503 1862 733 1936 ~ll_fissali'
756 1861 997 1936 ecclesiw‘
1032 1862 1390 1936 Aquileiensis,
1431 1863 1676 1936 impresso

189 1950 332 1987 anno
361 1932 516 1996 l5l9,
543 1933 599 1985 in
628 1932 914 2001 exemplum
953 1931 1337 2000 ritus'ejusdem
1361 1931 1606 1986 ecclesiis.

755 2037 1056 2076 INTROITUS.

193 2111 519 2166 Sacerdotes
538 2110 633 2174 tui,
652 2109 892 2174 Domine,
915 2111 1138 2164 induant
1144 2111 1271 2178 justi
1281 2111 1428 2173 tiam,
1445 2119 1499 2163 et
1513 2111 1678 2164 sancti

122 2183 198 2235 tui
223 2181 524 2260 exsultent:
544 2190 762 2260 propter
783 2180 946 2234 David
975 2195 1186 2234 servum
1219 2189 1386 2242 tuum,
1406 2193 1507 2232 non
1528 2194 1681 2234 aver-

123 2262 207 2304 tas
237 2249 431 2304 faciem
457 2248 658 2303 Christi
681 2250 775 2302 tui.

197 2318 342 2373 Psal.
375 2317 658 2381 Memento,
688 2317 930 2381 Domine,
959 2315 1145 2381 David,
1172 2324 1226 2370 et
1239 2318 1414 2373 omnis
1441 2333 1685 2373 mansue-

125 2388 326 2457 tudinis
353 2387 486 2457 ejus.

191 2455 451 2511 Gloria‘in
473 2457 699 2512 excelsis
718 2455 846 2521 Deo,
877 2465 1005 2519 etc.,
1035 2467 1090 2509 ut
1119 2458 1170 2510 in
1189 2455 1441 2512 Romano.
1465 2457 1686 2513 Domine

122 2527 222 2580 Fili
247 2527 518 2596 unigenite
535 2526 659 2596 Iesu
675 2526 885 2580 Christe
909 2526 1182 2596 altissime,
1200 2525 1276 2578 vel
1297 2535 1354 2579 et
1364 2536 1548 2596 sancte
1568 2526 1688 2596 Spi-

126 2598 282 2649 ritus.
314 2593 537 2649 Domine
576 2595 737 2658 Deus,
760 2603 890 2658 etc.,
939 2605 992 2648 ut
1020 2596 1074 2650 in
1124 2593 1379 2648 Romano.
1425 2595 1502 2650 De
1538 2593 1686 2649 beata

125 2664 304 2717 Maria
327 2680 443 2718 vero
460 2666 553 2718 sic.
585 2664 806 2718 Domine
833 2663 933 2718 Fili
977 2663 1244 2732 nnigenite
1285 2661 1408 2719 Jesn
1428 2664 1639 2719 Christe
1671 2683 1683 2718 :

123 2735 352 2803 spiritus
373 2742 425 2787 et
449 2735 584 2803 alme
610 2734 969 2803 orphanorum
991 2733 1268 2803 paraclite.
1299 2733 1522 2803 Domine
1549 2735 1689 2790 Deus

124 2801 300 2872 agnus
329 2804 420 2874 Dei
443 2802 607 2874 [filius
625 2801 802 2857 Patris
826 2821 837 2855 :
865 2801 1246 2874 primogenitus
1261 2802 1438 2858 Mariae
1455 2803 1690 2874 Virginis

125 2867 337 2928 niatris.
363 2867 466 2939 Qui
487 2872 626 2928 tollis
654 2867 881 2943 peccata
890 2867 1092 2943 ntnndi,
1110 2873 1363 2928 miserere
1387 2867 1688 2937 nobiszui

124 2943 272 3012 tollis
296 2951 513 3012 peccata
541 2942 744 3006 mundi,
773 2945 980 3012 suscipe
1009 2942 1434 3011 deprecationem
1452 2950 1689 3012 nostram

126 3013 196 3064 ad
229 3010 408 3065 Mariae
432 3013 674 3079 gloriam.
725 3013 825 3076 Qui
869 3010 1024 3066 sedes
1058 3010 1123 3063 ad
1170 3012 1446 3066 dexteram
1493 3010 1689 3076 Patris,

127 3081 386 3135 miserere
413 3082 581 3134 nobis.
608 3082 868 3146 Quoniam
908 3089 963 3133 tu
1015 3081 1158 3134 solus
1203 3089 1422 3134 sanctus
1469 3079 1690 3135 Mariam

126 3149 492 3220 sanctificans.
516 3150 594 3203 Tu
621 3149 763 3220 solus
786 3149 1054 3220 Dominus
1109 3149 1327 3220 Mariam
1366 3151 1689 3220 gubernans.

128 3219 211 3272 Tu
241 3218 387 3274 solus
410 3219 715 3274 Altissimus
750 3218 970 3274 Mariam
993 3235 1274 3282 coronans,
1301 3218 1427 3275 Iesu
1455 3218 1688 3281 Christe,

127 3304 254 3343 cum
278 3297 464 3344 sancto
491 3287 692 3359 Spiritu
722 3289 776 3343 in
805 3289 970 3359 gloria
991 3289 1082 3342 Dei
1113 3288 1306 3343 Patris.
1338 3288 1524 3342 Amen.

802 3395 1016 3434 ORATIO.

199 3469 425 3534 Praesta,
441 3485 764 3540 qumsumus,
779 3467 1300 3540 omnipotens_Deus,
1317 3477 1374 3540 ut
1402 3469 1412 3518 l
1437 3469 1539 3522 cati
1550 3468 1692 3540 Pau-

130 3541 223 3594 lini
273 3537 597 3596 confessoris
644 3540 720 3594 tui
745 3547 904 3608 atque
926 3537 1217 3608 'pontificis
1246 3538 1449 3608 meritis
1476 3539 1692 3608 adjuve-

132 3626 273 3673 nmr,
295 3610 449 3680 cujus
476 3611 652 3664 votiva
702 3607 967 3664 solemnia
984 3607 1336 3662 celebramus.
1370 3607 1471 3660 Per
1515 3607 1692 3660 Domi-

131 3695 259 3734 num
287 3688 548 3743 nostrum,
578 3688 682 3738 etc.

206 3750 272 3802 In
301 3747 538 3802 Ecclesia
581 3758 752 3801 autem
781 3747 1001 3802 civitatis
1028 3745 1250 3799 Austriw
1277 3746 1331 3798 in
1376 3745 1465 3798 lib.
1497 3761 1590 3797 ms.
1620 3746 1691 3798 si-

131 3830 288 3887 gnato
321 3835 372 3871 η.
401 3817 485 3882 l2,
512 3819 595 3871 cui
617 3817 798 3871 titulus
822 3817 1015 3870 :Liber
1041 3814 1529 3887 Sacramentornm,
1553 3831 1690 3867 anno

133 3885 285 3958 bum.
321 3887 478 3958 1506.
505 3903 622 3958 pag.
650 3887 754 3942 299
781 3895 942 3956 tergo,
966 3895 1037 3940 est
1063 3901 1275 3954 sequens
1301 3886 1466 3938 oratio
1494 3885 1556 3937 de
1575 3900 1692 3936 sim-

133 3970 213 4010 cto
239 3956 506 4010 Paulino:

207 4027 368 4088 Deus,
387 4027 476 4094 qui
500 4023 693 4096 populo
722 4035 812 4079 tuo
838 4033 1051 4096 teternaz
1079 4021 1266 4075 salutis
1311 4021 1524 4074 l'eatum
1556 4022 1690 4076 Pan-

133 4097 302 4149 linum
329 4095 630 4149 ministrum
658 4095 977 4148 constituisti
1009 4112 1020 4145 ι
1051 4100 1603 4162 ριίιεειει,(ιιιίρε;ιηιυε,
1636 4101 1693 4145 ιιι

132 4181 296 4234 quem
333 4165 608 4219 doctorem
649 4164 782 4234 vitae
811 4161 1092 4217 habuimus
1131 4162 1181 4234 in
1212 4161 1692 4234 ter_ris,_intgrces-

135 4229 314 4288 sorem
342 4246 552 4306 semper
577 4233 772 4288 habere
801 4245 1100 4287 mereamur
1129 4231 1180 4282 in
1203 4229 1368 4284 cmlis.
1395 4229 1496 4284 Per
1515 4229 1692 4285 Domi-

135 4319 286 4366 num,
318 4313 424 4357 etc.
1541 4318 1548 4324 ·

208 4372 363 4425 Hanc
392 4373 670 4440 reperimus
700 4383 748 4426 ct
791 4375 844 4424 in
873 4371 990 4424 aliis
1018 4369 1314 4427 Missalibiis
1335 4380 1381 4423 et
1410 4370 1690 4424 Breviariis

132 4460 261 4497 mss.
295 4439 524 4510 ejusdem
554 4443 798 4495 ecclesiae.
837 4440 904 4511 In
940 4439 1045 4493 alio
1088 4453 1256 4496 autem
1283 4440 1420 4511 quod
1448 4440 1689 4511 inscribi—

133 4526 222 4565 tur
244 4532 263 4566 :
292 4507 436 4566 Ordo
464 4511 685 4565 Missalis
711 4510 1000 4566 secundum
1033 4507 1466 4567 consuetudinem
1498 4507 1690 4562 Roma-

133 4597 220 4636 nae
246 4581 411 4636 carice
453 4595 541 4634 an.
590 4581 724 4634 1254
751 4581 846 4650 (uti
891 4579 1000 4649 post
1056 4597 1252 4634 menses
1281 4578 1537 4650 habetur),
1569 4580 1692 4632 cha—

134 4662 338 4704 ractere
355 4651 561 4712 quidem
577 4666 676 4702 non
693 4649 900 4703 omnino
924 4649 1117 4719 reliquo
1140 4649 1367 4703 llissalis
1395 4664 1694 4716 correspon-

133 4722 308 4782 dente,
357 4719 446 4773 sed
499 4721 767 4772 recentiori
817 4735 994 4781 manu,
1031 4737 1132 4772 non
1171 4731 1341 4772 tamen
1365 4719 1693 4787 prtrsentium

135 4802 445 4856 temporum,
474 4797 546 4841 est
575 4804 786 4856 sequens
799 4789 870 4842 de
891 4799 1070 4842 sancto
1097 4788 1320 4842 Paulino
1349 4786 1533 4839 Oratio.

209 4853 372 4916 Deus.
401 4858 490 4926 qui
519 4853 718 4911 clerum
747 4867 803 4911 et
844 4859 1092 4926 pupulum
1142 4868 1288 4912 tuum
1320 4856 1457 4909 beati
1492 4853 1697 4908 Paulini

137 4928 466 4983 confessoris
487 4929 560 4980 tui
588 4927 795 4979 voluisti
821 4927 1090 4995 pontificio
1112 4926 1403 4996 gubernari
1429 4943 1445 4978 ;
1479 4933 1695 4996 praesta,

140 4999 331 5068 utcjus
351 4997 564 5050 assidua
585 4994 962 5049 intercessione
984 4994 1486 5068 nulla‘formidemus
1511 4994 1699 5047 adver-

139 5084 219 5130 sa,
242 5065 632 5133 victoriamque
661 5080 1068 5133 consequanmr,
1095 5075 1150 5119 et
1173 5065 1343 5118 vitam
1364 5065 1700 5121 obtineamus

137 5142 416 5190 :eternam.
449 5135 552 5188 Per
573 5135 874 5196 Dominum,
897 5145 1000 5189 etc.

216 5205 356 5258 Nota
378 5215 549 5256 autent
574 5203 710 5274 quod
744 5204 956 5257 ecclesia
1002 5205 1220 5257 civitatis
1243 5203 1465 5274 Austria?
1489 5200 1700 5254 Missale

139 5275 402 5345 peculiare
453 5273 624 5345 liabet,
645 5273 802 5340 juxta
850 5291 971 5327 suas
1013 5273 1426 5345 consuetudines,
1467 5286 1698 5345 quorum

142 5340 422 5396 nonnullas
470 5344 524 5395 in
573 5342 680 5395 dies
729 5354 1011 5406 conservat,
1052 5342 1116 5394 ab
1162 5341 1476 5411 Aquileicnsi
1521 5340 1701 5392 distiu-

141 5425 300 5466 ctum.

567 5513 756 5555 LECTIO
793 5515 931 5553 LIBRI
969 5513 1258 5554 ελνιεκτιλε
1268 5539 1278 5551 .

213 5590 352 5644 Ecce
401 5590 654 5660 sacerdos
681 5604 924 5660 magnus,
969 5589 1059 5658 qui
1109 5589 1161 5642 in
1213 5589 1409 5660 vitasu
1474 5587 1702 5646 sull‘ulsit

143 5661 362 5714 domum
393 5677 404 5710 :
432 5668 490 5713 et
528 5659 580 5712 in
623 5659 809 5713 diebus
851 5659 962 5711 suis
1005 5659 1374 5712 corroboravit
1425 5660 1694 5714 templum.

145 5727 348 5799 Templi
373 5729 536 5783 etiam
563 5727 784 5782 altitudo
820 5728 889 5781 ab
941 5728 1053 5798 ipso
1096 5727 1310 5781 fundata
1339 5736 1420 5781 est
1452 5767 1463 5780 .
1507 5727 1695 5798 duplex

1773 676 2368 746 ipsiusgcmanaverunt
2394 676 2539 744 putei
2577 691 2854 746 aquarum,
2899 676 2957 732 et
2995 679 3144 746 quasi
3174 694 3326 734 mare

1772 744 2214 818 adimpletinsunt
2259 759 2425 818 supra
2479 744 2712 818 modum.
2739 744 2837 818 Qui
2880 744 3322 818 curavitgentem

1773 829 1944 883 suam,
1976 821 2029 864 et
2057 812 2299 883 liberavit
2325 827 2442 866 eam
2465 829 2492 866 a
2517 815 2768 882 pernicie.
2797 815 2894 879 Qui
2917 812 3189 883 prmvaluit
3211 833 3323 869 am-

1773 882 2008 953 plificare
2034 882 2301 953 civitatem
2335 899 2346 934 :
2381 883 2467 953 qui
2497 883 2714 950 adeptus
2743 893 2826 937 est
2853 882 3071 953 gleriam
3121 886 3169 936 in
3198 900 3324 938 cou-

1773 952 2094 1019 versatione_
2115 951 2306 1018 gentis,
2334 960 2394 1003 et
2433 951 2725 1019 ingressum
2763 951 2950 1005 donius
2977 961 3030 1005 et
3057 953 3176 1006 atrii
3212 968 3322 1005 atu-

1773 1019 2041 1087 plili~-avit.
2071 1017 2229 1083 Quasi
2257 1019 2407 1072 stella
2437 1017 2691 1072 matutina
2719 1021 2770 1072 in
2817 1022 2990 1074 medio
3022 1021 3243 1083 nebula},
3270 1019 3326 1074 et

1771 1087 1921 1158 quasi
1960 1087 2080 1140 luna
2101 1088 2262 1158 plena
2314 1089 2371 1158 in
2413 1088 2608 1158 diebus
2637 1090 2745 1142 suis
2773 1089 2930 1158 lucet.
2965 1091 3032 1142 Et
3061 1092 3212 1158 quasi
3246 1090 3325 1143 sol

1776 1155 2043 1226 refulgens
2069 1157 2145 1226 sic
2173 1157 2258 1210 ille
2295 1156 2500 1210 refulsit
2528 1158 2579 1210 in
2610 1158 2802 1226 templo
2831 1157 2942 1210 Dei.
2977 1155 3138 1222 Quasi
3169 1174 3326 1212 arcus

1775 1224 2039 1296 refulgens
2069 1225 2215 1296 inter
2235 1226 2461 1296 nebulas
2479 1226 2681 1296 gloriae,
2707 1224 2762 1280 et
2788 1227 2935 1295 quasi
2967 1242 3206 1280 rosarum
3231 1228 3326 1281 llos

1775 1293 1827 1346 in
1856 1290 2042 1347 diéhus
2071 1295 2266 1364 vernis.
2306 1293 2468 1364 Quasi
2483 1290 2636 1358 'lilia,
2669 1311 2786 1364 qua:
2805 1290 2958 1349 'sunt
2989 1297 3040 1348 in
3095 1299 3322 1350 transitu

1775 1377 1957 1442 aqua),
2009 1371 2064 1417 et
2108 1363 2260 1433 quasi
2312 1363 2435 1418 thus
2485 1363 2730 1419 redoleas
2781 1365 2833 1417 in
2885 1365 3100 1419 odorem
3151 1365 3324 1419 suavi-

1775 1439 1916 1485 tatis.

1847 1500 2019 1572 Grad:
2058 1499 2194 1572 Ecce
2214 1501 2491 1572 sacerdos
2530 1516 2780 1572 magnus,
2803 1502 2892 1572 qui
2922 1501 2981 1572 in
2993 1500 3192 1572 diebus
3217 1501 3327 1556 suis

1773 1568 2116 1639 placuitDeo.
2147 1571 2180 1637 7
2212 1567 2325 1639 Eon
2350 1578 2432 1624 est
2459 1567 2702 1624 invenius
2742 1567 2931 1639 similis
2973 1570 3066 1634 illi,
3091 1575 3181 1639 qui
3203 1585 3347 1624 con--

1775 1637 2015 1709 servaret
2033 1637 2202 1709 legem
2222 1638 2448 1709 Excelsi.
2477 1639 2719 1702 Alleluia,
2755 1642 2784 1705 ᾖ
2818 1638 2995 1692 inveni
3019 1637 3322 1709 David,etc.

1774 1706 1871 1770 vel,
1903 1706 2150 1827 EleFit'te
2177 1707 2431 1762 Dominus
2456 1709 2553 1762 sibi
2581 1709 2633 1762 in
2673 1709 3006 1763 sacerdotem
3052 1710 3105 1762 in
3135 1708 3327 1778 pepulo

1775 1790 1888 1829 suo.
1926 1775 1986 1829 Al
2009 1775 2168 1829 eluia.

1775 1790 1888 1830 SUO.
1926 1790 2168 1830 Allellua.

2392 1860 2705 1909 SEQUENTIA.

1847 1932 1928 1987 Ad
1955 1932 2138 1988 laudes
2165 1933 2455 1995 Salvatoris
2487 1943 2546 1988 ut
2571 1950 2721 1990 mens
2749 1936 2998 1990 incitetur
3027 1934 3239 1990 humilis

1850 2001 2058 2072 Sentiat
2080 2004 2220 2057 hunc
2248 2001 2387 2057 diem
2405 2004 2547 2072 justa
2568 2005 2633 2058 de
2659 2019 2820 2059 causa
2845 2005 3108 2060 celebrem
3145 2022 3156 2056 :

1849 2070 2089 2141 gaudeat
2113 2080 2170 2141 ut
2190 2087 2308 2127 sese
2329 2070 2515 2141 sic—pia
2536 2080 2659 2126 vota
2685 2073 2910 2128 solvere.

1853 2139 2017 2212 [ludio
2037 2140 2293 2196 ctelomm
2321 2139 2527 2212 secreta
2550 2142 2704 2211 petiit
2730 2142 2818 2212 lux
2846 2143 3154 2212 pontificum

1851 2207 2057 2277 Jugiter
2077 2219 2387 2264 sanctorum
2404 2211 2458 2264 in
2482 2207 2647 2266 choro
2674 2207 2957 2280 Splendens
2982 2221 3039 2264 ut
3064 2211 3211 2266 sidus
3240 2225 3331 2264 au—
3377 2208 3385 2215 ’

1786 2292 2194 2427 rmEi‘gaudium
2243 2348 2444 2418 angelis
2490 2346 2688 2404 factum
2726 2359 2809 2402 est
2842 2363 2908 2402 ex
2937 2349 3162 2432 adventu
3186 2362 3333 2405 com-

1785 2432 2038 2539 pal‘ltstissc
2065 2499 2224 2552 quem
2250 2485 2489 2555 angelum
2519 2482 2723 2542 Domini
2751 2496 2958 2542 constat
3008 2487 3332 2542 exercituum

1853 2555 2181 2622 Quicumque
2200 2567 2348 2608 suam
2372 2556 2531 2610 tritici
2563 2557 2654 2611 dat
2673 2572 2996 2610 mensuram.

1789 2694 1800 2705 ⁸
1853 2623 1939 2744 ait
1961 2622 2082 2676 fidei
2108 2622 2286 2678 caulas
2311 2637 2640 2694 congregans
2679 2626 2916 2680 oviculas
2949 2626 3056 2696 lupi
3098 2623 3337 2680 praevidit

1789 2709 1886 2744 lllSl
1929 2707 2026 2744 tas.

1789 2707 2050 2816 msl‘lfildilis
2075 2769 2130 2814 et
2151 2760 2382 2830 prudens
2407 2763 2638 2818 creditor
2667 2764 3007 2818 distribuens.

1857 2829 1952 2883 Hic
1980 2830 2126 2883 dedit
2153 2829 2218 2883 ad
2242 2845 2480 2887 mensam
2501 2831 2706 2887 Domini
2726 2834 3024 2902 pecuniam,
3047 2840 3106 2885 ut
3125 2831 3334 2899 dignam

1788 2900 1987 2954 faceret
2014 2914 2249 2952 usuram.

1791 3039 1801 3049 .
1855 2969 2048 3047 Beatus
2075 2968 2161 3022 hic
2191 2983 2398 3034 servus,
2425 2985 2584 3038 quem
2603 2985 2724 3024 cum
2749 2971 2956 3024 venerit
2984 2969 3237 3024 Dominus
3264 2969 3336 3022 ita

1789 3046 2070 3091 invenerit.

1858 3107 2146 3186 Probatum
2175 3108 2227 3161 in
2257 3116 2399 3178 terra
2426 3124 2583 3179 super
2619 3108 2797 3162 omnia
2848 3117 3046 3162 statuet
3085 3107 3230 3160 illum
3288 3108 3338 3160 in

1792 3184 2174 3316 Egilftantam
2204 3243 2376 3300 Patris
2400 3245 3014 3316 gloriamgcelebrandam
3043 3247 3240 3316 cboan
3258 3247 3341 3314 jno

1794 3313 1925 3394 bitat
1945 3311 2097 3366 laude
2125 3314 2282 3384 digna
2306 3324 2362 3368 et
2382 3311 2606 3394 pupillus
2630 3314 3073 3394 laetishrespondet
3096 3311 3336 3394 vocibus.

1863 3382 2111 3454 Dicamus
2154 3382 2340 3454 omnies
2367 3382 2550 3439 cernui
2581 3394 2726 3438 tanto
2761 3382 2924 3445 Petri,
2945 3386 3132 3454 jungat
3164 3398 3222 3454 se
3247 3398 3344 3437 suo

1792 3466 1918 3521 grex
1958 3451 2188 3516 Pastori,
2237 3462 2292 3507 et
2317 3455 2563 3523 precibus
2592 3451 3117 3524 fusisque'lac'ryniis
3148 3452 3343 3507 clame-

1793 3537 1911 3574 mus
1939 3539 1950 3573 :

1793 3659 1816 3710 f
1860 3589 2051 3645 Pastor
2081 3591 2504 3653 Lone,miserere
2533 3591 2800 3657 Ecclesiae,
2833 3594 2936 3648 tuis
2962 3591 3211 3662 precibus
3262 3605 3343 3643 re-

1811 3674 1928 3710 ove.

1811 3674 2056 3799 ωὲᾇηῖθι·
2074 3743 2226 3799 Opem
2255 3729 2392 3797 plebi
2423 3737 2548 3792 tum,
2579 3744 2764 3799 preces
2803 3731 3035 3792 attende,
3064 3737 3118 3783 et
3143 3742 3242 3799 pro
3257 3726 3342 3798 ju-

1793 3797 2002 3852 vamine
2031 3798 2266 3852 maculas
2296 3799 2456 3852 dilue.

1862 3866 1917 3920 In
1947 3868 2030 3920 via
2053 3883 2148 3940 nos
2182 3868 2371 3936 adjnva
2403 3886 2415 3920 :
2449 3869 2646 3923 colloca
2679 3870 2729 3923 in
2761 3870 2935 3940 patria
2967 3887 2978 3920 ε
3025 3867 3183 3922 redde
3224 3883 3344 3936 quae

1791 3951 2067 4005 speramus
2095 3937 2250 3989 dona.
2434 3958 2437 3961 -

2065 4039 2396 4079 EVANCELIIJII
2435 4040 2702 4082 SECUNDUII
2740 4044 3058 4081 δτΑττιυῑυδι.

1859 4111 2034 4184 ln_ill_o
2060 4121 2296 4184 tempore
2319 4113 2453 4184 dixit
2481 4115 2733 4169 Dominus
2755 4115 2908 4170 .lesus
2933 4114 3203 4184 discipulis
3232 4115 3343 4168 suis

1791 4181 2098 4253 parabolam
2155 4181 2291 4236 hanc
2343 4199 2354 4235 :
2408 4182 2578 4239 Homo
2631 4187 2844 4306 quidam
2900 4181 3123 4256 peregre
3183 4184 3344 4255 proﬁ-

1791 4255 2018 4306 ciscens.
2037 4259 2165 4306 etc..
2195 4260 2249 4303 ut
2275 4251 2329 4304 in
2363 4251 2614 4306 Romano.
2674 4272 2705 4306 n
2734 4255 3028 4306 Civitatensi
3069 4263 3238 4306 autent
3267 4263 3342 4304 est

1791 4251 2018 4316 eiscens,
2037 4259 2165 4315 etc.,
2195 4260 2249 4303 ut
2275 4251 2329 4304 in
2363 4251 2614 4319 Romano.
2640 4251 2705 4307 In
2734 4251 3055 4308 Civitaiensi'
3069 4251 3238 4307 autem
3267 4263 3342 4304 est

1793 4321 2152 4392 Evangelium,
2175 4319 2421 4402 Vigilate.
2451 4321 2635 4391 Olert.
2669 4323 2845 4402 Inveni
2871 4324 3052 4387 David,
3080 4333 3132 4376 ut
3163 4325 3216 4376 in
3242 4320 3343 4374 Ro-

1794 4407 1966 4445 mana.

2440 4475 2689 4517 SECllE’l’A.

1865 4550 2044 4606 Sancti
2099 4551 2303 4608 Paulini
2347 4551 2672 4610 confessoris
2723 4561 2797 4607 tui
2850 4561 3008 4621 atque
3056 4551 3341 4620 pontificis,

1721 4608 1772 4668 ο
1795 4637 2114 4689 quzesumus,
2137 4622 2378 4686 Domine,
2397 4608 2570 4676 annua
2585 4623 2890 4678 solemnitas
2914 4608 3096 4691 pietaii
3124 4631 3227 4691 tuae
3249 4608 3346 4674 nos

1801 4692 1982 4761 reddat
2007 4699 2254 4760 acceptos
2280 4710 2290 4743 :
2323 4701 2382 4744 ut
2409 4706 2504 4760 per
2550 4694 2660 4747 haec
2688 4694 2787 4761 piae
2814 4690 3124 4761 placationis
3147 4690 3342 4751 ollicia,

1797 4760 1949 4814 nobis
1973 4761 2153 4830 gratia:
2203 4769 2304 4814 tua:
2332 4761 2468 4816 dona
2511 4760 2773 4816 conciliet.
2816 4760 2918 4815 Per
2945 4760 3222 4829 Dominum
3251 4775 3344 4812 no-

1798 4839 2120 4965 ,wllgirfatio
2145 4907 2192 4951 et
2213 4896 2389 4951 Conon
2419 4908 2470 4950 ut
2493 4899 2546 4952 in
2573 4899 2824 4952 Romano.
2852 4900 3074 4953 Additur
3100 4909 3269 4951 tamen
3293 4897 3346 4950 in

1799 4968 2007 5019 Canam!
2034 4978 2143 5036 post
2180 4967 2271 5036 illa
2297 4969 2445 5020 verba
2473 4985 2489 5020 :
2521 4978 2576 5022 et
2603 4969 2838 5022 antistite
2867 4979 3048 5022 nostro
3077 4966 3137 5019 N.
3167 4976 3221 5020 et
3248 4981 3347 5035 pro

1741 5068 1745 5070 -
1802 5051 1923 5118 rege
1949 5034 2141 5116 nostro.
2157 5034 2220 5088 N.

1872 5103 2195 5158 Communia.
2229 5103 2422 5161 Beatus
2447 5123 2651 5169 servus,
2674 5116 2727 5158 ut
2758 5108 2810 5159 in
2851 5107 3102 5158 Romano.

1873 5171 2203 5242 Complenda,
2253 5191 2367 5241 (μαῖ’
2416 5193 2447 5228 a
2492 5177 2634 5228 nobis
2687 5175 2876 5228 dicitur
2903 5174 3342 5227 Postcommunio.

1804 5244 1941 5326 Deus
1988 5243 2224 5326 ﬁdelium
2277 5247 3348 5326 remuneratusanimarum,“praesta,.ut

1805 5311 1943 5366 beati
1988 5309 2194 5391 Paulini
2239 5312 2556 5391 confessoris
2583 5316 2652 5391 tui
2685 5322 2840 5391 atque
2870 5309 3154 5391 pontificis,
3196 5311 3348 5391 cujus

1805 5381 2154 5434 venerandam
2199 5381 2528 5436 Celebramus
2581 5381 2939 5445 festivaatciu,
2986 5382 3232 5450 precibus
3266 5381 3346 5435 in-

1806 5451 2124 5532 dulgentiam
2155 5451 2693 5532 coiisetjuamur.“l’et'
2715 5451 2994 5532 Dominum
3011 5458 3275 5532 nostrnum.

1871 5519 2069 5590 Cretera
2103 5521 2237 5573 utin
2263 5519 2515 5590 Romano.
2548 5520 2791 5574 Dimissio
2812 5530 2987 5574 autem
3015 5519 3188 5590 populi
3212 5535 3346 5588 pra:-

1799 5598 1892 5652 ter,
1924 5587 1999 5641 ltc
2026 5588 2185 5658 Missa
2209 5599 2312 5651 est,
2335 5590 2406 5642 vel
2429 5589 2804 5644 Benedicamus
2831 5587 3344 5658 Domino,'qmesuru

1803 5674 1924 5710 usus
1945 5674 2145 5728 quoque
2169 5657 2411 5722 Romani,
2429 5658 2670 5727 bifariam
2693 5659 2843 5726 ﬁebat
2866 5662 2920 5713 in
2947 5659 3175 5712 Ecclesia
3189 5658 3346 5727 Aqui-

1802 5727 1996 5779 leiensi.
2026 5726 2086 5780 lit
2122 5727 2248 5794 festo
2275 5730 2409 5780 enim
2440 5726 2626 5796 majori
2675 5729 2868 5798 duplici
2896 5731 2987 5781 sic.

220 5875 240 5900 ³
267 5859 597 5917 Omittnntur
629 5857 705 5910 rrl
760 5864 960 5910 tantum
1015 5856 1314 5909 llltllt'illlllll'
1344 5872 1405 5909 ea
1434 5873 1548 5939 ipse
1573 5874 1690 5911 cum
1733 5858 1924 5914 illis-sali
1958 5860 2192 5915 Romano
2221 5863 2516 5916 romnmnia
2546 5875 2685 5917 sunt.
