4266 6430
1302 520 1761 577 ClVlTATENSE.
2062 517 2089 535 "

758 612 984 684 genitri;
1023 618 1199 684 nostra
1239 608 1498 684 advixerit
1528 608 1697 677 ipsum
1734 606 2053 661 frumentum
2083 608 2135 659 in
2164 607 2297 684 inte-

760 675 1000 749 grumde
1020 678 1133 746 ejus
1155 678 1419 749 pertiueat
1436 675 1723 744 potestate;
1754 690 1925 749 grano
1946 690 2070 749 vero
2102 675 2298 726 rustico

759 742 1016 817 Equaliter
1047 742 1240 817 amotio
1282 742 1549 817 dividant:
1575 742 1855 817 postvero
1881 742 1995 817 ejus
2021 742 2295 817 decessum

758 810 932 870 omnia
958 813 1252 867 comuniter
1270 811 1334 864 de
1357 812 1470 878 ipso
1491 811 1681 864 Molino
1703 810 1943 862 habitare
1965 810 2016 861 in
2044 817 2219 878 monte
2244 812 2298 862 in

756 884 961 939 Carnea
994 881 1132 948 quod
1165 894 1260 934 nos
1290 877 1545 948 pertinuit
1577 879 1905 931 medietatem
1941 877 2297 948 supradictum

759 945 1133 1005 monasterium
1166 945 1543 1001 monachamm
1579 947 1835 1007 habeant,
1876 952 1928 997 et
1962 945 2296 997 medietatem

760 1017 1136 1073 monasterium
1163 1017 1215 1070 in
1240 1014 1433 1069 Sexto:
1462 1014 1641 1066 volunt
1665 1013 1820 1065 simul
1844 1026 2089 1080 pascere,
2116 1013 2298 1064 volunt

759 1088 989 1142 diViderc
1012 1100 1193 1150 eorum
1222 1085 1289 1138 sit
1310 1082 1605 1150 potestatis.
1637 1082 1709 1134 De
1739 1096 1889 1134 casas
1916 1080 2137 1150 quidem
2156 1096 2297 1138 mas-

758 1156 971 1211 saritias
1016 1148 1336 1205 nominative
1376 1148 1979 1218 deteriiiinaniusraquzc
2020 1148 2086 1218 ad
2127 1148 2296 1218 ipsum

759 1222 1135 1277 monasterium
1163 1218 1452 1287 puellarum
1479 1217 1743 1287 pertinere
1769 1217 1994 1273 debeant
2017 1230 2031 1287 :_
2059 1215 2183 1268 item
2210 1233 2297 1268 ca-

756 1307 853 1360 sas
875 1291 926 1344 in
957 1284 1206 1360 Sogiaco,
1239 1300 1390 1360 eusas
1415 1284 1788 1360 in’Magr_eta_s,
1830 1298 1980 1360 casas
2020 1284 2071 1360 iu
2112 1298 2298 1360 campo

757 1358 977 1426 Majora,
1001 1351 1155 1426 casas
1170 1358 1225 1426 in
1248 1354 1439 1418 Maras,
1462 1351 1682 1426 casasjn
1709 1352 1840 1426 Fara
1858 1351 2008 1417 juxta
2029 1351 2296 1426 Turriani,

756 1418 908 1483 casas
930 1418 981 1480 in
1005 1424 1308 1487 Ardcliaco,
1335 1437 1487 1476 casas
1510 1422 1562 1475 in
1593 1420 1853 1475 Mattiarlu
1871 1460 1884 1482 ,
1914 1434 2064 1472 casas
2091 1420 2140 1470 in
2168 1418 2299 1472 duas

755 1495 1041 1555 Basilicas,
1071 1508 1223 1547 casas
1255 1492 1309 1544 in
1334 1491 1646 1553 Aureliano,
1678 1504 1829 1542 casas
1864 1488 1914 1540 in
1944 1487 2294 1549 Avenianico,

757 1577 910 1619 casas
934 1563 986 1635 in
1010 1561 1314 1635 Gratialeo,
1332 1560 1563 1635 ca_sas_in
1588 1558 1791 1611 Carnea
1820 1557 2013 1635 in__vico
2036 1555 2295 1635 dmpetio,

756 1647 906 1686 casas
925 1630 1141 1685 Joannis
1171 1628 1449 1682 Mattiarlo.
1484 1627 1663 1693 Itaque
1688 1625 2023 1679 concedimus
2049 1624 2099 1677 in
2130 1624 2299 1679 redito

756 1702 900 1767 ipso,
936 1698 1077 1768 quod
1109 1697 1378 1768 annuatim
1415 1692 1606 1768 debent
1639 1694 1794 1755 dare,
1830 1708 1981 1768 casas
2018 1693 2069 1768 in
2106 1692 2299 1768 Rama-

754 1762 895 1823 cieto
912 1809 927 1832 ,
953 1762 1007 1821 et
1030 1775 1199 1820 terras
1218 1772 1281 1817 ‘et
1308 1765 1491 1832 vineas
1514 1762 1595 1815 vel
1621 1770 1769 1832 prata
1796 1762 1934 1832 quod
1963 1762 2290 1832 habemusin

1732 408 1819 462 AD
1855 406 2075 483 OPERA
2112 406 2171 461 Β.
2215 402 2477 460 PAULINI
2513 401 2941 460 APPENDICES.

3834 123 4066 217 -η

3839 398 3934 457 633

2955 513 3400 570 MANIACENSE.

2395 605 2653 673 advixerit
2677 606 2845 673 ipsum
2875 604 3194 673 frumentum
3224 606 3565 673 inxintegrum
3596 606 3649 661 iu
3675 606 3794 673 ejus
3819 621 3933 673 per-

2394 672 2557 742 tineat
2573 671 2903 742 potesiatem.
2923 671 3157 726 Granum
3179 687 3302 742 vero
3324 671 3642 737 rus'icorum
3664 671 3934 742 aequaliter

2392 740 2581 792 amodo
2601 740 2892 793 dividatur:
2918 748 3036 808 post
3057 755 3181 794 vero
3200 740 3314 807 ejus
3336 742 3627 808 discessum
3649 743 3718 795 ah
3732 740 3934 797 eisdem

2392 808 2567 875 omnia
2587 805 2935 861 communiter
2952 809 3015 861 de
3032 810 3146 875 ipso
3166 805 3356 875 Molino
3376 805 3652 873 habeatn‘r,
3671 820 3724 863 et
3750 810 3935 867 Montis

2393 874 2446 927 in
2474 874 2704 937 Carnca,
2728 877 2816 942 qui
2834 877 2909 947 ad
2940 892 3034 929 nos
3054 874 3309 947 pertinuit
3335 878 3671 947 medietatem
3697 880 3935 947 Supradi—

2390 952 2535 994 ctum
2564 943 2939 996 monasterium
2964 946 3335 998 monacbarum
3362 946 3584 1007 habent,
3613 956 3668 1000 et
3692 943 3935 999 médieta-

2384 1017 2497 1081 tem
2533 1013 2907 1081 monasterium
2947 1013 2998 1064 in
3026 1011 3219 1074 Sexto,
3247 1014 3409 1065 velint
3439 1014 3649 1066 insimul
3682 1029 3929 1081 pascere,

2393 1076 2556 1130 velint
2576 1079 2815 1150 dividere
2836 1094 3056 1150 ,_corum
3083 1080 3155 1132 sit
3181 1088 3431 1148 potestas.
3459 1082 3533 1136 De
3561 1076 3701 1150 casis
3726 1083 3934 1150 quidem

2395 1145 2696 1216 masaritias
2730 1148 3002 1200 nominare
3029 1145 3361 1202 decernimus
3388 1165 3503 1216 qua:
3533 1149 3597 1201 ad
3627 1145 3798 1216 ipsum
3830 1165 3936 1203 mo-

2395 1214 2686 1282 nasterium
2721 1216 3010 1282 puellarum
3047 1217 3308 1282 pertinere
3341 1214 3585 1270 debeant.
3628 1214 3757 1271 Item
3789 1232 3937 1271 casas

2395 1279 2460 1354 de
2487 1279 2922 1354 Logiacolcasas
2950 1284 3002 1335 in
3031 1279 3320 1354 Maeretas,
3354 1300 3503 1354 casas
3530 1285 3584 1337 in
3613 1300 3802 1354 campo
3829 1286 3936 1338 Ma-

2391 1347 2537 1414 jore,
2565 1364 2715 1403 casas
2743 1351 2794 1402 in
2819 1352 2990 1403 Avora
3016 1390 3030 1414 ,
3060 1366 3211 1404 casas
3238 1352 3289 1404 in
3318 1361 3429 1405 tara
3449 1351 3601 1417 juxta
3630 1347 3902 1407 Iuni-ouem
3920 1394 3935 1416 ,

2395 1431 2545 1470 casas
2572 1418 2625 1470 in
2652 1418 2919 1483 Adeliaco,
2945 1434 3099 1473 casas
3125 1420 3176 1472 in
3208 1419 3527 1479 Maitinculo,
3554 1437 3704 1475 casas
3728 1422 3783 1475 in
3811 1424 3940 1476 duas

2395 1484 2659 1555 basilica_s,
2686 1502 2837 1540 casas
2863 1488 2916 1540 in
2943 1487 3247 1555 Aureliano,
3282 1504 3432 1543 casas
3461 1490 3514 1542 in
3544 1490 3822 1549 Aviniaco.
3854 1506 3940 1544 ca—

2396 1567 2483 1606 sas
2510 1553 2562 1606 in
2586 1552 2907 1627 _Gr:ttiolaco,
2940 1557 3167 1627 casasiu
3189 1552 3378 1627 (“Lamia
3405 1559 3592 1613 anvico
3616 1559 3859 1627 ampitio,
3886 1567 3941 1613 et

2394 1636 2547 1693 casas
2577 1619 2825 1686 Joannis,
2859 1632 2913 1677 et
2945 1623 3210 1678 Martiolo.
3252 1624 3433 1693 Itaque
3468 1619 3811 1681 concedimus
3844 1619 3940 1680 tibi

2396 1690 2601 1743 reddito
2624 1700 2857 1761 tempore
2879 1693 3018 1760 quod
3041 1707 3214 1747 annue
3233 1690 3423 1748 debent
3447 1695 3573 1749 dare
3595 1710 3737 1750 casa:
3760 1696 3812 1750 in
3834 1694 3942 1750 Re-

2395 1768 2654 1831 mauetto,‘
2678 1769 2730 1813 et
2761 1770 2927 1823 trans,
2954 1769 3013 1831 et
3038 1762 3327 1831 vineasvel
3358 1772 3505 1829 prata
3535 1778 3653 1831 quae
3681 1765 3942 1831 habemus

755 1826 1017 1898 Daunino,
1035 1844 1087 1887 et
1101 1832 1361 1902 quidquid
1383 1831 1575 1885 habere
1598 1826 1693 1883 visi
1718 1826 1899 1902 sumus
1923 1831 1974 1882 in
2000 1829 2288 1894 Coloniola,
2327 1827 2367 1883 Β
2394 1828 2447 1902 in_
2488 1826 2731 1902 _Dauvin_o
2753 1868 2767 1890 ,
2796 1838 2851 1882 et
2877 1826 3467 1902 quidquidhabcre—visi
3496 1826 3678 1885 sumus
3708 1829 3945 1902 iuﬁolo-

754 1914 811 1958 et
836 1905 985 1956 vinea
1010 1904 1062 1955 in
1085 1899 1409 1969 Grobagnas,
1433 1914 1587 1969 quem
1616 1907 1796 1952 tenent
1819 1899 1986 1969 filius,
2001 1906 2298 1969 et_uepotes

754 1972 988 2025 Antonii.
1028 1970 1154 2023 Item
1193 1965 1462 2022 addemus
1483 1968 1535 2021 in
1573 1976 1723 2021 curte
1756 1977 1937 2020 nostra
1975 1967 2027 2018 in
2063 1965 2297 2035 Medegia

756 2055 857 2095 oon
879 2039 1019 2107 omni
1048 2038 1365 2107 pertinentia
1394 2051 1488 2089 sua
1506 2075 1521 2101 ,
1547 2036 1790 2089 similiter
1809 2049 1963 2107 casas
1990 2035 2045 2087 in
2072 2032 2297 2088 Cisiario

757 2103 1064 2162 secundum'
1084 2106 1309 2175 qualiter
1333 2114 1511 2159 cartas
1548 2118 1731 2175 earum
1756 2103 2057 2175 continetur
2087 2112 2296 2157 centum

754 2176 967 2230 anforas
1003 2171 1125 2228 vino
1160 2174 1227 2227 ad
1257 2174 1368 2241 ipso
1403 2173 1722 2227 monasterio
1749 2171 2041 2239 puellarum
2071 2181 2292 2240 regant;

792 2244 895 2298 uod
911 2242 1230 2298 superfuerit
1243 2240 1413 2294 annue
1430 2240 1768 2294 concedimus
1783 2248 1965 2293 nostro
1980 2242 2299 2295 monasterio

792 2260 895 2298 υοα
911 2260 970 2298 Βυ
1024 2260 1230 2296 ιΙΊΙΙίθΠῑ
1243 2260 1413 2294 annue
1430 2260 1768 2294 CODCBUIIHUS
1783 2260 1965 2293 llOSll'O
1981 2260 2299 2295 ωοηςιειεηο

753 2260 946 2367 gem):
973 2260 1092 2365 EID
1114 2311 1307 2364 faciant
1328 2311 1380 2361 in
1403 2308 1657 2372 Mariano,
1683 2316 1736 2362 et
1756 2309 1822 2360 ad
1842 2308 2034 2361 Molino
2057 2307 2299 2363 laborent

676 2387 680 2390 ‘
754 2382 811 2434 in
846 2380 1099 2434 Palatiolo
1133 2379 1271 2432 sicut
1308 2378 1544 2431 consueti
1577 2384 1699 2430 sunt
1720 2417 1735 2441 ,
1776 2376 2035 2445 simulque
2070 2377 2299 2431 habeant

754 2449 947 2519 Sylvas
968 2450 1021 2502 in
1047 2455 1205 2519 vento
1230 2453 1287 2519 et
1311 2445 1607 2500 Comariola
1638 2445 1932 2519 puellarum
1963 2446 2297 2499 monasteriis

748 2514 896 2573 Porti
920 2518 986 2570 de
1008 2516 1327 2570 seuodochio
1348 2528 1509 2582 prope
1528 2524 1609 2567 est
1631 2515 1832 2583 positus
1856 2514 1971 2567 sine
1991 2528 2147 2583 omne
2174 2530 2295 2569 sen-

749 2586 858 2639 tiro
886 2599 1006 2638 cum
1035 2592 1303 2653 potestate
1322 2583 1385 2637 de
1412 2583 1649 2653 predicto
1677 2584 1997 2653 mouastcrio
2024 2582 2293 2653 pabulent.

750 2653 810 2709 ln
837 2647 1159 2709 monasterio
1184 2647 1394 2723 quidem
1412 2647 1657 2723 ‘virorum
1684 2651 1751 2723 iu
1763 2649 1927 2723 Sexto
1956 2647 2213 2723 volumus,
2244 2661 2297 2723 ut

752 2724 890 2778 dona
914 2732 1093 2777 nostra
1117 2720 1347 2776 habeant
1370 2722 1507 2774 inter
1529 2721 1688 2775 ﬂuvio
1712 2720 2043 2773 Taliamento
2066 2728 2118 2773 et
2139 2720 2299 2773 ﬂuvio

750 2790 1045 2860 Liquentize
1073 2791 1496 2860 quidquidtinter
1524 2790 1667 2860 ipsos
1704 2790 1770 2842 ad
1802 2798 2037 2860 nostram
2069 2798 2300 2860 potestne

749 2840 1162 2930 {eia'ﬁéidné'r‘é
1173 2840 1685 2930 "arsisses'give
1708 2840 1893 2930 suis
1908 2840 1965 2910 in
1992 2840 2184 2930 sein);
2194 2840 2297 2910 "an

751 2926 925 2998 ipsum
952 2926 1718 2998 monasteriumedilicavimus
1736 2928 1885 2998 ,Asive
1908 2935 2057 2998 curte
2076 2927 2135 2998 in
2164 2926 2299 2978 Lau-

750 2992 922 3051 rentia
942 3010 1062 3049 cum
1084 2995 1318 3049 oratorio
1340 2993 1489 3047 Domi
1511 2994 1819 3058 Salvatoris,
1841 2992 1930 3061 qui
1954 2994 2023 3047 ibi
2046 2994 2177 3047 situs
2197 3002 2295 3054 est,

746 3080 845 3120 seu
866 3066 921 3118 in
936 3071 1085 3118 curte
1106 3063 1157 3116 in
1178 3070 1362 3117 sancto
1382 3061 1578 3116 Focate
1603 3076 1724 3116 cum
1750 3063 1910 3125 casis,
1938 3061 2125 3125 curtis,
2157 3077 2300 3114 cani-

2395 1893 2556 1958 niola,
2583 1895 2866 1966 etévineam
2892 1893 2947 1950 in
2970 1893 3316 1966 Brombagiis,
3342 1914 3500 1966 quam
3526 1907 3706 1954 tenent
3731 1898 3825 1952 filii
3850 1914 3942 1953 seu

2396 1971 2613 2031 nepotes
2636 1958 2839 2017 Budoni
2857 2004 2871 2028 ,
2900 1973 2955 2018 et
2975 1958 3227 2018 addemus
3256 1958 3579 2021 tibi'curtem
3622 1976 3859 2022 nostram
3889 1967 3942 2020 in

2397 2029 2592 2102 hlédeja
2636 2047 2765 2102 cum
2796 2034 3044 2088 omnibus
3082 2034 3468 2102 pertinentibus
3510 2036 3653 2099 suis,
3694 2036 3946 2089 similiter

2396 2097 2551 2171 casas
2580 2100 2632 2153 in
2666 2097 2876 2171 stiano
2914 2097 3202 2171 secundum
3236 2111 3290 2155 et
3324 2103 3550 2171 qualiter
3575 2097 3724 2158 carta
3756 2118 3941 2169 eorum

2395 2168 2905 2242 continet.__Ccntum
2933 2169 3218 2242 amphoras
3244 2168 3358 2224 vini
3383 2172 3444 2226 ad
3476 2173 3645 2242 ipsum
3678 2168 3945 2226 monaste-

2395 2238 2531 2308 rium
2564 2236 2853 2308 puellarum
2881 2236 3131 2308 vehatur,
3155 2242 3293 2306 quod
3321 2236 3578 2308 superfuit
3605 2257 3783 2295 annue
3811 2256 3943 2295 con-

2395 2305 2630 2359 cedimus
2668 2306 2720 2358 in
2756 2308 3075 2360 monasterio
3100 2305 3344 2369 Sestensi
3369 2305 3613 2372 {Fenum
3654 2308 3853 2367 faciant
3890 2310 3947 2362 in

2397 2373 2682 2438 Marciano,
2712 2382 2765 2429 et
2790 2376 2857 2429 ad
2892 2374 3139 2429 Melinum
3171 2377 3223 2429 in
3252 2376 3303 2428 P.
3327 2377 3414 2429 lati
3441 2377 3503 2431 lo
3532 2378 3670 2432 sicut
3706 2377 3947 2434 consueti

2397 2451 2537 2496 sunt.
2582 2443 2855 2511 Simulque
2893 2444 3090 2497 habent
3125 2445 3283 2499 silvas
3316 2446 3366 2498 in
3405 2446 3619 2500 \‘etreto
3656 2455 3712 2501 et
3745 2446 3947 2501 Carna-

2396 2512 2527 2564 riola
2560 2513 2849 2580 puellarum
2888 2514 3264 2567 monasterium
3300 2513 3454 2575 Porci
3480 2515 3546 2568 de
3577 2514 3943 2577 Scnodochio,

2397 2581 2485 2645 qui
2506 2594 2671 2652 prope
2694 2590 2775 2635 est
2795 2581 2999 2652 positus
3021 2582 3134 2652 sine
3154 2584 3526 2652 omnescarico
3540 2600 3659 2637 cum
3683 2585 3863 2652 porcis
3881 2583 3946 2638 de

2395 2649 2649 2715 prmlicto
2675 2649 2995 2702 monasterio
3014 2650 3280 2716 pabulent.
3308 2651 3362 2703 ln
3389 2649 3713 2706 monasterio
3736 2654 3945 2706 tandem

2396 2717 2630 2769 virorum
2654 2717 2707 2769 in
2731 2720 2893 2771 Sexto
2916 2718 3173 2780 volumus,
3199 2726 3256 2769 ut
3280 2720 3567 2773 dominium
3593 2720 3790 2773 habeat
3812 2721 3947 2773 inter

2382 2783 2612 2856 ,ﬂuvium
2635 2786 2945 2841 Taliamenti
2966 2796 3020 2841 et
3040 2783 3252 2839 ﬂuvium
3274 2785 3582 2854 Liquentiae,
3611 2797 3666 2845 et
3688 2788 3945 2856 quidquid

2399 2854 2536 2936 inter
2562 2856 2672 2936 ipsa
2695 2856 2759 2909 ad
2785 2857 3657 2936 nostramnpotestatempervenire
3681 2854 3946 2936 dinosci-

2400 2930 2484 2995 tui-
2506 2940 2527 2995 ;⁵
2553 2924 2665 2995 sive
2700 2932 2903 2995 curtem
2933 2925 2986 2977 in
3020 2924 3215 2995 Sexto,
3244 2925 3335 2995 u_bi
3365 2924 3532 2995 ipsum
3563 2924 3945 2981 monasterium

2398 2988 2804 3055 aedificavimns,
2834 2993 2943 3046 sive
2968 3001 3170 3046 curtem
3199 2993 3252 3045 iu
3278 2988 3625 3050 Lau'rentiaca
3663 3010 3787 3049 cum
3827 3010 3946 3051 ora-

2400 3062 2536 3114 torio
2563 3058 2770 3113 Domini
2795 3070 2850 3115 et
2874 3058 3182 3123 Salvatoris,
3206 3062 3296 3128 qui
3321 3061 3394 3113 ibi
3422 3064 3553 3116 situs
3573 3070 3677 3126 est,
3704 3078 3799 3117 seu
3827 3078 3948 3118 cur-

748 3134 852 3203 pis,
888 3133 1074 3211 pratis,
1103 3130 1485 3211 vineis,_silvis,
1515 3129 2113 3211 astalariisnmontibus,
2144 3131 2293 3211 vivis,
2325 3143 2369 3204 ο
2400 3138 2504 3210 tem
2531 3129 2582 3208 i_n
2611 3136 2797 3211 sancte
2820 3128 3015 3211 Focate
3033 3142 3157 3211 eum
3181 3129 3337 3192 casis,
3355 3129 3548 3211 curtis,
3572 3130 3802 3211 campis,
3827 3146 3948 3211 pra~

747 3198 979 3272 pascuis,
994 3207 1152 3272 atque
1166 3199 1461 3272 paludibus,
1478 3214 1575 3272 uec
1596 3213 1701 3252 non
1719 3198 1961 3258 molinas.
1977 3213 2068 3252 seu
2086 3199 2296 3253 mobilia

748 3268 806 3325 'ct
840 3268 1128 3338 immobilia
1154 3268 1410 3338 quidquid
1444 3268 1674 3338 ad‘ipsas
1696 3275 2301 3338 cartessuperuarratas

748 3338 817 3392 de
842 3348 1026 3392 nostro
1049 3334 1340 3404 jure'inte'r
1365 3335 1479 3404 ipsa
1505 3334 1721 3404 ﬂumina
1750 3334 2019 3404 pertinere
2045 3335 2302 3404 dignosci-

748 3414 858 3461 tur.
890 3402 1145 3461 Similiter
1172 3412 1226 3459 et
1253 3402 1405 3457 casas
1434 3403 1758 3457 Massaritias
1786 3403 1839 3455 iu
1870 3402 1988 3457 vico
2015 3402 2299 3456 macerano

747 3475 991 3530 teritorio
1007 3474 1343 3537 Veronense;
1367 3471 1492 3526 item
1516 3486 1671 3526 casas
1688 3471 1741 3526 in
1763 3471 2000 3533 Belluno,
2018 3470 2298 3537 judiciaria

746 3542 1045 3597 Conetense
1067 3540 1368 3596 transﬂnvio
1386 3540 1732 3603 Taliameuto,
1754 3554 1876 3593 casa
1900 3542 1951 3593 in
1974 3539 2300 3593 Ramussello

748 3626 871 3680 cum
901 3611 1045 3665 omni
1082 3610 1400 3680 pertinentia
1438 3625 1552 3680 sua,
1587 3623 1680 3680 seu
1718 3611 1770 3680 in
1810 3607 2016 3680 Saleto,
2055 3608 2137 3662 vel
2152 3610 2299 3680 _quid

747 3679 881 3748 quid,
899 3680 1027 3733 inibi
1046 3677 1113 3733 ei
1133 3679 1240 3748 vita
1261 3677 1499 3748 conjugis
1518 3692 1636 3748 mee.
1654 3678 1849 3748 habere
1868 3678 2129 3748 videntur.
2151 3677 2299 3748 Unde

749 3745 849 3825 ego
866 3747 996 3825 βενΐο
1017 3747 1207 3825 ᾳχίριόᾳ
1230 3745 1459 3825 vegaria
1472 3745 1571 3825 feci
1584 3784 1605 3825 ',
1638 3747 1737 3807 etsi
1760 3759 1928 3814 super
1954 3746 2065 3825 ipsa
2087 3745 2298 3825 veguria

748 3812 880 3870 inihi
909 3814 1070 3869 fuerit
1097 3814 1247 3880 juxta
1266 3812 1771 3882 considerationem
1792 3812 1940 3882 suam
1971 3812 2081 3882 ipse
2110 3812 2258 3866 Abba
2280 3853 2293 3875 ,

748 3885 838 3953 qui
868 3899 965 3953 pro
984 3879 1415 3953 temporefuerit
1437 3881 1628 3936 exinde
1652 3882 1705 3953 in
1728 3879 2033 3945 elemosina,
2058 3882 2295 3953 velumis-

745 3949 835 4007 sas
864 3949 955 4006 aut
981 3949 1279 4007 Psalinodia
1305 3964 1478 4005 annue
1513 3949 1844 4018 persolvant,
1875 3963 1929 4003 et
1963 3951 2259 4017 prescripto
2278 3990 2293 4012 ,

748 4036 908 4089 quam
926 4019 1037 4087 jam
1061 4026 1187 4089 ante
1196 4018 1260 4089 in
1284 4019 1400 4087 ipso
1424 4018 1677 4086 pertinuit
1706 4019 2045 4081 monasterio,
2069 4026 2121 4089 et
2147 4033 2298 4089 ca_s_as

749 4085 802 4144 in
835 4085 1035 4143 Cannas
1066 4089 1117 4141 in
1148 4085 1488 4140 Vinea‘retum
1517 4101 1610 4138 seu
1644 4096 1699 4139 et
1730 4099 1853 4139 casa
1890 4095 2068 4139 nostra
2108 4088 2160 4138 in
2191 4085 2297 4138 Ma«

751 4161 930 4218 riano,
959 4171 1078 4209 cum
1107 4155 1251 4207 omni
1280 4154 1601 4221 pertinentia
1631 4169 1754 4215 sua,
1786 4164 1840 4209 et
1867 4155 2203 4208 medietatem
2234 4155 2297 4207 de

749 4228 1056 4279 Castenetto
1084 4224 1136 4276 in
1164 4223 1495 4284 Ausemano,
1528 4228 1582 4275 et
1612 4222 1892 4277 medietate
1921 4223 1983 4276 de
2014 4222 2206 4276 Molino
2238 4223 2294 4275 in

747 4293 1021 4356 I‘alatiulo,
1041 4293 1177 4346 sicut
1198 4290 1439 4358 superius
1460 4289 1809 4353 definivimus,
1828 4300 1881 4343 et
1900 4298 2075 4343 monte
2099 4293 2148 4343 in
2171 4291 2297 4344 Car-

750 4378 847 4416 nca
872 4362 961 4429 qui
988 4363 1053 4415 ad
1076 4373 1172 4413 nos
1195 4359 1456 4429 pertinet,
1483 4359 1815 4429 medietatem
1840 4360 1890 4412 in
1918 4360 2161 4429 omnibus
2187 4360 2294 4429 ipsa

750 4426 1069 4508 lnougisteria
1088 4426 1349 4508 equaliter
1369 4428 1687 4508 possideant.
1717 4427 1977 4508 Deservis
1997 4442 2065 4479 no
2097 4428 2191 4480 tris
2206 4426 2293 4480 vel

751 4498 972 4553 ancillas
995 4537 1007 4558 ,
1040 4495 1297 4565 Aldiones
1316 4495 1398 4549 vel
1418 4495 1670 4549 Aldiouas
1698 4498 1974 4565 utriusque
2003 4510 2158 4549 sexus
2184 4511 2296 4549 om-

749 4582 845 4620 nes
870 4566 1067 4619 liberas
1096 4564 1421 4625 dimisimus,
1453 4572 1507 4616 et
1534 4573 1708 4616 cartas
1734 4564 1917 4618 eorum
1956 4564 2019 4617 de
2056 4565 2297 4617 libertate

746 4635 971 4689 fecimus
995 4633 1240 4690 similiter
1263 4641 1317 4686 et
1336 4634 1401 4700 de
1425 4632 1626 4685 casaria
1656 4634 1885 4700 ipsorum
1912 4648 2003 4686 seu
2034 4643 2087 4685 et
2112 4632 2177 4683 ad
2204 4648 2297 4686 eos

749 4705 874 4758 dicti
894 4702 1004 4762 jam
1031 4710 1185 4757 antea
1207 4701 1359 4756 liberi
1385 4699 1623 4762 fuerunt,
1650 4699 1868 4755 fecimus
1889 4711 1943 4755 et
1960 4702 2199 4754 volumus
2218 4709 2298 4753 at-

748 4788 851 4841 que
876 4769 1183 4841 deﬁnimus,
1214 4777 1274 4823 ut
1300 4769 1475 4823 nullus
1502 4784 1683 4841 eorum
1723 4785 1881 4837 super
1910 4770 2295 4841 impositioncm

687 4894 699 4911 ,
747 4838 941 4911 faciat,
975 4839 1239 4911 sedsicut
1261 4838 1764 4911 eorum_continent
1798 4850 1978 4911 carte,
2013 4840 2083 4890 ita
2125 4838 2298 4911 facere

749 4908 1206 4987 debeant._Ahhas
1241 4920 1367 4960 vero
1404 4905 1500 4987 vel.
1521 4920 1858 4987 successores
1892 4906 2034 4987 ejus.
2072 4908 2161 4987 qui
2199 4922 2297 4987 pro

748 4988 983 5045 tempore
1005 4978 1057 5030 in
1081 4976 1195 5045 ipso
1218 4974 1540 5029 monasterio
1562 4976 1613 5027 in
1641 4977 1802 5029 Sexto
1822 4974 2095 5030 ordinatus
2116 4974 2295 5045 fuerit,

747 5044 1060 5119 iegulariter
1087 5044 1215 5119 eum
1236 5045 1363 5119 ipsis
1392 5045 1533 5096 vivat
1570 5046 1873 5119 muna‘chis,
1915 5053 1969 5097 et
2005 5044 2298 5119 ordiuaudo

747 5111 905 5182 atque
929 5111 1341 5182 disponendode
1367 5113 1686 5166 monasterio
1712 5111 2022 5167 feminarum
2050 5112 2102 5165 in
2131 5112 2294 5175 Salto,

746 5179 903 5254 357
928 5179 1089 5254 socio
1107 5179 1438 5235 Smodochio
1454 5188 1839 5254 regenteatque
1858 5182 2170 5254 disponente
2185 5183 2298 5249 ipso

746 5250 955 5307 assae.
976 5250 1153 5304 Abbas
1178 5263 1305 5302 vero
1330 5265 1447 5303 cum
1476 5251 1751 5304 monachis
1774 5251 1872 5304 sibi
1896 5252 2193 5305 commissis
2218 5267 2301 5304 re—

743 5321 1001 5392 gulariter
1025 5319 1236 5377 debent.
1267 5326 1319 5371 et
1336 5319 1434 5392 sub
1449 5319 1588 5371 nulla
1612 5318 1859 5387 deinceps
1885 5327 2086 5392 nostra,
2104 5320 2183 5373 vel
2208 5320 2304 5372 llC-’

746 5387 930 5443 redum
976 5395 1275 5441 nostrorum
1318 5387 1586 5455 redigatur
1620 5395 1901 5455 potestate,
1943 5388 2032 5441 sed
2071 5392 2301 5456 supersit

744 5460 856 5514 suis
891 5457 1002 5527 ipse
1037 5455 1357 5527 monasterio
1387 5457 1655 5527 virorum,
1684 5466 1904 5527 excepto
1932 5455 2175 5509 defuncto
2212 5459 2301 5510 al;-

744 5528 869 5582 bate
882 5522 1033 5596 jusso
1044 5522 1171 5577 olim
1191 5522 1304 5596 ﬂeri
1323 5525 1495 5578 solent
1510 5526 1773 5578 monachi.
1792 5522 1963 5596 Unum
1983 5540 2296 5596 consensum

744 5596 799 5650 in
827 5592 985 5649 unam
1014 5592 1338 5662 concordare
1366 5607 1645 5662 personam
1664 5632 1676 5653 .
1712 5602 1803 5646 aut
1828 5594 1967 5661 quod
1998 5594 2153 5655 absit,
2183 5610 2297 5646 ina-

744 5666 855 5718 lum
882 5663 980 5717 sibi
1007 5660 1263 5729 elegerint
1281 5660 1465 5730 caput;
1489 5671 1615 5716 tunc
1640 5662 1781 5715 sedis
1797 5662 2146 5729 Aquileiensis
2174 5679 2299 5730 [Hm-

746 5734 872 5787 tit‘cx
897 5746 989 5787 eos
1018 5730 1084 5786 ad
1113 5744 1215 5796 una
1254 5729 1435 5784 redeat
1473 5731 1786 5795 concordia,
1824 5745 1887 5784 ac
1929 5729 2207 5785 melinum
2231 5730 2296 5784 de

2401 3198 2485 3258 tis,
2511 3198 2699 3268 vineis,
2722 3197 2889 3268 silvis,
2915 3196 3199 3261 astalariis,
3228 3198 3513 3268 montibus,
3542 3196 3944 3268 rivis,vpascuis,

2398 3274 2555 3386 atque
2578 3266 2874 3334 paludibus,
2904 3281 3000 3320 nec
3028 3280 3129 3319 non
3157 3273 3211 3319 et
3239 3266 3573 3330 molendinis,
3604 3282 3699 3323 seu
3716 3266 3946 3321 mobilia

2398 3348 2461 3386 ve
2507 3334 2796 3386 immobilia
2819 3335 2944 3386 quid
2963 3335 3088 3386 ouid
3111 3334 3177 3386 ad
3202 3335 3343 3386 insas
3370 3345 3548 3386 curtes
3572 3338 3945 3386 snnrannomi—

2396 3334 2478 3387 vel
2507 3334 2796 3406 immobilia
2819 3334 3177 3406 quid_quid_ad
3202 3335 3343 3406 ipsas
3370 3345 3548 3406 curtes
3572 3338 3945 3406 suprannomi—

2398 3411 2585 3472 natas,
2622 3402 2703 3472 vel
2738 3400 2922 3472 nostro
2936 3400 3065 3472 jure
3099 3400 3238 3455 inter
3275 3403 3385 3471 ipsa
3424 3400 3653 3457 ﬂumina’
3674 3406 3947 3472 pertinere

2397 3470 2743 3540 dignoscitur.
2776 3469 3032 3524 Similiter
3057 3479 3111 3523 et
3135 3469 3365 3524 casas'et
3395 3469 3725 3526 massaritias
3752 3475 3804 3527 in
3833 3476 3948 3527 vico

2399 3538 2661 3603 Mariano.
2704 3542 2754 3592 in
2795 3540 3036 3593 teritorio
3065 3539 3385 3604 Veronense,
3418 3550 3472 3594 et
3509 3556 3660 3595 casas
3690 3540 3748 3593 in
3774 3541 3947 3596 Bellu-

2396 3622 2486 3670 no,
2528 3608 2737 3661 Vicaria
2771 3606 3081 3667 Ccnctensc,
3118 3616 3174 3661 et
3208 3616 3354 3662 trans
3391 3607 3604 3663 ﬂuvium
3644 3608 3947 3663 Tiliamenti

2396 3685 2598 3729 curtem
2622 3676 2674 3728 in
2704 3675 3032 3729 llamussello
3056 3691 3181 3744 cum
3198 3678 3339 3731 omni
3365 3679 3683 3744 pertinentia
3713 3692 3829 3740 sua,
3854 3693 3948 3732 seu

2396 3752 2450 3796 ct
2479 3744 2709 3813 Saletto,
2741 3753 2795 3796 et
2823 3743 3078 3813 Paludcs,
3110 3743 3191 3796 vel
3217 3745 3343 3813 quid
3369 3743 3497 3813 quid
3527 3747 3657 3799 inibi
3687 3758 3802 3812 est,
3831 3763 3947 3813 qua:

2396 3813 2572 3865 omnia
2601 3811 3105 3884 fecerun_t_conjngis
3136 3811 3281 3884 meai.
3311 3811 3500 3884 Curtcs
3539 3816 3591 3867 in
3631 3811 3803 3884 Rippa
3843 3811 3949 3869 fia-

2397 3889 2503 3942 cta,
2530 3889 2707 3935 curtes
2731 3881 2784 3934 in
2807 3880 3017 3944 Bivcro,
3040 3880 3221 3934 curtes
3249 3882 3299 3933 in
3327 3880 3530 3947 Azano,
3556 3880 3814 3937 curtes-iu
3835 3884 3947 3938 Pis-

2396 3959 2599 4028 settaua
2625 3965 2749 4028 cum_
2769 3950 3014 4028 omnibus
3040 3950 3369 4028 [temulentus
3394 3951 3524 4014 suis,
3542 3954 3808 4028 forteslin
3838 3952 3948 4007 Silo

2396 4017 2808 4097 eximigratorio,
2835 4026 3013 4072 curtes
3038 4017 3091 4071 in
3116 4017 3356 4097 Blessaga
3387 4035 3504 4097 cu-m
3534 4017 3700 4097 pulla.
3729 4019 3946 4097 portem

2396 4086 2460 4138 de
2485 4086 2633 4149 Villa,
2656 4096 2860 4140 curtem
2886 4101 3055 4155 aqum,
3081 4102 3197 4154 qua:
3222 4086 3414 4140 dicitur
3444 4087 3687 4155 Hedago;
3714 4090 3947 4144 decurrit

2396 4168 2458 4206 ex
2482 4170 2581 4207 una
2609 4164 2758 4223 parte
2780 4154 3015 4224 Lemida,
3041 4164 3095 4209 et
3117 4171 3181 4208 ex
3204 4154 3324 4224 allia
3349 4171 3515 4224 usque
3537 4154 3607 4209 ad
3627 4156 3826 4211 fossam
3849 4156 3947 4212 Sa-

2397 4222 2673 4291 vonarum,
2696 4230 2852 4291 atque
2876 4222 3166 4291 Coibulam.
3189 4222 3403 4276 Curtem
3426 4222 3491 4277 de
3511 4224 3717 4289 Anone,
3740 4234 3946 4281 curtem

2397 4292 2449 4361 in
2474 4290 2661 4361 sacco,
2685 4290 2963 4361 curtemin
2984 4290 3289 4361 Crispinaga
3312 4306 3430 4361 cum
3453 4291 3703 4349 Castello.
3729 4294 3945 4349 Curtem

2397 4359 2660 4431 de_\'eruo
2687 4369 2741 4431 ei
2764 4359 2829 4431 de
2856 4359 3313 4431 Mitlinego,iet_‘de
3342 4360 3576 4431 Lntrauo
3601 4380 3613 4391 ·
3642 4362 3859 4417 Curtem
3883 4363 3949 4415 de

2399 4426 2544 4479 Salto
2562 4444 2680 4481 cum
2704 4429 2865 4490 Cella,
2890 4426 3103 4481 Curtem
3128 4430 3194 4482 de
3215 4428 3428 4483 Riharia
3456 4447 3466 4479 :
3493 4427 3801 4484 Curtemde
3821 4432 3947 4485 Por-

2398 4498 2550 4565 pirio.
2581 4497 2793 4565 Curtem
2823 4498 2886 4551 de
2913 4496 3029 4565 vico
3054 4496 3287 4551 Leonum
3312 4512 3431 4551 cum
3459 4495 3600 4551 Cella
3630 4501 3799 4554 sancti
3828 4499 3946 4554 Flo-

2398 4564 2531 4620 riani
2553 4580 2566 4622 :
2591 4564 2803 4635 Curtem
2828 4566 2891 4618 de
2914 4564 3132 4635 Medeja,
3156 4564 3352 4635 etquid
3375 4566 3500 4634 quid
3521 4567 3719 4621 habere
3739 4569 3946 4622 videtur

2394 4635 2564 4687 nostri
2589 4632 2726 4701 juris
2749 4634 2887 4701 inter
2910 4632 3075 4700 aquas
3109 4632 3418 4697 deﬂuentes,
3446 4636 3542 4689 hoc
3583 4644 3666 4689 est
3696 4636 3835 4691 inter
3854 4637 3944 4691 Ti-

2396 4703 2703 4775 liamentum
2743 4709 2796 4754 ct
2826 4700 3193 4775 Liquentiam,
3229 4711 3284 4755 et
3321 4704 3458 4775 sicut
3494 4703 3942 4775 viaUngarorum

2396 4772 2650 4834 cernitur,
2679 4780 2733 4823 et
2756 4770 2974 4843 paludes
3003 4771 3164 4824 maris
3183 4810 3196 4834 ,
3225 4779 3282 4824 et
3308 4771 3437 4843 quid
3471 4772 3601 4843 quid
3636 4770 3723 4827 adv
3744 4773 3943 4843 regiam

2394 4848 2710 4910 potestatem
2736 4839 2963 4910 pertinet
2981 4878 2993 4900 ,
3019 4848 3072 4892 et
3095 4854 3216 4910 cum
3240 4838 3381 4893 omni
3407 4838 3642 4894 dominio
3666 4841 3796 4909 quid
3808 4838 3946 4910 'quid

2396 4907 2497 4963 dici
2527 4909 2609 4963 vel
2638 4907 2897 4961 nominari
2925 4916 3113 4974 potest.
3152 4908 3370 4977 lusnper
3393 4915 3447 4962 et
3473 4907 3942 4965 curtcm'nostram

2396 4977 2460 5030 de
2487 4977 2718 5029 Mariano
2746 4992 2864 5029 cum
2893 4976 3139 5029 omnibus
3168 4976 3498 5044 pertinentiis
3523 4978 3652 5030 suis.
3682 4978 3758 5031 De
3780 4980 3945 5033 servis

2397 5047 2595 5099 nostris
2622 5045 2704 5099 vel
2742 5044 2949 5116 ancillis
2972 5044 3226 5116 Aldioncs
3261 5045 3337 5097 vel
3380 5044 3630 5116 Aldionas
3668 5048 3943 5116 utriusque

2395 5128 2554 5187 sexus
2594 5129 2777 5167 omnes
2795 5113 3012 5187 uliberos
3055 5113 3379 5187 dimisimus,
3418 5122 3481 5187 et_
3508 5114 3729 5187 chartas
3760 5113 3940 5187 eorum
4009 5178 4017 5187 ,

2398 5184 2462 5235 de
2499 5183 2741 5236 libertate
2791 5181 3045 5234 fecimus:
3087 5182 3329 5240 similiter
3363 5190 3415 5233 ct
3452 5182 3517 5235 de
3553 5182 3778 5238 salariis.
3806 5185 3939 5240 inso-

2398 5266 2544 5315 rum,
2576 5266 2667 5304 seu
2696 5251 2761 5305 ad
2785 5264 2877 5303 eos
2902 5252 2991 5317 qui
3013 5250 3121 5317 jam
3154 5259 3309 5303 antea
3346 5249 3494 5304 liberi
3534 5250 3782 5315 fuerunt,
3812 5249 3939 5307 feci-

2397 5334 2515 5371 mus
2560 5321 2795 5380 chartus,
2848 5325 2901 5371 et
2949 5319 3216 5388 volumus,
3268 5328 3427 5388 atque
3465 5319 3839 5388 deﬁnivimus,
3886 5332 3941 5375 ut

2398 5388 2571 5443 nullus
2613 5402 2797 5441 eorum
2834 5401 2992 5454 super
3029 5386 3416 5455 impositionem
3454 5386 3644 5452 faciat,
3688 5390 3771 5444 vel
3809 5393 3939 5444 sicut

2396 5470 2578 5509 eorum
2602 5456 2872 5509 continent
2893 5464 3051 5508 carta-
3074 5454 3142 5508 ita
3166 5455 3337 5509 facere
3356 5454 3601 5519 debeant,
3623 5457 3803 5510 Ahbas
3820 5471 3937 5513 vero

2396 5524 2478 5577 vel
2500 5538 2835 5578 successores
2854 5525 2956 5584 sui,
2978 5523 3065 5591 qui
3090 5532 3323 5592 tempore
3344 5523 3395 5576 in
3415 5524 3527 5591 ipso
3547 5526 3870 5581 monasterio
3888 5526 3933 5580 in

2399 5593 2562 5645 Sexto
2603 5594 2877 5662 ordinatus
2927 5592 3103 5662 fuerit,
3148 5593 3458 5661 regulariter
3496 5607 3619 5662 cum
3656 5594 3784 5662 ipsis
3806 5593 3933 5649 vivat

2400 5662 2691 5725 monachis,
2721 5660 3196 5729 ordinandouatquc
3224 5660 3547 5729 disponendo
3579 5665 3645 5716 de
3676 5660 3931 5716 monaste-

2401 5732 2478 5784 rio
2516 5730 2831 5784 feminarum
2861 5729 2912 5783 in
2949 5727 3124 5793 Salio,
3147 5746 3235 5783 seu
3275 5727 3325 5783 in
3365 5730 3696 5785 Senonacbio
3734 5742 3931 5801 regente
