4266 6422
307 475 401 530 641

305 589 516 642 futurus
559 587 838 653 episcopus
883 598 965 636 me
1011 583 1215 653 fidelem
1255 591 1309 634 et
1342 583 1851 653 obedientem__esse
1879 591 1928 647 Α

305 665 500 710 sancte
545 649 880 721 Aipulegeasi
923 651 1186 713 ecclesiae,
1212 660 1271 702 et
1316 651 1430 721 tibi
1455 651 1647 703 domno
1686 649 1852 721 [leve-

306 727 464 778 rardo
515 718 832 791 patriarcha:
880 721 1086 791 tuisque
1127 718 1852 791 successoribus_secundum

305 787 546 846 ordinem
597 805 801 853 meum,
829 789 974 842 salva
1019 787 1271 840 ﬁdelitate
1317 787 1548 840 [leinrici
1589 788 1747 855 regis,
1777 787 1852 839 sic

306 876 389 915 me
413 861 553 918 Dens
574 861 805 928 adjuvet,
829 859 1015 928 ethaac
1036 864 1217 928 sancta
1237 865 1464 923 quatuor
1488 856 1787 928 Evangelia.
1813 860 1827 928 ς

372 931 427 984 2.
454 925 747 995 (ϐένσαίιιι.
781 926 956 995 1022.)
993 925 1249 995 Polliceor
1279 934 1436 991 atque
1471 926 1721 992 promitto
1739 925 1852 995 ego

305 992 544 1051 Artuli‘us
573 996 862 1051 Vicentina:
896 992 1145 1049 Ecclesiae
1172 992 1380 1046 futurus
1408 995 1684 1060 episcopus
1728 992 1852 1044 tide-

238 1084 240 1086 '
305 1066 406 1121 lem
431 1077 487 1119 ct
506 1066 838 1119 obedientem
860 1079 976 1117 esse
1005 1074 1202 1115 sanctze
1225 1062 1555 1130 Aquilegensi
1584 1061 1849 1122 Ecclesite,

305 1146 360 1188 et
387 1135 481 1188 tibi
512 1136 706 1187 domno
735 1132 964 1200 Popponi
996 1133 1310 1199 patriarche
1338 1131 1542 1198 tuisque
1583 1143 1852 1200 successo-

307 1203 451 1256 ribus
502 1197 1080 1257 secundum'ordiuem
1143 1215 1353 1259 meum,
1405 1199 1546 1251 salva
1603 1197 1852 1250 lidelitate

304 1270 604 1325 Cubonradi
647 1269 1001 1337 imperatoris,
1034 1266 1229 1334 ﬁliique
1273 1268 1386 1333 ejus
1433 1267 1649 1337 liinrici,
1679 1268 1723 1320 si
1769 1281 1852 1318 me

307 1339 444 1393 Deus
469 1340 700 1408 adjuvet,
722 1335 921 1408 ietlnee
947 1346 1134 1408 sancta
1159 1345 1386 1402 quatuor
1412 1335 1709 1408 Evangelia.

374 1410 426 1461 3.
461 1404 632 1472 (Circa
661 1423 748 1458 an.
787 1404 963 1473 1027.)
994 1405 1252 1457 Polliceor
1279 1414 1435 1469 atque
1472 1406 1720 1471 promitto
1755 1417 1852 1471 ego

303 1475 535 1528 Joannes
561 1484 760 1535 sancta:
783 1474 1036 1526 Pollensis
1076 1474 1319 1526 Ecclesiae
1344 1476 1551 1524 futurus
1578 1474 1852 1539 episcopus

305 1559 389 1596 me
437 1544 643 1596 fidelem
683 1552 739 1596 et
765 1544 1096 1596 obedientem
1133 1556 1249 1593 esse
1285 1552 1478 1593 saactze
1517 1542 1850 1609 Aquilegensi

302 1613 573 1674 Ecclesiae,
599 1622 654 1664 et
679 1611 770 1663 tibi
800 1611 991 1662 domno
1019 1609 1250 1677 Popponi
1278 1611 1612 1676 patriarelne,
1647 1618 1850 1674 tuisque

302 1682 701 1735 successoribus
726 1679 1012 1731 secundum
1043 1676 1215 1730 meum
1237 1678 1496 1740 ordinem,
1523 1677 1664 1730 salva
1687 1676 1850 1730 ﬁdeli-

301 1749 409 1802 late
455 1748 759 1802 Cuhonradi
791 1748 1143 1815 imperatoris,
1176 1745 1372 1812 filiique
1399 1747 1513 1813 ejus
1542 1746 1848 1814 llenynriei,

302 1819 345 1869 si
394 1833 478 1870 me
510 1818 648 1870 Deus
677 1816 908 1884 adjuvet,
937 1824 991 1867 et
1030 1816 1141 1867 haec
1180 1824 1362 1868 sancta
1401 1823 1628 1882 quatuor
1673 1815 1846 1868 Evaiic

335 1887 455 1936 clia.

302 1902 630 2019 g{adﬁrmarim
656 1969 746 2004 an.
779 1951 955 2018 1027.)
998 1951 1254 2004 Polliceor
1290 1961 1448 2020 atque
1479 1968 1510 2020 p
1543 1952 1728 2004 omitto
1755 1967 1852 2020 ego

302 2021 640 2074 Ruodbertns
683 2029 879 2074 sancta:
911 2020 1316 2086 Concordieusis
1361 2021 1609 2074 Ecclesia:
1646 2020 1854 2073 futurus

300 2092 579 2158 episcopus
610 2104 692 2143 ine
721 2090 924 2158 fidelem
961 2099 1117 2156 atque
1155 2091 1485 2158 obedientem
1514 2103 1629 2141 esse
1660 2100 1854 2141 sanctae

299 2159 638 2226 Aquilcgeusi
667 2157 934 2218 Ecclesiae,
959 2167 1012 2208 et
1037 2158 1126 2209 tibi
1155 2159 1348 2210 domno
1377 2157 1606 2224 Poppoai
1629 2159 1854 2224 patriar-

299 2227 414 2279 cha:
444 2230 650 2294 tuisque
675 2226 1070 2294 successoribus
1091 2227 1376 2279 secundum
1398 2241 1570 2276 meum
1591 2226 1850 2286 ordinem,

299 2295 448 2362 salva
495 2293 747 2346 fidelitate
774 2293 1076 2362 Quhonradi
1117 2295 1466 2361 imperatoris,
1499 2295 1694 2360 filiique
1742 2296 1855 2362 ejus

300 2361 556 2424 Hcinrici,
585 2363 629 2416 si
655 2377 742 2417 me
767 2361 906 2415 Deus
933 2362 1162 2430 adjuvet,
1194 2370 1246 2414 et
1282 2363 1393 2416 haec
1417 2373 1597 2416 sancta
1629 2361 1856 2430 quatuor

300 2431 602 2500 Evangelia.

1029 2499 1118 2551 Xll

590 2621 615 2648 ει
656 2608 1126 2663 DOCUMENTUM
1165 2609 1566 2663 DONATIOMS

790 2714 1004 2752 COIITIS
1039 2715 1366 2761 C.\NCI-ZI.LI.\'I,

297 2807 407 2864 Pro
454 2809 760 2878 fundatione
808 2809 1034 2878 abbatitri
1074 2825 1134 2860 ac
1179 2810 1478 2862 monasterii
1519 2809 1854 2862 Mosuirvnsis

854 2878 954 2929 sive
982 2877 1035 2928 Μ
1041 2879 1316 2930 osacensis.

362 2987 544 3038 Bonus
572 2986 734 3038 homo
774 2985 838 3038 de
879 2987 1015 3037 bono
1043 2986 1290 3038 thesauro
1327 2985 1616 3055 cordissni
1656 2987 1857 3055 profert

295 3058 496 3109 bonum
521 3072 533 3106 :
558 3061 886 3121 quapropter
928 3062 1107 3104 uotum
1138 3055 1206 3106 sit
1229 3055 1471 3107 omnibus
1501 3054 1700 3108 Christi
1731 3057 1856 3109 lide-

295 3123 432 3176 lihus
463 3131 572 3174 tam
605 3122 796 3174 futuris
826 3137 980 3190 quam
1027 3123 1372 3189 praesentibus
1415 3124 1640 3190 qualiter
1677 3140 1856 3177 cuitu-.5

293 3191 632 3246 Cancellinus
673 3191 900 3260 alodinm
942 3205 1091 3242 suum
1119 3200 1361 3258 patenter
1393 3204 1445 3244 et
1474 3193 1673 3260 absque
1713 3194 1854 3244 omni

293 3260 715 3314 contradictione
763 3258 1036 3311 Friderico
1081 3261 1399 3326 patriarcha:
1449 3258 1684 3323 tradidit,
1715 3277 1856 3313 sum-

293 3343 513 3405 mopere
543 3342 739 3405 rogans
761 3328 899 3405 quod
923 3327 987 3405 in_
1010 3328 1405 3405 eodempredio
1428 3329 1660 3380 divinum
1676 3331 1857 3405 fauni-

292 3395 462 3448 latum
502 3395 800 3448 ordinaret.
841 3395 989 3464 Quod
1037 3395 1160 3460 quia
1204 3395 1506 3449 Fridericus
1554 3399 1855 3464 patriarcha

293 3475 472 3535 morte
508 3471 812 3532 praiventns
837 3462 1038 3535 sol-vere
1066 3479 1172 3535 non
1209 3465 1396 3531 potuit,
1428 3462 1702 3518 successor
1742 3467 1857 3535 ejus

296 3530 580 3586 l'ad-ilriciis
626 3542 892 3598 palnarca
940 3530 1164 3585 feliciter
1209 3530 1533 3601 adimplevit.
1600 3530 1856 3598 Quoniam

291 3670 420 3713 tom.
477 3659 520 3722 l,
579 3661 632 3712 in
683 3659 1001 3719 Mantuanis,
1054 3659 1347 3711 Marcianus
1397 3661 1462 3711 ad
1510 3675 1625 3711 eam
1679 3662 1853 3712 sedem

292 3731 606 3781 assumitur.
658 3726 895 3780 Astulfns
942 3728 1249 3779 Vicentinus
1303 3729 1579 3795 cpiscopus
1617 3729 1855 3781 interfuit

291 3813 430 3850 anno
485 3798 653 3858 10:16,
682 3811 775 3848 viil
815 3795 926 3847 Kal.
963 3795 1272 3847 Novembris
1324 3797 1545 3849 concilio
1585 3798 1852 3864 Papieii:-i,

291 3873 348 3939 ut
375 3875 524 3939 patet
553 3880 620 3917 ex
641 3866 867 3939 charta,
898 3880 1052 3939 quam
1083 3864 1282 3939 profert
1330 3864 1577 3933 Ughellus
1607 3867 1668 3939 in-
1689 3867 1850 3939 vero-

292 3933 571 3993 lienisibus,
601 3935 690 3986 ubi
718 3933 893 4000 agitur
924 3935 988 3985 de
1027 3933 1327 3984 immediata
1356 3940 1473 4000 post
1501 3935 1853 4000 patriarcham

290 4001 690 4068 Aquileiensen.
712 4001 944 4053 sessione
962 4002 1190 4068 episcopi
1216 4002 1547 4061 Veronensis,
1577 4004 1854 4055 occasione

291 4071 475 4137 synodi
524 4069 830 4137 Papiensis,
869 4068 919 4120 in
948 4084 1048 4136 qua
1082 4069 1380 4137 Eberardus
1408 4071 1707 4135 patriarcha
1734 4086 1851 4121 cum

291 4136 389 4190 hoc
419 4136 633 4192 AStulfo
666 4139 804 4189 inter
835 4147 1052 4190 creteros
1080 4136 1335 4188 interfuit.
1380 4138 1480 4190 Sed
1505 4139 1624 4204 quia
1660 4141 1708 4189 in
1742 4138 1854 4204 pol-

292 4206 588 4259 licitatione
637 4207 939 4258 nominatur
989 4205 1259 4258 Conradus
1303 4206 1452 4272 imp.,
1495 4207 1583 4273 qui
1630 4208 1855 4270 decessit

290 4286 429 4327 anno
471 4275 631 4336 1059,
664 4284 786 4326 ante
830 4276 968 4327 hune
1011 4289 1201 4326 annum
1249 4275 1424 4326 datam
1476 4289 1590 4326 esse
1637 4276 1854 4328 evidens

291 4352 387 4393 est.
423 4341 650 4408 Insuper
673 4349 796 4408 quia
830 4343 1082 4394 scribitur
1110 4352 1230 4394 ante
1261 4342 1496 4395 Polensis
1522 4353 1576 4396 et
1617 4343 1850 4397 Concor-

291 4411 488 4464 dlensis
545 4411 836 4468 formulas,
869 4425 985 4476 qua:
1032 4412 1167 4463 datae
1210 4420 1351 4468 sunt,
1381 4421 1437 4461 ut
1465 4427 1584 4463 mox
1621 4412 1851 4476 dicetur,

291 4480 430 4532 circa
474 4493 678 4532 annum
733 4478 884 4540 1027,
921 4488 1042 4530 ante
1086 4479 1178 4530 has
1232 4478 1424 4530 factam
1469 4480 1754 4540 credimus,
1797 4489 1849 4532 et

1567 470 1895 525 APPICNDIX
1939 467 2267 522 SlitllﬁNDA.

1879 3228 1925 3286 Ο

3400 466 3503 521 6-1-2

1954 578 2094 630 hunc
2129 578 2298 630 locum
2327 577 2393 630 ad
2422 578 2675 630 honorem
2704 586 2887 630 sancte
2914 585 2968 628 et
3010 575 3275 628 individue
3325 575 3502 632 Trini-

1956 648 2098 706 tatis,
2129 656 2182 697 et
2209 655 2388 697 sancte
2424 647 2618 707 crucis,
2657 655 2942 712 sancteque
2971 643 3060 695 Dei
3083 645 3363 762 genitricis
3392 645 3504 704 Ma-

1956 714 2032 762 rie
2060 723 2113 762 et
2148 715 2314 762 sancti
2343 713 2560 762 Joannis
2588 715 2820 762 Bantiste
2839 751 2854 762 .
2882 713 3051 762 sancti
3115 715 3303 762 cannis
3343 728 3504 762 evan-

1955 714 2032 766 rie
2060 723 2113 766 et
2148 715 2314 767 sancti
2343 713 2560 766 Joannis
2587 715 2820 781 Baptista
2839 751 2854 777 ,
2882 713 3051 781 sancti
3083 713 3303 781 JOannis
3343 728 3505 769 evan-

1987 783 2157 845 eliste,
2187 791 2241 836 et
2267 791 2568 834 sanctorum
2612 779 2968 850 apostolorum
3010 780 3249 842 Andrcc,
3280 779 3504 837 Bartho—

1987 799 2157 845 ensw,
2187 799 2241 836 et
2267 799 2568 834 sanctorum
2612 799 2968 850 apostomrum
3010 799 3249 842 anaree,
3281 799 3504 837 Darmo-

1952 799 2108 904 fomei
2142 858 2195 903 et
2217 850 2457 912 diatthei,
2489 859 2792 903 sanctorum
2822 853 2982 902 etiam
3010 850 3289 919 ma_rtirum
3318 850 3505 919 Blasii,

1951 919 2151 981 Cancii,
2179 920 2448 982 Caneiani,
2475 919 2774 986 Grisogoui,
2814 918 3042 980 Tatiani,
3071 916 3342 986 Germani,
3371 916 3504 973 Ger;

1951 989 2083 1040 vasii
2113 997 2168 1040 ct
2191 988 2436 1048 Protasii,
2471 985 2929 1054 atqnc’oeatorum
2955 985 3317 1038 confessormn
3361 987 3502 1039 Mar-

1953 1057 2069 1118 tini,
2100 1065 2153 1108 et
2181 1058 2388 1108 nomine
2417 1057 2582 1108 sancti
2607 1055 2735 1108 Galli
2772 1056 2966 1124 magni,
2989 1054 3504 1124 0thmarii,necnou

1952 1135 2253 1178 sanctarum
2307 1126 2569 1192 virginum
2620 1125 2812 1177 Cecilie
2836 1123 2875 1185 ,⁷
2903 1123 3212 1192 Margarite,
3252 1123 3506 1178 Columbo

1952 1193 2264 1255 construxit,
2299 1191 2458 1259 atque
2484 1194 2731 1246 antedicti
2756 1192 2964 1244 comitis
2993 1192 3159 1243 alodio
3185 1191 3408 1244 dotavit.

2023 1261 2129 1314 Hec
2171 1270 2348 1312 autem
2403 1271 2526 1313 sunt
2576 1261 2708 1323 loca,
2737 1276 2841 1327 que
2891 1275 3069 1313 comes
3115 1259 3410 1312 Caecllinus
3454 1263 3505 1314 iu

1951 1330 2166 1383 odorem
2215 1329 2488 1380 suavitatis
2521 1330 2737 1381 Doniiiio
2768 1331 2982 1391 libavit,
3015 1342 3116 1396 que
3155 1329 3311 1380 etiam
3347 1329 3504 1382 Udal-

1953 1401 2093 1451 ricus
2131 1398 2417 1465 patriai-ca,
2447 1407 2713 1464 tamquam
2759 1398 2928 1450 fidelis
2963 1405 3017 1449 et
3053 1397 3283 1465 prudens
3324 1414 3510 1451 servus

1951 1482 2108 1534 supra
2149 1465 2402 1517 familiam
2447 1466 2651 1518 Domini
2694 1467 3011 1518 constitutus
3053 1467 3360 1534 perenniter
3389 1469 3509 1522 huic

1951 1535 2173 1589 ecclesie
2202 1535 2482 1601 copulavit.
3383 1585 3390 1592 θ

2019 1605 2075 1655 1n
2109 1605 2296 1672 primis
2333 1603 2587 1670 quidquid
2622 1603 2671 1654 in
2717 1602 2817 1655 hoc
2850 1601 2977 1672 loco
3024 1601 3292 1672 prodictus
3330 1619 3509 1659 comes

1950 1670 2135 1724 habuit
2161 1687 2282 1740 cum
2309 1673 2553 1723 omnibus
2578 1671 2910 1739 pertinentiis
2953 1671 3090 1738 apud
3122 1670 3317 1740 _Valach
3351 1689 3506 1740 supc-

1952 1742 2060 1794 rius
2088 1751 2141 1793 ct
2171 1739 2391 1793 inferius
2417 1738 2597 1808 viginti
2632 1749 2742 1793 tres
2782 1753 2993 1792 mansos
3029 1747 3084 1791 et
3113 1738 3325 1791 Sartum
3358 1738 3507 1793 mon-

1954 1818 2057 1861 tem
2088 1809 2154 1861 ad
2181 1818 2411 1861 montem
2460 1809 2706 1870 habilem,
2741 1819 2794 1860 et
2837 1823 2956 1859 cum
2996 1809 3240 1860 omnibus
3292 1809 3357 1861 ad
3405 1810 3504 1864 ista

1953 1879 2337 1945 pertinentibus
2374 1877 2493 1929 huic
2539 1877 2859 1929 monasterio
2886 1877 3082 1928 dicavit
3108 1892 3169 1928 ac
3200 1877 3400 1930 tribuit.
3426 1880 3506 1932 Ad

1957 1951 2054 2000 hoc
2087 1947 2247 1998 etiam
2280 1945 2532 2012 quidquid
2579 1945 2794 1996 Mariaai
2842 1953 2896 1997 et
2941 1955 3173 1996 montem
3220 1961 3383 1997 unum
3429 1947 3504 1999 la-

1957 2017 2120 2067 nachs
2142 2024 2196 2068 et
2221 2011 2355 2080 apud
2380 2016 2611 2067 i'ustreeh
2636 2011 2886 2081 quidquid
2915 2013 2966 2064 in
2988 2013 3260 2081 proprium
3276 2018 3510 2082 possedit

1955 2092 2006 2134 ct
2039 2085 2238 2135 habuit.
2554 2123 2556 2126 μ

2024 2152 2102 2220 Ad
2143 2150 2447 2220 Adelarium
2490 2150 2547 2220 11
2592 2164 2833 2220 mansos,
2863 2148 2917 2220 in
2948 2147 3062 2220 loco
3090 2151 3176 2216 qui
3205 2149 3380 2204 Fortis
3415 2168 3508 2220 ap-

1955 2219 2197 2286 pellatur.
2245 2218 2440 2272 Lacum
2478 2219 2639 2270 etiam
2665 2221 2754 2284 qui
2780 2218 2978 2270 dicitur
3015 2217 3195 2286 lngan,
3224 2221 3361 2271 sicut
3397 2217 3508 2287 ipse

1956 2291 2281 2356 possederat,
2305 2291 2445 2341 omni
2465 2289 2583 2355 jure
2611 2288 2859 2352 omnique
2887 2289 3217 2353 possessione
3245 2297 3298 2339 et
3328 2290 3507 2342 habitu

1958 2359 2080 2427 huic
2109 2357 2223 2409 loco
2252 2372 2460 2425 semper
2490 2359 2650 2408 fixum
2677 2365 2730 2407 et
2759 2357 3024 2427 immobile
3054 2357 3324 2409 stabilivit.
3357 2359 3508 2427 Apud

1957 2423 2230 2477 Bellumim
2257 2423 2381 2478 octo
2408 2440 2618 2478 mansos
2648 2425 2988 2476 contradidit.

2027 2495 2274 2545 Preterea
2324 2495 2460 2546 idem
2509 2494 2812 2560 patriarcha
2859 2493 3209 2558 perpendens,
3230 2493 3369 2560 quod
3419 2495 3508 2561 qui

1957 2562 2182 2613 seminat
2210 2562 2261 2612 in
2290 2561 2742 2614 benedictionibus
2769 2562 2834 2612 de
2864 2561 3318 2614 benedictionibus
3348 2571 3510 2616 metet

1956 2632 2118 2681 vitam
2165 2639 2434 2692 eternam;
2466 2632 2604 2683 hunc
2642 2628 2813 2681 locum
2858 2629 3018 2680 etiam
3043 2637 3096 2680 et
3120 2630 3198 2681 sui
3224 2639 3376 2697 parte
3419 2633 3511 2685 dc-

1955 2707 2137 2751 center
2175 2700 2473 2764 ampliaudo
2513 2698 2887 2765 magnilicavit.
2934 2697 2988 2749 lu
3029 2697 3148 2754 villa
3176 2715 3278 2767 que
3315 2701 3512 2754 dicitur

1957 2767 2209 2835 l’laguths
2230 2769 2386 2836 263
2413 2768 2788 2836 quinquaginta
2817 2781 3028 2821 mansos
3053 2787 3064 2819 :
3092 2770 3229 2836 apud
3253 2769 3510 2823 Walcheu

1958 2835 2022 2886 11
2051 2834 2280 2905 mansos,
2299 2834 2453 2905 'apud
2497 2834 2667 2890 Colles
2702 2834 2760 2887 I6
2800 2852 3030 2898 mansos,
3064 2834 3199 2904 apud
3227 2836 3508 2891 Salcanum

1958 2904 2042 2966 10,
2065 2904 2204 2958 Utini
2231 2904 2412 2968 unum,
2439 2906 2575 2972 apud
2601 2904 2920 2956 Basilianum
2961 2905 3017 2956 11
3051 2920 3281 2967 mansos,
3313 2907 3363 2958 in
3387 2907 3507 2960 villa

1955 2987 2056 3039 que
2084 2973 2290 3040 lmpons
2319 2984 2540 3026 vocatur
2574 2975 2622 3024 11
2654 2974 2706 3023 in
2733 2973 2996 3041 Versegna
3021 2989 3182 3024 unum
3215 2975 3263 3026 in
3292 2990 3509 3029 nemore

1958 3044 2144 3095 Schint
2171 3060 2182 3093 :
2209 3044 2259 3093 in
2304 3043 2427 3094 villa
2467 3043 2628 3094 (Dauni
2660 3057 2818 3093 unum
2846 3046 2909 3092 ad
2942 3043 3249 3095 nutriendos
3295 3058 3505 3110 porcos,

1955 3123 2009 3164 et
2044 3126 2140 3178 pro
2180 3111 2837 3180 utilitate,communionis
2881 3111 3121 3180 villarum
3164 3110 3417 3180 I’laguths
3453 3123 3508 3166 et

1957 3179 2133 3246 lngan.
2177 3178 2232 3230 lu
2259 3179 2557 3231 Castella'no
2593 3179 2649 3229 16
2677 3193 2906 3239 mansos,
2938 3179 3194 3246 Bagnaric
3226 3178 3509 3234 tres'mau-

1959 3263 2081 3299 sos:
2108 3248 2158 3298 in
2184 3248 2476 3312 Aventinae
2506 3261 2688 3307 unum,
2720 3256 2773 3299 et
2802 3263 2852 3298 in
2883 3248 3032 3298 Istria
3064 3248 3234 3314 locum
3263 3251 3352 3316 qui
3380 3249 3510 3303 Por-

1961 3326 2046 3367 tus
2096 3324 2317 3366 vocatur
2370 3330 2490 3367 cum
2537 3316 2782 3367 omnibus
2835 3316 2932 3367 sibi
2987 3319 3372 3381 pertinentibus
3421 3320 3508 3372 isti

1957 3383 2180 3437 ecclesie
2229 3384 2408 3436 datum
2452 3383 2802 3436 continuavit.
2856 3383 2994 3435 Duas
3039 3385 3198 3436 etiam
3246 3386 3411 3440 molas
3457 3389 3508 3440 in

1957 3452 2149 3504 Lecina
2179 3452 2308 3504 sitas
2353 3453 2532 3506 dedit:
2561 3453 2794 3505 decimas
2835 3467 3044 3518 quoque
3070 3454 3133 3506 de
3176 3453 3425 3518 Furnich,
3457 3466 3510 3508 et

1956 3523 2022 3574 de
2068 3521 2383 3587 quibusdam
2431 3521 2548 3573 aliis
2594 3521 2733 3573 villis
2764 3521 2813 3572 in
2855 3522 3005 3588 plebe
3043 3531 3225 3574 sancte
3255 3522 3417 3576 Marie
3447 3526 3512 3578 de

1954 3659 2009 3712 in
2057 3659 2329 3712 servitium
2375 3657 3030 3732 ecclesizeAquileiensis,
3061 3661 3332 3732 inseritur,
3361 3663 3510 3732 cujus

1953 3737 2008 3782 et
2036 3737 2347 3784 cancrorum
2388 3730 2456 3780 ibi
2501 3729 2891 3781 nominatornm
2938 3731 3157 3782 consilio
3203 3747 3321 3783 eam
3349 3729 3512 3786 dona-

1955 3798 2149 3872 tionem
2176 3796 2352 3872 Poppo
2376 3799 2603 3872 perlicit.
2635 3797 2699 3872 In
2733 3800 3211 3872 Concordiensibus
3235 3802 3373 3869 apud
3404 3801 3508 3872 Ug-

1953 3867 2149 3918 bellum
2181 3866 2373 3916 dicitur
2400 3868 2539 3933 quod
2570 3866 2869 3919 ltudbertus
2914 3868 3035 3920 huic
3075 3866 3344 3923 donationi
3388 3866 3510 3924 sub-

1953 3936 2155 3987 scribit.
2187 3933 2240 3985 ln
2271 3935 2694 4001 Aquileieusious
2721 3937 2773 3986 in
2807 3937 3053 4002 l’oppouc
3102 3937 3239 3989 inter
3281 3939 3511 3991 subscri-

1950 4004 2136 4055 bentes
2167 4018 2268 4053 non
2317 4010 2561 4068 appaiet;
2596 4003 2686 4054 sed
2728 4008 2784 4054 iu
2827 4018 3050 4068 corpore
3092 4004 3398 4058 Documenti
3432 4010 3508 4061 uti

1952 4071 2233 4142 consultus
2253 4071 2535 4142 invenitur.
2563 4071 2625 4122 Et
2654 4071 2756 4133 hic,
2781 4083 2836 4142 ut
2862 4070 3092 4142 Joannes
3114 4072 3370 4138 Polensis,
3392 4086 3511 4142 post

1952 4154 2147 4190 annum
2181 4139 2331 4199 1026,
2357 4146 2408 4191 et
2433 4147 2553 4190 ante
2579 4154 2774 4191 annum
2811 4141 2958 4204 1051,
2986 4143 3054 4194 ob
3083 4144 3323 4196 eamdem
3350 4139 3510 4198 ratio-

1951 4223 2070 4260 nem
2096 4209 2499 4272 promissionem
2529 4223 2677 4259 suam
2709 4208 2884 4262 facere
2913 4211 3198 4262 debuisset.

2022 4287 2046 4313 ιι
2077 4276 2153 4327 Ex
2184 4275 2388 4329 duobus
2413 4292 2538 4328 mss.
2577 4278 2980 4344 exemplaribus,
3015 4278 3181 4331 altero
3229 4280 3382 4333 nobis
3412 4295 3505 4334 ex-

1951 4344 2119 4397 hibito
2167 4360 2196 4396 a
2234 4344 2305 4396 iD.
2346 4344 2612 4417 Agricola,
2644 4345 2833 4417 altero
2859 4362 2906 4417 _a
2950 4347 3009 4417 1).
3055 4345 3284 4417 Josepho
3332 4348 3506 4417 Binio,

1951 4422 2174 4479 utroque
2212 4421 2386 4465 tamen
2415 4429 2479 4466 ex
2508 4415 2743 4466 archivio
2787 4413 3012 4466 abbati-az
3062 4413 3382 4470 Mosacensis
3411 4413 3506 4472 ex;

1952 4489 2140 4543 tracto,
2169 4482 2317 4549 cujus
2343 4482 2578 4534 ecclesia:
2604 4481 2786 4549 titulus
2809 4483 2975 4536 sancti
3002 4481 3136 4536 Galli
3163 4486 3374 4546 dicitur,
3406 4487 3507 4542 hoc

291 4548 618 4623 erroremjn
651 4546 869 4623 Ughello
889 4547 1106 4623 subesse
1133 4556 1396 4623 putamus.
1427 4548 1515 4623 qui
1546 4548 1845 4623 anno_103_7
1879 4539 1926 4596 D
1951 4563 2046 4623 per
2073 4539 2456 4623 Bernardinum
2481 4548 2826 4623 q.m_Joannis
2870 4552 3274 4623 Andreussium,
3299 4539 3386 4608 illo
3409 4539 3506 4623 per

293 4613 657 4699 Theobaldum
682 4615 981 4699 cpi-scopum
1011 4616 1507 4699 Vicentinnmlpoiut
1529 4624 1650 4699 ante
1671 4616 1849 4668 Astut-

291 4681 417 4744 fum,
452 4695 508 4736 et
543 4691 672 4735 ante
716 4681 1070 4735 'l‘heohaldum
1113 4699 1252 4735 anno
1308 4684 1440 4735 1046
1489 4684 1844 4745 Lambertnm,
1873 4737 1888 4749 ,

289 4760 341 4802 et
361 4759 485 4804 ante
513 4751 661 4803 hunc
688 4750 846 4802 alium
876 4750 1255 4804 Theobaldum.
1275 4753 1364 4805 Vel
1389 4753 1574 4805 unicus
1595 4751 1852 4806 Theobal-

291 4819 385 4871 dus
409 4816 531 4883 fuit,
562 4819 654 4875 cui
672 4819 925 4871 successit
946 4817 1180 4872 Astulfus
1203 4822 1342 4874 circa
1367 4836 1559 4872 annum
1587 4821 1738 4885 1024,
1769 4821 1850 4874 vel

292 4886 526 4943 Astulfus
555 4895 687 4941 ante
728 4886 1066 4940 Lambertum
1097 4895 1150 4939 et
1179 4887 1338 4940 alium
1383 4889 1740 4942 Theobaldum
1772 4901 1851 4942 est

292 4954 560 5025 locandus.
624 4955 739 5025 Hoc
782 4957 1045 5025 posterius
1101 4957 1307 5025 admitti
1355 4971 1457 5008 non
1504 4966 1695 5025 potest,
1728 4959 1850 5025 quia

292 5024 600 5092 episcopum
654 5024 910 5092 habemus
955 5023 1219 5076 Astulfum
1264 5040 1402 5076 anno
1446 5024 1598 5081 1046.
1653 5023 1851 5079 Unicus

293 5106 412 5160 ergo
452 5091 539 5145 est
565 5091 926 5155 Theobaldus,
958 5094 1040 5145 cui
1078 5094 1331 5146 successit
1366 5091 1621 5144 Astull‘us.
1663 5092 1851 5160 Ughel-

294 5158 371 5212 lus
399 5162 511 5228 ipse
539 5160 726 5215 verbis
753 5160 916 5228 aiunt,
950 5170 1162 5228 na_rrant
1207 5163 1402 5214 indicat
1431 5176 1486 5214 se
1528 5158 1730 5214 censui‘
1756 5177 1851 5215 suo

295 5222 680 5280 non-nimium
739 5222 920 5282 ﬁdere.
1001 5226 1228 5282 Joannes
1281 5229 1515 5282 Polensis
1565 5230 1852 5283 subscribit

296 5312 428 5351 anno
452 5296 585 5349 1051
637 5296 966 5364 Documento
993 5298 1402 5350 consecrationis
1429 5298 1664 5351 ecclesia:
1691 5297 1852 5364 Aqui—

297 5363 502 5419 leiensis
532 5367 636 5419 sub
675 5363 942 5432 Poppoue,
992 5365 1041 5416 in
1088 5380 1193 5433 quo
1228 5365 1420 5417 dicitur
1451 5366 1495 5419 is
1525 5379 1693 5433 annus
1733 5363 1851 5420 esse

333 5435 505 5488 uintus
549 5426 835 5502 Conradi',
863 5426 1050 5502 nempe
1077 5426 1473 5486 a'coronalioue
1514 5426 1626 5502 ejus
1671 5434 1850 5490 Roma:

319 5500 429 5571 acta
451 5517 594 5558 anno
625 5500 782 5554 1037.
811 5500 891 5553 Ab
920 5515 1057 5571 anno
1085 5517 1211 5571 ergo
1238 5503 1368 5555 1027
1390 5500 1550 5569 atque
1566 5505 1628 5556 ad
1654 5517 1848 5571 almum

299 5567 418 5642 10:11
451 5572 613 5642 datur
660 5572 774 5642 hgec
801 5568 1103 5642 promissio,
1135 5567 1187 5642 iii
1217 5586 1316 5642 qua
1354 5567 1687 5642 imperatoris
1714 5570 1850 5642 Cons

297 5639 404 5690 radi
438 5639 494 5690 tit
539 5639 765 5690 mentio.
821 5637 1114 5707 Radbertus
1143 5636 1544 5693 Corieordieiisis
1573 5643 1618 5692 is
1647 5651 1727 5692 est
1757 5641 1845 5707 qui

299 5719 430 5758 anno
467 5707 589 5758 1051
636 5707 690 5760 in
721 5706 1005 5759 donatione
1048 5704 1310 5774 Popponis
1351 5709 1662 5774 patriarchie
1695 5704 1845 5759 insli-

301 5775 487 5830 tucntis
519 5787 802 5828 nuuiemm
845 5775 1196 5839 sacerdotum,
1223 5790 1354 5842 quos
1384 5776 1574 5828 fratres
1599 5776 1843 5843 appellat,

1948 4618 2220 4670 Albcrtum
2250 4626 2346 4684 q.“
2369 4618 2748 4670 Bernardinum
2776 4620 3154 4672 Andreussium
3184 4618 3504 4679 Mosaceiisis

1948 4686 2171 4738 abbatia:
2217 4687 2577 4758 cancellarios,
2624 4687 2768 4758 istud
2805 4688 3208 4742 instrumentum
3248 4694 3500 4758 produci-

1947 4769 2082 4814 mus,
2104 4756 2241 4826 quod
2264 4756 2504 4826 quamvis
2524 4763 2699 4807 actum
2722 4755 2926 4826 dicatur
2953 4772 3039 4808 an.
3067 4758 3214 4820 1072,
3241 4755 3347 4826 quo
3366 4768 3502 4812 tem-

1949 4837 2074 4891 pore
2104 4823 2448 4893 Siugefredus
2469 4831 2586 4893 erat
2608 4823 2928 4893 patriarcha,
2956 4841 3057 4877 non
3082 4823 3374 4893 completur
3421 4837 3498 4880 ta-

1949 4906 2068 4943 men
2093 4891 2324 4961 intentio
2354 4892 2607 4961 dotatoris
2642 4906 2738 4943 nec
2767 4893 2833 4944 ab
2859 4891 3106 4956 Henrico,
3137 4891 3226 4960 qui
3264 4895 3496 4961 patriar-

1949 4961 2048 5012 cha
2075 4960 2266 5027 dicitur
2301 4975 2386 5010 an.
2421 4960 2571 5022 1077,
2619 4976 2715 5013 nec
2756 4975 2785 5012 a
2832 4961 3121 5024 Friderico,
3157 4963 3244 5027 qui
3266 4960 3506 5018 decessit

1948 5043 2035 5078 an.
2091 5026 2240 5087 1084,
2274 5027 2354 5079 vel
2410 5028 2560 5088 1085,
2585 5029 2675 5081 sed
2724 5038 2927 5080 tantum
2973 5031 3068 5080 sub
3124 5026 3386 5095 Udalrico,
3421 5039 3501 5088 vel

1950 5096 2245 5157 Voldarico,
2277 5097 2366 5162 qui
2402 5113 2487 5148 an.
2519 5098 2652 5149 1086
2692 5099 2993 5164 patriarcha
3029 5100 3357 5154 renuntiatus
3395 5111 3502 5165 est,
3554 5111 3556 5118 '

1949 5172 2001 5234 et
2030 5165 2094 5215 ad
2125 5181 2212 5216 an.
2244 5181 2409 5232 usque
2459 5166 2611 5224 1H9,
2654 5167 2830 5234 sedem
2866 5166 3061 5228 tenuit;
3113 5172 3210 5219 sub
3256 5183 3360 5234 quo
3409 5185 3498 5225 au.

1951 5233 2083 5302 1118
2108 5231 2380 5286 dedicatur
2406 5234 2626 5286 ecclesia
2653 5231 2988 5298 Mosacensis,
3017 5234 3166 5302 cujus
3214 5231 3501 5290 dedicatio-

1950 5301 2439 5372 i_i_is_do_cumentum
2455 5304 2615 5372 habes
2639 5304 2908 5372 ex_eodem
2934 5301 3163 5371 Joscpho
3189 5303 3336 5356 Binio
3361 5307 3501 5372 apud

1952 5368 2224 5440 lighellum
2269 5371 2318 5422 in
2351 5370 2644 5440 Voldarico.
2700 5369 2796 5423 Ubi
2845 5368 3074 5423 notabile
3109 5373 3314 5440 habeas
3357 5368 3500 5440 quod

1949 5436 2112 5490 ferme
2146 5438 2300 5490 iidem
2325 5439 2490 5492 sancti
2522 5439 2593 5492 ibi
2623 5449 2974 5506 apponuntur,
2991 5440 3080 5506 qui
3103 5439 3155 5492 in
3180 5440 3280 5493 hoc
3306 5436 3500 5494 instru-

1949 5513 2124 5559 mento
2170 5507 2508 5567 numinantur
2535 5521 2547 5556 :
2578 5516 2631 5558 et
2671 5509 2910 5560 Andreas
2942 5510 3222 5574 episcopus
3258 5508 3500 5563 Civitatis

1948 5589 2113 5634 novae,
2147 5575 2234 5641 qui
2267 5575 2318 5627 in
2344 5576 2440 5627 hoc
2468 5583 2549 5627 est
2571 5576 2738 5636 testis,
2763 5577 2813 5629 in
2843 5588 2906 5628 eo
2931 5577 3248 5630 documento
3276 5586 3357 5631 est
3378 5589 3502 5630 con-

1949 5653 2185 5715 secrator
2208 5644 2443 5715 ecclesie
2476 5658 2500 5715 :_
2519 5646 2750 5710 adeoque
2772 5659 2928 5711 supra
2951 5659 3118 5715 annos
3145 5646 3491 5715 quadraginta

1949 5728 2038 5763 sev
2069 5711 2118 5762 in
2140 5713 2441 5779 episcopatu
2467 5713 2708 5765 Civitatis
2734 5728 2880 5766 nova:
2909 5713 3124 5766 resedit.
