4266 6452
684 484 784 538 (ΞΕἹ

1662 483 1748 536 AD
1786 483 2006 538 OI’ERA
2047 483 2104 537 Β.
2146 484 2414 542 ΡΑΙΪΙᾸΝῘ
2453 487 2888 548 APPE‘NDICES.

3787 499 3889 554 6128

686 591 956 672 sufﬁciens
991 591 1324 672 mandatiin},
1353 599 1510 672 prgin
1536 591 1601 670 de
1643 590 1786 672 dicto
1832 591 2078 672 mandato
2113 590 2232 672 _sive
2263 597 2306 652 Α
2336 594 2615 672 disponere
2641 599 2818 652 Valeas
2846 599 3000 652 sicuti
3024 600 3088 656 de
3115 599 3216 672 illis
3246 599 3545 666 patriarche
3571 601 3886 672 Aquiiegcn-

687 658 1050 728 procuratorio
1087 667 1295 710 constat
1321 658 1530 728 publico
1567 659 1921 728 instrumento
1943 659 2232 728 superinzle

686 726 945 788 confecto,
967 728 1162 794 scripto
1184 741 1338 780 manu
1359 727 1527 794 Egidii
1550 729 1615 780 de
1633 727 1831 781 Doullie
1853 729 1916 779 de
1940 727 2234 794 Rotomago

726 795 876 847 ublici
906 795 1189 862 apostolica
1216 803 1272 847 ct
1304 795 1560 861 imperiali
1607 795 1925 848 auctoritate
1961 795 2148 846 not-trii
2181 795 2232 846 in

726 812 876 847 mutet
906 812 1189 862 aposronca
1216 812 1272 847 ct
1304 812 1560 861 impertau
1607 812 1925 848 auctoritate
1961 812 2148 846 nortrn
2181 812 2232 846 Ill

685 812 840 924 £58k
873 864 1158 916 indictione
1179 863 1230 924 4,
1261 865 1343 916 dic
1377 865 1607 916 secundo
1636 863 1830 916 mensis
1857 862 1996 923 Maii,
2025 863 2235 930 pontili-

682 941 834 985 catus
879 932 1198 984 sanctissimi
1243 932 1294 982 in
1320 930 1531 984 Christo
1569 931 1735 997 patris
1759 940 1812 982 et
1838 930 2034 982 domini
2069 931 2232 982 nostri

685 1000 883 1052 domini
941 999 1137 1052 Urbani
1187 999 1360 1051 divina
1403 999 1737 1066 providentia
1781 1013 1912 1066 papc
1944 999 2044 1066 Nl,
2095 1014 2232 1051 anno

683 1075 893 1137 Quarto,
923 1082 952 1137 a
971 1082 1071 1137 [me
1097 1067 1308 1137 notario,
1333 1065 1670 1137 iufrascripto
1705 1065 1822 1137 viso
1858 1075 1913 1137 et
1941 1065 2106 1118 lecto:
2131 1067 2234 1120 cis-

685 1134 1046 1190 dcm‘domiuis
1072 1135 1344 1188 canonicis
1364 1143 1417 1187 et
1438 1135 1666 1203 capitulo
1685 1134 1924 1203 exhibuit
1947 1144 2000 1186 et
2017 1149 2234 1201 presen—

685 1205 816 1256 tavit
837 1203 1040 1256 litteras
1059 1203 1375 1270 apostolicas
1389 1202 1676 1272 supradicti
1693 1202 1890 1272 domini
1917 1204 2083 1272 nostri
2099 1217 2234 1271 pape

685 1274 920 1335 integras
947 1281 1002 1323 et
1021 1271 1213 1334 illesas,
1243 1285 1345 1340 non
1365 1270 1524 1340 274
1539 1272 1760 1324 abrasas
1783 1270 1864 1320 vel
1892 1270 2230 1334 cancellatas,

685 1345 857 1406 neque
879 1340 1174 1407 corruptas,
1190 1339 1272 1392 vel
1297 1340 1346 1391 in
1371 1339 1543 1406 aliqua
1565 1354 1750 1391 earum
1771 1349 1920 1406 parte
1939 1349 2230 1408 suspectas,

686 1409 779 1461 sed
805 1408 946 1476 omni
977 1422 1193 1474 prorsus
1219 1409 1348 1460 vitio
1375 1417 1428 1460 et
1451 1407 1749 1474 suspicione
1776 1407 2043 1472 carentes,
2071 1410 2233 1476 ipsius

687 1475 882 1528 domini
916 1481 1080 1528 nostri
1118 1492 1249 1544 pape
1275 1490 1397 1544 vera
1427 1476 1564 1528 bulla
1601 1477 1841 1543 plumbea
1867 1477 1931 1528 ad
1958 1475 2232 1530 cordulam

684 1546 899 1610 t-anapis
923 1543 1351 1610 pendente’more
1374 1543 1609 1598 Romane
1633 1545 1778 1613 curie
1806 1544 2050 1608 bullatus,
2075 1561 2233 1613 super

685 1612 1106 1664 commissionem
1137 1613 1608 1666 administrationis
1630 1612 1832 1680 prefate
1865 1612 2232 1678 patriarclialis

687 1681 915 1750 I'Icclesie
937 1681 1162 1750 Aquilej.
1185 1680 1474 1742 confectas,
1499 1695 1722 1746 quarum
1752 1680 2051 1750 litterarum
2081 1691 2234 1735 tenor

685 1751 751 1804 de
780 1749 941 1802 verbo
962 1748 1027 1800 ad
1057 1748 1275 1802 verbum
1307 1751 1566 1816 sequitur,
1592 1759 1642 1800 et
1668 1756 1750 1800 est
1777 1748 1917 1800 talis.

757 1817 998 1870 Urbanus
1025 1817 1301 1883 episcopus
1330 1832 1516 1870 servus
1545 1831 1814 1868 servorum
1842 1817 1929 1868 Dei
1966 1853 1980 1868 .
2018 1855 2031 1869 .
2066 1855 2080 1868 .
2109 1832 2226 1870 ven.

685 1884 837 1936 fratri
865 1885 1103 1952 l’bilippo
1129 1885 1374 1952 episcopo
1405 1885 1677 1937 Sabiuensi
1718 1885 2130 1937 administratori
2176 1886 2229 1938 in

682 1953 1043 2017 spiritualibus
1069 1961 1123 2006 et
1151 1954 1522 2021 temporalibus
1557 1954 1776 2006 ecclesie
1804 1953 2108 2020 Aquilegen.
2140 1968 2231 2020 per

685 2022 868 2100 sedent
892 2021 1230 2100 apostolicam
1274 2023 1522 2090 deputato
1558 2023 1780 2074 salutem
1807 2031 1858 2074 et
1888 2021 2230 2088 apostolicam

684 2089 1122 2143 benedictionem.

757 2157 1016 2226 Regimini
1063 2157 1344 2211 universali
1404 2157 1636 2212 Ecclesie
1677 2171 1980 2225 quanquam
2029 2156 2229 2211 insubi-

682 2226 944 2279 cientibus
973 2228 1174 2280 meritis
1203 2227 1511 2293 disponente
1552 2227 1773 2278 Domino
1817 2226 2145 2292 pre-sidentes
2169 2227 2233 2280 de

683 2297 944 2348 universis
983 2296 1128 2348 orbis
1168 2296 1406 2362 ecclesiis
1435 2310 1498 2346 ac
1534 2294 1785 2362 ipsorum,
1809 2293 2111 2359 pastoribus
2136 2309 2234 2361 pro

679 2378 866 2414 eorum
893 2373 1034 2416 statu
1064 2363 1344 2416 salubriter
1371 2361 1645 2430 dirigeudo
1673 2361 1896 2430 sollicite
1921 2401 1935 2422 ,
1977 2374 2232 2428 quantum

680 2431 833 2483 nobis
857 2447 918 2484 ex
949 2429 1054 2483 alto
1082 2429 1410 2492 conceditur,
1438 2429 1764 2498 cegitamus:
1794 2429 1885 2482 sed
1908 2430 1996 2482 illa
2018 2444 2235 2498 propen-

679 2501 794 2550 sius
822 2499 1117 2552 sollicitudo
1144 2515 1239 2552 nos
1268 2507 1439 2567 urget,
1473 2497 1528 2552 ut
1557 2498 1796 2551 ecclesiis
1833 2497 1935 2567 illis
1953 2538 1967 2561 ,
1995 2513 2098 2566 que
2123 2497 2233 2552 suis

681 2576 803 2637 sunt
831 2567 1076 2622 destitute
1103 2566 1404 2637 pastoribus
1423 2607 1436 2630 ,
1471 2584 1549 2637 ne
1573 2567 1811 2637 recclcsie
1842 2566 1953 2634 ipse
1999 2567 2048 2619 in
2079 2567 2234 2637 spiri-

685 2635 914 2688 tualibus
941 2647 993 2688 et
1037 2635 1176 2704 temp
1214 2637 1412 2689 ralibus
1449 2636 1766 2688 detrimenta
1813 2637 2136 2696 sustineant,
2169 2635 2263 2687 de-

685 2705 876 2756 salubri
922 2652 1352 2760 remedignrout
1373 2705 1603 2760 ipsarum
1629 2703 1972 2757 ecclesiarum
2003 2703 2234 2756 necessi-

679 2705 876 2756 salubri
922 2703 1197 2768 remedia!
1197 2715 1352 2772 prout
1373 2705 1603 2772 ipsarum
1629 2703 1972 2757 ecclesiarum
2003 2703 2234 2772 necessi-

683 2781 766 2826 tas
785 2781 837 2825 et
864 2775 1115 2841 temporis
1140 2770 1367 2841 qualitas
1391 2770 1630 2839 exigunt,
1648 2773 2004 2841 consulamus.
2027 2770 2232 2841 Dudum

681 2843 940 2909 siquidem
968 2839 1099 2898 bone
1121 2839 1373 2895 memorie
1396 2841 1706 2910 Marquardo
1741 2839 2042 2910 patriarcbe
2070 2839 2233 2907 Aqui-

679 2911 851 2975 legen.
891 2911 1129 2976 regimini
1173 2911 1481 2977 Aquilegcn.
1515 2909 2090 2977 ecclesiepresidente,
2137 2923 2233 2962 nos

679 2979 950 3046 cupientes
985 2979 1153 3030 eidem
1178 2979 1399 3032 ecclesie
1421 2992 1539 3031 eum
1562 2979 1797 3031 eamdem
1820 2991 2009 3046 vacare
2029 2979 2234 3029 contin—

681 3045 828 3114 geret
846 3062 940 3114 per
959 3048 1244 3114 apostolice
1265 3048 1405 3100 sedis
1425 3046 1806 3116 providentiam
1833 3045 2011 3116 utilem
2032 3053 2090 3098 et'
2107 3045 2235 3116 ydo-

679 3112 1074 3184 neam'preesse
1099 3131 1401 3183 personam,
1426 3112 1780 3182 provisiouem
1809 3112 2044 3184 ejusdem
2066 3112 2234 3184 eccle-

679 3185 756 3237 sie
787 3181 1113 3237 οιοιῖἰιιειιίοιιῖ
1129 3195 1182 3237 et
1207 3181 1536 3252 dispositioni
1564 3191 1742 3252 nostre
1762 3197 1824 3235 ea
1848 3183 1958 3235 vice
1987 3181 2232 3252 duximus

681 3252 983 3321 specialiler
1012 3250 1402 3315 reservandam,
1434 3251 1764 3307 decernendo
1789 3265 1854 3304 ex
1881 3260 2005 3304 tunc
2025 3250 2234 3321 irritum

679 3320 734 3374 et
762 3323 928 3374 inane.
949 3321 992 3374 si
1032 3335 1186 3375 secus
1226 3336 1386 3388 super
1421 3321 1525 3374 hiis
1546 3335 1640 3387 per
1665 3333 2025 3387 quoscumque
2053 3320 2237 3386 quavis

679 3389 996 3458 auctoritate
1017 3391 1246 3444 scienter
1267 3389 1349 3442 vel
1370 3390 1676 3458 ignoranter
1696 3389 2028 3458 contingeret
2049 3396 2238 3458 attem-

717 3459 837 3511 tari.
890 3457 1230 3512 Postmodum
1275 3451 1630 3512 vero"eadem
1673 3451 1902 3510 ecclesia
1938 3470 2032 3524 per
2075 3456 2237 3524 ipsius

710 3527 982 3594 larquardi
1024 3527 1322 3596 patriarche
1358 3526 1584 3596 obitum,
1622 3527 1718 3596 qui
1748 3534 1897 3578 extra
1945 3525 2236 3577 Romanam

680 3597 885 3650 curiam
914 3594 1147 3650 debitum
1178 3607 1367 3649 nature
1411 3594 1689 3662 persolvit,
1734 3603 1957 3647 vacante
1981 3633 1995 3656 ,
2029 3608 2124 3646 nos
2171 3609 2236 3648 ex

677 3666 840 3718 certis
869 3664 1270 3718 rationabilibus
1293 3664 1470 3717 causis
1491 3662 1556 3716 ad
1578 3662 1628 3716 id
1649 3671 1886 3715 nostrum
1908 3663 2238 3717 moventibus

682 3734 916 3786 animum
943 3733 1219 3786 ecclesiam
1251 3733 1420 3799 ipsam
1449 3732 1513 3799 ad
1547 3745 1736 3782 manus
1761 3740 1972 3785 nostras
1995 3731 2238 3785 duximus

683 3799 1235 3862 retinendam,'donee
1263 3798 1328 3853 de
1356 3802 1463 3868 ipsa
1487 3798 1972 3868 duceremusaliter
1990 3801 2239 3852 ordinan-

685 3872 830 3923 dum.
879 3869 1129 3922 Volentes
1174 3869 1336 3937 igitur
1358 3866 1497 3937 dicte
1523 3867 1744 3937 ccclesie
1785 3866 1851 3920 de
1885 3868 2238 3935 gubernatore

684 3939 972 3992 secundum
1001 3952 1094 3990 cor
1123 3936 1361 3990 noStrum
1389 3936 1511 4006 utili
1527 3943 1579 4006 et
1602 3936 1826 4006 ydonco,
1855 3951 1949 4004 per
1974 3949 2130 4006 quem
2153 3949 2238 3989 ec-

683 4007 849 4062 clesia
877 4008 991 4076 ipsa
1012 4006 1213 4076 utiliter
1237 4006 1346 4076 regi
1367 4014 1419 4058 et
1442 4003 1724 4076 salubriter
1739 4003 2022 4076 gubernari
2046 4003 2246 4076 valeat,

684 4073 994 4147 providere,
1013 4073 1091 4128 ac"
1104 4073 1380 4147 sperantes
1405 4075 1546 4141 quod
1572 4081 1634 4147 tu_
1667 4075 1844 4147 eidem
1869 4073 2092 4147 ecclesie
2122 4087 2238 4126 esse

683 4139 886 4212 poteris
933 4139 1213 4212 admodum
1259 4143 1405 4212 utilis
1427 4139 1495 4194 et
1531 4139 2235 4210 multipliciterfructuosus,

686 4211 961 4280 ipsamque
997 4211 1273 4280 ecclesiam
1303 4211 1455 4280 scies
1492 4219 1546 4263 et
1589 4212 1788 4278 poteris
1809 4225 1840 4280 a
1870 4225 2237 4278 perversurum

683 4278 965 4336 conatibus
1017 4279 1239 4333 viriliter
1285 4278 1603 4346 defensare,
1655 4288 1707 4332 te
1757 4279 2238 4333 administratorem

685 4349 921 4414 ejusdem
949 4349 1187 4403 ecclesia:
1209 4348 1285 4402 sic
1314 4349 1550 4401 vacantis
1591 4362 1656 4400 ac
1684 4347 1919 4400 omnium
1953 4347 2150 4414 jurium
2189 4355 2241 4400 ct

687 4417 1066 4486 pertinentium
1097 4418 1260 4486 ipsius
1287 4432 1452 4484 usque
1471 4416 1542 4486 ’ad
1571 4424 1810 4470 nostrum
1846 4416 2238 4486 beneplacitum

689 4483 800 4540 iam
829 4487 882 4540 in
911 4483 1294 4554 spiritualibus,
1325 4500 1484 4604 quam
1513 4485 1564 4537 in
1604 4483 2004 4563 temporalibus.
2026 4485 2091 4538 de
2137 4483 2241 4535 fra-

689 4564 833 4604 trum
861 4562 1160 4604 nostrorum
1195 4568 1342 4604 cons:
1367 4568 1415 4604 ιο
1443 4555 1758 4604 auctoritate
1785 4554 2072 4604 apostolica
2115 4566 2240 4604 con-

687 4564 834 4607 trum
861 4553 1160 4608 nostrorum
1195 4553 1415 4608 consilio
1443 4555 1758 4606 auctoritate
1785 4553 2072 4620 apostolica
2115 4566 2240 4604 con-

689 4623 957 4676 stituimus
984 4633 1039 4677 et
1081 4623 1409 4691 deputamus,
1442 4636 1644 4691 curam,
1674 4621 1927 4691 regimen,
1971 4623 2234 4691 guberna-

691 4691 909 4756 tionem,
935 4699 988 4744 et
1013 4687 1521 4749 administraturum
1545 4687 1751 4758 plenam
1781 4699 1836 4742 et
1859 4687 2076 4742 liberam
2101 4687 2240 4758 ejus-

682 4763 808 4817 dem
836 4759 1130 4829 Aquileien.
1177 4760 1399 4816 ecclesie
1438 4759 1534 4812 tibi
1568 4759 1620 4838 in
1655 4758 1852 4810 eisdem
1879 4758 2240 4878 spiritualibus

688 4841 742 4878 et
768 4829 1144 4878 temporalibus
1167 4828 1401 4878 nlenarie
1429 4833 1841 4878 committentes.
1870 4842 1898 4878 a
1923 4834 2239 4878 uenationem

688 4841 742 4882 et
768 4827 1144 4899 temporalibus
1167 4828 1412 4899 plenarie
1423 4827 1841 4899 committentes,
1870 4827 2239 4899 alienationem

688 4894 1550 4964 tameu'bonorum'immobilium
1588 4905 1641 4948 et
1677 4897 2028 4962 pretiosorum
2070 4894 2240 4964 mobi-

691 4966 818 5020 lium
853 4967 1017 5036 ipsius
1043 4963 1400 5036 ecclesietibi
1441 4965 1663 5036 penitus
1695 4964 2046 5036 interdictam.
2079 4963 2238 5036 Vbin-

690 5031 1010 5104 musautem
1046 5037 1188 5104 quod
1214 5034 1404 5104 debitis
1429 5031 1803 5104 consuetisque
1831 5031 2240 5104 ipsiusecelesie

689 5103 940 5168 oneribus
961 5099 1282 5172 supportatis
1300 5103 1365 5156 de
1382 5101 1613 5156 residuis
1635 5099 2238 5172 fmctibns,‘redditibus,

691 5181 743 5224 et
773 5166 1114 5240 proventibus
1138 5173 1202 5240 ad
1234 5185 1470 5224 mensam
1499 5169 1905 5240 patriarchalem
1939 5166 2238 5240 Aquileien.

687 5237 1052 5310 spectantibus
1094 5238 1392 5306 huiusmodi
1420 5237 1746 5306 beneplacito
1779 5239 2030 5300 durante,
2078 5237 2240 5290 libere

764 5383 789 5410 ι
816 5371 983 5436 Quem
1013 5369 1212 5424 exitum
1242 5369 1488 5424 habuerit
1517 5367 1729 5423 collatio
1758 5370 2154 5438 patriarchatus
2187 5371 2242 5424 in

689 5440 1090 5502 rommendam,
1131 5447 1192 5492 ut
1235 5447 1454 5500 vocant,
1501 5447 1647 5506 patet
1689 5453 1755 5492 ex
1796 5439 2030 5493 historiis
2062 5454 2242 5492 rerum

693 5517 1016 5576 nostrarum.
1046 5508 1301 5576 Equidem
1331 5506 1611 5562 Utinenses
1645 5509 1736 5576 qui
1771 5507 1984 5560 stabant
2018 5522 2114 5576 pro
2151 5523 2245 5576 pa-

696 5573 995 5644 trrarcbalis
1043 5573 1184 5629 sedis
1224 5576 1456 5638 honore,
1503 5573 1835 5644 summopere
1883 5573 2246 5630 detrectarunt

694 5657 903 5713 parere,
947 5641 1020 5696 ita
1040 5645 1479 5713 utginsurgerent
1519 5645 1665 5713 omni
1693 5641 1975 5713 severitate
2014 5645 2068 5698 in
2099 5659 2240 5708 suos,

696 5711 787 5778 qui
811 5711 1090 5780 aliquando
1114 5711 1165 5780 in
1190 5711 1416 5767 Civitate
1435 5711 1665 5773 Austri-te
1689 5712 2036 5775 diverterant,
2059 5727 2246 5766 veren-

700 5789 796 5847 tes,
829 5795 894 5860 ne
921 5779 1203 5846 cardinali,
1248 5781 1336 5850 qui
1371 5782 1506 5852 apud
1536 5779 1883 5836 Civitatenscs
1927 5796 1982 5836 se
2030 5796 2242 5850 recepe-

2335 664 2422 737 qni
2471 663 2680 737 fuerunt
2727 682 2823 733 pro
2866 676 3106 737 tempore
3147 663 3428 737 disponere
3463 663 3887 737 potuerunt'scu

2285 753 2290 760 -
2333 732 2490 808 etiam
2517 732 2824 808 debuerunt.
2853 732 3108 808 Quocirca
3154 732 3479 790 fraternitati
3507 749 3611 792 tute
3635 755 3728 807 per
3751 757 3874 808 apo-

2333 801 2517 876 stolica
2539 802 2734 876 scripta
2763 805 3070 876 mandamus
3092 812 3351 876 quatenus
3381 821 3596 869 curam,
3625 801 3883 876 regimen,

2333 869 2792 941 gubernationem,
2811 879 2885 941 et
2911 869 3419 941 administrationem
3446 869 3752 941 prmdictavm
3787 869 3886 930 du;

2332 945 2482 1007 tante
2527 937 2822 1003 hujusmodi
2875 939 3203 1006 bencplacito
3239 954 3333 1006 per
3361 949 3430 1004 te,
3446 937 3541 995 ‘vel
3567 943 3762 1007 alium,
3789 959 3886 1000 seu

2331 1004 2484 1080 alios
2505 1007 2582 1056 sic,
2610 1021 2762 1080 geras
2791 1004 3033 1080 sellicite',
3065 1004 3314 1080 ﬁdeliter.
3347 1018 3402 1062 et
3427 1012 3716 1080 prudenter
3742 1004 3883 1080 quod

2333 1071 2637 1148 aquilegem
2655 1075 2877 1148 ecclesia
2899 1075 3010 1128 utili
3034 1085 3086 1129 et
3109 1074 3378 1130 fructuosa
3398 1071 3738 1148 gubernatori
3759 1071 3886 1148 'gau-

2331 1140 2450 1192 deat
2474 1155 2530 1212 se
2549 1143 2901 1202 commissam,
2931 1152 3092 1211 tuque
3118 1154 3292 1212 preter
3316 1140 3676 1202 reti'ibutionis
3697 1140 3882 1202 etErne

2330 1210 2587 1286 premium
2627 1221 2679 1262 et
2723 1213 2948 1264 bumane
2978 1210 3146 1286 laudis
3174 1215 3496 1286 pret-ouium,
3533 1231 3637 1286 que
3665 1217 3882 1286 perinde

2333 1279 2637 1338 merebcris,
2686 1289 2918 1332 nostram
2945 1291 2997 1333 et
3035 1279 3187 1334 dicte’
3217 1282 3355 1335 sedis
3384 1279 3802 1338 benedictionem
3828 1293 3884 1339 et

2330 1346 2553 1416 gratiam
2579 1349 2792 1416 uberius
2813 1349 3001 1402 exinde
3032 1349 3280 1416 consequi
3309 1352 3583 1404 merearis.

2362 1413 2778 1492 "llatnnnlioine
2807 1413 3444 1492 apudsanctum'l'etrum
3467 1435 3524 1472 ιιι
3546 1420 3622 1474 Id.
3645 1421 3883 1475 Februa-

2330 1483 2407 1540 rii.
2426 1483 2762 1548 pontiﬁcatus
2791 1485 2958 1548 nostri
2988 1499 3126 1539 anno
3157 1489 3330 1538 tertio.
3491 1496 3498 1500 ’

2397 1549 2794 1622 Quasquidem
2843 1553 3046 1622 litteras
3088 1554 3402 1621 apostolicas
3445 1555 3637 1622 prel'ati
3684 1557 3882 1611 domini

2330 1619 2569 1672 canonici
2597 1628 2650 1671 et
2677 1621 2962 1686 capitulum
3011 1619 3312 1674 reverenter
3345 1631 3398 1676 et
3439 1619 3712 1678 bumiliter
3739 1640 3882 1678 rece-

2331 1694 2538 1758 perunt,
2575 1687 2856 1758 olli-rentes
2900 1704 2957 1742 se
2997 1689 3258 1744 mandatis
3285 1691 3588 1758 apostolicis
3630 1693 3683 1744 in
3711 1693 3883 1746 omni-

2330 1753 2450 1872 buls,
2480 1754 2530 1805 in
2558 1757 2749 1822 quibus
2775 1764 3050 1823 poterunt,
3082 1753 3386 1811 reverenter
3409 1767 3464 1812 et
3491 1759 3763 1814 bumiliter
3784 1774 3880 1828 pa-

2330 1835 2386 1872 ra
2417 1837 2540 1872 uros
2572 1837 2617 1872 ιι.

2330 1835 2447 1872 ιἐιῑιι
2455 1837 2540 1875 1³08
2572 1837 2595 1861 ⁸⁵
2604 1861 2617 1874 .

2265 1914 2305 1971 Β
2492 1889 2794 1971 ego
2827 1890 3125 1971 Menander
3151 1893 3390 1971 notarius
3433 1909 3477 1971 s.
3500 1893 3881 1971 _Bartlioiomci

2333 1959 2526 2030 notarii
2548 1959 2612 2012 de
2639 1959 2830 2030 Ceneta
2853 1959 3094 2027 publicus
3118 1962 3402 2030 apostolica
3425 1970 3478 2014 et
3499 1961 3763 2030 imperiali
3788 1979 3881 2015 au-

2333 2028 2576 2080 ctoritate
2619 2028 2856 2098 notarius
2892 2030 3266 2098 suprascriptis
3309 2028 3604 2098 litterarum
3633 2031 3884 2098 apostoli-

2331 2110 2514 2164 carum
2551 2097 2930 2164 presentationi
2959 2105 3011 2148 et
3040 2097 3325 2164 rect-ptioni
3371 2097 3596 2164 aliisque
3636 2097 3882 2152 omnibus

2331 2171 2382 2213 et
2405 2163 2625 2234 singulis
2646 2165 3034 2231 suprascriptis,
3057 2163 3201 2227 dum,
3223 2174 3282 2217 ut
3302 2163 3641 2232 premitfitur,
3667 2180 3884 2234 ageren-

2335 2238 2439 2288 tur,
2471 2233 2776 2301 ctiierent,
2824 2246 2926 2283 una
2957 2246 3075 2284 cum
3104 2234 3484 2298 pfenominatis
3511 2233 3738 2289 testibus
3763 2248 3883 2301 pre-

2333 2313 2456 2370 sens
2482 2298 2571 2370 lui,
2614 2313 2781 2370 eaqne
2826 2307 3051 2370 rogatus
3072 2309 3126 2352 et
3157 2301 3441 2370 requisitus
3469 2303 3682 2370 propria
3722 2298 3881 2356 manu

2333 2366 2540 2445 scripsi,
2572 2375 2624 2420 et
2654 2369 2705 2420 in
2733 2367 2868 2420 banc
2890 2366 3154 2448 publicam
3183 2366 3404 2422 formam
3435 2366 3880 2448 redegi,,nnteumf

2331 2435 2658 2506 quesignum
2685 2446 2994 2506 consuetum
3016 2443 3071 2489 et
3098 2451 3289 2506 nomen
3315 2438 3530 2506 apposui
3559 2435 3614 2491 in
3641 2438 3798 2492 ﬁdem
3825 2445 3884 2492 et

2336 2504 2694 2558 testimonium
2727 2505 2962 2558 omnium
2989 2504 3389 2572 premissorum.

2637 2698 2666 2737 ιι
2686 2696 2961 2751 CHARTA
2991 2609 3488 2754 ξὲξὲἓΑΤΙΟΝῙΒ

2333 2786 2373 2837 Α
2422 2784 2634 2838 Civitate
2677 2785 2898 2838 Austriw
2939 2786 3159 2837 duorum
3197 2783 3514 2838 Utinentium
3559 2786 3776 2848 cit-ium.
3819 2803 3881 2840 ne

2400 2864 2679 2974 aequantur
2724 2864 2892 2923 partes
2939 2854 3250 2921 patriarcha:
3289 2853 3578 2924 Aquilejen.
3629 2871 3883 2908 commen-

2439 2933 2614 2974 utam.

2401 3013 2459 3067 In
2487 3013 2720 3068 Consilio
2763 3013 3055 3082 magniﬁca:
3084 3014 3314 3068 civitatis
3343 3013 3507 3069 Utini.
3557 3015 3653 3070 Die
3699 3025 3880 3070 octava

2333 3082 2576 3137 Octobris
2606 3083 2759 3134 1581.

2402 3147 2603 3205 Omnes'
2628 3149 2860 3219 deputati
2888 3164 3046 3218 super
3068 3165 3260 3218 guerra
3294 3157 3347 3204 et
3378 3165 3476 3219 per
3495 3165 3792 3218 ‘arrengum
3819 3151 3887 3206 ad

2259 3227 2305 3288 ε
2336 3219 2626 3288 faciendam
2665 3218 2925 3284 justitiam
2954 3227 3150 3288 contra
3181 3218 3541 3288 quoscumque
3565 3221 3880 3274 excedentcs

2339 3305 2484 3342 arva.
2517 3304 2557 3340 s.
2589 3287 2786 3356 Fautus
2815 3286 3148 3340 Arcolouiani
3192 3286 3246 3341 et
3276 3286 3535 3356 Qdoricus
3561 3289 3801 3356 notarius
3827 3303 3881 3356 q.

2338 3359 2560 3409 Andreae
2585 3356 2648 3407 tle
2679 3355 2835 3408 Utine
2864 3365 3177 3422 permanent
3205 3357 3256 3408 in
3287 3355 3514 3418 Civitate
3556 3355 3790 3416 Austria,
3832 3355 3888 3410 et

2338 3433 2630 3492 sequuntur
2658 3425 2814 3494 tacite
2840 3423 3106 3494 dominum
3134 3425 3470 3494 cardinalem,
3499 3424 3591 3493 qui
3614 3425 3776 3494 habet
3799 3438 3890 3494 pa-
3939 3471 3942 3474 .

2339 3490 2682 3546 triarchatum
2733 3490 3026 3558 Aquilejcn.
3075 3492 3126 3545 in
3169 3490 3554 3546 commendaui.
3595 3490 3888 3547 Commune

2339 3563 2480 3617 Utini
2510 3561 2692 3615 volens
2721 3561 2961 3613 obtinere
3001 3567 3194 3612 statum
3234 3568 3289 3614 et
3323 3559 3624 3614 libertatem
3651 3561 3886 3622 ecclesiae

2336 3631 2627 3698 Aquilcjcn.
2666 3638 2717 3681 et
2753 3630 2941 3698 patria;
2981 3627 3251 3698 Forijulii,
3297 3629 3548 3698 quoniam
3585 3627 3882 3698 ,Aqnilejen.

2336 3696 2560 3753 ecclesia
2606 3713 2872 3764 nunquam
2921 3696 3020 3749 fuit
3067 3697 3186 3764 data
3231 3697 3285 3750 in
3317 3696 3686 3752 commendarit
3730 3697 3885 3752 alicui

2337 3783 2574 3837 personae
2599 3767 2702 3837 nis_i
2730 3768 2918 3828 modo;
2968 3774 3038 3837 et‘
3054 3767 3176 3837 quia
3203 3766 3366 3837 etiarn
3391 3765 3508 3837 haec
3547 3767 3753 3837 mansio
3794 3781 3886 3835 per

2337 3832 2549 3890 eosdem
2579 3850 2624 3888 s.
2664 3833 2702 3885 F
2707 3843 2887 3887 autum
2925 3841 2978 3884 et
3007 3832 3288 3886 Odoricum
3319 3835 3525 3887 videtur
3559 3832 3673 3887 ﬁeri
3703 3832 3886 3888 contra

2337 3907 2592 3958 honorem
2625 3911 2678 3956 et
2707 3910 2901 3966 statum
2941 3901 3238 3968 specialiter
3267 3911 3423 3956 terra:
3451 3901 3594 3956 Utini
3621 3909 3678 3956 et
3703 3902 3886 3957 Consi.

2338 3975 2392 4027 lii
2421 3973 2604 4033 (facta
2630 3970 2728 4024 fuit
2747 3971 2916 4024 eidem
2939 3985 2984 4022 s.
3010 3970 3175 4023 Fanto
3195 3978 3248 4022 et
3268 3969 3494 4025 Odorico
3515 3969 3756 4038 quaedam
3777 3985 3888 4024 m3-

2337 4044 2487 4104 nitio,
2514 4040 2756 4094 videlicet
2775 4039 2914 4107 quod
2937 4039 2987 4091 in
3011 4039 3309 4106 quindecim
3331 4039 3446 4093 dies
3467 4038 3646 4107 venire
3664 4038 3887 4091 debeant

2340 4111 2554 4165 Utinum
2598 4107 2662 4162 ad
2700 4106 2942 4161 standum
2985 4115 3038 4160 et
3084 4107 3425 4161 habitandum
3477 4106 3632 4161 sicuti
3676 4109 3888 4163 stabant

2337 4189 2618 4246 antequam
2648 4176 2891 4246 dominus
2918 4176 3200 4246 cardinalis
3227 4176 3430 4230 veniret
3471 4175 3767 4246 civitatem‘
3785 4174 3888 4229 Au-

2338 4241 2563 4301 striam:
2601 4253 2656 4299 et
2696 4245 2742 4298 si
2789 4257 2892 4297 non
2925 4245 3184 4301 venirent.
3225 4250 3529 4312 noscerent,
3557 4241 3887 4312 quodnlieret

2337 4313 2706 4370 condemnatio
2753 4323 2940 4365 contra
2979 4325 3072 4366 eos
3121 4313 3405 4366 secundum
3451 4311 3885 4366 deliberationem

2337 4384 2555 4438 Consilii
2589 4391 2742 4436 terra:
2785 4380 2958 4442 Utini,
3004 4380 3403 4435 condemnanda
3435 4380 3650 4434 eosdem
3674 4395 3720 4432 s.
3753 4379 3890 4432 Fan-

2338 4461 2450 4506 tum
2473 4460 2527 4504 et
2553 4450 2833 4506 Odoricnm
2883 4464 2985 4502 non
3006 4457 3410 4516 rcomparentes,
3438 4461 3543 4516 non
3582 4447 3884 4508 venientes.

2267 4543 2314 4604 υ
2339 4531 2394 4574 et
2423 4535 2527 4604 non
2553 4515 3111 4604 volentesuattendere
3148 4515 3410 4579 mandatis
3443 4515 3694 4578 Consilii,
3743 4530 3887 4583 sper—

2339 4597 2526 4644 nentes
2551 4587 2860 4642 Consilium.

2406 4658 2484 4710 Ex
2509 4655 2786 4710 annalibus
2821 4653 3114 4720 magniﬁca}
3156 4652 3384 4720 civitatis
3431 4651 3577 4720 Utini
3618 4651 3887 4706 Ferandus

2336 4725 2602 4780 Ornianus
2631 4722 2851 4778 cancell.
2879 4717 2974 4775 Die
3000 4721 3068 4775 28
3093 4717 3326 4774 Januarii
3358 4719 3512 4776 1754.
3835 4720 3844 4740 ¹

2639 4933 2659 4961 ε
2701 4919 2929 4976 CHART
2939 4918 2977 4971 Α
3237 4914 3589 4970 LTATIONIS

2338 5015 2484 5070 Datne
2504 5031 2592 5084 per
2614 5013 3027 5084 communitatem
3038 5008 3286 5084 Civitatis
3302 5009 3543 5084 ᾼιιειήω,
3560 5009 3625 5059 de
3650 5005 3886 5084 Pliilippo

2405 5085 2470 5136 de
2497 5076 2772 5164 Άιεηςρῃὶο
2799 5078 3108 5164 patriarclun
3134 5076 3421 5145 Aquilejen.
3455 5076 3886 5129 commendatur“:

2409 5161 2589 5204 contra
2621 5149 2911 5202 Utinemes.

2413 5241 2564 5294 1588.
2613 5239 2706 5293 Die
2746 5227 2968 5292 Veneris
2999 5235 3222 5304 septimo
3262 5233 3536 5288 Februarii
3573 5234 3627 5288 in
3665 5231 3888 5287 Civitatc

2343 5379 2482 5428 rant.
2508 5369 2762 5423 faverent.
2793 5368 3013 5438 insuper
3037 5367 3178 5438 inter
3203 5374 3494 5438 utramque
3509 5367 3781 5438 civitatem
3795 5379 3872 5438 se.

2343 5440 2486 5493 mina
2524 5439 2645 5492 belli
2680 5437 2900 5491 acrioris
2919 5434 3101 5502 'jacta.
3128 5435 3318 5490 Patent
3355 5435 3534 5489 omnia
3575 5449 3640 5488 ex
3687 5434 3888 5488 duabus

2344 5508 2697 5576 sequentibus
2731 5505 2974 5576 chartis,
3011 5503 3180 5576 altera
3213 5519 3293 5576 ex
3339 5503 3619 5576 annalibus
3659 5503 3888 5576 civitatis

2346 5571 2636 5635 Utinensis,
2652 5574 2821 5643 altera
2840 5587 2906 5643 ex
2921 5571 3256 5643 Civi_tatc_n_si_s
3275 5572 3532 5643 agcbiviis
3546 5571 3884 5643 depromptis.

2419 5647 2443 5684 b
2468 5645 2568 5697 An.
2603 5643 2755 5697 1581.
2782 5642 2862 5695 Ex
2881 5641 3097 5711 Archiv.
3126 5639 3281 5711 Civit.
3311 5640 3458 5711 litin,
3489 5641 3582 5695 cit.
3607 5639 3728 5711 pag.
3759 5639 3852 5711 in.

2417 5724 2438 5751 ε
2469 5713 2569 5766 An.
2600 5711 2750 5766 1582.
2777 5711 2871 5764 Est
2896 5709 3091 5764 Charta
3119 5709 3254 5778 apud
3301 5707 3394 5766 Co.
3435 5706 3781 5764 Laurentium
3805 5706 3884 5761 Al-

2349 5782 2586 5852 quiuum.
2617 5781 2705 5836 cit.
2743 5795 2794 5848 p.
2823 5794 2916 5851 xit.
