4266 6482
671 487 773 542 077'»
1644 478 1732 532 AD
1769 475 1992 532 OPERA
2031 474 2088 526 Β.
2128 469 2394 527 PAULINI
2427 468 2861 524 APPENDICES.
3744 469 3840 521 676

671 590 1179 678 δίειτιιηιέιξςριέξξξι)
1205 587 1446 678 sese:
1483 588 2207 678 9£_3!i9ises°::933“3_£?:
2233 591 2279 646 Α

672 655 842 734 ipsum
875 660 1176 734 magistrum
1198 656 1449 710 Jacobum
1487 665 1724 724 repertos
1751 670 1847 724 pro
1881 655 2019 706 dicto
2049 660 2208 720 ponte

673 737 1041 789 censtruendo.

741 801 866 853 ltem
894 805 1089 856 aetum,
1114 802 1342 861 pactum,
1367 799 1419 846 et
1439 793 1754 859 promissum
1781 790 2022 861 estinter
2043 789 2208 861 dictas

671 871 888 938 partes:
925 857 1358 938 quo_d_pr;efa_cta
1409 857 1758 938 communitas
1807 859 1991 938 debeat
2046 857 2210 935 impe-

672 925 838 995 trare,
871 925 960 986 seu
989 925 1225 1002 obtinere
1264 930 1638 1002 licentiam...“
1666 929 1857 978 damno
1886 925 1978 1002 vel
1995 925 2209 1002 proprio

674 993 835 1067 ipsius
874 1000 1110 1067 magistri
1142 996 1424 1067 Jacobi,__a
1460 996 1854 1067 quibuscumque
1870 993 2208 1067 __ha_bentihns

674 1023 694 1066 ιτ
729 1021 834 1058 SlllS
874 1021 1110 1067 Illungth
1142 1021 1355 1058 ducum,
1397 1021 1424 1046 ει
1460 1021 1854 1062 ιιιιιυυδυιιιιιιυε
1897 1021 2208 1045 uaucuuuua

673 1021 893 1126 {gssaria
927 1083 1017 1120 seu
1053 1065 1164 1117 loca
1207 1065 1257 1116 in
1297 1064 1485 1130 quibus
1517 1063 1706 1117 habeat
1741 1072 1795 1114 et
1830 1061 1984 1114 ell'odi
2011 1060 2209 1130 possint

671 1141 870 1207 lapides
882 1139 978 1188 sub
1001 1132 1252 1207 gastalalla
1277 1128 1330 1207 et
1354 1132 1582 1207 dominio
1605 1131 1767 1207 ipsius
1792 1128 2110 1207 communita
2121 1130 2204 1207 Lis,

674 1193 741 1260 ut-
782 1207 951 1260 dictus
1001 1193 1252 1270 magister
1287 1198 1512 1253 Jacobus
1557 1193 1842 1270 impetrare
1878 1195 2044 1270 possit
2085 1193 2210 1270 ellu-

673 1277 796 1330 dere
835 1272 1031 1340 lapides
1073 1263 1413 1340 quoscunque
1463 1263 1790 1320 necessarios
1825 1263 1929 1318 non
1967 1263 2208 1316 damnili-

671 1342 840 1398 cando
865 1338 1036 1393 tamen
1067 1338 1197 1390 alias
1222 1349 1491 1403 personas.

740 1411 866 1463 Item
918 1415 1113 1465 actum,
1153 1401 1360 1472 pactum
1404 1403 1584 1472 egistit
1648 1402 1784 1472 inter
1821 1401 1990 1454 dictas
2017 1407 2210 1472 partes

672 1471 1130 1543 quod‘prtelactus
1154 1469 1418 1541 magister
1441 1469 1668 1524 Iacobus
1702 1470 1890 1522 habeat
1923 1479 1976 1543 et
2015 1469 2210 1543 habere

709 1535 867 1599 ebeat'
881 1557 1088 1596 omnem
1119 1535 1459 1602 armaturam,
1485 1554 1644 1607 quam
1671 1546 1828 1606 ponet
1854 1545 1908 1588 et
1933 1535 2092 1607 l'aciet
2115 1551 2209 1601 pro

665 1611 1024 1668 construendo
1061 1618 1113 1661 et
1150 1608 1388 1660 faciendo
1420 1605 1615 1659 dictum
1653 1605 1896 1674 pontem,
1938 1605 2210 1674 ipsamque

671 1691 992 1734 armaturam
1022 1681 1085 1730 de
1111 1678 1248 1730 dicto
1277 1684 1435 1742 ponte
1469 1671 1715 1727 amovere
1740 1674 1850 1726 suis
1877 1673 2068 1725 debitis
2097 1671 2210 1724 loco

663 1759 722 1803 et
748 1758 984 1816 tempore
1012 1755 1066 1816 et
1093 1745 1206 1816 sine
1236 1745 1428 1795 damno
1458 1743 1622 1816 ipsius
1652 1744 1843 1816 pontis.

739 1807 872 1869 ltem'
899 1815 1039 1882 quod
1066 1812 1313 1882 prel‘aeta
1355 1807 1922 1882 comiuunitasuebeat
1943 1809 2079 1882 bona
2108 1807 2208 1860 ﬁde

669 1886 797 1944 dare
830 1878 1041 1950 operam
1067 1878 1130 1932 'et
1163 1880 1411 1950 exhibere
1443 1879 1678 1950 debitam
1695 1878 2016 1946 diligentiam
2048 1878 2098 1928 in
2129 1893 2208 1929 re-

668 1945 916 2019 periendo
936 1952 1062 2002 duas
1088 1948 1336 2008 sarthias,
1368 1947 1477 2019 sive
1503 1947 1633 2019 duas
1655 1945 1805 2019 funes
1832 1960 2210 2019 guossassum-

668 2011 842 2088 intibus
880 2028 1054 2088 tamen
1089 2016 1417 2088 etrexpensis
1457 2015 1621 2088 ipsius
1659 2011 1898 2088 magistri
1923 2011 2208 2088 lucobitet

670 2081 956 2156 impetrare
993 2081 1255 2156 licentiam
1281 2099 1309 2134 a
1332 2084 1671 2156 serenissima
1704 2083 1937 2156 dominio
1969 2081 2211 2156 Venetia-

670 2150 784 2208 rum
810 2153 1118 2222 exportandi
1155 2167 1246 2206 eas
1274 2167 1338 2204 ex
1365 2151 1576 2204 civitate
1609 2151 1970 2214 Venetiarum,
2002 2150 2046 2203 si
2075 2150 2210 2202 obti-

669 2225 785 2278 ueri
815 2223 1025 2290 poterit.

736 2285 863 2344 ltein
906 2299 1099 2364 actum,
1125 2297 1356 2364 pactum,
1381 2295 1436 2364 et
1453 2287 1880 2364 promissum_est
1905 2285 2044 2364 quod
2073 2300 2208 2364 pia:-

669 2359 811 2411 l’acta
839 2352 1188 2412 communitas
1214 2356 1404 2407 debeat
1429 2352 1482 2406 et
1509 2363 1752 2408 teneatur
1779 2352 2011 2407 invenire.
2039 2352 2210 2406 eidem

669 2428 925 2495 magistro
951 2423 1145 2477 Jacobo
1181 2437 1340 2476 unam
1366 2421 1582 2495 domum
1618 2425 1736 2495 sine
1767 2423 1934 2495 pretio
1967 2435 2210 2495 per_eum

669 2490 920 2548 solvendo
953 2508 1070 2546 cum
1102 2501 1329 2558 quatuor
1365 2491 1518 2544 lectis
1561 2490 1774 2551 lulcitis,
1815 2490 1866 2542 in
1907 2505 2012 2558 qua
2054 2490 2210 2543 domo

669 2563 842 2616 dictus
887 2557 1136 2630 magister
1173 2557 1401 2630 Jacobus
1451 2574 1568 2612 cum
1616 2560 1774 2613 sociis
1810 2557 1937 2611 suis
1954 2559 2118 2628 possit
2153 2573 2209 2610 se

669 2632 942 2684 reducere.
1760 2666 1777 2683 .

735 2698 862 2751 Item
894 2705 1066 2750 actum
1091 2696 1270 2748 existit
1295 2697 1432 2748 inter
1450 2695 1618 2764 dictas
1643 2703 1842 2764 partes,
1867 2694 2007 2760 quod
2031 2695 2076 2764 si
2105 2710 2213 2748 ma-

669 2766 832 2836 gister
873 2765 1100 2836 Jacobus
1125 2764 1405 2836 __r_eperiret
1449 2761 2076 2836 lignaminanecessaria
2114 2779 2211 2832 pro

671 2831 954 2886 armaturis
994 2840 1047 2884 et
1093 2831 1209 2884 aliis
1249 2831 1561 2884 necessariis
1608 2846 1700 2898 pro
1744 2832 1855 2898 ipso
1885 2845 2042 2896 opere
2086 2831 2211 2883 con-

669 2902 939 2962 struendo,
974 2901 1113 2967 quod
1137 2899 1398 2967 .prrefacta
1435 2899 1712 2968 magniﬁca
1751 2900 2100 2951 communitas
2139 2911 2212 2953 te-

669 2978 859 3023 neatur
893 2968 1066 3022 facere
1100 2983 1162 3022 ea
1189 2969 1408 3021 conduci
1444 2967 1543 3033 per
1566 2983 1690 3020 suos
1717 2967 1955 3020 subditos
1990 2969 2210 3034 sumpti-

671 3039 769 3090 bus
803 3046 856 3090 et
891 3037 1136 3104 expensis
1170 3036 1408 3089 honestis
1446 3035 1610 3101 ipsius
1647 3035 1884 3102 magistri
1917 3034 2127 3104 Jacobi,
2157 3042 2211 3088 et

671 3116 768 3174 prg
789 3102 1297 3174 pretio'competenti
1335 3111 1390 3156 et
1429 3104 1646 3174 honesto
1675 3116 1768 3169 per
1793 3102 2206 3174 eum‘sulveudo.

738 3168 1012 3225 Postremo
1061 3168 1115 3224 et
1157 3171 1343 3224 ultimo
1391 3185 1456 3222 ne
1508 3168 1753 3223 tarditate
1799 3178 1878 3225 et.
1906 3168 2208 3225 ditllcultate

672 3240 993 3293 conducendi
1034 3240 1172 3308 ligna
1206 3249 1260 3292 et
1290 3239 1419 3292 alias
1457 3253 1542 3292 res
1581 3241 1910 3292 necessarias
1942 3253 2038 3307 pro
2074 3240 2216 3293 dicto
2241 3232 2285 3291 C

672 3317 828 3377 ponte
852 3307 1203 3361 construendo
1225 3323 1355 3375 opus
1383 3316 1583 3377 tantum
1614 3307 1993 3377 retardaretur,
2017 3316 2212 3377 actum,

671 3375 904 3443 pactum,
935 3383 991 3428 et
1011 3377 1334 3443 promissum
1363 3384 1446 3428 est
1485 3375 1623 3427 inter
1655 3376 1822 3428 dictas
1850 3385 2048 3443 partes,
2077 3375 2218 3442 quod

708 3395 904 3437 ἶὶΓιΙΙῐΙΙ,
936 3395 991 3428 ει
1011 3395 1334 3443 promissum
1363 3395 1446 3428 εει
1485 3395 1623 3427 ιιιιει·
1655 3395 1822 3428 (110138
1850 3395 2048 3443 partes,
2077 3395 2218 3442 quou

692 3395 919 3496 Ἀκραιοω
965 3444 1314 3498 communitas
1367 3443 1478 3495 suis
1523 3443 1818 3510 sumptibus
1876 3451 1932 3496 et
1977 3443 2221 3508 expensis

693 3461 919 3496 melacw
965 3461 1314 3498 ςοιιιειιιιιηιειδ
1367 3461 1478 3495 SUIS
1523 3461 1818 3510 sumpuuus
1876 3461 1932 3496 οι
1977 3461 2221 3508 θχρειιειδ

670 3461 869 3564 habere
894 3511 1080 3564 debeat
1111 3519 1165 3564 et
1194 3520 1372 3563 tenere
1405 3510 1470 3563 ad
1504 3510 1678 3564 minus
1703 3511 1832 3562 duos
1867 3525 2085 3578 magnos
2109 3525 2222 3563 cur-

673 3593 773 3648 rus
793 3587 1134 3648 praeparatos,
1157 3580 1246 3647 qui
1272 3579 1602 3648 appellantur
1625 3593 1814 3631 currus
1843 3579 2011 3648 matti.

659 3659 664 3663 '
707 3646 870 3715 oue
915 3647 1092 3700 omnia
1139 3646 1194 3699 et
1244 3646 1446 3715 singula
1495 3655 1681 3715 pacta,
1727 3647 2121 3713 promissiones,
2167 3654 2224 3715 et

673 3713 1020 3792 obligationes
1043 3713 1438 3792 suprasctjptas
1476 3713 1712 3792 praefanti
1758 3714 1956 3767 domini
1985 3714 2219 3792 deputati

679 3782 790 3835 vice
830 3792 884 3835 et
916 3784 1127 3835 nomine
1171 3783 1435 3850 praefactus
1469 3782 1762 3850 magniﬁca:
1803 3782 2218 3844 emnmunitatis,

673 3855 730 3901 et
767 3850 1011 3917 pro-ipsa
1057 3849 1588 3918 communitateeum
1630 3849 1948 3918 obligatione
1983 3850 2222 3902 omnium

673 3917 931 3969 honorum
979 3917 1144 3984 ipsius
1189 3917 1584 3984 communitatis
1629 3918 1897 3970 mobilium
1939 3925 1990 3971 et
2036 3918 2222 3971 immo—

673 3985 877 4046 bilium,
914 3983 1249 4056 prmseutium
1279 3992 1335 4037 et
1372 3983 1672 4036 futurorum
1707 4000 1771 4056 ex
1805 4001 1928 4056 una,
1961 3995 2014 4040 et
2035 3986 2224 4056 praefa-

675 4060 793 4105 ctus
823 4051 1072 4121 magister
1097 4051 1324 4122 JaeohUS
1347 4067 1444 4120 pro
1471 4067 1529 4104 se
1549 4061 1601 4104 et
1624 4053 1782 4106 sociis
1806 4055 1915 4106 suis
1937 4051 2216 4122 magistris,

675 4133 818 4189 quos
846 4135 1026 4172 secum
1059 4121 1393 4189 accipiet,iet
1420 4134 1516 4186 pro
1541 4122 1730 4189 quibus
1755 4123 1992 4189 promisit
2017 4121 2080 4175 de
2108 4131 2223 4176 rato

678 4201 744 4239 ex
771 4187 939 4266 altera
966 4201 1085 4265 cum
1115 4187 1434 4266 obligatione
1463 4188 1695 4266 omnium
1725 4187 1980 4266 houorum
2007 4203 2221 4244 suorum

679 4255 952 4322 mobilium
968 4263 1021 4307 et
1035 4255 1101 4307 im
1109 4254 1376 4307 mobilium
1392 4256 1798 4322 prresentiumet
1809 4257 2125 4319 futurorum,
2142 4274 2225 4310 re-

678 4321 1064 4394 fectionemque
1087 4321 1405 4394 damnorum
1423 4323 1946 4394 omnium,interesse
1959 4335 2012 4379 et
2028 4341 2224 4394 expen—

679 4404 857 4462 sarum
879 4389 1004 4453 litis,
1021 4401 1074 4462 et
1093 4399 1243 4462 extra
1270 4390 1368 4462 sibi
1390 4391 1631 4462 vicissim
1646 4392 1766 4462 hinc
1793 4393 1914 4462 inde
1933 4395 2077 4448 verbi
2097 4389 2224 4462 gra-

679 4459 751 4509 tia
770 4471 870 4508 una
888 4472 1010 4528 pars
1031 4458 1201 4528 alteri,
1225 4466 1278 4511 et
1296 4457 1462 4528 altera
1485 4459 1635 4513 alteri
1653 4459 1870 4512 solemni
1889 4457 2223 4528 stipulatione

677 4533 734 4576 et
748 4535 906 4606 pacto
933 4525 1314 4606 interveniente
1339 4526 1646 4606 solemniter
1668 4525 2022 4606 promiserunt
2045 4531 2214 4606 ﬁrma,
2249 4552 2295 4606 ι)

681 4600 817 4661 rata,
855 4602 914 4661 et
943 4602 1089 4661 grata
1119 4593 1341 4661 habere,
1380 4595 1579 4658 tenere,
1622 4593 1894 4649 attendere
1928 4599 2062 4650 bona
2094 4599 2210 4660 ﬁde,

679 4667 736 4712 et
758 4660 871 4712 sine
896 4660 1178 4733 fraude,_et
1203 4660 1408 4733 plenius
1440 4664 1741 4733 observare,
1776 4665 2062 4733 adimplere
2088 4681 2220 4733 nun-

681 4741 841 4802 quam
882 4728 1262 4802 contradicere,
1303 4729 1385 4802 vel
1424 4731 1782 4802 contrafacere
1822 4728 2100 4802 sub—poena
2125 4731 2222 4786 du-

681 4795 802 4863 plici
838 4809 1041 4868 eorum,
1073 4795 1151 4868 de_
1171 4809 1274 4863 quo
1307 4797 1373 4852 lis
1402 4797 1483 4852 vel
1509 4801 1730 4868 quaestio
1769 4795 2092 4864 moveretur,
2118 4816 2220 4868 qua

681 4877 836 4930 poma
880 4863 1155 4937 solutavel
1183 4878 1306 4925 non,
1333 4874 1447 4920 rata
1485 4863 1825 4922 nihilominus
1857 4863 2101 4924 maneant
2127 4863 2222 4937 pa-

684 4939 769 5005 (ξω
800 4933 1178 5005 suprascripta,
1207 4939 1262 5005 et
1286 4943 1602 5005 rogaverunt
1643 4949 1729 4988 me
1755 4937 1908 5005 dicta:
1926 4933 2221 5005 partesfut

681 4996 748 5048 de
783 4999 1047 5076 praedictis
1073 4996 1322 5054 omnibus
1350 4996 1412 5054 Et
1435 5003 1652 5076 singulis
1690 4996 1952 5071 publicum
1995 4996 2218 5076 contice-

685 5071 1243 5144 remuinstrumentum
1285 5081 1403 5121 cum
1445 5071 1586 5122 omni
1626 5081 1857 5125 me....et
1891 5075 2112 5128 consilio
2136 5090 2219 5128 sa-

719 5139 893 5184 tentis.

687 5143 1058 5253 p‘eig‘u‘lflicatur
1083 5209 1137 5254 et
1157 5201 1313 5254 datur
1337 5203 1830 5272 magistrolaeobo.

1404 5309 1513 5364 XL.

1062 5425 1086 5454 ι
1107 5415 1536 5481 QUORUMDAM
1571 5418 1817 5476 JUBlUM
1833 5461 1844 5482 ,

675 5545 684 5550 -
759 5515 902 5570 Inter
923 5529 1106 5573 ca'tera
1131 5523 1314 5590 festum
1333 5526 1650 5580 custodiendi
1671 5529 1827 5581 cessio
1857 5537 1902 5581 et
1921 5527 2148 5584 donatio.

693 5603 745 5656 In
765 5601 960 5659 Christi
984 5610 1215 5675 nomine,
1238 5626 1413 5666 amen.
1443 5615 1593 5668 Anno
1625 5630 1656 5668 a
1676 5613 1962 5670 Nativitate
1988 5615 2221 5684 ejusdem

2375 579 2632 632 Dominici
2667 578 2820 641 1461,
2856 578 3036 632 indict.
3062 579 3115 642 9,
3151 579 3234 632 die
3266 592 3392 632 vero
3423 621 3434 630 .
3463 609 3482 632 λ
3522 577 3722 631 mensis
3745 577 3842 630 Fe-

2374 648 2593 699 bruarii.
2635 647 2821 698 Actum
2876 647 2928 699 in
2981 655 3116 700 terra
3148 646 3316 699 sancti
3342 645 3593 705 Danielis,
3633 644 3844 714 Aquile-

2374 731 2493 782 gen.
2524 716 2800 776 dimcesis,
2831 717 2927 768 sub
2955 715 3091 782 logia
3131 729 3315 782 magna
3353 715 3648 770 communis
3673 731 3684 766 :
3713 729 3846 782 pra:-

2374 783 2611 835 scntihus
2632 783 2864 848 providis
2890 783 3020 836 viris
3049 798 3093 835 s.
3133 782 3276 835 Colla
3311 782 3652 849 stipendiario
3677 797 3843 849 quon-

2373 853 2495 920 dam
2517 850 2794 920 Augustini
2836 852 2900 904 de
2920 850 3433 920 iNeapoliarmigero
3460 850 3725 920 magniﬁci
3755 853 3844 904 do-

2376 919 2500 987 mini
2527 919 2890 987 ChristOphori
2915 919 3196 987 Folentini,
3225 935 3268 971 s.
3297 919 3572 987 Leonardo
3600 933 3728 987 naso
3752 933 3842 987 qu.

2374 985 2634 1038 Gabrielis
2688 985 2752 1038 de
2799 987 3059 1040 Pilhianis
3103 986 3169 1039 de
3219 996 3402 1040 sancto
3443 986 3677 1047 Daniele,
3721 985 3841 1040 et‘s.

2375 1054 2604 1106 Thomas
2637 1056 2901 1120 quondam
2935 1057 3058 1108 nob.
3086 1055 3186 1107 viri
3225 1071 3268 1108 s.
3297 1053 3536 1108 cherici
3565 1056 3630 1109 de
3657 1055 3846 1110 Varmo

2373 1122 2608 1200 inferiori
2651 1124 2873 1200 testibus
2919 1125 2986 1177 ad
3026 1125 3126 1176 hoc
3167 1123 3394 1187 habitis,
3444 1123 3848 1192 specialitermte

2372 1192 2596 1252 vocatis,
2631 1199 2685 1243 et
2708 1192 2926 1258 rogatis.
3707 1230 3733 1248 ε

2371 1282 2552 1348 Ibique
2580 1281 2783 1334 nobiles
2810 1290 3086 1338 consortes
3121 1281 3300 1334 arcani
3347 1279 3636 1348 superioris
3676 1280 3850 1335 videli-

2305 1358 2389 1403 cet
2416 1347 2716 1418 sflouuties
2741 1349 2997 1418 Antonius
3017 1349 3279 1418 quoadam
3303 1347 3494 1402 nobilis
3525 1349 3623 1402 viri
3661 1364 3706 1402 s.
3737 1350 3850 1402 lliz—

2306 1417 2630 1486 και-(112⁷8
2654 1417 2718 1472 de
2741 1415 2947 1486 Arcano
2972 1415 3066 1486 per
3093 1432 3151 1470 se
3175 1426 3229 1486 et
3252 1417 3617 1486 procuratorio
3640 1419 3851 1472 nomine

2307 1487 2426 1538 noh.
2480 1499 2524 1536 s.
2573 1485 2818 1554 Joannini
2865 1485 2987 1552 ejus
3025 1485 3233 1554 patrui,
3272 1485 3443 1554 putide
3489 1487 3852 1552 procuratorio

2305 1561 2548 1622 constare
2579 1552 2713 1622 dixit
2753 1568 2911 1606 manu
2953 1552 3055 1606 mei
3112 1553 3301 1606 notarii
3343 1552 3709 1622 iufraseripti,
3755 1571 3852 1609 nec

2307 1637 2410 1673 non
2441 1637 2484 1674 s.
2513 1621 2771 1674 Antonius
2793 1622 3056 1688 quondam
3103 1623 3223 1674 uob.
3255 1621 3354 1674 viri
3377 1617 3637 1674 Gabrieli's
3665 1624 3732 1675 de
3763 1639 3851 1677 eo-

2307 1690 2426 1742 dem
2449 1688 2587 1759 loco
2619 1704 2683 1742 ex
2719 1704 2879 1759 causa
2925 1689 3225 1759 donationis
3263 1704 3432 1759 pure,
3460 1703 3625 1759 mere,
3669 1689 3850 1756 libere,

2307 1757 2620 1824 simpliciter
2651 1766 2705 1809 et
2745 1758 3164 1828 irrevocabiliter
3211 1757 3348 1828 inter
3386 1758 3534 1810 vivos
3575 1758 3849 1820 dederunt,

2307 1833 2609 1894 cesserunt,
2637 1826 3040 1888 transtulerunt,
3072 1826 3125 1879 et
3165 1827 3545 1894 mandaverunt
3580 1828 3850 1894 praestanti

2244 1905 2282 1960 Β
2302 1893 2484 1960 juveni
2509 1908 2553 1946 s.
2572 1893 2782 1962 ASimoni
2813 1894 3096 1947 Bucciuato
3129 1895 3250 1947 nob.
3273 1895 3372 1946 viri
3399 1908 3444 1946 s.
3470 1892 3853 1962 Christophoro

2310 1964 2374 2014 de
2389 1960 2658 2014 Strasoldo
2689 1961 2881 2014 iidem
2906 1962 3151 2028 praesenti
3189 1977 3284 2029 pro
3309 1975 3365 2013 se
3392 1962 3606 2029 suisque
3633 1960 3854 2016 haeredi-

2309 2031 2407 2084 bus
2443 2029 2713 2097 recipienti
2741 2030 2914 2081 omnia
2959 2039 3012 2082 et
3037 2029 3240 2098 singula
3265 2030 3500 2098 ipsorum
3526 2033 3852 2085 consortium

2303 2098 2423 2164 jura
2451 2108 2504 2150 et
2527 2100 2759 2151 actiones
2785 2098 2971 2159 reales,
2998 2098 3518 2167 personales,utiles,
3536 2107 3591 2151 et
3604 2099 3852 2164 directas,

2311 2168 2499 2219 tacitas
2526 2175 2578 2218 et
2605 2181 2906 2234 expressas,
2933 2166 3048 2234 quae
3075 2166 3155 2220 vel
3181 2181 3314 2234 quas
3341 2167 3556 2232 habent,
3571 2168 3852 2233 habebant,

2309 2249 2402 2305 seu
2419 2235 2614 2305 habere
2635 2245 2880 2304 poterunt
2892 2237 2944 2287 in
2956 2237 3078 2305 villa
3093 2244 3146 2289 et
3157 2235 3488 2302 pertinentiis
3499 2236 3636 2289 villae
3648 2235 3858 2305 Campi-

2309 2303 2448 2374 longi
2473 2304 2536 2356 de
2565 2302 2744 2356 Strata
2766 2305 3044 2358 occasione
3061 2302 3447 2374 jurisdictionis
3464 2344 3478 2368 ,
3509 2319 3602 2374 seu
3625 2302 3857 2374 garritus

2310 2373 2375 2424 ad
2399 2373 2540 2440 ipsos
2560 2382 2833 2424 consortes
2859 2376 3145 2440 spectantis
3170 2383 3224 2426 et
3249 2373 3562 2440 pertinentis
3593 2373 3646 2425 in
3675 2375 3856 2427 eadem

2309 2439 2429 2492 villa
2467 2439 2684 2508 ejusque
2720 2439 3082 2506 pertinentiis,
3124 2439 3280 2493 videi.
3311 2440 3445 2494 festa
3489 2440 3542 2492 in
3579 2455 3640 2493 ea
3686 2451 3859 2496 custo-

2309 2507 2484 2561 diendi
2513 2516 2568 2561 et
2587 2507 2909 2577 conscicndi,
2943 2509 3150 2577 gaudia,
3175 2508 3366 2562 multas
3395 2517 3448 2562 et
3470 2509 3859 2577 coudemnatio-

2307 2591 2404 2629 nes
2441 2576 2711 2646 exigendi,
2755 2575 3020 2646 etiomnia
3057 2587 3109 2631 et
3152 2577 3352 2646 singula
3396 2577 3501 2630 alia
3546 2575 3770 2630 faciendi
3805 2587 3860 2632 et

2308 2645 2586 2697 exercendi
2616 2659 2733 2714 qua:
2766 2645 3010 2714 adripsos
3037 2645 3308 2699 consortes
3341 2656 3584 2714 spectare
3619 2657 3668 2700 et
3698 2647 3860 2714 perti-

2309 2728 2436 2766 nere
2472 2713 2627 2782 pleno
2651 2712 2773 2778 jure
2808 2712 3189 2780 dignoscantur
3223 2729 3316 2782 seu
3354 2712 3588 2782 dignosei
3623 2712 3855 2781 possent,

2310 2789 2415 2832 tam
2453 2778 2516 2833 de
2541 2778 2660 2847 jure
2687 2795 2845 2848 quam
2870 2778 2942 2834 de
2969 2781 3346 2834 consuetudine
3376 2778 3640 2834 facientes
3656 2789 3712 2833 et
3737 2797 3860 2836 cou-

2309 2849 2588 2902 stituentes
2614 2849 2860 2918 eumdem
2895 2865 2940 2902 s.
2963 2849 3233 2903 Simonem
3262 2851 3642 2902 cessiouarium
3670 2866 3859 2918 procu-

2309 2925 2538 2986 ratorem
2574 2926 2824 2984 tanquam
2853 2917 2906 2969 in
2937 2933 3047 2971 rem
3074 2933 3227 2986 suam
3257 2918 3543 2986 propriam,
3579 2926 3634 2971 et
3662 2917 3857 2986 ponen-

2309 2992 2390 3055 tes
2423 2986 2475 3037 in
2505 2985 2678 3055 locum
2709 2999 2892 3037 eorum
2929 2986 3002 3040 ita
3033 2995 3086 3055 et
3121 2985 3296 3039 taliter
3313 2985 3700 3055 quodammodo
3731 3001 3863 3055 pra:-

2309 3053 2450 3106 fatus
2487 3067 2530 3106 s.
2561 3051 2742 3106 Simon
2769 3054 3120 3108 cessionarius
3153 3069 3250 3106 suo
3284 3051 3514 3116 nomine,
3542 3051 3857 3118 actionibus,

2309 3122 2528 3175 utilibus
2555 3131 2607 3191 et
2637 3121 2874 3191 directis,
2909 3123 3085 3176 tacitis
3122 3131 3176 3176 et
3209 3123 3476 3191 expressis
3499 3137 3678 3191 agere,
3706 3137 3863 3190 expe-

2315 3191 2428 3248 riri,
2457 3190 2721 3259 excipere,
2742 3189 3027 3259 replicare,
3065 3189 3338 3258 consequi,
3361 3199 3416 3243 et
3448 3204 3505 3243 se
3541 3189 3677 3242 tueri
3701 3189 3862 3259 poésit

2317 3265 2370 3309 et
2395 3257 2629 3338 valeat’a
2666 3257 3082 3338 quibuseunque,
3122 3266 3176 3311 et
3199 3257 3380 3338 uentra
3406 3257 3749 3338 quoscunque
3775 3275 3863 3338 oc-

2317 3325 2619 3395 casionibus
2657 3326 2954 3388 antedictis,
2984 3325 3044 3379 et
3083 3326 3260 3380 omnia
3305 3333 3359 3380 et
3397 3325 3599 3395 singula
3640 3327 3743 3379 alia
3782 3327 3864 3395 die

2318 3408 2458 3456 cere,
2484 3391 2678 3464 facere,
2701 3401 2756 3446 et
2781 3409 3030 3448 exercere
3065 3391 3507 3463 quemadmodum
3537 3395 3634 3464 ipsi
3659 3393 3864 3464 praafati

2317 3471 2590 3535 consortes
2620 3460 2798 3535 facere
2831 3471 2886 3515 et
2913 3460 3174 3535 exercere
3213 3471 3458 3535 poterant
3495 3460 3865 3535 ett—potuissent

2319 3538 2440 3583 ante
2467 3529 2764 3594 huiusmodi
2795 3531 3084 3600 cessionem
3115 3541 3169 3584 et
3194 3529 3609 3594 translationem,
3637 3533 3854 3600 promit-

2321 3605 2490 3650 tentes
2514 3612 2724 3666 quoque
2747 3595 2950 3666 pra-fati
2989 3607 3263 3653 consortes
3299 3613 3540 3653 eessores
3566 3595 3865 3652 nominibus

2319 3666 2512 3732 quilms
2541 3681 2698 3734 supra
2728 3681 2821 3736 per
2859 3681 2916 3720 se
2940 3683 3229 3736 eorumque
3256 3667 3491 3722 haeredes
3514 3674 3569 3720 et
3593 3682 3864 3721 successo-

2323 3749 2426 3804 res,
2448 3743 2514 3804 et
2543 3749 2664 3788 cum
2699 3734 3019 3804 obligatione
3065 3734 3300 3790 omnium
3350 3751 3567 3789 suorum
3607 3737 3864 3789 bonorum

2321 3802 2612 3872 mobilium,
2639 3802 2935 3872 stabilium,
2963 3805 3301 3872 praesentium
3327 3814 3380 3855 et
3411 3805 3708 3858 futurorum
3739 3804 3866 3859 tele-

2321 3869 2599 3938 etioneque
2623 3869 2934 3924 damnorum
2963 3869 3210 3924 omnium
3255 3879 3308 3924 et
3336 3885 3688 3938 expensarum
3735 3873 3860 3934 litis,

2319 3944 2372 3988 et
2389 3946 2653 4008 extra‘ae
2695 3937 2850 4008 inter,
2893 3953 2950 3993 se
2987 3940 3293 4008 solemniter
3333 3937 3564 4008 obligare
3601 3941 3864 3993 antedicto

2322 4020 2369 4076 s.
2381 4004 2584 4076 Simoni
2611 4006 2935 4076 cessiouario
2959 4007 3229 4076 stipulanti
3257 4004 3681 4076 pro‘se'suisque
3703 4009 3866 4062 luere-

2322 4073 2495 4145 dibus,
2545 4082 2636 4126 aut
2677 4076 2761 4145 cui
2795 4074 2886 4145 jus
2931 4073 3082 4130 suum
3130 4073 3516 4145 dari'voluerit
3559 4073 3862 4145 praedictam

2321 4141 2642 4203 cessionem,
2679 4143 3030 4205 donationem,
3074 4143 3488 4208 translationem,
3516 4141 3577 4197 et
3607 4145 3784 4198 omnia
3809 4155 3865 4198 ct

2322 4209 2524 4277 smgula
2554 4211 2605 4261 in
2636 4210 2742 4281 hoc
2762 4211 3109 4264 instrumento
3135 4219 3380 4266 contenta
3407 4220 3662 4281 perpetuo
3689 4214 3861 4275 ﬁrma,

2324 4286 2458 4339 rata,
2483 4287 2630 4345 grata
2661 4279 2875 4350 habere,
2918 4288 3116 4350 tenere,
3148 4279 3448 4350 observare,
3477 4289 3532 4334 et
3553 4281 3861 4350 adimplere,

2322 4352 2386 4416 e_t_
2419 4359 2523 4398 non
2561 4345 3178 4416 Acontrafacere,‘diccre,
3214 4349 3296 4402 vel
3325 4348 3507 4402 venire
3542 4361 3639 4416 per
3781 4348 3864 4402 vel

2323 4413 2481 4484 alium
2529 4414 2640 4484 sive
2678 4413 2810 4468 alios
2850 4415 3025 4483 aliqua
3077 4417 3280 4471 ratione
3321 4417 3404 4471 vel
3452 4413 3612 4471 causa
3647 4419 3712 4471 de
3744 4415 3865 4484 jure

2323 4481 2406 4553 vel
2435 4481 2504 4553 de
2530 4481 2688 4553 facto,
2717 4490 2771 4536 et
2807 4481 2974 4553 ipsam
3004 4485 3337 4538 donationem
3375 4485 3516 4553 nulla
3551 4481 3761 4553 ratione
3782 4485 3865 4538 vel

2320 4550 2698 4621 iugratitudine
2733 4550 2994 4621 revocare
3020 4553 3118 4604 sub
3142 4567 3294 4621 pmna
3337 4552 3477 4620 dupli
3518 4551 3651 4618 ejus,
3675 4553 3741 4606 de
3758 4566 3864 4621 quo

2327 4617 2392 4690 lis
2411 4618 2489 4690 vel
2515 4619 2736 4690 quaestio
2752 4627 2902 4690 mota
2924 4620 3040 4690 erit,
3073 4617 3423 4688 paucioribus
3433 4621 3612 4676 solidis
3633 4617 3865 4690 quinque

2327 4685 2378 4738 in
2409 4685 2628 4759 singulis
2649 4687 2892 4756 capitulis
2935 4685 3091 4759 hujus
3135 4697 3436 4743 contractus
3493 4685 3740 4759 stipulata
3778 4685 3865 4742 ac

2325 4756 2605 4832 promissa,
2633 4771 2749 4832 qua
2781 4771 2938 4824 paena
2967 4756 3138 4832 soluta
3157 4759 3236 4832 vel
3277 4774 3400 4832 non,
3423 4756 3658 4832 praedans
3688 4765 3864 4812 tamen

2327 4825 2738 4893 instrumentum
2780 4839 2844 4876 ac
2885 4825 3059 4877 omnia
3104 4833 3157 4877 rt
3179 4825 3381 4893 singula
3421 4825 3473 4878 in
3498 4838 3563 4878 eo
3591 4834 3861 4889 contenta,

2325 4889 2539 4956 plenum
2575 4891 2848 4944 obtineant
2890 4893 3052 4945 robur
3099 4889 3606 4963 atque'perpctuam
3643 4893 3864 4946 ﬁrmita-

2328 4967 2452 5018 tem,
2481 4965 2584 5013 etc.
3643 4969 3648 4975 ’

2395 5047 2489 5116 Ex,
2507 5047 2647 5100 notis
2673 5047 2800 5101 olim
2829 5047 2924 5116 Eg.
2949 5048 3145 5102 domini
3170 5047 3349 5104 Jacobi
3379 5049 3609 5104 Pithiani
3647 5049 3775 5104 civis
3799 5065 3864 5102 ac

2323 5115 2562 5186 uetarius
2604 5116 2786 5186 sancti
2801 5115 3032 5186 Dgnielis
3065 5118 3430 5186 proutiinveni
3471 5133 3626 5186 tuanu
3652 5118 3861 5186 propria

2323 5181 2550 5253 fideliter
2584 5184 2812 5253 extraxi.
2840 5181 3208 5253 Egolacobus
3231 5185 3378 5244 Justa
3413 5181 3668 5253 publicus
3700 5181 3862 5253 ἰιιῑρετ

2323 5250 2450 5321 riali
2466 5251 2778 5321 auctoritate
2804 5250 3041 5306 notarius
3066 5253 3300 5321 ejusdem
3321 5250 3444 5318 loci,
3467 5267 3554 5307 me
3576 5250 3861 5321 subscripsi

2324 5331 2387 5370 ac
2410 5319 2617 5391 signavi
2631 5318 2684 5373 in
2711 5319 2888 5385 ﬁdem,
2926 5329 3029 5376 etc.

763 5749 786 5775 ι
825 5735 920 5788 An.
949 5738 1095 5792 1461.
1128 5743 1202 5796 Ex
1232 5745 1413 5798 charta
1460 5747 1598 5814 apud
1626 5747 1718 5805 Co:
1765 5750 2130 5819 Baymundum
2158 5753 2223 5805 de
2259 5750 2483 5807 Arcano.
2509 5753 2598 5807 cit.
2629 5752 2825 5821 p.184.
