4266 6486
836 464 941 517 rm
2148 437 2392 496 roma:
2434 434 2721 492 SAXONlS
3938 436 4031 489 εδδ

826 571 891 625 Et
923 580 1014 618 rex
1042 561 1386 616 Wormatiam
1414 556 1632 611 Carolus
1656 552 1868 623 collegit
1892 552 1945 607 in
1977 551 2164 604 urbem
2399 549 2446 607 Α
2472 544 2756 600 Cuiusdam
2782 548 3052 611 torrentis,
3078 558 3196 603 erat
3219 548 3311 619 qui
3342 548 3614 618 proximus
3639 544 3769 610 illis,

823 656 1143 709 Francorum
1166 661 1412 717 proceres
1437 645 1503 699 ad
1526 644 1804 698 concilium
1827 639 2093 711 generale,
2472 631 2749 687 Sufﬁciens
2774 635 3028 689 exercitui
3051 644 3420 706 prorumperet
3443 636 3603 691 unda.

820 746 954 800 Cum
983 741 1175 811 quibus
1206 746 1264 792 ut
1287 736 1424 792 bello
1451 734 1689 789 Saxones
1708 729 2085 800 aggrederetur
2470 720 2564 811 llis
2580 719 2749 811 gestis
2774 736 2896 811 cum
2924 736 3017 811 rex
3052 722 3322 778 Wisuram
3348 722 3581 777 venisset
3606 722 3676 775 ad
3699 736 3949 785 attineat,

822 807 1094 894 Decrevit;
1124 841 1149 870 ι
1178 824 1426 897 quoniam
1455 824 1723 878 Saxonum
1751 820 1988 888 proxima
2024 811 2244 869 Francis
2467 807 2751 864 Obsidibus
2772 809 2855 865 bis
2874 824 2967 864 sex
2984 810 3099 880 ipsa
3127 811 3193 865 de
3214 819 3370 881 gente
3396 810 3644 879 receptis,

820 924 1037 976 Adiacet
1062 918 1130 973 ad
1151 918 1370 971 Boream
1398 913 1568 975 tellus,
1600 910 1687 965 vix
1713 908 1879 964 limite
1914 913 2062 961 certo
2467 897 2547 951 Ad
2572 898 2798 967 patriam
2822 899 2985 954 rediit
3005 912 3196 967 magna
3215 913 3335 953 cum
3359 906 3734 967 prosperitate.

820 1007 985 1063 Divisi
1010 1005 1182 1076 gentis
1203 1003 1336 1057 fines
1359 1001 1633 1069 utriusque
1660 990 1967 1052 cobaeredt.
2672 1075 2680 1076 ί
2919 986 3075 1076 Anno
3094 986 3227 1041 '773.
3259 984 3452 1039 ludia.
3483 985 3570 1040 10.

820 1102 932 1167 Que
958 1074 1303 1153 tuin'vicinae
1328 1107 1432 1161 quo
1460 1091 1579 1160 plus
1607 1090 1820 1159 regione
1849 1087 2013 1151 fuere,
2468 1074 2643 1131 Missis
2669 1075 2877 1167 legatis,
2902 1074 3168 1167 Adrianus
3192 1089 3329 1145 papa
3355 1082 3597 1130 sacratus

820 1163 989 1245 fante
1012 1187 1275 1241 seiunctus
1297 1180 1489 1237 animis
1510 1178 1770 1234 discordia
1796 1175 1941 1232 fecit.
2466 1166 2735 1222 Auxilium
2759 1166 2937 1223 Caroli
2964 1165 3166 1222 studuit
3191 1164 3480 1234 deposcere
3506 1163 3687 1235 magni

822 1277 1099 1333 Finitimos
1120 1273 1213 1328 sed
1243 1271 1382 1327 enim
1403 1284 1497 1339 per
1520 1281 1677 1339 agros
1705 1266 1968 1333 utrimque
1990 1262 2232 1317 solebant
2466 1259 2739 1313 Adversus
2759 1256 3162 1327 Langobardos,
3188 1268 3414 1323 quorum
3441 1252 3542 1308 fuit
3567 1252 3660 1308 illo

820 1367 1042 1422 Assidue
1070 1362 1182 1417 fieri
1210 1362 1387 1425 cedes,
1419 1357 1681 1421 incendia,
1710 1356 1925 1426 praede.
2469 1350 2727 1418 Tempore
2751 1362 2845 1403 rex
2869 1346 3203 1410 Desiderius;
3234 1358 3357 1399 nam
3385 1343 3536 1398 valde
3557 1342 3850 1412 premebat

822 1455 1088 1508 Saxonum
1115 1459 1301 1504 natura
1341 1445 1487 1502 ferox
1517 1452 1572 1499 et
1605 1452 1821 1514 pectora
1845 1442 2001 1505 dura,
2466 1430 2706 1505 Improba
2735 1434 3001 1489 Romanos
3028 1432 3186 1488 huius
3208 1430 3460 1486 violentia
3484 1431 3677 1502 gentis.

820 1547 991 1600 Ferre.
1008 1544 1185 1612 iugum
1223 1539 1417 1596 Chriin
1445 1552 1546 1593 nec
1575 1536 1699 1592 dum
1734 1534 1949 1604 dignata
1970 1546 2151 1595 suave,
2467 1525 2685 1594 Et'quia
2722 1534 2847 1580 tunc
2870 1523 2940 1579 illi
2968 1538 3096 1594 pars
3120 1522 3351 1577 maxima
3376 1522 3586 1577 subdita
3613 1522 3770 1590 regni

819 1609 1105 1688 Demonico
1126 1629 1349 1684 nimium
1375 1626 1587 1680 fuerant
1608 1636 1791 1678 errore
1816 1621 2056 1677 subacta.
2466 1614 2648 1669 Italiae
2676 1614 2837 1669 totius
2860 1621 2995 1678 erat,
3030 1620 3303 1685 terrasque
3326 1625 3423 1681 per
3448 1609 3566 1664 illas
3584 1649 3601 1674 ,

816 1720 1163 1781 Christicolae
1189 1730 1316 1772 vero
1342 1717 1448 1771 iam
1473 1715 1631 1784 longo
1667 1721 1904 1781 tempore
1925 1707 2117 1764 Franci
2469 1704 2686 1760 Scilicet
2709 1688 2955 1768 hostiles,
2985 1716 3089 1755 non
3117 1706 3416 1769 quenquam
3444 1698 3656 1752 mittere
3688 1695 3710 1735 τ
3747 1704 3872 1751 tute

816 1810 1142 1867 Catholicam
1169 1814 1389 1863 tenuere
1416 1802 1593 1867 fidem,
1628 1800 1910 1868 multisque
1933 1810 2029 1868 per
2047 1795 2233 1851 orbem
2408 1867 2412 1868 ί
2468 1793 2739 1848 Romanus
2764 1790 2974 1862 praesul
2999 1790 3188 1858 potuit,
3216 1788 3306 1858 qui
3336 1788 3550 1844 tramite
3578 1796 3729 1843 recto

817 1902 925 1955 lam
952 1897 1358 1953 dominabantur
1380 1891 1607 1963 populis,
1627 1891 1818 1960 quibus
1832 1867 2069 1957 fundique
2091 1884 2227 1950 fulti,
2395 1867 2444 1930 Β
2470 1880 2795 1950 Francorum
2824 1886 2996 1931 terras
3021 1884 3241 1944 peteret,
3270 1874 3630 1963 conscendere
3663 1889 3866 1929 navem

814 1988 1071 2056 Preeipue
1096 1986 1292 2039 virtute
1317 1962 1434 2047 Dei,
1452 1962 1623 2050 quem
1650 1979 1749 2034 rite
1785 1977 2046 2041 colebant,
2468 1968 2618 2024 Fecit
2638 1968 2776 2051 apud
2806 1967 3027 2021 Romam
3055 1964 3285 2035 legatum
3309 1964 3524 2019 nomine
3551 1962 3797 2026 Petrum,

818 2044 1147 2131 Rauennam
1178 2044 1427 2141 poterant
1449 2044 1698 2129 nimirum
1726 2067 1940 2121 vincere
1965 2071 2196 2135 gentem.
2471 2057 2541 2112 Ut
2561 2044 2708 2111 mare
2728 2055 2952 2110 circuitu
2980 2054 3136 2123 longo
3161 2051 3455 2122 fluctusque
3480 2067 3773 2121 pererrans

818 2166 931 2230 Que
956 2178 1051 2217 nec
1077 2176 1200 2230 rege
1226 2159 1324 2214 fuit
1345 2157 1533 2214 saltem
1558 2156 1757 2211 sociata
1778 2155 1876 2209 sub
1896 2169 2021 2218 uno,
2471 2146 2813 2215 Susspectum
2838 2145 3032 2199 vitaret
3058 2143 3194 2198 itaer
3219 2156 3234 2196 :
3261 2142 3339 2198 sic
3362 2156 3487 2213 sepe
3512 2143 3731 2199 videtur

822 2253 887 2308 Ut
919 2267 975 2307 se
1005 2251 1223 2304 militiae
1247 2247 1446 2318 pariter
1465 2243 1773 2300 defenderet
1796 2257 1915 2305 usu,
2470 2232 2667 2288 Tucior
2687 2233 2869 2288 oceani
2896 2231 3074 2287 fervor
3098 2230 3644 2302 pelagiqueprocella
3663 2270 3678 2293 ,

823 2345 925 2398 Sed
952 2342 1112 2396 variis
1136 2339 1302 2395 divisa
1329 2336 1500 2391 modis
1520 2336 1668 2404 plebs
1693 2333 1885 2396 omnis,
1914 2331 2142 2386 habebat
2428 2321 2436 2327 ’
2470 2322 2639 2388 Quam
2660 2330 2864 2375 mentes
2878 2321 3148 2374 hominum
3164 2359 3177 2382 ,
3202 2334 3338 2387 quas
3358 2319 3566 2375 turbida
3591 2326 3907 2374 commovet
3935 2319 4024 2377 ira.

821 2435 959 2500 Quot
980 2445 1142 2502 pagos
1171 2436 1249 2483 tot
1272 2414 1437 2496 paene
1462 2426 1641 2487 duces,
1669 2422 1813 2477 velut
1837 2421 1996 2476 unius
2017 2427 2164 2473 artus
2471 2411 2567 2466 llic
2595 2410 2759 2482 igitur
2778 2408 2968 2463 Petrus
2996 2409 3160 2462 Roma
3185 2407 3419 2461 directus
3442 2407 3510 2460 ah
3538 2407 3691 2469 urbe,

821 2495 1075 2589 Corporis
1096 2519 1147 2572 in
1171 2495 1381 2571 diversa
1404 2514 1578 2569 forent
1602 2513 1726 2567 hinc
1746 2511 1870 2565 inde
1899 2508 2113 2563 revulsi.
2469 2500 2574 2557 Per
2596 2514 2745 2555 mare
2770 2496 3254 2589 Massiliamypetiit,
3277 2496 3596 2568 longumque
3615 2495 3809 2552 deinde
3853 2538 3862 2544 .

824 2585 942 2665 Sed
954 2608 1216 2679 generalis
1238 2607 1399 2660 habet
1421 2602 1640 2675 populos
1665 2601 1855 2656 divisio
1880 2608 2107 2663 ternos,
2471 2589 2770 2679 Preteriens
2792 2590 2909 2651 iter,
2941 2587 2996 2641 in
3023 2586 3144 2641 villa
3173 2585 3459 2641 Theodone
3478 2593 3667 2642 vocata

823 2676 1073 2772 Insignita
1102 2699 1293 2768 quibus
1320 2694 1549 2749 Saxonis
1572 2691 1749 2745 floruit
1774 2690 1919 2744 olim.
2470 2679 2698 2772 Insignis
2722 2677 2897 2733 Caroli
2915 2678 3177 2747 pietatem
3204 2676 3345 2746 regis
3371 2676 3572 2739 adivit,

824 2765 1044 2847 Nomina
1070 2765 1208 2843 nunc
1234 2791 1526 2848 remanent,
1553 2782 1724 2836 virtus
1750 2778 1968 2847 antiqua
1995 2774 2230 2831 recessit.
2471 2769 2646 2826 Orans
2666 2769 2855 2823 devote
2881 2767 3030 2831 satis,
3059 2773 3119 2821 ut
3143 2765 3425 2821 defendere
3451 2765 3609 2821 vellet

824 2884 1055 2950 Denique
1080 2876 1362 2933 Westfalos
1383 2874 1617 2930 vocitant
1634 2873 1689 2927 in
1721 2878 1874 2941 parte
1895 2874 2169 2924 manentes
2787 2854 2954 2950 Petri,
2977 2869 3215 2950 summus
3241 2853 3332 2925 qui
3359 2853 3591 2923 claviger
3618 2854 3785 2915 aulae

821 2942 1068 3033 Oceidua,
1104 2980 1327 3036 quorum
1349 2978 1455 3017 non
1476 2962 1630 3030 longe
1659 2959 1916 3015 terminus
1942 2972 2098 3012 amne
2575 2943 2789 2999 celestis
2816 2943 2944 2997 dare
2968 2942 3205 3012 praemia
3232 2942 3461 3027 maxima
3489 2954 3689 3013 posset.

822 3062 865 3115 A
893 3032 1075 3115 Rheno
1098 3032 1257 3112 distat
1282 3072 1297 3120 ;
1326 3054 1594 3125 regionem
1618 3050 1744 3106 solis
1763 3049 1830 3104 ad
1853 3055 2028 3103 ortum
2199 3110 2206 3118 _
2470 3033 2582 3125 Nec
2609 3049 2713 3125 nou
2740 3032 3006 3125 pontiﬁcis
3028 3041 3359 3086 succurreret
3382 3035 3660 3100 anxietati,

825 3148 1248 3247 ’ξιιιιῑιδίιεξξπυι
1273 3120 1575 3247 (eam
1593 3138 1986 3247 serrae"?
2010 3136 2223 3208 αυίδθω
2398 3182 2444 3247 c
3013 3120 3794 3247 ιζθηιζῖ¹ί2ἶῖἱ¹ηεὶυῖέ¹ἒέηεῖἱδίν

820 3239 1061 3297 Ostvalos
1084 3236 1187 3291 alio
1205 3236 1461 3300 vocitant,
1487 3231 1713 3289 confinia
1743 3244 1974 3298 quorum
2398 3210 2444 3247 “‘
2474 3210 2573 3270 Cui
2599 3213 2865 3270 libertatis
2892 3215 2998 3268 iam
3028 3227 3170 3282 spes,
3201 3211 3447 3282 vitaeque
3467 3213 3727 3269 tenendae

820 3330 1074 3385 lnfestant
1098 3314 1378 3382 coniuncta
1403 3324 1514 3377 suis
1538 3336 1667 3393 gens
1692 3319 1894 3389 perfida
1920 3317 2117 3374 Sclavi.
2473 3301 2640 3358 Unica
2661 3309 2783 3371 post
2808 3301 3108 3366 Dominum,
3137 3309 3337 3355 tantum
3366 3308 3593 3357 restaret
3623 3302 3679 3356 in
3708 3302 3820 3357 ilo.

821 3420 962 3473 Inter
981 3416 1284 3487 praedictos
1304 3413 1477 3468 media
1500 3412 1711 3480 regione
1741 3417 2014 3466 morantur
2472 3394 2687 3487 Talibus
2713 3393 2929 3487 auditis,
2955 3407 3169 3487 causam
3196 3408 3289 3448 rex
3311 3393 3557 3487 protinus
3582 3410 3801 3450 omnem

818 3479 1055 3576 Angapii,
1081 3503 1306 3574 populus
1336 3479 1605 3557 Saxonum
1628 3500 1851 3567 tertius;
1893 3499 2081 3553 horum
2470 3481 2711 3538 Sollicito
2732 3482 2950 3538 volvens
2976 3482 3175 3546 animo,
3201 3481 3332 3536 satis
3360 3479 3524 3536 affore
3549 3483 3750 3537 iustum

818 3571 1000 3650 Patria
1024 3571 1348 3665 Francorum
1385 3590 1542 3646 terris
1565 3589 1791 3645 satiatur
1819 3574 1886 3641 tib
1910 3593 2111 3650 austro,
2468 3576 2773 3647 Perpendit,
2801 3582 3115 3645 gratumque
3137 3574 3263 3637 Deo,
3293 3571 3541 3629 defensor
3565 3582 3625 3629 ut
3654 3575 3770 3646 ipse

818 3683 1131 3749 Oceanoque
1161 3680 1345 3736 eadem
1374 3677 1711 3745 coniungitur
1736 3690 1805 3731 ex
1826 3675 2090 3745 aquilone.
2470 3668 2624 3724 Sedis
2648 3667 2968 3738 apostolicae
2996 3666 3123 3721 totis
3145 3680 3244 3735 pro
3271 3664 3475 3719 viribus
3498 3672 3659 3720 esset.

822 3772 968 3825 Hanc
989 3770 1147 3840 igitur
1168 3767 1389 3823 Carolus
1415 3765 1600 3820 statuit
1624 3764 1724 3819 sibi
1749 3764 1974 3819 subdere
1998 3769 2226 3833 gentem.
2466 3757 2642 3827 Atque
2665 3771 2761 3812 suo
2788 3755 2970 3811 statim
3009 3769 3169 3825 regno
3195 3752 3406 3823 collegit
3434 3754 3501 3806 ab
3522 3752 3671 3806 omni

822 3859 927 3913 Nec
953 3874 1119 3922 mora,
1151 3873 1270 3912 cum
1296 3856 1421 3911 totis
1445 3854 1769 3909 Francorum
1795 3851 1998 3908 viribus
2020 3852 2188 3921 ipsam
2470 3846 2697 3903 Roboris
2723 3844 2950 3900 inmensi
2978 3843 3139 3897 variis
3165 3857 3233 3897 ex
3263 3841 3508 3911 gentibus
3534 3856 3747 3911 agmen.

818 3921 1128 4016 Aggressus,
1156 3944 1259 3998 late
1287 3941 1428 3997 ferro
1452 3940 1678 3996 vastavit
1698 3947 1752 3994 et
1777 3940 1904 4010 igni.
2468 3936 2619 4004 Quod
2643 3951 2823 3992 secum
2846 3936 3057 3998 ducens,
3086 3933 3325 4013 Genuam
3347 3921 3591 4002 pervenit
3613 3931 3668 3985 in
3692 3932 3886 3986 urbem
3901 3971 3916 3995 ,

818 4009 1100 4088 Castellum
1128 4029 1354 4084 naturali
1396 4028 1687 4083 munimine
1711 4009 1850 4081 forte
2467 4029 2635 4095 Quam
2662 4027 2847 4096 rapido
2873 4040 3032 4081 cursu
3057 4009 3342 4079 Rhorhnus
3361 4021 3689 4091 praeterfluit
3712 4022 3920 4087 amnis;

824 4121 1001 4183 Valde,
1030 4136 1183 4173 manu
1209 4132 1416 4186 quoque
1445 4116 1733 4181 firmatum,
1760 4114 1898 4185 quod
1932 4112 2157 4169 barbara
2193 4109 2368 4179 lingua
2468 4118 2603 4173 Tum
2636 4117 2844 4188 gemino
2870 4114 3243 4185 Langobardos
3270 4113 3516 4167 invadere
3544 4109 3682 4167 bello

822 4207 1067 4261 Neminat
1089 4207 1368 4274 Eresburg,
1395 4204 1568 4260 valido
1591 4220 1713 4259 cum
1751 4205 1940 4258 robore
1963 4203 2120 4271 cepit.
2467 4206 2732 4270 Decrevit,
2762 4203 3114 4274 populumque
3133 4216 3285 4257 suum
3308 4201 3507 4266 divisit,
3536 4210 3592 4256 et
3616 4217 3780 4256 unam

820 4295 961 4349 Gens
990 4295 1171 4348 eadem
1199 4288 1358 4347 coluit
1382 4291 1740 4356 simulacrum,
1768 4291 1907 4359 quod
1930 4290 2231 4344 vocitabant
2466 4296 2598 4352 cum
2628 4296 2761 4350 duce
2784 4293 3091 4349 Bemhardo
3115 4300 3319 4361 partem
3351 4299 3698 4360 praeceperat
3733 4292 3813 4345 ire

823 4383 1084 4446 lrminsul,
1110 4382 1258 4436 cuius
1280 4381 1466 4436 similis
1490 4380 1692 4435 factura
1726 4391 1747 4419 ε
1780 4380 2022 4434 columne
2316 4382 2319 4387 ’
2465 4387 2507 4441 Ρ

2465 4387 2569 4441 Per
2593 4394 2824 4441 montem
2849 4382 2985 4439 lovis
3005 4412 3073 4422 —
3094 4382 3146 4447 id
3172 4396 3361 4436 nomen
3381 4389 3532 4434 vetus
3560 4379 3750 4434 indidit
3773 4396 3930 4437 error
3952 4406 4006 4419 -

823 4476 934 4528 lion
960 4474 1135 4542 operis
1158 4472 1305 4541 parvi
1337 4470 1506 4525 fuerat
1530 4472 1832 4541 pariterque
1860 4470 2084 4524 decoris.
2387 4489 2444 4552 υ
2465 4477 2508 4531 Α

2074 4510 2084 4520 ο
2387 4489 2444 4552 ι)
2465 4477 2535 4531 At
2563 4477 2817 4545 reliquam
2843 4490 2940 4545 per
2962 4472 3218 4529 Cinisium
3244 4487 3337 4526 rex
3371 4472 3597 4526 duxerat
3621 4472 3752 4541 ipse.

824 4565 933 4616 llnc
957 4578 1047 4616 rex
1068 4571 1330 4623 evertens,
1357 4560 1549 4613 mansit
1579 4560 1747 4613 tribus
1772 4560 1883 4627 ipse
1905 4558 2089 4611 diebus
2469 4564 2816 4618 Transcensis
2843 4563 3002 4631 igitur
3027 4561 3308 4616 horrendis
3338 4559 3581 4629 Alpibus,
3612 4562 3784 4615 insta,

821 4655 877 4708 In
903 4653 1092 4707 castris
1114 4652 1256 4705 iuxta
1280 4651 1485 4718 positis,
1512 4659 1623 4704 tum
1644 4649 1949 4703 continuato
2466 4651 2506 4705 Τ

2466 4651 2715 4705 Turbinis
2735 4648 2999 4704 Ausoniae
3024 4647 3214 4715 duplex
3238 4647 3503 4701 exercitus
3524 4662 3650 4701 arva

821 4741 1049 4797 Aestatis
1073 4739 1278 4793 fervore
1298 4739 1405 4801 diu,
1432 4739 1683 4806 caeloque
1711 4751 1898 4791 sereno
2464 4743 2506 4796 1;

2464 4743 2714 4804 lrruerat,
2744 4739 2849 4791 late
2874 4752 3093 4806 regnum
3119 4733 3333 4790 vastans
3356 4734 3682 4804 opulentum.

824 4831 1091 4885 Ardebant
1111 4829 1244 4898 agri,
1271 4841 1371 4881 nec
1398 4828 1449 4879 in
1480 4828 1606 4894 ipsis
1630 4825 1860 4880 fontibus
1888 4827 2077 4880 humor
2464 4831 2678 4899 Iamque
2704 4837 2877 4883 metus
2902 4812 3123 4881 cunctos
3145 4825 3467 4880 Francorum
3490 4826 3715 4894 perculit
3739 4827 3942 4898 ingens.

828 4916 972 4975 Ullus
990 4925 1125 4985 erat,
1150 4914 1317 4970 multo
1344 4912 1651 4982 squalebant
1674 4913 1700 4952 ἀ
1729 4913 1942 4982 pulvere
1968 4914 2086 4967 rivi.
2465 4918 2596 4973 Nam
2619 4918 2970 4983 Desidet-ium,
2992 4919 3163 4987 primo
3186 4920 3275 4987 qui
3298 4919 3432 4973 bella
3457 4921 3699 4988 parabat,

822 5009 1035 5075 Iamque
1062 5004 1310 5073 fatigabat
1334 5003 1566 5073 graviter
1585 5002 1779 5071 regalia
1802 5012 1972 5056 castra
2465 5007 2534 5061 Se
2562 5006 2757 5061 frustra
2783 5007 2975 5062 Carolo
3002 5020 3223 5075 sperans
3246 5006 3501 5060 obsistere
3524 5020 3703 5076 posse,

823 5100 986 5152 Aucta
1002 5095 1189 5151 .ealore
1210 5096 1345 5160 sitis,
1376 5094 1469 5149 sed
1493 5093 1574 5147 vis
1601 5092 1744 5146 dedit
1764 5093 2152 5161 omnipotentis,
2461 5096 2759 5165 Congressu
2790 5094 3010 5149 necdum
3039 5093 3202 5158 facto,
3226 5085 3425 5149 terrore
3448 5094 3670 5167 fugavit,

821 5190 914 5243 Cui
936 5187 1133 5257 placuit
1164 5198 1186 5224 ε
1212 5185 1315 5239 fani
1342 5184 1615 5239 subversio
1641 5184 1776 5236 iusta
1803 5182 2030 5252 profani,
2463 5187 2531 5241 Et
2553 5188 2789 5242 clausum
2814 5186 3022 5249 Ticino,
3053 5170 3136 5240 cui
3164 5200 3306 5240 nunc
3331 5194 3414 5240 est
3440 5185 3599 5255 Papia
3626 5204 3843 5254 nomen,

825 5276 892 5329 Ui
924 5274 1184 5330 mediam"
1208 5274 1292 5326 die
1314 5273 1487 5326 διιδίιο
1511 5280 1606 5341 Per
1636 5284 1863 5326 concava
1889 5271 2017 5327 ⁵ίοοί
2462 5281 2662 5349 Regius
2688 5278 2913 5333 admotis
2938 5277 3202 5332 exercitus
3226 5277 3456 5345 undique
3475 5278 3667 5332 castris

892 5439 1667 5526 t§¥,EPPl!3’“i.Yit?.Ci'°“a
1693 5445 1891 5526 0.31227-
1924 5523 1933 5526 -
1964 5511 2049 5526 η,
2115 5514 2145 5526 ..
2222 5517 2235 5526 .
2529 5457 2557 5496 ἀ
2588 5457 2777 5526 llam
2796 5456 3139 5526 ηκαιεθαηείο

783 5564 794 5575 ο
894 5508 1249 5595 ξεξείρθςᾳίυξ
1274 5509 1628 5595 «ξμιοίῥξιὶιιξη
1650 5508 1935 5594 ἱηΙιιξιρίιαηξ
1959 5511 2254 5595 Osterlingi.
2536 5538 2560 5566 ε
2588 5508 2905 5595 Csi'plnéuit
2924 5508 2980 5578 ξ.
2999 5508 3305 5595 Antiquam
3331 5524 3611 5580 lectionem
3640 5525 3880 5580 divinare
3905 5537 3991 5577 non
4056 5560 4057 5567 η

857 5647 863 5654 _
896 5588 917 5615 ε
943 5576 1175 5656 [factura
1193 5578 1372 5631 similis
1392 5579 1509 5656 cod.
1534 5578 1799 5656 Reineceii
1815 5581 2134 5656 conjectura,
2158 5576 2362 5656 factum
2462 5576 2686 5656 amplius
2705 5576 2849 5648 licet.

857 5647 863 5654 .
901 5611 916 5615 —
943 5611 961 5628 ι
991 5611 1168 5631 uuam
1193 5611 1372 5631 ιυηησο
1392 5611 1509 5656 vus:-
1534 5611 1799 5660 ucmccuu
1815 5611 2134 5662 certaturum,
2158 5611 2362 5651 [unum
2462 5611 2686 5665 ampltus
2709 5611 2831 5648 ncet

790 5645 1069 5728 .stmulque
1096 5644 1351 5728 columna,
1401 5657 1613 5728 retecta,
1651 5648 1940 5728 Letbutttus
1982 5652 2093 5707 sola
2135 5653 2364 5710 vocabu-
2538 5667 2557 5706 ί
2587 5664 2677 5728 IL,
2701 5673 2831 5716 ncte.

824 5712 992 5767 lorum
1016 5715 1417 5785 transpositione
1441 5712 1614 5773 locum
1638 5718 1857 5773 sanavit.
