4266 6430
0 138 223 229 ππ

65 487 168 539 689
407 484 656 538 ANNAL.
697 484 784 538 DE
819 483 1059 539 GESTIS
1098 483 1155 537 Β.
1194 479 1440 536 CAROLI
1482 478 1690 535 MAGNI
1727 479 1904 534 LIBRI
1941 480 2006 534 ν.
2045 509 2115 518 -
2151 478 2305 533 VITA
2345 479 2611 535 CAROLI.
2654 481 2846 533 -ιω
2890 482 2926 533 l.
3185 480 3285 536 690

63 593 290 649 Obsedi“
333 594 600 661 unisque
627 593 795 646 modis
822 608 917 661 per
938 593 1163 663 plurima
1192 601 1456 660 temptans

63 681 351 751 Temporis
373 681 585 735 hiberni
610 681 782 750 spatio
816 680 1085 736 molimina
1114 688 1248 742 toto,

63 772 181 826 Non
204 772 358 826 urbis
383 779 597 839 poterat
625 786 806 825 muros
834 770 1128 839 irrumpere
1156 768 1313 824 ferro.

525 860 675 915 Anno
703 861 825 913 m.
860 846 1053 913 Indicit
1088 860 1171 912 II.

64 951 227 1005 Tales
251 950 451 1008 Italicis
472 952 597 1004 dum
620 964 709 1005 res
735 958 1019 1019 agerentur
1040 950 1091 1003 in
1114 950 1261 1003 horis
1277 962 1327 1012 ι,

64 1038 313 1092 Saxones
338 1026 440 1092 sibi
471 1038 747 1107 contiguos
771 1037 1019 1091 invadere
1050 1036 1179 1089 fines

61 1126 197 1179 Ausi
227 1125 577 1191 Francorum,
599 1140 790 1196 pagum
810 1126 903 1195 qui
928 1126 1124 1180 dicitur
1146 1125 1299 1179 Hassi

62 1215 419 1279 Praedantur,
440 1213 774 1284 flammisque
802 1216 961 1269 simul
996 1216 1313 1285 populantur
1354 1226 1409 1269 et
1443 1217 1623 1268 armis.

60 1302 211 1367 Quos
236 1302 497 1355 animavit
524 1302 590 1356 ad
617 1302 1035 1374 hoclonginqua
1062 1303 1322 1373 profectio
1354 1306 1522 1373 regis,

58 1391 360 1446 Credentes
387 1391 675 1447 ulciscendi
704 1392 804 1449 sibi
835 1402 960 1449 tunc
988 1392 1337 1463 foretempus
1395 1413 1399 1419 ε

60 1483 287 1545 Damna,
321 1481 470 1549 prius
495 1494 591 1550 per
616 1494 741 1535 eum
768 1496 873 1550 que
900 1482 1131 1535 maxima
1163 1482 1483 1535 sustinuere.

57 1568 164 1632 Qui
193 1577 376 1621 tamen
404 1560 574 1635 usque
599 1566 777 1622 locum
804 1567 897 1636 qui
920 1566 1227 1621 Frideshlar
1254 1556 1517 1621 vocitatur

58 1656 370 1726 Progressi,
400 1655 667 1725 quandam
695 1656 975 1725 cupierunt
1000 1656 1209 1709 tradere
1239 1653 1463 1707 flammis

61 1745 569 1813 Ecclesiamrqnam
596 1746 827 1800 sacravit
850 1744 1149 1799 Bonifacius
1178 1745 1283 1800 illic

58 1834 249 1888 Martir
276 1842 334 1888 et
360 1835 587 1887 antistes
613 1833 829 1890 Christo
857 1834 1080 1890 dilectus
1109 1836 1163 1890 in
1185 1851 1393 1890 aevum.

58 1922 174 1975 Hoc
200 1921 403 1976 frustra
432 1922 577 1978 uisos
606 1922 813 1977 facinus
839 1924 1103 1992 complere
1132 1925 1437 1983 nefandum.

57 2010 257 2064 Invasit
284 2009 464 2064 subito
498 2016 675 2065 terror
697 2011 952 2067 divinitus
978 2013 1183 2083 ingens,

57 2101 233 2169 Atque
262 2099 389 2170 fuga
419 2100 562 2168 turpi
590 2100 825 2170 trepidos
852 2103 1109 2171 repedare
1139 2102 1313 2172 coegit

56 2190 136 2243 Ad
166 2188 423 2258 patriam,
452 2202 588 2257 quos
615 2204 721 2244 non
750 2190 950 2255 hostes,
978 2206 1083 2245 non
1111 2207 1259 2246 arma
1284 2192 1552 2262 fugarunt.

56 2280 123 2331 At
150 2294 273 2344 rex,
300 2278 572 2348 dispositis
595 2278 891 2348 legionibus
915 2279 981 2332 ad
1007 2274 1396 2334 'I‘icincnsumh

54 2367 349 2422 Obsidione
373 2366 482 2437 iugi
506 2350 754 2435 populum
782 2365 1025 2435 belloque
1050 2366 1414 2435 premendum,

54 2454 264 2510 Orandi
294 2453 456 2508 causa
477 2446 645 2508 Reme
675 2453 793 2509 loca
821 2466 1002 2509 sancta
1026 2455 1233 2523 petivit.

53 2546 169 2598 Illic
196 2542 529 2613 supplicibus
551 2543 689 2599 votis
716 2559 783 2598 ex
806 2544 968 2598 corde
996 2546 1247 2611 peractis,

53 2636 135 2689 Ad
172 2634 427 2689 Ticinum
456 2633 633 2697 rediit,
662 2646 767 2701 que
792 2632 898 2686 iam
923 2632 1213 2687 certamine
1242 2631 1399 2701 longo

53 2724 225 2778 Fessa
252 2720 587 2792 repugnandi
611 2720 754 2775 vires
780 2721 1035 2775 amiserat
1059 2733 1262 2774 omnes.

55 2813 253 2867 Dedita
284 2820 396 2865 tum
422 2810 645 2866 Francis
670 2812 803 2867 haec
827 2812 955 2866 urbs
976 2811 1289 2874 clarissima,
1320 2813 1524 2866 cunctis

54 2900 322 2969 Exemplo
347 2898 524 2954 fuerat
548 2899 793 2969 reliquis;
826 2914 949 2953 nam
977 2901 1217 2968 protinus
1244 2915 1430 2955 omnes

56 2992 418 3047 Tradiderant
440 2988 631 3045 Carolo
659 3005 775 3045 sese
800 2991 1133 3045 concorditer
1157 2991 1315 3045 urbes

55 3078 320 3133 Eiusdem
350 3079 522 3149 regni,
546 3079 689 3148 quod
710 3080 818 3133 iam
839 3080 939 3134 sibi
970 3080 1087 3135 iure
1114 3080 1391 3134 subactum

57 3164 360 3239 Disposuit,
389 3168 647 3236 quantum
673 3167 844 3236 potuit
868 3183 965 3236 pro
987 3177 1225 3235 tempore
1247 3167 1365 3223 tali.

54 3257 136 3309 Ad
162 3256 325 3311 sedes
346 3258 545 3312 etenim
568 3257 788 3326 cupiens
814 3271 1051 3311 remeare
1078 3266 1343 3327 paternas,

55 3346 415 3401 Accelerabat
441 3347 561 3411 iter,
590 3362 774 3403 secum
798 3348 998 3404 ducens
1022 3356 1375 3422 memoratum

54 3436 243 3490 Italiae
275 3451 473 3506 regem,
499 3436 706 3491 noviter
727 3450 886 3505 quem
914 3445 1163 3505 coeperat
1185 3436 1365 3489 armis.

55 3526 154 3580 Hic
185 3526 551 3581 humanarum
579 3526 758 3582 videas
786 3526 1011 3594 ludibria
1039 3541 1238 3589 rerum,

55 3620 231 3684 Quam
260 3620 409 3673 vario
431 3633 593 3673 cursu
618 3618 758 3673 vitae
779 3626 895 3673 rota
916 3618 1152 3683 volvitur
1184 3618 1339 3672 huius
1365 3635 1375 3669 :

57 3708 328 3763 Ilesterno
352 3707 663 3762 Desiderius
695 3692 992 3761 diademate
1021 3707 1171 3776 regni

56 3797 291 3860 FIoruit,
318 3810 385 3850 eo
417 3795 574 3850 hodie
597 3804 679 3850 est
705 3809 926 3864 pauper,
955 3794 1196 3862 captivus
1222 3804 1277 3848 et
1304 3794 1445 3849 exul.

58 3886 231 3939 Filius
265 3884 429 3946 illius,
460 3884 781 3952 cognomine
800 3884 975 3940 dictus
1001 3882 1237 3951 Adalgis,

55 3976 188 4028 Cum
210 3970 585 4042 Langobardis
610 3970 664 4025 in
692 3984 757 4025 eo
784 3984 905 4039 spes
937 3971 1110 4038 ampla
1139 3979 1395 4033 maneret,

59 4060 317 4115 Difﬁdens
344 4060 506 4114 rebus
531 4052 758 4128 patriae,
787 4073 847 4113 se
872 4058 1096 4113 contulit
1124 4057 1246 4112 inde

57 4150 137 4204 Ad
166 4146 605 4220 Constantinum,
630 4144 922 4200 Grecorum
948 4152 1157 4213 sceptra
1193 4154 1493 4229 regentem;
1587 4201 1599 4211 ,

57 4244 97 4295 Α
124 4258 236 4311 quo
266 4239 533 4310 patricius
558 4237 838 4308 praeclaro
865 4251 1086 4291 munere
1115 4232 1309 4300 factus,
1452 4294 1455 4297 _

59 4331 167 4383 Hoc
200 4330 253 4383 in
283 4330 491 4382 honore
518 4339 645 4381 suae
670 4324 968 4395 permansit
990 4325 1057 4378 ad
1078 4323 1263 4378 ultima
1288 4324 1447 4378 vitae.

58 4417 172 4471 Rex
203 4424 388 4469 autem
411 4412 635 4486 Carolus
663 4412 902 4477 veniens,
937 4411 1063 4466 dum
1095 4412 1338 4480 cognitus
1369 4413 1485 4468 eius

60 4507 224 4560 Velox
252 4505 525 4576 adventus
550 4516 649 4557 nec
675 4502 799 4556 dum
823 4500 1121 4556 Saxonibus
1144 4510 1313 4565 esset,

57 4596 311 4656 Fecerat,
336 4598 395 4645 ut
423 4590 613 4659 triplex
641 4589 909 4645 exercitus
933 4589 986 4642 in
1015 4589 1256 4657 regiones

57 4685 275 4739 Illorum
306 4681 529 4745 missus,
556 4679 737 4735 multis
767 4679 1025 4749 aIIligeret
1057 4680 1199 4750 ipsos
1284 4674 1289 4680 ’

58 4773 296 4829 Cedibus
324 4785 390 4824 ac
414 4768 647 4838 praedis,
676 4768 794 4821 loca
822 4767 1051 4836 denique
1077 4767 1303 4836 plurima
1330 4775 1542 4822 vastans

60 4859 194 4916 Hinc
219 4868 313 4917 est
339 4871 464 4912 cum
490 4856 672 4928 spoliis
698 4856 869 4911 victor
894 4870 1167 4925 regressus
1185 4857 1377 4925 opimis

522 4945 671 4999 Anno
707 4944 830 5000 775.
862 4943 1056 4998 Indici.
1086 4946 1169 4999 l2.
1348 4964 1353 4965 ί

62 5038 170 5090 ilex
198 5035 402 5091 hiemis
435 5042 643 5103 tempus
667 5034 869 5091 ducens
891 5034 945 5088 in
969 5032 1261 5097 Carisiaco,

64 5130 291 5182 Nomine
316 5142 424 5196 quo
445 5126 673 5194 quedam
699 5126 895 5196 regalis
923 5126 1045 5179 villa
1074 5135 1312 5187 vocatur,

64 5218 185 5270 Illuc
203 5217 542 5271 Francorum
567 5227 817 5283 proceres
845 5222 1120 5283 totumque
1148 5223 1391 5270 senatum

64 5306 359 5369 Convocat,
385 5318 450 5359 ac
478 5302 705 5377 multum
727 5309 966 5356 tractans
990 5302 1244 5356 dorebus
1264 5302 1501 5371 agendis,

68 5398 129 5450 Et
158 5397 348 5460 variis,
378 5394 575 5464 quibus
596 5392 822 5473 indiguit
853 5406 939 5446 res
964 5392 1195 5461 publica,
1223 5379 1384 5455 curis,

69 5491 316 5557 Inprimis
342 5491 447 5545 hoc
474 5486 757 5541 consilium
790 5485 1100 5553 perhibetur
1122 5483 1302 5548 inisse,

12 5596 37 5631 ι
72 5578 135 5631 Et
161 5580 360 5648 Iugiter
384 5575 582 5632 bellum
605 5573 902 5629 Saxonibus
928 5574 1279 5644 ingereretur,

139 5724 157 5747 ο
187 5711 239 5762 Μ
266 5719 351 5763 est
378 5712 507 5763 oris.

138 5780 161 5818 ιι
182 5762 522 5833 Ticincnsuin
557 5776 715 5845 genit.
749 5775 906 5843 plum;
937 5776 1151 5831 lleiucc.
1190 5774 1522 5829 Ticincmem.

1651 597 1696 652 Α
1724 590 1867 657 Quos
1894 599 2149 659 expertus
2178 599 2293 646 erat
2320 594 2440 645 fidei
2468 594 2550 647 vel
2576 593 2804 647 foederis
2833 595 3006 646 nimiis

1733 680 2091 746 Immemores,
2122 696 2394 750 nunquam
2424 683 2521 735 sub
2548 697 2679 750 pace
2706 683 2982 750 quiescere
3014 682 3164 737 \‘ele.

1734 769 1867 824 Hinc
1893 772 2099 835 statuit,
2126 773 2339 839 requies
2363 772 2466 827 illis
2497 782 2555 826 ut
2584 773 2723 826 nulla
2751 774 2987 833 daretur.

1732 854 1908 912 Donec
1935 859 2118 926 gentili
2153 860 2256 914 ritu
2286 861 2540 929 cultuque
2570 861 2772 923 relicto,

1728 947 2045 1003 Cbristicole
2074 950 2283 1014 fierent,
2313 959 2405 1005 aut
2432 951 2739 1006 delerentur
2768 952 2819 1005 in
2847 966 3032 1006 aevum

1728 1034 1773 1088 Ο
1800 1036 1970 1103 pietas
2002 1038 2277 1109 benedicta
2300 1039 2414 1103 Dei,
2438 1055 2575 1108 quae
2595 1042 2705 1094 vult
2737 1057 2903 1111 genus
2925 1057 3083 1097 cinno

1730 1121 2028 1177 Humanum
2059 1124 2173 1178 fieri
2197 1127 2420 1191 salvum,
2449 1130 2572 1197 quia
2602 1140 2823 1184 noverat
2849 1132 3008 1185 huius

1729 1211 1842 1266 Non
1871 1213 2027 1285 aliter
2054 1216 2228 1284 gentis
2255 1217 2447 1271 molliri
2477 1226 2695 1286 pectora
2725 1234 2901 1287 posse,

1728 1300 1968 1355 Disceret
1993 1310 2051 1356 ut
2079 1303 2260 1358 cervix
2298 1303 2573 1360 reflectere
2596 1305 2727 1360 dura
2753 1306 2980 1374 rigorem

1728 1390 2038 1461 lngenitum,
2070 1394 2288 1463 mitique
2317 1396 2439 1465 iugo
2468 1410 2525 1451 se
2554 1397 2780 1451 subdere
2804 1397 3020 1451 Christi.

1728 1479 1807 1532 Ob
1831 1480 1930 1533 hoc
1958 1481 2228 1536 doctorem
2252 1483 2412 1537 talem
2441 1483 2667 1552 fideique
2692 1485 3025 1553 magistrum,

1728 1566 1945 1621 Scilicet
1970 1568 2229 1639 insignem
2253 1569 2497 1626 Carolum
2523 1574 2735 1626 donavit
2759 1575 2982 1636 eisdem,

1726 1656 1826 1722 Qui
1850 1658 1989 1713 bello
2010 1668 2292 1727 premeret,
2317 1675 2449 1729 quos
2483 1678 2584 1715 non
2619 1664 2821 1717 ratione
2854 1665 3112 1725 domaret,

1729 1742 1922 1812 Sicque
1953 1746 2033 1798 vel
2063 1746 2255 1802 invitos
2279 1748 2468 1801 salvari
2496 1760 2709 1819 cogeret
2739 1752 2899 1820 ipsos.

1730 1831 1840 1886 lloc
1866 1835 2179 1901 inspiratam
2209 1839 2357 1892 cordi
2384 1840 2637 1895 divinitus
2664 1843 2781 1897 eius

1658 1912 1701 1972 Β
1732 1921 1871 1977 Utile
1896 1925 2174 1979 consilium
2198 1929 2522 1983 comitantur
2547 1938 2761 1985 strenua
2789 1931 2951 1987 facta.

1704 2012 1930 2081 Quippe
1950 2014 2111 2069 duces
2141 2016 2421 2085 omnisque
2444 2018 2600 2071 simul
2628 2019 2831 2073 delecta
2864 2020 3111 2074 iuventus

1724 2101 1804 2153 Ad
1830 2101 2045 2156 Duriam
2073 2104 2248 2158 vicum
2274 2114 2562 2174 properant
2587 2121 2600 2159 :
2632 2123 2753 2161 nam
2786 2122 2909 2176 rege
2942 2109 3157 2162 iubente

1724 2189 1834 2243 Illic
1862 2200 2153 2245 conventus
2181 2194 2355 2261 populi
2381 2196 2641 2264 generalis
2667 2198 2913 2253 habetur.

1725 2278 1897 2346 Atque
1918 2279 2109 2334 dehinc
2133 2282 2319 2351 grandi
2353 2284 2667 2338 transmisso
2692 2283 2909 2339 flumine
2932 2284 3137 2347 Rheno,

1726 2367 1996 2423 Saxonum
2020 2369 2243 2426 Carolus
2278 2373 2410 2427 fines
2438 2374 2700 2449 hostiliter
2722 2374 2885 2427 intrat

1725 2459 1801 2511 Ae
1822 2460 1991 2527 primo
2014 2460 2264 2532 Sigiburg
2285 2460 2562 2517 castellum
2591 2464 2782 2532 coepit,
2808 2471 2861 2517 et
2890 2464 3011 2518 inde

1725 2546 1990 2617 Ercsburg
2016 2549 2182 2617 petiit,
2217 2565 2377 2618 quam
2397 2559 2607 2618 captam
2634 2551 2867 2604 diximus
2879 2552 3094 2623 _urbem.

1727 2635 1831 2689 Sed
1860 2650 1925 2691 ne
1950 2638 2214 2705 praesidio
2234 2638 2455 2693 Francis
2482 2639 2594 2693 fore
2622 2648 2819 2709 posset,
2850 2641 3073 2693 eandem

1726 2721 1972 2790 Indigene
2000 2724 2413 2779 destruxerunt:
2443 2725 2580 2780 hanc
2608 2726 2833 2794 denique
2864 2741 3051 2780 rursus

1728 2810 1969 2876 Mnnivit,
1997 2814 2279 2883 posuitque
2304 2829 2430 2870 suas
2459 2815 2569 2871 illic
2595 2816 2861 2886 legiones;

1725 2896 1849 2950 Inde
1876 2898 2040 2965 gradu
2065 2900 2226 2953 celeri
2255 2900 2521 2955 Wisuram
2551 2903 2793 2971 pervenit
2814 2904 2879 2956 ad
2906 2918 3137 2957 amnem.

1725 2989 1820 3042 Cui
1853 2990 1997 3042 iuxta
2026 3000 2257 3046 montem
2285 2992 2374 3060 qui
2401 2992 2761 3063 Brunes-berg
2785 2995 3069 3058 vocitatur,

1725 3076 1890 3132 Obvia
1921 3095 2106 3150 magna
2138 3080 2237 3135 fuit
2263 3083 2481 3150 cupiens
2502 3084 2760 3138 obsistere
2789 3085 2959 3146 turba,

1728 3167 1802 3219 Ne
1825 3166 2037 3220 fluvium
2064 3169 2334 3232 transiret,
2362 3177 2415 3223 et
2445 3170 2546 3225 hoc
2578 3172 2857 3225 conamine
2886 3186 3053 3225 casso.
3124 3162 3131 3169 ’

1651 3228 1699 3288 c
1726 3253 1881 3322 Fugit
1910 3254 2052 3308 enim
2073 3257 2247 3323 primo
2274 3228 2454 3311 statim
2482 3256 2774 3312 certa’mine
2803 3259 2969 3326 pulsa.

1724 3339 2138 3409 Innumerosque
2169 3342 2253 3395 die
2288 3342 2485 3397 ferrum
2519 3352 2879 3411 prostraverat
2907 3344 3015 3397 illo.

1725 3430 1850 3483 lude
1880 3444 2097 3484 movens
2122 3432 2342 3486 Carolus
2372 3434 2615 3502 regiones
2642 3429 2785 3487 venit
2809 3436 2873 3488 ad
2900 3435 3037 3496 illas,

1724 3516 1867 3581 Quas
1891 3516 2176 3573 Osterliudi
2203 3531 2223 3556 ε
2252 3520 2497 3585 retinent,
2529 3521 2769 3589 seditque
2798 3522 2984 3575 loeatis

1724 3604 1804 3657 Ad
1830 3603 2043 3659 ﬂuvium
2070 3608 2282 3671 castris,
2306 3608 2397 3675 qui
2428 3616 2569 3664 nunc
2592 3608 2825 3663 Ovaccra
2854 3618 3089 3664 vocatur.

1726 3695 1874 3749 Tunc
1897 3696 1969 3749 illi
2001 3696 2233 3764 quidam,
2265 3698 2355 3766 qui
2382 3698 2446 3751 de
2471 3699 2793 3767 primoribus
2819 3698 2934 3752 cius

1724 3784 1909 3839 Gentis
1934 3793 2069 3847 erat,
2102 3785 2322 3854 supplex
2350 3787 2584 3840 occurrit
2614 3787 2827 3859 nomine
2860 3785 3032 3849 llessi,

1725 3874 1899 3930 Partis
1928 3884 1980 3929 et
2008 3874 2146 3928 illius
2175 3876 2375 3944 pariter
2406 3874 2556 3943 plebs
2589 3877 2744 3930 obvia
2777 3884 2885 3929 tota

1726 3966 1971 4026 Venerat,
2009 3966 2388 4035 obsidibusque
2415 3967 2555 4021 datis
2579 3983 2713 4036 quos
2745 3969 2973 4022 iusserat
3004 3971 3136 4037 ipse,

1727 4055 1795 4109 Se
1818 4071 2031 4109 scrvare
2058 4056 2211 4110 fidem
2239 4058 2347 4125 regi
2372 4072 2468 4125 per
2491 4059 2723 4112 maxima
2749 4059 3008 4127 spondent

1724 4142 2041 4197 luramenta.
2073 4146 2274 4210 Quibus
2300 4148 2504 4200 cunctis
2534 4147 2635 4200 huc
2662 4144 2849 4201 ordine
2884 4149 3065 4217 gestis,

1720 4230 1781 4283 In
1806 4246 1994 4300 pagum
2016 4234 2190 4297 rediit,
2215 4250 2371 4302 quem
2403 4233 2584 4289 dicunt
2608 4238 2822 4290 nomine
2844 4236 3030 4290 Bukki.

1726 4318 1838 4374 Illic
1865 4336 2147 4376 occurrere
2174 4325 2334 4378 duces
2362 4326 2517 4378 simul
2546 4325 2899 4395 Angariorum

1726 4411 1857 4465 Cum
1885 4412 2096 4481 populo,
2127 4413 2392 4482 similique
2419 4415 2575 4469 modo
2599 4414 2868 4483 regalibus
2895 4430 3087 4467 omnes

1649 4534 1702 4591 Β
1728 4501 1861 4553 Dum
1885 4510 2073 4568 parent
2101 4502 2279 4565 iussis,
2310 4502 2727 4571 iuramentisque
2753 4502 2931 4557 fideles

1730 4589 1799 4646 Se
1827 4588 1939 4643 fore
1966 4590 2306 4655 conﬁrmant,
2338 4591 2563 4645 reditum
2594 4601 2749 4660 parat
2774 4592 2895 4643 ilico
2926 4590 3112 4643 victor.

1726 4675 1931 4730 Interea
1953 4677 2101 4731 iuxta
2126 4677 2393 4732 Wisuram
2424 4679 2639 4732 dimissa
2668 4680 2915 4733 manebat

1728 4765 1857 4821 Pars
1878 4769 2204 4822 exercituum
2232 4770 2390 4839 regis,
2410 4768 2569 4848 locus
2598 4772 2708 4839 ipse
2738 4780 2957 4824 vocatur

1728 4856 1990 4923 lllidbelti,
2022 4874 2127 4927 quo
2152 4862 2343 4914 castris
2372 4861 2509 4915 idem
2536 4862 2721 4915 sedere
2750 4861 2955 4915 locatis.

1728 4947 1832 5002 Sed
1862 4948 1999 5003 male
2027 4963 2244 5003 securos
2274 4964 2359 5004 res
2382 4964 2634 5019 prospera
2662 4950 2860 5005 fecerat
2892 4951 3029 5016 illos,

1726 5040 1838 5104 Qua
1870 5051 1958 5090 rex
1993 5053 2120 5093 usus
2142 5047 2274 5101 erat,
2300 5034 2419 5093 cum
2441 5041 2647 5094 cunctis
2669 5041 2909 5095 hostibus
2934 5050 3073 5096 esset

1729 5129 1962 5194 Terrori,
1994 5130 2099 5203 iam
2131 5138 2255 5185 tunc
2283 5132 2511 5188 audente
2542 5134 2791 5187 resistere
2815 5134 2977 5186 nullo.

1729 5220 1861 5273 Hinc
1882 5228 1997 5273 erat
2022 5218 2073 5273 in
2096 5222 2289 5276 castris
2312 5222 2519 5276 cautela
2548 5223 2821 5277 remissior
2847 5223 2968 5285 illis,

1730 5310 1796 5365 Ut
1826 5318 2038 5377 possent
2065 5312 2228 5365 nimia
2260 5310 2526 5366 Saxonum
2553 5311 2738 5368 fraude
2766 5314 2964 5367 noceri.

1728 5400 1818 5453 Sol
1853 5389 2059 5453 summo
2081 5401 2212 5472 coeli
2241 5415 2440 5468 pronus
2466 5398 2715 5470 vergebat
2748 5401 2814 5452 ab
2847 5415 2965 5460 axe,

1727 5490 1793 5543 Et
1816 5490 2147 5561 vespertinas
2176 5490 2280 5543 iam
2310 5491 2531 5545 tendere
2546 5488 2719 5558 coepit
2748 5490 2813 5541 ad
2848 5491 3035 5553 horas;
3124 5524 3130 5527 -

1728 5576 1874 5629 Tunc
1900 5585 1956 5628 ut
1979 5576 2130 5645 equis
2155 5576 2371 5643 quidam
2398 5577 2666 5632 deferrent
2692 5574 2879 5644 pabula
2912 5574 3087 5643 longe,

1799 5719 1817 5743 ε
1856 5705 1941 5767 Κ..
1971 5703 2267 5773 Ostcrlingi.
