4266 6502
2031 459 2274 518 ΡΟΕΤᾸΞ
2317 410 2603 517 SAIObllS

2285 575 2330 629 Α
2365 574 2459 627 llic
2489 589 2669 629 rumor
2691 572 2865 629 Caroli
2895 591 3014 630 cum
3040 582 3267 644 primum
3295 579 3438 631 venit
3463 579 3528 631 ad
3556 593 3729 644 aures,
3770 574 3789 585 “

2362 663 2687 718 Conventum
2716 681 2994 734 procerum
3026 667 3139 719 ﬁeri
3167 670 3468 736 praecoepit
3499 669 3550 721 in
3581 670 3713 724 urbe

2364 753 2684 817 Wormacia,
2716 756 3003 823 statuitque
3033 771 3208 810 moras
3236 756 3505 811 innectere
3536 757 3729 821 nullas,

2363 842 2500 905 Quin
2525 843 2691 896 lueret
2718 844 2846 896 tanti
2874 845 3087 898 sceleris
3115 858 3243 915 gens
3268 846 3467 914 perﬁda
3495 861 3715 914 poenas.

2363 928 2503 997 Ergo
2531 930 2641 983 suis
2668 930 2990 985 exercitibus
3021 947 3112 985 rex
3144 933 3374 1000 undique
3407 933 3576 994 lectis,

2363 1015 2595 1071 Conatus
2624 1018 2764 1071 ecler
2793 1019 3012 1072 hostiles
3036 1022 3392 1087 praevertitur
3419 1035 3623 1085 omnes,

712 466 810 521 691

716 577 793 631 De
819 576 1007 629 castris
1035 575 1180 642 prius
1206 575 1404 643 egressi
1432 575 1630 642 pariter
1656 576 1945 629 redierunt.

720 663 815 716 llis
842 679 899 717 se
925 661 1189 716 Saxonum
1217 663 1479 730 quoddam
1506 663 1817 729 permiscuit
1839 676 2048 731 agmen,

720 751 1031 821 Fingcntum
1063 760 1230 805 semet
1251 752 1423 805 socios
1450 753 1732 819 animoque
1762 752 1962 805 ﬁdeles.

720 840 852 892 Tum
881 856 937 893 se
962 841 1184 908 quisque
1212 855 1347 895 novo
1375 840 1563 895 blande
1590 841 1827 893 sociabat
1855 840 2046 902 amico,

720 927 894 981 llostis
922 944 1026 996 quo
1053 944 1241 983 saevus
1269 930 1420 983 latuit
1445 932 1543 984 sub
1570 930 1785 984 nomine
1816 937 2004 981 tectus.
2028 944 2035 951 ·

673 1036 677 1040 ι
716 1015 1128 1082 Adhibitnmque
1156 1016 1312 1070 ﬁdem
1343 1017 1519 1069 verbis
1545 1015 1821 1069 fallacibus
1845 1023 2001 1083 auget

672 1177 677 1185 ν
718 1101 1037 1170 Obsequium
1058 1119 1075 1165 ς
1100 1104 1276 1157 cuncti
1302 1104 1457 1157 simul
1486 1106 1538 1158 in
1565 1120 1842 1158 commune
1870 1104 2134 1167 laborant,

3816 461 3947 518 633

717 1188 850 1243 Pars
873 1191 1147 1244 subvectat
1173 1206 1307 1245 onus
1334 1192 1520 1246 viridis
1547 1192 1704 1246 simul
1730 1202 1954 1260 utraque
1980 1191 2139 1246 foeni.

721 1278 813 1333 Sic
838 1279 1146 1349 introgressi
1174 1280 1496 1335 Francorum
1525 1290 1700 1336 castra
1730 1280 1920 1346 dolosi,

720 1368 869 1433 Quod
897 1370 947 1422 vi
978 1385 1081 1424 non
1112 1378 1377 1438 poterant,
1399 1378 1621 1439 egerunt
1650 1379 1793 1436 arte;
1819 1371 1910 1425 sed
1930 1372 2055 1425 olim

721 1458 816 1511 Est
836 1460 1035 1513 dictum
1054 1477 1076 1509 ς
1093 1460 1255 1515 Delus
1272 1476 1337 1513 an
1359 1461 1547 1524 virtus,
1572 1461 1692 1533 quis
1713 1462 1764 1514 in
1780 1464 1931 1516 hoste
1955 1462 2223 1531 requirat?
2244 1482 2262 1511 ι

724 1548 1010 1616 Dcpressos
1034 1565 1218 1604 somno
1237 1549 1471 1604 Francos
1495 1550 1752 1605 instanter
1772 1552 1943 1606 adorti

622 1676 629 1683 .
726 1637 981 1701 Saxones,
1011 1630 1226 1692 caedem
1254 1637 1470 1691 nimiam
1502 1637 1677 1693 fecere
1700 1637 1923 1702 feroces,

724 1727 901 1781 Donec
920 1718 1158 1780 discusso
1188 1728 1397 1791 tandem
1428 1734 1638 1794 torpore
1665 1726 1889 1794 soporis,

726 1815 948 1880 Quidam
973 1817 1230 1884 correptis
1258 1813 1470 1869 obstare
1492 1812 1909 1869 viriliterarmis

726 1905 1043 1973 Coeperunt,
1071 1919 1350 1974 pugnaque
1372 1904 1580 1958 dehinc
1603 1910 1873 1971 utcunque
1899 1912 2128 1967 remota,

727 1994 944 2048 Scilicet
969 2008 1034 2048 ex
1061 2002 1236 2061 pacto,
1266 1993 1407 2061 quod
1432 2001 1558 2046 tunc
1579 1993 1822 2062 angustia
1844 1992 1966 2046 talis

727 2082 983 2145 Dictabat,
1018 2084 1198 2137 hestcs
1225 2083 1383 2152 celeri
1412 2083 1617 2135 rediere
1646 2097 1885 2136 recursu.

729 2172 821 2226 llis
850 2189 940 2225 rex
969 2172 1164 2225 auditis
1188 2171 1312 2225 illuc
1339 2185 1625 2239 properare
1652 2170 1866 2240 sategit,

724 2262 899 2330 Atque
926 2261 1053 2315 satis
1077 2261 1228 2313 velox
1259 2260 1548 2328 fugientum
1577 2248 1724 2327 terga
1747 2266 1980 2321 secutus,

728 2350 1021 2403 Prostravit
1051 2350 1245 2404 multos
1272 2358 1518 2403 auctores
1545 2348 1783 2402 criminis
1808 2348 1985 2402 huius.

729 2436 865 2490 llinc
883 2438 948 2489 ad
968 2436 1289 2491 Westfalhos
1315 2437 1479 2499 venit,
1509 2436 1794 2504 statimque
1820 2435 2050 2505 receptis

728 2525 1031 2589 Obsidibus,
1062 2540 1195 2594 quos
1224 2525 1568 2588 tradiderant,
1598 2524 1929 2579 abscesserat
1950 2524 2106 2578 inde:

729 2614 807 2667 Ac
833 2613 1066 2682 suscepit
1086 2628 1253 2666 ovans
1283 2613 1587 2666 redeuntem
1616 2612 1842 2666 Francia
1865 2626 2066 2682 regem.

1194 2704 1342 2756 Anno
1371 2703 1489 2756 776.
1522 2703 1713 2756 Indict.
1747 2704 1831 2758 15.

731 2792 969 2861 Cumque
998 2792 1208 2846 domum
1239 2792 1448 2845 rediens
1473 2792 1720 2861 princeps
1744 2792 1848 2846 iter
1874 2792 2212 2853 acceleraret,

731 2879 999 2948 Comperit
1021 2880 1269 2936 Ausoniis
1299 2882 1349 2934 in
1375 2882 1613 2949 partibus
1640 2896 1757 2934 esse
1786 2882 2078 2945 tirannum,

731 2967 953 3022 Nomine
980 2967 1354 3037 Ilrodgaudum
1372 3009 1387 3033 ,
1420 2984 1553 3022 nova
1580 2970 1670 3036 qui
1701 2969 1972 3022 molimina
2002 2976 2283 3038 temptans,

646 3087 663 3101 ρ
731 3056 864 3120 Nec,
894 3072 1050 3126 quem
1075 3073 1167 3112 rex
1195 3059 1269 3110 illi
1299 3059 1537 3123 dederat,
1567 3067 1846 3114 contentus
1869 3059 2095 3124 honore,

733 3146 918 3201 Italiae
940 3146 1105 3199 latum
1135 3146 1298 3200 voluit
1326 3147 1424 3201 sibi
1451 3148 1677 3202 subdere
1707 3162 1946 3216 regnum.

737 3232 939 3301 Quippe
965 3235 1150 3287 ducem
1177 3235 1529 3302 comitemque
1555 3234 1985 3288 Foroiulensibus
2012 3235 2181 3303 ipsum

737 3306 1021 3376 Constiluit
1048 3322 1287 3387 Carolus,
1312 3325 1486 3393 primo
1514 3340 1634 3379 curn
1658 3325 1803 3379 clara
1832 3325 2097 3394 triumpho

740 3412 815 3464 De
839 3412 1198 3481 Langobardis
1224 3414 1396 3467 victor
1421 3413 1616 3467 vexilla
1641 3415 1864 3468 revexit.
2131 3412 2136 3418 ’

738 3498 871 3552 Huic
900 3500 1054 3553 nimis
1083 3501 1323 3569 ingratus
1345 3501 1483 3556 dono
1512 3502 1650 3556 male
1679 3503 1997 3558 sollicitabat

740 3586 969 3642 Urbibus
998 3603 1061 3641 ex
1094 3589 1275 3642 multis
1305 3589 1555 3657 populos,‘
1576 3605 1639 3644 ac
1660 3589 1786 3644 fecit
1812 3600 1870 3644 ut
1896 3592 1961 3645 ad
1988 3607 2047 3647 se

738 3675 1055 3739 Deﬁcerent,
1089 3678 1227 3730 iusto
1249 3676 1424 3731 Caroli
1455 3685 1632 3745 spreto
1659 3677 1951 3731 dominatu.

742 3765 846 3819 llos
875 3774 934 3818 nt
959 3764 1331 3834 comprimeret
1352 3775 1544 3829 motus,
1569 3766 1641 3818 nil
1672 3766 1782 3833 ipse
1807 3774 2063 3830 moratus,

741 3851 967 3905 Strenua
997 3867 1155 3920 quam
1179 3852 1337 3907 celeri
1368 3852 1557 3919 raptim
1584 3861 1739 3905 vocat
1760 3854 1969 3922 agmina
2004 3855 2169 3918 iussu,

748 3942 879 3995 Cum
904 3944 1095 4011 quibus
1121 3942 1323 3997 italiam
1353 3955 1658 4011 properans,
1689 3943 1983 4011 meritoque
2013 3953 2291 4015 tyrannum

745 4035 964 4089 lnteritu
994 4036 1249 4103 plectcns,
1283 4035 1443 4088 urbes
1468 4049 1682 4088 servare
1708 4043 1950 4101 receptas
2002 4048 2011 4063 ί

745 4122 1068 4178 Francorum
1090 4127 1327 4189 comites,
1356 4140 1486 4193 quos
1509 4129 1618 4196 ipse
1646 4128 1854 4184 locabat
1879 4130 1929 4183 in
1958 4130 2084 4195 illis,

742 4214 920 4277 Iussit,
949 4223 1003 4268 et
1029 4221 1087 4267 ut
1115 4216 1274 4277 venit,
1306 4216 1459 4270 velox
1486 4218 1564 4272 sic
1594 4219 1714 4274 inde
1743 4222 1982 4273 recessit.

816 4305 915 4357 Vix
943 4305 1251 4372 Alpinarum
1274 4304 1473 4361 nivium
1499 4308 1616 4378 iuga
1647 4311 2054 4379 proximacaelo

747 4390 822 4443 Illi
847 4399 1176 4459 transgresso
1203 4394 1372 4449 tristis
1394 4395 1494 4449 fuit
1517 4396 1671 4450 obvia
1702 4397 1864 4462 fama,

746 4477 1012 4547 Ercsburg
1040 4478 1275 4533 referens
1294 4483 1503 4547 urbem,
1525 4498 1683 4550 quam
1705 4494 1945 4553 coeperat
1974 4487 2101 4542 olim

748 4564 1102 4633 Militibusquc
1128 4569 1239 4623 suis
1264 4571 1608 4625 mandaverat
1636 4572 1746 4640 ipse
1774 4576 2044 4639 tuendam,

751 4648 991 4706 Saxones
1011 4665 1364 4725 eXpugnatam
1394 4661 1650 4728 coepisse,
1675 4677 1930 4730 suumque
2006 4678 2017 4689 ·

749 4741 1037 4807 l'lprIISIiin
1063 4742 1175 4797 fore
1194 4746 1516 4811 praesidium
1548 4748 1806 4803 violenter
1827 4753 1893 4804 ab
1914 4753 2034 4807 illis.

752 4830 885 4882 Tum
910 4831 1155 4901 Sigiburg
1184 4845 1207 4873 τι
1239 4834 1377 4888 aliud
1406 4837 1568 4890 multo
1589 4840 1867 4894 conamine
1895 4851 2125 4907 castrum

752 4922 1067 4989 Oppuguarc
1089 4924 1299 4991 quidem
1330 4927 1548 4990 studuit,
1577 4944 1674 4981 nec
1700 4929 1911 4985 vincere
1945 4933 2112 5001 quivit

754 5006 897 5061 Ceus
918 5008 1122 5073 eadem,
1148 5012 1364 5079 cupiens
1384 5010 1462 5065 ab
1490 5029 1551 5069 ea
1580 5017 1720 5084 regis
1744 5016 1978 5088 legiones

756 5096 986 5158 Pellere;
1016 5100 1105 5151 sed
1138 5115 1341 5169 pugnae
1368 5104 1590 5172 populus
1617 5104 1908 5162 Saxonicus
1933 5109 2156 5173 instans,

756 5188 797 5238 A
832 5196 975 5254 tergo
998 5188 1385 5246 circumventus
1416 5192 1513 5247 fuit
1542 5205 1697 5263 atque
1724 5196 1950 5263 fugatus,

758 5271 983 5327 Interius
1010 5276 1035 5314 δ
1061 5278 1244 5343 positis
1270 5280 1424 5333 simul
1450 5286 1861 5350 erumpentibus,
1892 5297 2052 5356 atque

761 5360 1004 5416 incautos
1031 5365 1180 5435 plaga
1205 5366 1357 5421 facile
1386 5371 1741 5425 sternentihus
1766 5375 1955 5441 ampla.

833 5546 855 5571 ιι
871 5532 1077 5617 Δἔζὶιηειςςι
1105 5537 1245 5617 ποατ,
1271 5537 1525 5617 ’Ξὶυηὺηνθ
1563 5540 1713 5617 Rein.
1730 5542 2049 5617 Emendavi
2070 5542 2310 5617 εἰμί-[ηας]

769 5616 831 5718 2x
862 5600 1147 5721 Αιιιιῗιὶὺυδ
1169 5602 1319 5659 Einb.
1339 5600 1389 5661 vel
1418 5600 1556 5662 rerv'su
1582 5610 1705 5662 anni
1730 5610 1850 5674 775,
1876 5611 1949 5663 Ac
1972 5600 2154 5681 primo"
2169 5600 2310 5681 ,εἰςῄῖ

809 5684 920 5727 urg,
950 5685 977 5722 e
1003 5686 1049 5721 α.

847 5708 920 5734 .3,
950 5708 1049 5722 ω...

844 5736 869 5774 δ
910 5732 995 5802 IL,
1026 5740 1252 5794 internis.

2366 1106 2715 1174 Temptavere
2742 1108 2935 1175 quibus
2964 1109 3137 1176 primo
3162 1109 3447 1163 defendere
3476 1124 3611 1164 sese.

2366 1193 2498 1246 Nam
2524 1194 2695 1249 fontes
2724 1185 2926 1259 adiens,
2956 1196 3042 1249 ubi
3073 1184 3269 1265 Lyppia
3298 1197 3533 1251 nascitur
3559 1196 3756 1261 amnis,
3782 1196 3785 1201 ’

2366 1280 2616 1349 Repperit
2642 1297 2703 1336 ex
2734 1283 2845 1350 ipsa
2871 1298 3181 1336 numerosas
3206 1291 3359 1353 gente
3384 1293 3623 1338 catervas

2366 1369 2476 1425 Illic
2504 1370 2771 1435 collectas,
2802 1372 3027 1425 humiles
3054 1358 3365 1440 veniamque
3393 1384 3694 1440 precantes,

2369 1463 2520 1529 Quod
2545 1479 2648 1517 non
2678 1466 2977 1517 servassem
3001 1478 3141 1516 anno
3166 1462 3423 1531 promissa
3448 1463 3633 1532 priori.

2370 1556 2502 1611 Cum
2529 1570 2655 1608 vero
2685 1556 2905 1609 Carolus
2933 1555 3166 1609 clemens
3197 1556 3491 1625 ignosceret
3517 1556 3648 1620 illis,

2371 1642 2702 1712 Complures,
2729 1643 2945 1697 domino
2976 1658 3033 1696 se
3060 1641 3274 1697 Christo
3302 1644 3521 1697 credere
3546 1643 3684 1698 velle

2374 1731 2706 1799 Spondentcs
2737 1731 3244 1798 simulacrorumque
3273 1729 3572 1800 relinquere
3599 1732 3801 1797 cultus,

2374 1818 2594 1887 Purgari
2628 1818 2781 1870 iussit
2811 1818 2949 1871 sacri
2977 1818 3311 1887 baptismatis
3339 1818 3498 1882 unda,

2307 1905 2349 1962 Β
2381 1905 2755 1973 Servandeque
2784 1905 2974 1958 iterum
3006 1904 3125 1960 ﬁdei
3156 1907 3415 1975 promissa
3442 1908 3644 1976 recepit

2376 1994 2658 2049 Obsidibus
2683 1995 2891 2047 ﬁrmata
2917 1995 3073 2057 datis,
3101 1997 3291 2063 quibus
3316 1997 3427 2064 ipse
3450 1997 3681 2050 volebat.

2378 2082 2642 2151 Eresburg
2673 2084 2863 2136 iterum
2893 2083 3068 2137 ﬁrmat
3092 2084 3381 2137 munimine
3406 2082 3553 2147 forti,

2378 2171 2444 2225 Et
2474 2172 2620 2225 iuxta
2648 2172 2862 2225 ﬂuvium
2891 2188 3047 2241 quem
3074 2172 3270 2243 Lyppia
3299 2173 3529 2227 diximus
3555 2183 3680 2227 ante

2378 2261 2665 2314 Castellum
2693 2263 2923 2315 condens
2950 2262 3108 2324 aliud,
3136 2262 3419 2331 complevit
3442 2272 3728 2331 utrumque

2380 2347 2633 2400 Militibus
2659 2347 2835 2410 lectis;
2871 2355 2979 2399 tmn
3006 2346 3207 2401 Gallica
3232 2362 3417 2401 rursus
3442 2348 3506 2400 ad
3533 2362 3661 2401 arva

2382 2436 2727 2504 Regi-edictis,
2756 2436 2948 2489 hiemis
2977 2444 3183 2503 tempus
3208 2438 3465 2505 transegit
3488 2438 3538 2489 in
3565 2437 3706 2500 aula,

2383 2524 2582 2580 Nomen
2607 2524 2876 2579 lleristalli
2896 2526 3115 2595 dederat
3138 2527 3222 2579 cui
3253 2526 3479 2579 barbara
3506 2525 3706 2595 lingua.

2847 2592 2994 2666 Αῖιηο
3021 2613 3143 2666 777.
3179 2613 3371 2666 Iudict.
3406 2613 3490 2666 it.

2382 2703 2663 2771 Aspirante
2689 2702 2811 2755 novi
2842 2702 3047 2769 placido
3076 2717 3194 2755 cum
3226 2709 3463 2769 tempore
3490 2704 3632 2756 veris

2385 2791 2607 2846 Horrida
2635 2792 2738 2844 iam
2765 2791 3039 2844 transisset
3065 2790 3252 2850 hiems,
3281 2806 3372 2844 rex
3402 2790 3783 2860 Noviomagnm
3810 2802 3834 2829 ε

2383 2880 2698 2942 Adveniens,
2732 2880 3020 2934 celebravit
3050 2879 3121 2933 ibi
3151 2879 3454 2948 sollempnia
3484 2882 3733 2947 paschae.

2386 2969 2519 3022 Tum
2544 2969 2668 3036 quia
2698 2969 2936 3021 Saxones
2963 2975 3236 3035 suspectos
3256 2966 3283 3005 ά
3311 2982 3518 3036 semper
3544 2968 3796 3030 habebat,
3863 2982 3875 2995 η

2385 3056 2537 3111 Haud
2565 3056 2831 3119 dubitans,
2862 3055 2978 3109 illos
3004 3069 3102 3123 pro
3130 3055 3373 3110 libertate
3401 3057 3625 3109 tenenda

2389 3145 2602 3211 Artibus
2632 3152 2846 3198 acturos
2875 3144 3034 3199 variis
3062 3145 3428 3212 quodcumque
3454 3146 3711 3208 valerent,

2313 3222 2357 3282 C
2389 3233 2456 3287 Et
2483 3234 2582 3285 nisi
2609 3233 2842 3287 continui
2871 3241 3236 3301 premerentur
3261 3234 3492 3301 pondere
3521 3234 3664 3297 belli,

2386 3320 2622 3375 Foedera
2652 3331 2914 3389 rupturos,
2944 3337 3123 3376 secum
3150 3322 3391 3377 condicta
3417 3323 3746 3393 frequenter,

2387 3408 2592 3462 Rursus
2620 3408 2675 3461 in
2700 3408 2908 3462 illorum
2938 3408 3163 3476 patriam
3195 3408 3481 3462 fortissima
3510 3411 3658 3464 ducit

2386 3497 2612 3567 Agmina
2644 3514 2656 3550 :
2689 3507 3002 3551 conventum
3028 3497 3207 3565 placiti
3235 3497 3495 3566 generalis
3525 3499 3726 3553 habere

2388 3589 2520 3643 Cum
2551 3588 2770 3643 ducibus
2798 3602 2857 3641 se
2883 3586 3017 3642 velle
3046 3588 3155 3642 suis
3181 3588 3465 3642 denunciat
3494 3588 3621 3642 illic.

2391 3679 2560 3733 Tanto
2587 3679 2809 3732 concilio
2837 3677 2984 3732 locus
3008 3685 3090 3731 est
3114 3678 3314 3754 electus
3339 3668 3575 3746 agendo,

2391 3764 2557 3830 Quem
2581 3764 3012 3818 Pathalbrnnnon
3042 3765 3294 3826 vocitant,
3326 3781 3431 3833 quo
3458 3781 3561 3819 non
3593 3766 3753 3820 habet
3780 3768 3896 3838 ipsa

2390 3851 2533 3906 Gens
2559 3850 2718 3904 alium
2750 3852 2975 3904 naturali
3005 3851 3122 3920 plus
3146 3853 3422 3908 nobilitate

2388 3939 2671 4009 Insignem,
2699 3940 2790 4007 qui
2820 3940 3133 4007 praecipuae
3159 3940 3434 3994 redimitus
3459 3941 3694 3995 abundat

2391 4028 2648 4082 Fontibus
2670 4035 2724 4080 et
2752 4028 2934 4081 nitidis
2962 4036 3015 4079 et
3041 4026 3301 4095 pluribus,
3330 4036 3384 4083 et
3410 4029 3573 4083 trahit
3600 4031 3722 4084 inde

2390 4113 2707 4170 Barbaricae
2732 4131 2922 4169 nomen
2951 4116 3160 4185 linguae
3184 4130 3428 4172 sermone
3453 4129 3737 4175 vetustum.

2394 4202 2543 4257 Tunc
2568 4204 2639 4257 ibi
2665 4204 2787 4257 villa
2812 4204 2908 4257 fuit
2937 4213 3160 4268 tantum,
3192 4221 3331 4259 nunc
3354 4208 3675 4274 pontiﬁcalis

2393 4290 2661 4345 Ecclesiae
2685 4300 2984 4346 constructa
3010 4293 3143 4347 nitet
3165 4292 3457 4349 clarissima
3486 4297 3657 4350 sedes.

2394 4380 2509 4446 Quo
2533 4381 2755 4435 Carolus
2780 4381 3013 4445 veniens,
3042 4381 3289 4436 collectos
3313 4384 3546 4452 repperit
3569 4400 3757 4438 omnes

2396 4466 2568 4521 Paene
2596 4470 2784 4531 duces,
2812 4469 3164 4537 populumque
3192 4470 3375 4533 simul,
3406 4479 3681 4542 totumque
3709 4483 3952 4530 senatum

2315 4529 2370 4589 Β
2399 4556 2688 4622 Saxonum,
2715 4529 2978 4627 nisi-quod
3007 4529 3217 4626 quidam
3245 4529 3817 4617 Widoltindusualinde

2395 4644 2628 4714 Aufugit,
2663 4661 2838 4714 regem
2866 4646 3091 4710 veritus;
3123 4662 3249 4699 nam
3273 4649 3517 4702 conscius
3546 4650 3685 4703 idem

2396 4737 2627 4791 Audacis
2656 4736 2867 4789 sibimet
2891 4736 3018 4790 facti
3046 4736 3298 4804 multique
3324 4744 3521 4801 reatus,

2400 4824 2653 4878 Sifridum
2677 4824 2829 4892 petiit
2856 4824 3119 4878 Danorum
3148 4833 3356 4892 sceptra
3383 4834 3679 4894 regentem.

2399 4916 2567 4970 Porro
2591 4916 2751 4969 duces
2777 4915 2883 4969 illic
2910 4916 2997 4969 alii
3025 4931 3144 4970 cum
3174 4915 3326 4983 plebe
3348 4915 3551 4984 gregati
3579 4927 3605 4956 ο

2403 5006 2722 5073 Suppliciter
2746 5006 2920 5059 cuncti
2948 5005 3151 5059 veniam
3175 5018 3463 5072 pacemque
3488 5013 3754 5077 petentes,

2402 5095 2693 5148 Paruerant
2722 5094 2833 5162 regi
2863 5095 2960 5147 sub
2990 5093 3079 5146 tali
3110 5094 3425 5157 conditione,

2406 5183 2476 5237 Ut
2501 5191 2688 5237 cuncta
2718 5181 2975 5237 scelerum
3004 5181 3218 5237 dimissa
3248 5182 3385 5236 mole
3414 5182 3676 5251 priorum,

2409 5273 2465 5326 Si
2496 5282 2614 5340 post
2646 5274 2899 5326 auderent
2930 5273 3042 5327 eius
3068 5273 3269 5343 violare
3297 5280 3513 5335 statuta,

2407 5364 2673 5418 Libertate
2699 5363 2852 5415 simul
2879 5364 3050 5432 prisca
3076 5363 3350 5431 patriaque
3375 5371 3636 5420 carerent.

2483 5569 2501 5593 ε
2548 5555 2751 5612 CIossa,
2789 5555 3104 5622 Niumagan.

2481 5625 2503 5661 ἀ
2545 5625 2749 5681 Clossa,
2781 5622 2978 5674 dubios.

2490 5704 2509 5729 ο
2552 5694 2636 5757 IL,
2669 5699 2895 5760 grcgata.
