  <div class='ocr_page' id='page_1' title='image "/cluster/home/n/w/nwhite01/storage/ocr_20150623/99-100/uc1.31175006946845/356.png"; bbox 0 0 4266 6426; ppageno 0'>
   <div class='ocr_carea' id='block_1_1' title="bbox 116 548 3313 635">
    <p class='ocr_par' dir='ltr' id='par_1_1' title="bbox 116 548 3313 635">
     <span class='ocr_line' id='line_1_1' title="bbox 116 548 3313 635; baseline -0.005 -19"><span class='ocrx_word' id='word_1_1' title='bbox 116 566 223 618; x_wconf 65' lang='grc' dir='ltr'><strong>ὖῖσῦ</strong></span> <span class='ocrx_word' id='word_1_2' title='bbox 459 561 706 617; x_wconf 67' lang='lat' dir='ltr'><strong>ANNAL.</strong></span> <span class='ocrx_word' id='word_1_3' title='bbox 748 560 832 612; x_wconf 75' lang='lat' dir='ltr'><strong>DE</strong></span> <span class='ocrx_word' id='word_1_4' title='bbox 869 556 1107 613; x_wconf 81' lang='lat' dir='ltr'><strong>GESTIS</strong></span> <span class='ocrx_word' id='word_1_5' title='bbox 1146 557 1202 609; x_wconf 88' lang='grc' dir='ltr'><strong>Β.</strong></span> <span class='ocrx_word' id='word_1_6' title='bbox 1237 553 1482 610; x_wconf 75' lang='lat' dir='ltr'><strong>CAROLl</strong></span> <span class='ocrx_word' id='word_1_7' title='bbox 1522 551 1726 605; x_wconf 71' lang='lat' dir='ltr'><strong>MAGM</strong></span> <span class='ocrx_word' id='word_1_8' title='bbox 1766 549 1940 635; x_wconf 63' lang='lat' dir='ltr'><strong>LIBRI</strong></span> <span class='ocrx_word' id='word_1_9' title='bbox 2070 581 2137 591; x_wconf 84' lang='lat'><strong>—-</strong></span> <span class='ocrx_word' id='word_1_10' title='bbox 2175 552 2331 606; x_wconf 73' lang='lat' dir='ltr'><strong>V&#39;ITA</strong></span> <span class='ocrx_word' id='word_1_11' title='bbox 2368 550 2630 606; x_wconf 75' lang='lat' dir='ltr'><strong>CAROLI.</strong></span> <span class='ocrx_word' id='word_1_12' title='bbox 2670 580 2739 589; x_wconf 93' lang='lat'><strong>—-</strong></span> <span class='ocrx_word' id='word_1_13' title='bbox 2778 550 2898 602; x_wconf 72' lang='lat' dir='ltr'><strong>LIB.</strong></span> <span class='ocrx_word' id='word_1_14' title='bbox 2940 551 2979 603; x_wconf 91' lang='lat' dir='ltr'><strong>l.</strong></span> <span class='ocrx_word' id='word_1_15' title='bbox 3212 548 3313 603; x_wconf 65' lang='lat'><strong>69$</strong></span> 
     </span>
    </p>
   </div>
   <div class='ocr_carea' id='block_1_2' title="bbox 113 666 1476 741">
    <p class='ocr_par' dir='ltr' id='par_1_2' title="bbox 113 666 1476 741">
     <span class='ocr_line' id='line_1_2' title="bbox 113 666 1476 741; baseline -0.01 -11"><span class='ocrx_word' id='word_1_16' title='bbox 113 676 355 741; x_wconf 81' lang='lat' dir='ltr'><strong>Quorum</strong></span> <span class='ocrx_word' id='word_1_17' title='bbox 384 685 496 728; x_wconf 84' lang='lat' dir='ltr'><strong>tum</strong></span> <span class='ocrx_word' id='word_1_18' title='bbox 522 675 735 729; x_wconf 84' lang='lat' dir='ltr'><strong>Christo</strong></span> <span class='ocrx_word' id='word_1_19' title='bbox 762 688 819 727; x_wconf 91' lang='lat' dir='ltr'><strong>sc</strong></span> <span class='ocrx_word' id='word_1_20' title='bbox 843 672 1058 725; x_wconf 81' lang='lat' dir='ltr'><strong>credere</strong></span> <span class='ocrx_word' id='word_1_21' title='bbox 1085 669 1216 723; x_wconf 87' lang='lat' dir='ltr'><strong>velle</strong></span> <span class='ocrx_word' id='word_1_22' title='bbox 1243 666 1476 737; x_wconf 85' lang='lat' dir='ltr'><strong>professa</strong></span> 
     </span>
    </p>
   </div>
   <div class='ocr_carea' id='block_1_3' title="bbox 112 757 1414 831">
    <p class='ocr_par' dir='ltr' id='par_1_3' title="bbox 112 757 1414 831">
     <span class='ocr_line' id='line_1_3' title="bbox 112 757 1414 831; baseline -0.007 -16"><span class='ocrx_word' id='word_1_23' title='bbox 112 764 307 831; x_wconf 75' lang='lat' dir='ltr'><strong>Magna</strong></span> <span class='ocrx_word' id='word_1_24' title='bbox 337 761 666 817; x_wconf 89' lang='lat' dir='ltr'><strong>salutiferum</strong></span> <span class='ocrx_word' id='word_1_25' title='bbox 693 759 921 827; x_wconf 90' lang='lat' dir='ltr'><strong>suscepit</strong></span> <span class='ocrx_word' id='word_1_26' title='bbox 950 758 1099 810; x_wconf 89' lang='lat' dir='ltr'><strong>turba</strong></span> <span class='ocrx_word' id='word_1_27' title='bbox 1128 757 1414 809; x_wconf 81' lang='lat' dir='ltr'><strong>lavacrum.</strong></span> 
     </span>
    </p>
   </div>
   <div class='ocr_carea' id='block_1_4' title="bbox 114 843 1259 913">
    <p class='ocr_par' dir='ltr' id='par_1_4' title="bbox 114 843 1259 913">
     <span class='ocr_line' id='line_1_4' title="bbox 114 843 1259 913; baseline -0.008 -10"><span class='ocrx_word' id='word_1_28' title='bbox 114 850 227 903; x_wconf 82' lang='lat' dir='ltr'><strong>Sed</strong></span> <span class='ocrx_word' id='word_1_29' title='bbox 259 849 505 904; x_wconf 88' lang='lat' dir='ltr'><strong>simulata</strong></span> <span class='ocrx_word' id='word_1_30' title='bbox 537 849 666 903; x_wconf 80' lang='lat' dir='ltr'><strong>fides</strong></span> <span class='ocrx_word' id='word_1_31' title='bbox 691 854 905 901; x_wconf 90' lang='lat' dir='ltr'><strong>versuto</strong></span> <span class='ocrx_word' id='word_1_32' title='bbox 930 843 1122 913; x_wconf 90' lang='lat' dir='ltr'><strong>prodiit</strong></span> <span class='ocrx_word' id='word_1_33' title='bbox 1147 856 1259 906; x_wconf 88' lang='lat' dir='ltr'><strong>ore,</strong></span> 
     </span>
    </p>
   </div>
   <div class='ocr_carea' id='block_1_5' title="bbox 112 934 1441 1007">
    <p class='ocr_par' dir='ltr' id='par_1_5' title="bbox 112 934 1441 1007">
     <span class='ocr_line' id='line_1_5' title="bbox 112 934 1441 1007; baseline -0.009 -12"><span class='ocrx_word' id='word_1_34' title='bbox 112 940 272 1005; x_wconf 81' lang='lat' dir='ltr'><strong>Quod</strong></span> <span class='ocrx_word' id='word_1_35' title='bbox 299 950 478 1006; x_wconf 82' lang='lat' dir='ltr'><strong>notum</strong></span> <span class='ocrx_word' id='word_1_36' title='bbox 504 938 685 994; x_wconf 90' lang='lat' dir='ltr'><strong>multis</strong></span> <span class='ocrx_word' id='word_1_37' title='bbox 711 937 883 992; x_wconf 91' lang='lat' dir='ltr'><strong>fecere</strong></span> <span class='ocrx_word' id='word_1_38' title='bbox 907 934 1175 1002; x_wconf 76' lang='lat' dir='ltr'><strong>sequentia</strong></span> <span class='ocrx_word' id='word_1_39' title='bbox 1201 942 1365 1001; x_wconf 86' lang='lat' dir='ltr'><strong>gesta.</strong></span> <span class='ocrx_word' id='word_1_40' title='bbox 1437 1000 1441 1007; x_wconf 29' lang='lat'><em>.</em></span> 
     </span>
    </p>
   </div>
   <div class='ocr_carea' id='block_1_6' title="bbox 113 1021 1353 1096">
    <p class='ocr_par' dir='ltr' id='par_1_6' title="bbox 113 1021 1353 1096">
     <span class='ocr_line' id='line_1_6' title="bbox 113 1021 1353 1096; baseline -0.008 -14"><span class='ocrx_word' id='word_1_41' title='bbox 113 1032 271 1084; x_wconf 85' lang='lat' dir='ltr'><strong>Tune</strong></span> <span class='ocrx_word' id='word_1_42' title='bbox 299 1029 624 1084; x_wconf 87' lang='lat' dir='ltr'><strong>Sarracenns</strong></span> <span class='ocrx_word' id='word_1_43' title='bbox 647 1024 858 1096; x_wconf 87' lang='lat' dir='ltr'><strong>quidam</strong></span> <span class='ocrx_word' id='word_1_44' title='bbox 882 1030 1189 1093; x_wconf 78' lang='lat' dir='ltr'><strong>pervenerat</strong></span> <span class='ocrx_word' id='word_1_45' title='bbox 1214 1021 1353 1081; x_wconf 83' lang='lat' dir='ltr'><strong>illuc,</strong></span> 
     </span>
    </p>
   </div>
   <div class='ocr_carea' id='block_1_7' title="bbox 111 1113 1317 1189">
    <p class='ocr_par' dir='ltr' id='par_1_7' title="bbox 111 1113 1317 1189">
     <span class='ocr_line' id='line_1_7' title="bbox 111 1113 1317 1189; baseline -0.01 -14"><span class='ocrx_word' id='word_1_46' title='bbox 111 1123 343 1177; x_wconf 78' lang='lat' dir='ltr'><strong>Nomine</strong></span> <span class='ocrx_word' id='word_1_47' title='bbox 371 1122 461 1189; x_wconf 91' lang='lat' dir='ltr'><strong>qui</strong></span> <span class='ocrx_word' id='word_1_48' title='bbox 488 1119 664 1188; x_wconf 88' lang='lat' dir='ltr'><strong>patrio</strong></span> <span class='ocrx_word' id='word_1_49' title='bbox 690 1118 862 1171; x_wconf 89' lang='lat' dir='ltr'><strong>dictus</strong></span> <span class='ocrx_word' id='word_1_50' title='bbox 892 1116 991 1169; x_wconf 87' lang='lat' dir='ltr'><strong>fuit</strong></span> <span class='ocrx_word' id='word_1_51' title='bbox 1020 1113 1317 1168; x_wconf 85' lang='lat' dir='ltr'><strong>ibinalarbi.</strong></span> 
     </span>
    </p>
   </div>
   <div class='ocr_carea' id='block_1_8' title="bbox 109 1201 1429 1276">
    <p class='ocr_par' dir='ltr' id='par_1_8' title="bbox 109 1201 1429 1276">
     <span class='ocr_line' id='line_1_8' title="bbox 109 1201 1429 1276; baseline -0.011 -12"><span class='ocrx_word' id='word_1_52' title='bbox 109 1210 217 1265; x_wconf 83' lang='lat' dir='ltr'><strong>llic</strong></span> <span class='ocrx_word' id='word_1_53' title='bbox 241 1225 362 1266; x_wconf 89' lang='lat' dir='ltr'><strong>cum</strong></span> <span class='ocrx_word' id='word_1_54' title='bbox 393 1224 496 1262; x_wconf 92' lang='lat' dir='ltr'><strong>non</strong></span> <span class='ocrx_word' id='word_1_55' title='bbox 523 1206 706 1276; x_wconf 82' lang='lat' dir='ltr'><strong>paucis</strong></span> <span class='ocrx_word' id='word_1_56' title='bbox 732 1204 890 1259; x_wconf 83' lang='lat' dir='ltr'><strong>sociis</strong></span> <span class='ocrx_word' id='word_1_57' title='bbox 918 1218 979 1257; x_wconf 92' lang='lat' dir='ltr'><strong>ae</strong></span> <span class='ocrx_word' id='word_1_58' title='bbox 1007 1203 1227 1263; x_wconf 78' lang='lat' dir='ltr'><strong>civibus,</strong></span> <span class='ocrx_word' id='word_1_59' title='bbox 1259 1201 1429 1266; x_wconf 85' lang='lat' dir='ltr'><strong>ipsum</strong></span> 
     </span>
    </p>
   </div>
   <div class='ocr_carea' id='block_1_9' title="bbox 108 1283 1334 1364">
    <p class='ocr_par' dir='ltr' id='par_1_9' title="bbox 108 1283 1334 1364">
     <span class='ocr_line' id='line_1_9' title="bbox 108 1283 1334 1364; baseline -0.009 -13"><span class='ocrx_word' id='word_1_60' title='bbox 108 1299 218 1364; x_wconf 78' lang='lat' dir='ltr'><strong>Qui</strong></span> <span class='ocrx_word' id='word_1_61' title='bbox 249 1295 821 1359; x_wconf 32' lang='lat' dir='ltr'><strong>eomitabantur,,lines</strong></span> <span class='ocrx_word' id='word_1_62' title='bbox 848 1293 1078 1361; x_wconf 79' lang='lat' dir='ltr'><strong>regionis</strong></span> <span class='ocrx_word' id='word_1_63' title='bbox 1105 1283 1334 1343; x_wconf 76' lang='lat' dir='ltr'><strong>Hiberae</strong></span> 
     </span>
    </p>
   </div>
   <div class='ocr_carea' id='block_1_10' title="bbox 109 1377 1496 1456">
    <p class='ocr_par' dir='ltr' id='par_1_10' title="bbox 109 1377 1496 1456">
     <span class='ocr_line' id='line_1_10' title="bbox 109 1377 1496 1456; baseline -0.01 -16"><span class='ocrx_word' id='word_1_64' title='bbox 109 1388 486 1456; x_wconf 76' lang='lat' dir='ltr'><strong>Linquentem,</strong></span> <span class='ocrx_word' id='word_1_65' title='bbox 513 1385 702 1441; x_wconf 84' lang='lat' dir='ltr'><strong>Carolo</strong></span> <span class='ocrx_word' id='word_1_66' title='bbox 726 1398 782 1438; x_wconf 89' lang='lat' dir='ltr'><strong>se</strong></span> <span class='ocrx_word' id='word_1_67' title='bbox 807 1381 1023 1443; x_wconf 90' lang='lat' dir='ltr'><strong>dedidit,</strong></span> <span class='ocrx_word' id='word_1_68' title='bbox 1053 1393 1117 1433; x_wconf 91' lang='lat' dir='ltr'><strong>ac</strong></span> <span class='ocrx_word' id='word_1_69' title='bbox 1140 1377 1295 1432; x_wconf 87' lang='lat' dir='ltr'><strong>simul</strong></span> <span class='ocrx_word' id='word_1_70' title='bbox 1321 1377 1496 1437; x_wconf 84' lang='lat' dir='ltr'><strong>nrbes,</strong></span> 
     </span>
    </p>
   </div>
   <div class='ocr_carea' id='block_1_11' title="bbox 108 1466 1486 1543">
    <p class='ocr_par' dir='ltr' id='par_1_11' title="bbox 108 1466 1486 1543">
     <span class='ocr_line' id='line_1_11' title="bbox 108 1466 1486 1543; baseline -0.012 -12"><span class='ocrx_word' id='word_1_71' title='bbox 108 1477 231 1531; x_wconf 77' lang='lat' dir='ltr'><strong>Rex</strong></span> <span class='ocrx_word' id='word_1_72' title='bbox 260 1476 588 1532; x_wconf 83' lang='lat' dir='ltr'><strong>Sarracenus</strong></span> <span class='ocrx_word' id='word_1_73' title='bbox 614 1475 806 1543; x_wconf 84' lang='lat' dir='ltr'><strong>quibus</strong></span> <span class='ocrx_word' id='word_1_74' title='bbox 830 1474 972 1526; x_wconf 81' lang='lat' dir='ltr'><strong>hunc</strong></span> <span class='ocrx_word' id='word_1_75' title='bbox 992 1468 1320 1538; x_wconf 76' lang='lat' dir='ltr'><strong>praefecerat</strong></span> <span class='ocrx_word' id='word_1_76' title='bbox 1342 1466 1486 1519; x_wconf 90' lang='lat' dir='ltr'><strong>olim.</strong></span> 
     </span>
    </p>
   </div>
   <div class='ocr_carea' id='block_1_12' title="bbox 106 1556 1320 1627">
    <p class='ocr_par' dir='ltr' id='par_1_12' title="bbox 106 1556 1320 1627">
     <span class='ocr_line' id='line_1_12' title="bbox 106 1556 1320 1627; baseline -0.012 -8"><span class='ocrx_word' id='word_1_77' title='bbox 106 1566 195 1619; x_wconf 83' lang='lat' dir='ltr'><strong>0b</strong></span> <span class='ocrx_word' id='word_1_78' title='bbox 219 1566 323 1619; x_wconf 84' lang='lat' dir='ltr'><strong>hoc</strong></span> <span class='ocrx_word' id='word_1_79' title='bbox 349 1564 617 1618; x_wconf 90' lang='lat' dir='ltr'><strong>Saxonum</strong></span> <span class='ocrx_word' id='word_1_80' title='bbox 647 1561 855 1614; x_wconf 82' lang='lat' dir='ltr'><strong>tandem</strong></span> <span class='ocrx_word' id='word_1_81' title='bbox 885 1559 1095 1627; x_wconf 90' lang='lat' dir='ltr'><strong>regione</strong></span> <span class='ocrx_word' id='word_1_82' title='bbox 1122 1556 1320 1617; x_wconf 89' lang='lat' dir='ltr'><strong>relicta,</strong></span> 
     </span>
    </p>
   </div>
   <div class='ocr_carea' id='block_1_13' title="bbox 106 1644 1493 1722">
    <p class='ocr_par' dir='ltr' id='par_1_13' title="bbox 106 1644 1493 1722">
     <span class='ocr_line' id='line_1_13' title="bbox 106 1644 1493 1722; baseline -0.011 -13"><span class='ocrx_word' id='word_1_83' title='bbox 106 1654 314 1709; x_wconf 87' lang='lat' dir='ltr'><strong>Gallica</strong></span> <span class='ocrx_word' id='word_1_84' title='bbox 341 1668 500 1722; x_wconf 84' lang='lat' dir='ltr'><strong>regna</strong></span> <span class='ocrx_word' id='word_1_85' title='bbox 526 1653 682 1720; x_wconf 86' lang='lat' dir='ltr'><strong>petit;</strong></span> <span class='ocrx_word' id='word_1_86' title='bbox 711 1656 830 1718; x_wconf 90' lang='lat' dir='ltr'><strong>post</strong></span> <span class='ocrx_word' id='word_1_87' title='bbox 853 1649 984 1703; x_wconf 87' lang='lat' dir='ltr'><strong>haec</strong></span> <span class='ocrx_word' id='word_1_88' title='bbox 1009 1644 1286 1713; x_wconf 80' lang='lat' dir='ltr'><strong>Aquitania</strong></span> <span class='ocrx_word' id='word_1_89' title='bbox 1320 1658 1493 1711; x_wconf 83' lang='lat' dir='ltr'><strong>regem</strong></span> 
     </span>
    </p>
   </div>
   <div class='ocr_carea' id='block_1_14' title="bbox 105 1731 1375 1812">
    <p class='ocr_par' dir='ltr' id='par_1_14' title="bbox 105 1731 1375 1812">
     <span class='ocr_line' id='line_1_14' title="bbox 105 1731 1375 1812; baseline -0.013 -14"><span class='ocrx_word' id='word_1_90' title='bbox 105 1742 380 1812; x_wconf 79' lang='lat' dir='ltr'><strong>Insignem</strong></span> <span class='ocrx_word' id='word_1_91' title='bbox 403 1740 649 1796; x_wconf 87' lang='lat' dir='ltr'><strong>Carolum</strong></span> <span class='ocrx_word' id='word_1_92' title='bbox 677 1745 818 1792; x_wconf 92' lang='lat' dir='ltr'><strong>tenet</strong></span> <span class='ocrx_word' id='word_1_93' title='bbox 842 1737 907 1791; x_wconf 91' lang='lat' dir='ltr'><strong>ad</strong></span> <span class='ocrx_word' id='word_1_94' title='bbox 931 1734 1197 1804; x_wconf 75' lang='lat' dir='ltr'><strong>paschalia</strong></span> <span class='ocrx_word' id='word_1_95' title='bbox 1224 1731 1375 1787; x_wconf 81' lang='lat' dir='ltr'><strong>festa.</strong></span> 
     </span>
    </p>
   </div>
   <div class='ocr_carea' id='block_1_15' title="bbox 570 1822 1212 1881">
    <p class='ocr_par' dir='ltr' id='par_1_15' title="bbox 570 1822 1212 1881">
     <span class='ocr_line' id='line_1_15' title="bbox 570 1822 1212 1881; baseline -0.011 0"><span class='ocrx_word' id='word_1_96' title='bbox 570 1829 717 1881; x_wconf 83' lang='lat' dir='ltr'><strong>Anno</strong></span> <span class='ocrx_word' id='word_1_97' title='bbox 748 1827 868 1880; x_wconf 84' lang='lat'><strong>778.</strong></span> <span class='ocrx_word' id='word_1_98' title='bbox 907 1825 1097 1879; x_wconf 75' lang='lat' dir='ltr'><strong>Indici.</strong></span> <span class='ocrx_word' id='word_1_99' title='bbox 1135 1822 1212 1875; x_wconf 80' lang='grc'><strong>15.</strong></span> 
     </span>
    </p>
   </div>
   <div class='ocr_carea' id='block_1_16' title="bbox 108 1910 1175 1972">
    <p class='ocr_par' dir='ltr' id='par_1_16' title="bbox 108 1910 1175 1972">
     <span class='ocr_line' id='line_1_16' title="bbox 108 1910 1175 1972; baseline -0.005 0"><span class='ocrx_word' id='word_1_100' title='bbox 108 1919 338 1972; x_wconf 77' lang='lat' dir='ltr'><strong>Hortatu</strong></span> <span class='ocrx_word' id='word_1_101' title='bbox 368 1916 646 1970; x_wconf 85' lang='lat' dir='ltr'><strong>Sarraccui</strong></span> <span class='ocrx_word' id='word_1_102' title='bbox 673 1928 793 1968; x_wconf 90' lang='lat' dir='ltr'><strong>cum</strong></span> <span class='ocrx_word' id='word_1_103' title='bbox 822 1927 880 1966; x_wconf 90' lang='lat' dir='ltr'><strong>se</strong></span> <span class='ocrx_word' id='word_1_104' title='bbox 904 1910 1175 1967; x_wconf 80' lang='lat' dir='ltr'><strong>memorati</strong></span> 
     </span>
    </p>
   </div>
   <div class='ocr_carea' id='block_1_17' title="bbox 106 2002 1390 2080">
    <p class='ocr_par' dir='ltr' id='par_1_17' title="bbox 106 2002 1390 2080">
     <span class='ocr_line' id='line_1_17' title="bbox 106 2002 1390 2080; baseline -0.008 -15"><span class='ocrx_word' id='word_1_105' title='bbox 106 2011 378 2080; x_wconf 81' lang='lat' dir='ltr'><strong>Hispanas</strong></span> <span class='ocrx_word' id='word_1_106' title='bbox 402 2011 561 2063; x_wconf 88' lang='lat' dir='ltr'><strong>urbes</strong></span> <span class='ocrx_word' id='word_1_107' title='bbox 584 2006 836 2077; x_wconf 86' lang='lat' dir='ltr'><strong>quasdam</strong></span> <span class='ocrx_word' id='word_1_108' title='bbox 863 2005 962 2059; x_wconf 86' lang='lat' dir='ltr'><strong>sibi</strong></span> <span class='ocrx_word' id='word_1_109' title='bbox 988 2002 1213 2058; x_wconf 86' lang='lat' dir='ltr'><strong>subdere</strong></span> <span class='ocrx_word' id='word_1_110' title='bbox 1239 2016 1390 2070; x_wconf 84' lang='lat' dir='ltr'><strong>posse</strong></span> 
     </span>
    </p>
   </div>
   <div class='ocr_carea' id='block_1_18' title="bbox 107 2091 1462 2166">
    <p class='ocr_par' dir='ltr' id='par_1_18' title="bbox 107 2091 1462 2166">
     <span class='ocr_line' id='line_1_18' title="bbox 107 2091 1462 2166; baseline -0.008 -12"><span class='ocrx_word' id='word_1_111' title='bbox 107 2101 263 2154; x_wconf 87' lang='lat' dir='ltr'><strong>Ilaud</strong></span> <span class='ocrx_word' id='word_1_112' title='bbox 296 2099 492 2154; x_wconf 79' lang='lat' dir='ltr'><strong>frustm</strong></span> <span class='ocrx_word' id='word_1_113' title='bbox 522 2104 785 2166; x_wconf 79' lang='lat' dir='ltr'><strong>speraret,</strong></span> <span class='ocrx_word' id='word_1_114' title='bbox 816 2109 882 2149; x_wconf 92' lang='lat' dir='ltr'><strong>eo</strong></span> <span class='ocrx_word' id='word_1_115' title='bbox 908 2108 999 2148; x_wconf 89' lang='lat' dir='ltr'><strong>sua</strong></span> <span class='ocrx_word' id='word_1_116' title='bbox 1032 2092 1259 2146; x_wconf 83' lang='lat' dir='ltr'><strong>maxima</strong></span> <span class='ocrx_word' id='word_1_117' title='bbox 1290 2091 1462 2160; x_wconf 78' lang='lat' dir='ltr'><strong>coepit</strong></span> 
     </span>
    </p>
   </div>
   <div class='ocr_carea' id='block_1_19' title="bbox 104 2180 1485 2256">
    <p class='ocr_par' dir='ltr' id='par_1_19' title="bbox 104 2180 1485 2256">
     <span class='ocr_line' id='line_1_19' title="bbox 104 2180 1485 2256; baseline -0.008 -16"><span class='ocrx_word' id='word_1_118' title='bbox 104 2186 339 2256; x_wconf 82' lang='lat' dir='ltr'><strong>Agmina</strong></span> <span class='ocrx_word' id='word_1_119' title='bbox 366 2200 463 2254; x_wconf 91' lang='lat' dir='ltr'><strong>per</strong></span> <span class='ocrx_word' id='word_1_120' title='bbox 490 2186 660 2239; x_wconf 84' lang='lat' dir='ltr'><strong>celsos</strong></span> <span class='ocrx_word' id='word_1_121' title='bbox 688 2183 1009 2237; x_wconf 81' lang='lat' dir='ltr'><strong>Wasconum</strong></span> <span class='ocrx_word' id='word_1_122' title='bbox 1038 2180 1233 2234; x_wconf 89' lang='lat' dir='ltr'><strong>dueere</strong></span> <span class='ocrx_word' id='word_1_123' title='bbox 1260 2187 1485 2234; x_wconf 84' lang='lat' dir='ltr'><strong>montes.</strong></span> 
     </span>
    </p>
   </div>
   <div class='ocr_carea' id='block_1_20' title="bbox 105 2271 1429 2343">
    <p class='ocr_par' dir='ltr' id='par_1_20' title="bbox 105 2271 1429 2343">
     <span class='ocr_line' id='line_1_20' title="bbox 105 2271 1429 2343; baseline -0.006 -15"><span class='ocrx_word' id='word_1_124' title='bbox 105 2276 210 2341; x_wconf 80' lang='lat' dir='ltr'><strong>Qui</strong></span> <span class='ocrx_word' id='word_1_125' title='bbox 236 2291 360 2330; x_wconf 88' lang='lat' dir='ltr'><strong>cum</strong></span> <span class='ocrx_word' id='word_1_126' title='bbox 384 2274 554 2343; x_wconf 89' lang='lat' dir='ltr'><strong>prima</strong></span> <span class='ocrx_word' id='word_1_127' title='bbox 578 2272 800 2343; x_wconf 83' lang='lat' dir='ltr'><strong>Pyrenei</strong></span> <span class='ocrx_word' id='word_1_128' title='bbox 826 2273 946 2340; x_wconf 88' lang='lat' dir='ltr'><strong>iuga</strong></span> <span class='ocrx_word' id='word_1_129' title='bbox 971 2271 1079 2324; x_wconf 84' lang='lat' dir='ltr'><strong>iam</strong></span> <span class='ocrx_word' id='word_1_130' title='bbox 1100 2276 1401 2337; x_wconf 88' lang='lat' dir='ltr'><strong>superasset</strong></span> <span class='ocrx_word' id='word_1_131' title='bbox 1416 2309 1429 2327; x_wconf 85' lang='lat'><strong>.</strong></span> 
     </span>
    </p>
   </div>
   <div class='ocr_carea' id='block_1_21' title="bbox 107 2357 1517 2431">
    <p class='ocr_par' dir='ltr' id='par_1_21' title="bbox 107 2357 1517 2431">
     <span class='ocr_line' id='line_1_21' title="bbox 107 2357 1517 2431; baseline -0.006 -14"><span class='ocrx_word' id='word_1_132' title='bbox 107 2365 192 2417; x_wconf 81' lang='lat' dir='ltr'><strong>Ad</strong></span> <span class='ocrx_word' id='word_1_133' title='bbox 220 2363 614 2431; x_wconf 87' lang='lat' dir='ltr'><strong>Pompclonem,</strong></span> <span class='ocrx_word' id='word_1_134' title='bbox 638 2361 777 2429; x_wconf 91' lang='lat' dir='ltr'><strong>quod</strong></span> <span class='ocrx_word' id='word_1_135' title='bbox 801 2359 969 2412; x_wconf 80' lang='lat' dir='ltr'><strong>fertur</strong></span> <span class='ocrx_word' id='word_1_136' title='bbox 998 2357 1172 2413; x_wconf 87' lang='lat' dir='ltr'><strong>nobile</strong></span> <span class='ocrx_word' id='word_1_137' title='bbox 1195 2364 1426 2412; x_wconf 86' lang='lat' dir='ltr'><strong>castrum</strong></span> <span class='ocrx_word' id='word_1_138' title='bbox 1515 2413 1517 2416; x_wconf 31' lang='lat'><strong>,</strong></span> 
     </span>
    </p>
   </div>
   <div class='ocr_carea' id='block_1_22' title="bbox 107 2446 1457 2514">
    <p class='ocr_par' dir='ltr' id='par_1_22' title="bbox 107 2446 1457 2514">
     <span class='ocr_line' id='line_1_22' title="bbox 107 2446 1457 2514; baseline -0.006 -9"><span class='ocrx_word' id='word_1_139' title='bbox 107 2452 242 2505; x_wconf 85' lang='lat' dir='ltr'><strong>Esse</strong></span> <span class='ocrx_word' id='word_1_140' title='bbox 270 2451 648 2512; x_wconf 79' lang='lat' dir='ltr'><strong>Navarrorum,</strong></span> <span class='ocrx_word' id='word_1_141' title='bbox 678 2448 892 2502; x_wconf 85' lang='lat' dir='ltr'><strong>veniens</strong></span> <span class='ocrx_word' id='word_1_142' title='bbox 919 2448 970 2501; x_wconf 88' lang='lat' dir='ltr'><strong>id</strong></span> <span class='ocrx_word' id='word_1_143' title='bbox 997 2453 1243 2514; x_wconf 80' lang='lat' dir='ltr'><strong>coeperat</strong></span> <span class='ocrx_word' id='word_1_144' title='bbox 1267 2446 1457 2513; x_wconf 83' lang='lat' dir='ltr'><strong>armis;</strong></span> 
     </span>
    </p>
   </div>
   <div class='ocr_carea' id='block_1_23' title="bbox 106 2534 1453 2608">
    <p class='ocr_par' dir='ltr' id='par_1_23' title="bbox 106 2534 1453 2608">
     <span class='ocr_line' id='line_1_23' title="bbox 106 2534 1453 2608; baseline -0.006 -15"><span class='ocrx_word' id='word_1_145' title='bbox 106 2539 491 2608; x_wconf 84' lang='lat' dir='ltr'><strong>Traiciensquc</strong></span> <span class='ocrx_word' id='word_1_146' title='bbox 519 2539 651 2592; x_wconf 85' lang='lat' dir='ltr'><strong>vado</strong></span> <span class='ocrx_word' id='word_1_147' title='bbox 677 2538 934 2590; x_wconf 83' lang='lat' dir='ltr'><strong>famosum</strong></span> <span class='ocrx_word' id='word_1_148' title='bbox 963 2535 1154 2589; x_wconf 77' lang='lat' dir='ltr'><strong>flumen</strong></span> <span class='ocrx_word' id='word_1_149' title='bbox 1182 2534 1453 2595; x_wconf 87' lang='lat' dir='ltr'><strong>Hiberum,</strong></span> 
     </span>
    </p>
   </div>
   <div class='ocr_carea' id='block_1_24' title="bbox 104 2624 1409 2696">
    <p class='ocr_par' dir='ltr' id='par_1_24' title="bbox 104 2624 1409 2696">
     <span class='ocr_line' id='line_1_24' title="bbox 104 2624 1409 2696; baseline -0.004 -14"><span class='ocrx_word' id='word_1_150' title='bbox 104 2628 326 2682; x_wconf 67' lang='lat' dir='ltr'><strong>Cesaris</strong></span> <span class='ocrx_word' id='word_1_151' title='bbox 349 2627 571 2696; x_wconf 77' lang='lat' dir='ltr'><strong>Augusti</strong></span> <span class='ocrx_word' id='word_1_152' title='bbox 595 2625 857 2693; x_wconf 85' lang='lat' dir='ltr'><strong>quandam</strong></span> <span class='ocrx_word' id='word_1_153' title='bbox 886 2624 951 2678; x_wconf 91' lang='lat' dir='ltr'><strong>de</strong></span> <span class='ocrx_word' id='word_1_154' title='bbox 978 2625 1189 2677; x_wconf 89' lang='lat' dir='ltr'><strong>nomine</strong></span> <span class='ocrx_word' id='word_1_155' title='bbox 1214 2624 1409 2677; x_wconf 85' lang='lat' dir='ltr'><strong>dictam</strong></span> 
     </span>
    </p>
   </div>
   <div class='ocr_carea' id='block_1_25' title="bbox 112 2711 1406 2784">
    <p class='ocr_par' dir='ltr' id='par_1_25' title="bbox 112 2711 1406 2784">
     <span class='ocr_line' id='line_1_25' title="bbox 112 2711 1406 2784; baseline -0.006 -13"><span class='ocrx_word' id='word_1_156' title='bbox 112 2718 315 2771; x_wconf 77' lang='lat' dir='ltr'><strong>Urbem</strong></span> <span class='ocrx_word' id='word_1_157' title='bbox 341 2716 678 2784; x_wconf 90' lang='lat' dir='ltr'><strong>praecipuam</strong></span> <span class='ocrx_word' id='word_1_158' title='bbox 706 2713 863 2767; x_wconf 90' lang='lat' dir='ltr'><strong>terris</strong></span> <span class='ocrx_word' id='word_1_159' title='bbox 883 2713 1181 2782; x_wconf 85' lang='lat' dir='ltr'><strong>penetravit</strong></span> <span class='ocrx_word' id='word_1_160' title='bbox 1206 2712 1257 2764; x_wconf 91' lang='lat' dir='ltr'><strong>in</strong></span> <span class='ocrx_word' id='word_1_161' title='bbox 1284 2711 1406 2764; x_wconf 86' lang='lat' dir='ltr'><strong>illis.</strong></span> 
     </span>
    </p>
   </div>
   <div class='ocr_carea' id='block_1_26' title="bbox 109 2803 1346 2876">
    <p class='ocr_par' dir='ltr' id='par_1_26' title="bbox 109 2803 1346 2876">
     <span class='ocr_line' id='line_1_26' title="bbox 109 2803 1346 2876; baseline -0.003 -16"><span class='ocrx_word' id='word_1_162' title='bbox 109 2807 361 2876; x_wconf 79' lang='lat' dir='ltr'><strong>Acceptis</strong></span> <span class='ocrx_word' id='word_1_163' title='bbox 388 2814 560 2860; x_wconf 84' lang='lat' dir='ltr'><strong>tamen</strong></span> <span class='ocrx_word' id='word_1_164' title='bbox 589 2804 878 2866; x_wconf 84' lang='lat' dir='ltr'><strong>obsidibus,</strong></span> <span class='ocrx_word' id='word_1_165' title='bbox 905 2818 1039 2871; x_wconf 90' lang='lat' dir='ltr'><strong>quos</strong></span> <span class='ocrx_word' id='word_1_166' title='bbox 1065 2803 1346 2857; x_wconf 89' lang='lat' dir='ltr'><strong>lbinalarbi</strong></span> 
     </span>
    </p>
   </div>
   <div class='ocr_carea' id='block_1_27' title="bbox 106 2889 1343 2961">
    <p class='ocr_par' dir='ltr' id='par_1_27' title="bbox 106 2889 1343 2961">
     <span class='ocr_line' id='line_1_27' title="bbox 106 2889 1343 2961; baseline -0.005 -13"><span class='ocrx_word' id='word_1_167' title='bbox 106 2896 217 2949; x_wconf 86' lang='lat' dir='ltr'><strong>lam</strong></span> <span class='ocrx_word' id='word_1_168' title='bbox 246 2894 420 2948; x_wconf 90' lang='lat' dir='ltr'><strong>dictus</strong></span> <span class='ocrx_word' id='word_1_169' title='bbox 443 2894 744 2961; x_wconf 88' lang='lat' dir='ltr'><strong>pariterque</strong></span> <span class='ocrx_word' id='word_1_170' title='bbox 771 2906 863 2945; x_wconf 88' lang='lat' dir='ltr'><strong>sua</strong></span> <span class='ocrx_word' id='word_1_171' title='bbox 894 2892 958 2945; x_wconf 84' lang='lat' dir='ltr'><strong>de</strong></span> <span class='ocrx_word' id='word_1_172' title='bbox 983 2898 1138 2959; x_wconf 88' lang='lat' dir='ltr'><strong>gente</strong></span> <span class='ocrx_word' id='word_1_173' title='bbox 1164 2889 1343 2943; x_wconf 86' lang='lat' dir='ltr'><strong>ﬁdeles</strong></span> 
     </span>
    </p>
   </div>
   <div class='ocr_carea' id='block_1_28' title="bbox 104 2976 1386 3047">
    <p class='ocr_par' dir='ltr' id='par_1_28' title="bbox 104 2976 1386 3047">
     <span class='ocr_line' id='line_1_28' title="bbox 104 2976 1386 3047; baseline -0.005 -14"><span class='ocrx_word' id='word_1_174' title='bbox 104 2982 450 3047; x_wconf 87' lang='lat' dir='ltr'><strong>lllustresque</strong></span> <span class='ocrx_word' id='word_1_175' title='bbox 474 2979 573 3032; x_wconf 89' lang='lat' dir='ltr'><strong>viri</strong></span> <span class='ocrx_word' id='word_1_176' title='bbox 599 2978 872 3041; x_wconf 86' lang='lat' dir='ltr'><strong>dederant,</strong></span> <span class='ocrx_word' id='word_1_177' title='bbox 902 2977 979 3031; x_wconf 92' lang='lat' dir='ltr'><strong>sic</strong></span> <span class='ocrx_word' id='word_1_178' title='bbox 1006 2976 1127 3030; x_wconf 92' lang='lat' dir='ltr'><strong>inde</strong></span> <span class='ocrx_word' id='word_1_179' title='bbox 1150 2976 1386 3029; x_wconf 89' lang='lat' dir='ltr'><strong>recessit.</strong></span> 
     </span>
    </p>
   </div>
   <div class='ocr_carea' id='block_1_29' title="bbox 102 3065 1285 3139">
    <p class='ocr_par' dir='ltr' id='par_1_29' title="bbox 102 3065 1285 3139">
     <span class='ocr_line' id='line_1_29' title="bbox 102 3065 1285 3139; baseline -0.006 -14"><span class='ocrx_word' id='word_1_180' title='bbox 102 3074 182 3125; x_wconf 78' lang='lat' dir='ltr'><strong>Ae</strong></span> <span class='ocrx_word' id='word_1_181' title='bbox 212 3069 588 3139; x_wconf 84' lang='lat' dir='ltr'><strong>Pompelonem</strong></span> <span class='ocrx_word' id='word_1_182' title='bbox 618 3067 847 3130; x_wconf 89' lang='lat' dir='ltr'><strong>rediens,</strong></span> <span class='ocrx_word' id='word_1_183' title='bbox 879 3067 1142 3121; x_wconf 86' lang='lat' dir='ltr'><strong>deiecerat</strong></span> <span class='ocrx_word' id='word_1_184' title='bbox 1170 3065 1285 3118; x_wconf 91' lang='lat' dir='ltr'><strong>eius</strong></span> 
     </span>
    </p>
   </div>
   <div class='ocr_carea' id='block_1_30' title="bbox 102 3153 1315 3220">
    <p class='ocr_par' dir='ltr' id='par_1_30' title="bbox 102 3153 1315 3220">
     <span class='ocr_line' id='line_1_30' title="bbox 102 3153 1315 3220; baseline -0.009 -4"><span class='ocrx_word' id='word_1_185' title='bbox 102 3165 189 3217; x_wconf 85' lang='lat' dir='ltr'><strong>Ad</strong></span> <span class='ocrx_word' id='word_1_186' title='bbox 212 3172 413 3218; x_wconf 88' lang='lat' dir='ltr'><strong>terram</strong></span> <span class='ocrx_word' id='word_1_187' title='bbox 438 3174 638 3220; x_wconf 89' lang='lat' dir='ltr'><strong>muros,</strong></span> <span class='ocrx_word' id='word_1_188' title='bbox 666 3159 815 3212; x_wconf 80' lang='lat' dir='ltr'><strong>fieret</strong></span> <span class='ocrx_word' id='word_1_189' title='bbox 839 3171 905 3210; x_wconf 92' lang='lat' dir='ltr'><strong>ne</strong></span> <span class='ocrx_word' id='word_1_190' title='bbox 928 3155 1063 3210; x_wconf 90' lang='lat' dir='ltr'><strong>forte</strong></span> <span class='ocrx_word' id='word_1_191' title='bbox 1088 3153 1315 3209; x_wconf 89' lang='lat' dir='ltr'><strong>rebellis.</strong></span> 
     </span>
    </p>
   </div>
   <div class='ocr_carea' id='block_1_31' title="bbox 102 3242 1409 3319">
    <p class='ocr_par' dir='ltr' id='par_1_31' title="bbox 102 3242 1409 3319">
     <span class='ocr_line' id='line_1_31' title="bbox 102 3242 1409 3319; baseline -0.01 -13"><span class='ocrx_word' id='word_1_192' title='bbox 102 3254 350 3319; x_wconf 75' lang='lat' dir='ltr'><strong>Cumque</strong></span> <span class='ocrx_word' id='word_1_193' title='bbox 375 3248 598 3319; x_wconf 86' lang='lat' dir='ltr'><strong>Pyrenei</strong></span> <span class='ocrx_word' id='word_1_194' title='bbox 624 3260 894 3315; x_wconf 81' lang='lat' dir='ltr'><strong>regressus</strong></span> <span class='ocrx_word' id='word_1_195' title='bbox 916 3244 983 3299; x_wconf 89' lang='lat' dir='ltr'><strong>ad</strong></span> <span class='ocrx_word' id='word_1_196' title='bbox 1011 3243 1196 3296; x_wconf 91' lang='lat' dir='ltr'><strong>intima</strong></span> <span class='ocrx_word' id='word_1_197' title='bbox 1222 3242 1409 3302; x_wconf 86' lang='lat' dir='ltr'><strong>saltus,</strong></span> 
     </span>
    </p>
   </div>
   <div class='ocr_carea' id='block_1_32' title="bbox 108 3331 1375 3393">
    <p class='ocr_par' dir='ltr' id='par_1_32' title="bbox 108 3331 1375 3393">
     <span class='ocr_line' id='line_1_32' title="bbox 108 3331 1375 3393; baseline -0.009 1"><span class='ocrx_word' id='word_1_198' title='bbox 108 3341 279 3393; x_wconf 71' lang='lat' dir='ltr'><strong>Milite</strong></span> <span class='ocrx_word' id='word_1_199' title='bbox 304 3331 427 3393; x_wconf 85' lang='lat' dir='ltr'><strong>cum</strong></span> <span class='ocrx_word' id='word_1_200' title='bbox 456 3336 597 3389; x_wconf 89' lang='lat' dir='ltr'><strong>lasso</strong></span> <span class='ocrx_word' id='word_1_201' title='bbox 622 3333 780 3389; x_wconf 82' lang='lat' dir='ltr'><strong>calles</strong></span> <span class='ocrx_word' id='word_1_202' title='bbox 806 3332 1204 3386; x_wconf 84' lang='lat' dir='ltr'><strong>transcenderet</strong></span> <span class='ocrx_word' id='word_1_203' title='bbox 1230 3337 1375 3384; x_wconf 85' lang='lat' dir='ltr'><strong>artos</strong></span> 
     </span>
    </p>
   </div>
   <div class='ocr_carea' id='block_1_33' title="bbox 105 3414 1273 3483">
    <p class='ocr_par' dir='ltr' id='par_1_33' title="bbox 105 3414 1273 3483">
     <span class='ocr_line' id='line_1_33' title="bbox 105 3414 1273 3483; baseline -0.008 -2"><span class='ocrx_word' id='word_1_204' title='bbox 105 3428 336 3483; x_wconf 88' lang='lat' dir='ltr'><strong>Insidias</strong></span> <span class='ocrx_word' id='word_1_205' title='bbox 358 3426 475 3481; x_wconf 89' lang='lat' dir='ltr'><strong>eius</strong></span> <span class='ocrx_word' id='word_1_206' title='bbox 499 3438 707 3479; x_wconf 85' lang='lat' dir='ltr'><strong>summo</strong></span> <span class='ocrx_word' id='word_1_207' title='bbox 730 3414 830 3476; x_wconf 86' lang='lat' dir='ltr'><strong>sub</strong></span> <span class='ocrx_word' id='word_1_208' title='bbox 856 3421 1055 3475; x_wconf 81' lang='lat' dir='ltr'><strong>vertice</strong></span> <span class='ocrx_word' id='word_1_209' title='bbox 1077 3421 1273 3474; x_wconf 89' lang='lat' dir='ltr'><strong>montis</strong></span> 
     </span>
    </p>
   </div>
   <div class='ocr_carea' id='block_1_34' title="bbox 105 3502 1527 3577">
    <p class='ocr_par' dir='ltr' id='par_1_34' title="bbox 105 3502 1527 3577">
     <span class='ocr_line' id='line_1_34' title="bbox 105 3502 1527 3577; baseline -0.009 -6"><span class='ocrx_word' id='word_1_210' title='bbox 105 3502 356 3571; x_wconf 83' lang='lat' dir='ltr'><strong>Tendere</strong></span> <span class='ocrx_word' id='word_1_211' title='bbox 384 3514 675 3568; x_wconf 85' lang='lat' dir='ltr'><strong>Wascones</strong></span> <span class='ocrx_word' id='word_1_212' title='bbox 699 3510 837 3574; x_wconf 87' lang='lat' dir='ltr'><strong>ausi,</strong></span> <span class='ocrx_word' id='word_1_213' title='bbox 867 3525 999 3564; x_wconf 89' lang='lat' dir='ltr'><strong>nova</strong></span> <span class='ocrx_word' id='word_1_214' title='bbox 1026 3508 1224 3577; x_wconf 88' lang='lat' dir='ltr'><strong>praelia</strong></span> <span class='ocrx_word' id='word_1_215' title='bbox 1250 3515 1527 3576; x_wconf 83' lang='lat' dir='ltr'><strong>temptant.</strong></span> 
     </span>
    </p>
   </div>
   <div class='ocr_carea' id='block_1_35' title="bbox 105 3597 1301 3674">
    <p class='ocr_par' dir='ltr' id='par_1_35' title="bbox 105 3597 1301 3674">
     <span class='ocr_line' id='line_1_35' title="bbox 105 3597 1301 3674; baseline -0.008 -14"><span class='ocrx_word' id='word_1_216' title='bbox 105 3598 349 3673; x_wconf 82' lang='lat' dir='ltr'><strong>Denique</strong></span> <span class='ocrx_word' id='word_1_217' title='bbox 372 3612 668 3674; x_wconf 87' lang='lat' dir='ltr'><strong>postremos</strong></span> <span class='ocrx_word' id='word_1_218' title='bbox 691 3601 869 3671; x_wconf 91' lang='lat' dir='ltr'><strong>p0puli</strong></span> <span class='ocrx_word' id='word_1_219' title='bbox 895 3599 1087 3669; x_wconf 86' lang='lat' dir='ltr'><strong>regalis</strong></span> <span class='ocrx_word' id='word_1_220' title='bbox 1111 3597 1301 3660; x_wconf 85' lang='lat' dir='ltr'><strong>adorti,</strong></span> 
     </span>
    </p>
   </div>
   <div class='ocr_carea' id='block_1_36' title="bbox 106 3684 1391 3760">
    <p class='ocr_par' dir='ltr' id='par_1_36' title="bbox 106 3684 1391 3760">
     <span class='ocr_line' id='line_1_36' title="bbox 106 3684 1391 3760; baseline -0.009 -13"><span class='ocrx_word' id='word_1_221' title='bbox 106 3690 400 3747; x_wconf 79' lang='lat' dir='ltr'><strong>Missilibus</strong></span> <span class='ocrx_word' id='word_1_222' title='bbox 428 3691 600 3760; x_wconf 87' lang='lat' dir='ltr'><strong>primo</strong></span> <span class='ocrx_word' id='word_1_223' title='bbox 632 3696 875 3743; x_wconf 87' lang='lat' dir='ltr'><strong>sternunt</strong></span> <span class='ocrx_word' id='word_1_224' title='bbox 905 3703 972 3741; x_wconf 78' lang='lat' dir='ltr'><strong>ex</strong></span> <span class='ocrx_word' id='word_1_225' title='bbox 1001 3686 1221 3742; x_wconf 90' lang='lat' dir='ltr'><strong>collibus</strong></span> <span class='ocrx_word' id='word_1_226' title='bbox 1252 3684 1391 3746; x_wconf 87' lang='lat' dir='ltr'><strong>altis,</strong></span> 
     </span>
    </p>
   </div>
   <div class='ocr_carea' id='block_1_37' title="bbox 105 3774 1489 3847">
    <p class='ocr_par' dir='ltr' id='par_1_37' title="bbox 105 3774 1489 3847">
     <span class='ocr_line' id='line_1_37' title="bbox 105 3774 1489 3847; baseline -0.006 -12"><span class='ocrx_word' id='word_1_227' title='bbox 105 3783 172 3836; x_wconf 85' lang='lat' dir='ltr'><strong>Et</strong></span> <span class='ocrx_word' id='word_1_228' title='bbox 201 3780 459 3841; x_wconf 84' lang='lat' dir='ltr'><strong>Francos,</strong></span> <span class='ocrx_word' id='word_1_229' title='bbox 486 3777 728 3847; x_wconf 88' lang='lat' dir='ltr'><strong>quamvis</strong></span> <span class='ocrx_word' id='word_1_230' title='bbox 758 3776 923 3830; x_wconf 87' lang='lat' dir='ltr'><strong>armis</strong></span> <span class='ocrx_word' id='word_1_231' title='bbox 948 3774 1242 3842; x_wconf 89' lang='lat' dir='ltr'><strong>animisque</strong></span> <span class='ocrx_word' id='word_1_232' title='bbox 1268 3774 1489 3843; x_wconf 88' lang='lat' dir='ltr'><strong>priores,</strong></span> 
     </span>
    </p>
   </div>
   <div class='ocr_carea' id='block_1_38' title="bbox 105 3863 1288 3942">
    <p class='ocr_par' dir='ltr' id='par_1_38' title="bbox 105 3863 1288 3942">
     <span class='ocr_line' id='line_1_38' title="bbox 105 3863 1288 3942; baseline -0.008 -16"><span class='ocrx_word' id='word_1_233' title='bbox 105 3874 286 3942; x_wconf 90' lang='lat' dir='ltr'><strong>lmpar</strong></span> <span class='ocrx_word' id='word_1_234' title='bbox 312 3869 438 3924; x_wconf 89' lang='lat' dir='ltr'><strong>fecit</strong></span> <span class='ocrx_word' id='word_1_235' title='bbox 463 3877 518 3923; x_wconf 94' lang='lat' dir='ltr'><strong>et</strong></span> <span class='ocrx_word' id='word_1_236' title='bbox 540 3875 792 3938; x_wconf 88' lang='lat' dir='ltr'><strong>angustus</strong></span> <span class='ocrx_word' id='word_1_237' title='bbox 820 3866 969 3939; x_wconf 89' lang='lat' dir='ltr'><strong>locus</strong></span> <span class='ocrx_word' id='word_1_238' title='bbox 993 3863 1288 3920; x_wconf 86' lang='lat' dir='ltr'><strong>inferiores.</strong></span> 
     </span>
    </p>
   </div>
   <div class='ocr_carea' id='block_1_39' title="bbox 107 3956 1618 4025">
    <p class='ocr_par' dir='ltr' id='par_1_39' title="bbox 107 3956 1618 4025">
     <span class='ocr_line' id='line_1_39' title="bbox 107 3956 1618 4025; baseline -0.004 -14"><span class='ocrx_word' id='word_1_239' title='bbox 107 3961 221 4014; x_wconf 82' lang='lat' dir='ltr'><strong>Rex</strong></span> <span class='ocrx_word' id='word_1_240' title='bbox 250 3960 353 4011; x_wconf 87' lang='lat' dir='ltr'><strong>iam</strong></span> <span class='ocrx_word' id='word_1_241' title='bbox 378 3970 598 4025; x_wconf 84' lang='lat' dir='ltr'><strong>praeces</strong></span> <span class='ocrx_word' id='word_1_242' title='bbox 629 3957 689 4019; x_wconf 90' lang='lat' dir='ltr'><strong>it,</strong></span> <span class='ocrx_word' id='word_1_243' title='bbox 719 3956 1032 4022; x_wconf 88' lang='lat' dir='ltr'><strong>tardumque</strong></span> <span class='ocrx_word' id='word_1_244' title='bbox 1055 3961 1385 4007; x_wconf 85' lang='lat' dir='ltr'><strong>remanserat</strong></span> <span class='ocrx_word' id='word_1_245' title='bbox 1409 3967 1618 4019; x_wconf 80' lang='lat' dir='ltr'><strong>agmen.</strong></span> 
     </span>
    </p>
   </div>
   <div class='ocr_carea' id='block_1_40' title="bbox 106 4042 1434 4114">
    <p class='ocr_par' dir='ltr' id='par_1_40' title="bbox 106 4042 1434 4114">
     <span class='ocr_line' id='line_1_40' title="bbox 106 4042 1434 4114; baseline -0.008 -11"><span class='ocrx_word' id='word_1_246' title='bbox 106 4050 252 4103; x_wconf 88' lang='lat' dir='ltr'><strong>Cura</strong></span> <span class='ocrx_word' id='word_1_247' title='bbox 282 4047 645 4103; x_wconf 87' lang='lat' dir='ltr'><strong>vehendarum</strong></span> <span class='ocrx_word' id='word_1_248' title='bbox 672 4046 813 4114; x_wconf 91' lang='lat' dir='ltr'><strong>quod</strong></span> <span class='ocrx_word' id='word_1_249' title='bbox 841 4058 1015 4099; x_wconf 91' lang='lat' dir='ltr'><strong>rerum</strong></span> <span class='ocrx_word' id='word_1_250' title='bbox 1044 4042 1434 4112; x_wconf 88' lang='lat' dir='ltr'><strong>praepediebat.</strong></span> 
     </span>
    </p>
   </div>
   <div class='ocr_carea' id='block_1_41' title="bbox 107 4131 1467 4203">
    <p class='ocr_par' dir='ltr' id='par_1_41' title="bbox 107 4131 1467 4203">
     <span class='ocr_line' id='line_1_41' title="bbox 107 4131 1467 4203; baseline -0.005 -14"><span class='ocrx_word' id='word_1_251' title='bbox 107 4137 192 4190; x_wconf 79' lang='lat' dir='ltr'><strong>Fit</strong></span> <span class='ocrx_word' id='word_1_252' title='bbox 221 4150 389 4203; x_wconf 89' lang='lat' dir='ltr'><strong>pavor</strong></span> <span class='ocrx_word' id='word_1_253' title='bbox 416 4134 541 4188; x_wconf 84' lang='lat' dir='ltr'><strong>hinc</strong></span> <span class='ocrx_word' id='word_1_254' title='bbox 566 4134 908 4197; x_wconf 80' lang='lat' dir='ltr'><strong>exercitibus,</strong></span> <span class='ocrx_word' id='word_1_255' title='bbox 934 4134 1216 4200; x_wconf 88' lang='lat' dir='ltr'><strong>subitoque</strong></span> <span class='ocrx_word' id='word_1_256' title='bbox 1242 4131 1467 4184; x_wconf 90' lang='lat' dir='ltr'><strong>tumultu</strong></span> 
     </span>
    </p>
   </div>
   <div class='ocr_carea' id='block_1_42' title="bbox 107 4220 1381 4286">
    <p class='ocr_par' dir='ltr' id='par_1_42' title="bbox 107 4220 1381 4286">
     <span class='ocr_line' id='line_1_42' title="bbox 107 4220 1381 4286; baseline -0.004 -8"><span class='ocrx_word' id='word_1_257' title='bbox 107 4226 437 4286; x_wconf 85' lang='lat' dir='ltr'><strong>Turbautur,</strong></span> <span class='ocrx_word' id='word_1_258' title='bbox 468 4223 661 4276; x_wconf 76' lang='lat' dir='ltr'><strong>victrix</strong></span> <span class='ocrx_word' id='word_1_259' title='bbox 688 4222 950 4277; x_wconf 89' lang='lat' dir='ltr'><strong>latronum</strong></span> <span class='ocrx_word' id='word_1_260' title='bbox 977 4223 1128 4275; x_wconf 89' lang='lat' dir='ltr'><strong>turba</strong></span> <span class='ocrx_word' id='word_1_261' title='bbox 1156 4220 1381 4275; x_wconf 90' lang='lat' dir='ltr'><strong>nefanda</strong></span> 
     </span>
    </p>
   </div>
   <div class='ocr_carea' id='block_1_43' title="bbox 106 4310 1432 4381">
    <p class='ocr_par' dir='ltr' id='par_1_43' title="bbox 106 4310 1432 4381">
     <span class='ocr_line' id='line_1_43' title="bbox 106 4310 1432 4381; baseline -0.001 -17"><span class='ocrx_word' id='word_1_262' title='bbox 106 4313 381 4381; x_wconf 83' lang='lat' dir='ltr'><strong>Ingentem</strong></span> <span class='ocrx_word' id='word_1_263' title='bbox 407 4310 585 4379; x_wconf 85' lang='lat' dir='ltr'><strong>rapuit</strong></span> <span class='ocrx_word' id='word_1_264' title='bbox 606 4312 879 4380; x_wconf 86' lang='lat' dir='ltr'><strong>praedam,</strong></span> <span class='ocrx_word' id='word_1_265' title='bbox 905 4310 1187 4381; x_wconf 83' lang='lat' dir='ltr'><strong>pluresque</strong></span> <span class='ocrx_word' id='word_1_266' title='bbox 1211 4310 1432 4363; x_wconf 78' lang='lat' dir='ltr'><strong>necavit.</strong></span> 
     </span>
    </p>
   </div>
   <div class='ocr_carea' id='block_1_44' title="bbox 110 4400 1386 4471">
    <p class='ocr_par' dir='ltr' id='par_1_44' title="bbox 110 4400 1386 4471">
     <span class='ocr_line' id='line_1_44' title="bbox 110 4400 1386 4471; baseline -0.002 -16"><span class='ocrx_word' id='word_1_267' title='bbox 110 4404 349 4471; x_wconf 83' lang='lat' dir='ltr'><strong>Namque</strong></span> <span class='ocrx_word' id='word_1_268' title='bbox 378 4400 599 4470; x_wconf 87' lang='lat' dir='ltr'><strong>palatini</strong></span> <span class='ocrx_word' id='word_1_269' title='bbox 629 4400 843 4468; x_wconf 87' lang='lat' dir='ltr'><strong>quidam</strong></span> <span class='ocrx_word' id='word_1_270' title='bbox 872 4400 1109 4456; x_wconf 87' lang='lat' dir='ltr'><strong>cecidere</strong></span> <span class='ocrx_word' id='word_1_271' title='bbox 1137 4400 1386 4462; x_wconf 89' lang='lat' dir='ltr'><strong>ministri,</strong></span> 
     </span>
    </p>
   </div>
   <div class='ocr_carea' id='block_1_45' title="bbox 110 4487 1305 4557">
    <p class='ocr_par' dir='ltr' id='par_1_45' title="bbox 110 4487 1305 4557">
     <span class='ocr_line' id='line_1_45' title="bbox 110 4487 1305 4557; baseline 0 -14"><span class='ocrx_word' id='word_1_272' title='bbox 110 4489 495 4547; x_wconf 82' lang='lat' dir='ltr'><strong>Commendata</strong></span> <span class='ocrx_word' id='word_1_273' title='bbox 521 4489 714 4557; x_wconf 88' lang='lat' dir='ltr'><strong>quibus</strong></span> <span class='ocrx_word' id='word_1_274' title='bbox 735 4487 926 4557; x_wconf 84' lang='lat' dir='ltr'><strong>regalis</strong></span> <span class='ocrx_word' id='word_1_275' title='bbox 949 4488 1097 4556; x_wconf 89' lang='lat' dir='ltr'><strong>copia</strong></span> <span class='ocrx_word' id='word_1_276' title='bbox 1123 4502 1305 4556; x_wconf 83' lang='lat' dir='ltr'><strong>gazae,</strong></span> 
     </span>
    </p>
   </div>
   <div class='ocr_carea' id='block_1_46' title="bbox 111 4578 1258 4647">
    <p class='ocr_par' dir='ltr' id='par_1_46' title="bbox 111 4578 1258 4647">
     <span class='ocr_line' id='line_1_46' title="bbox 111 4578 1258 4647; baseline -0.002 -15"><span class='ocrx_word' id='word_1_277' title='bbox 111 4580 385 4641; x_wconf 83' lang='lat' dir='ltr'><strong>Predones</strong></span> <span class='ocrx_word' id='word_1_278' title='bbox 416 4579 536 4633; x_wconf 90' lang='lat' dir='ltr'><strong>illos</strong></span> <span class='ocrx_word' id='word_1_279' title='bbox 565 4579 749 4647; x_wconf 81' lang='lat' dir='ltr'><strong>spoliis</strong></span> <span class='ocrx_word' id='word_1_280' title='bbox 778 4579 963 4634; x_wconf 88' lang='lat' dir='ltr'><strong>ditavit</strong></span> <span class='ocrx_word' id='word_1_281' title='bbox 991 4578 1199 4647; x_wconf 90' lang='lat' dir='ltr'><strong>opimis.</strong></span> <span class='ocrx_word' id='word_1_282' title='bbox 1250 4622 1258 4630; x_wconf 88' lang='lat'><strong>.</strong></span> 
     </span>
    </p>
   </div>
   <div class='ocr_carea' id='block_1_47' title="bbox 110 4665 1273 4737">
    <p class='ocr_par' dir='ltr' id='par_1_47' title="bbox 110 4665 1273 4737">
     <span class='ocr_line' id='line_1_47' title="bbox 110 4665 1273 4737; baseline 0.001 -18"><span class='ocrx_word' id='word_1_283' title='bbox 110 4667 206 4722; x_wconf 86' lang='lat' dir='ltr'><strong>liis</strong></span> <span class='ocrx_word' id='word_1_284' title='bbox 232 4667 424 4737; x_wconf 87' lang='lat' dir='ltr'><strong>gestis,</strong></span> <span class='ocrx_word' id='word_1_285' title='bbox 449 4666 633 4721; x_wconf 83' lang='lat' dir='ltr'><strong>hostes</strong></span> <span class='ocrx_word' id='word_1_286' title='bbox 655 4666 789 4720; x_wconf 89' lang='lat' dir='ltr'><strong>vasti</strong></span> <span class='ocrx_word' id='word_1_287' title='bbox 815 4681 912 4734; x_wconf 90' lang='lat' dir='ltr'><strong>per</strong></span> <span class='ocrx_word' id='word_1_288' title='bbox 933 4666 1083 4721; x_wconf 89' lang='lat' dir='ltr'><strong>devia</strong></span> <span class='ocrx_word' id='word_1_289' title='bbox 1109 4665 1273 4720; x_wconf 89' lang='lat' dir='ltr'><strong>saltus</strong></span> 
     </span>
    </p>
   </div>
   <div class='ocr_carea' id='block_1_48' title="bbox 112 4753 1622 4825">
    <p class='ocr_par' dir='ltr' id='par_1_48' title="bbox 112 4753 1622 4825">
     <span class='ocr_line' id='line_1_48' title="bbox 112 4753 1622 4825; baseline 0.001 -19"><span class='ocrx_word' id='word_1_290' title='bbox 112 4754 404 4825; x_wconf 79' lang='lat' dir='ltr'><strong>Fugerent,</strong></span> <span class='ocrx_word' id='word_1_291' title='bbox 435 4753 673 4808; x_wconf 86' lang='lat' dir='ltr'><strong>celerant</strong></span> <span class='ocrx_word' id='word_1_292' title='bbox 697 4765 747 4817; x_wconf 82' lang='grc' dir='ltr'><strong>ι,</strong></span> <span class='ocrx_word' id='word_1_293' title='bbox 778 4754 989 4809; x_wconf 80' lang='lat' dir='ltr'><strong>fuerant</strong></span> <span class='ocrx_word' id='word_1_294' title='bbox 1013 4755 1207 4824; x_wconf 85' lang='lat' dir='ltr'><strong>quibus</strong></span> <span class='ocrx_word' id='word_1_295' title='bbox 1234 4754 1397 4808; x_wconf 86' lang='lat' dir='ltr'><strong>ardua</strong></span> <span class='ocrx_word' id='word_1_296' title='bbox 1429 4754 1622 4807; x_wconf 84' lang='lat' dir='ltr'><strong>montis</strong></span> 
     </span>
    </p>
   </div>
   <div class='ocr_carea' id='block_1_49' title="bbox 111 4841 1338 4911">
    <p class='ocr_par' dir='ltr' id='par_1_49' title="bbox 111 4841 1338 4911">
     <span class='ocr_line' id='line_1_49' title="bbox 111 4841 1338 4911; baseline 0 -14"><span class='ocrx_word' id='word_1_297' title='bbox 111 4844 302 4899; x_wconf 83' lang='lat' dir='ltr'><strong>Abdita</strong></span> <span class='ocrx_word' id='word_1_298' title='bbox 329 4843 587 4898; x_wconf 85' lang='lat' dir='ltr'><strong>silvarum</strong></span> <span class='ocrx_word' id='word_1_299' title='bbox 610 4841 763 4897; x_wconf 85' lang='lat' dir='ltr'><strong>vallis</strong></span> <span class='ocrx_word' id='word_1_300' title='bbox 791 4842 902 4896; x_wconf 87' lang='lat' dir='ltr'><strong>loca</strong></span> <span class='ocrx_word' id='word_1_301' title='bbox 930 4851 1054 4897; x_wconf 89' lang='lat' dir='ltr'><strong>nota</strong></span> <span class='ocrx_word' id='word_1_302' title='bbox 1080 4842 1338 4911; x_wconf 80' lang='lat' dir='ltr'><strong>profunde</strong></span> 
     </span>
    </p>
   </div>
   <div class='ocr_carea' id='block_1_50' title="bbox 112 4929 1292 5001">
    <p class='ocr_par' dir='ltr' id='par_1_50' title="bbox 112 4929 1292 5001">
     <span class='ocr_line' id='line_1_50' title="bbox 112 4929 1292 5001; baseline -0.004 -14"><span class='ocrx_word' id='word_1_303' title='bbox 112 4932 254 4996; x_wconf 88' lang='lat' dir='ltr'><strong>Quos</strong></span> <span class='ocrx_word' id='word_1_304' title='bbox 281 4931 405 5001; x_wconf 88' lang='lat' dir='ltr'><strong>fuga</strong></span> <span class='ocrx_word' id='word_1_305' title='bbox 437 4929 673 4997; x_wconf 88' lang='lat' dir='ltr'><strong>dilapsos</strong></span> <span class='ocrx_word' id='word_1_306' title='bbox 700 4930 1077 5001; x_wconf 78' lang='lat' dir='ltr'><strong>investigabilis</strong></span> <span class='ocrx_word' id='word_1_307' title='bbox 1106 4941 1160 4985; x_wconf 90' lang='lat' dir='ltr'><strong>et</strong></span> <span class='ocrx_word' id='word_1_308' title='bbox 1188 4946 1292 4983; x_wconf 78' lang='lat' dir='ltr'><strong>nox</strong></span> 
     </span>
    </p>
   </div>
   <div class='ocr_carea' id='block_1_51' title="bbox 111 5018 1325 5087">
    <p class='ocr_par' dir='ltr' id='par_1_51' title="bbox 111 5018 1325 5087">
     <span class='ocr_line' id='line_1_51' title="bbox 111 5018 1325 5087; baseline -0.001 -15"><span class='ocrx_word' id='word_1_309' title='bbox 111 5018 320 5076; x_wconf 86' lang='lat' dir='ltr'><strong>lustans</strong></span> <span class='ocrx_word' id='word_1_310' title='bbox 343 5018 562 5087; x_wconf 88' lang='lat' dir='ltr'><strong>eripuit,</strong></span> <span class='ocrx_word' id='word_1_311' title='bbox 588 5027 896 5087; x_wconf 88' lang='lat' dir='ltr'><strong>sequeretur</strong></span> <span class='ocrx_word' id='word_1_312' title='bbox 921 5027 979 5075; x_wconf 90' lang='lat' dir='ltr'><strong>ut</strong></span> <span class='ocrx_word' id='word_1_313' title='bbox 1007 5020 1138 5074; x_wconf 91' lang='lat' dir='ltr'><strong>ultio</strong></span> <span class='ocrx_word' id='word_1_314' title='bbox 1165 5020 1325 5073; x_wconf 91' lang='lat' dir='ltr'><strong>nulla.</strong></span> 
     </span>
    </p>
   </div>
   <div class='ocr_carea' id='block_1_52' title="bbox 113 5107 1504 5177">
    <p class='ocr_par' dir='ltr' id='par_1_52' title="bbox 113 5107 1504 5177">
     <span class='ocr_line' id='line_1_52' title="bbox 113 5107 1504 5177; baseline 0.002 -17"><span class='ocrx_word' id='word_1_315' title='bbox 113 5110 185 5163; x_wconf 82' lang='lat' dir='ltr'><strong>Ac</strong></span> <span class='ocrx_word' id='word_1_316' title='bbox 209 5109 420 5163; x_wconf 83' lang='lat' dir='ltr'><strong>facinus</strong></span> <span class='ocrx_word' id='word_1_317' title='bbox 444 5114 650 5161; x_wconf 87' lang='lat' dir='ltr'><strong>tantum</strong></span> <span class='ocrx_word' id='word_1_318' title='bbox 672 5108 922 5175; x_wconf 89' lang='lat' dir='ltr'><strong>quoniam</strong></span> <span class='ocrx_word' id='word_1_319' title='bbox 944 5110 1238 5177; x_wconf 90' lang='lat' dir='ltr'><strong>permansit</strong></span> <span class='ocrx_word' id='word_1_320' title='bbox 1265 5107 1504 5164; x_wconf 88' lang='lat' dir='ltr'><strong>inulttnn.</strong></span> 
     </span>
    </p>
   </div>
   <div class='ocr_carea' id='block_1_53' title="bbox 115 5194 1192 5265">
    <p class='ocr_par' dir='ltr' id='par_1_53' title="bbox 115 5194 1192 5265">
     <span class='ocr_line' id='line_1_53' title="bbox 115 5194 1192 5265; baseline 0 -18"><span class='ocrx_word' id='word_1_321' title='bbox 115 5195 311 5251; x_wconf 85' lang='lat' dir='ltr'><strong>Tristia</strong></span> <span class='ocrx_word' id='word_1_322' title='bbox 338 5194 502 5265; x_wconf 80' lang='lat' dir='ltr'><strong>regali</strong></span> <span class='ocrx_word' id='word_1_323' title='bbox 525 5194 775 5249; x_wconf 88' lang='lat' dir='ltr'><strong>subduxit</strong></span> <span class='ocrx_word' id='word_1_324' title='bbox 801 5198 982 5251; x_wconf 90' lang='lat' dir='ltr'><strong>nubila</strong></span> <span class='ocrx_word' id='word_1_325' title='bbox 1008 5196 1192 5255; x_wconf 85' lang='lat' dir='ltr'><strong>menti,</strong></span> 
     </span>
    </p>
   </div>
   <div class='ocr_carea' id='block_1_54' title="bbox 118 5281 1505 5354">
    <p class='ocr_par' dir='ltr' id='par_1_54' title="bbox 118 5281 1505 5354">
     <span class='ocr_line' id='line_1_54' title="bbox 118 5281 1505 5354; baseline 0.003 -21"><span class='ocrx_word' id='word_1_326' title='bbox 118 5282 374 5351; x_wconf 73' lang='lat' dir='ltr'><strong>Prospera</strong></span> <span class='ocrx_word' id='word_1_327' title='bbox 397 5298 558 5354; x_wconf 90' lang='lat' dir='ltr'><strong>quam</strong></span> <span class='ocrx_word' id='word_1_328' title='bbox 585 5281 757 5337; x_wconf 85' lang='lat' dir='ltr'><strong>fecere</strong></span> <span class='ocrx_word' id='word_1_329' title='bbox 780 5283 926 5351; x_wconf 90' lang='lat' dir='ltr'><strong>prius</strong></span> <span class='ocrx_word' id='word_1_330' title='bbox 949 5284 1221 5353; x_wconf 90' lang='lat' dir='ltr'><strong>complura</strong></span> <span class='ocrx_word' id='word_1_331' title='bbox 1247 5299 1505 5339; x_wconf 86' lang='lat' dir='ltr'><strong>serenam.</strong></span> 
     </span>
    </p>
   </div>
   <div class='ocr_carea' id='block_1_55' title="bbox 180 5372 1501 5442">
    <p class='ocr_par' dir='ltr' id='par_1_55' title="bbox 180 5372 1501 5442">
     <span class='ocr_line' id='line_1_55' title="bbox 180 5372 1501 5442; baseline -0.003 -16"><span class='ocrx_word' id='word_1_332' title='bbox 180 5373 378 5442; x_wconf 84' lang='lat' dir='ltr'><strong>Aptum</strong></span> <span class='ocrx_word' id='word_1_333' title='bbox 404 5379 679 5441; x_wconf 83' lang='lat' dir='ltr'><strong>praeterea</strong></span> <span class='ocrx_word' id='word_1_334' title='bbox 709 5385 767 5425; x_wconf 89' lang='lat' dir='ltr'><strong>se</strong></span> <span class='ocrx_word' id='word_1_335' title='bbox 796 5378 1003 5439; x_wconf 87' lang='lat' dir='ltr'><strong>tempus</strong></span> <span class='ocrx_word' id='word_1_336' title='bbox 1028 5372 1226 5425; x_wconf 86' lang='lat' dir='ltr'><strong>habere</strong></span> <span class='ocrx_word' id='word_1_337' title='bbox 1256 5380 1501 5440; x_wconf 85' lang='lat' dir='ltr'><strong>putantes</strong></span> 
     </span>
    </p>
   </div>
   <div class='ocr_carea' id='block_1_56' title="bbox 122 5457 1354 5535">
    <p class='ocr_par' dir='ltr' id='par_1_56' title="bbox 122 5457 1354 5535">
     <span class='ocr_line' id='line_1_56' title="bbox 122 5457 1354 5535; baseline -0.002 -21"><span class='ocrx_word' id='word_1_338' title='bbox 122 5462 356 5515; x_wconf 64' lang='lat' dir='ltr'><strong>Saxones</strong></span> <span class='ocrx_word' id='word_1_339' title='bbox 380 5457 670 5535; x_wconf 82' lang='lat' dir='ltr'><strong>ulciscendi</strong></span> <span class='ocrx_word' id='word_1_340' title='bbox 695 5472 853 5526; x_wconf 88' lang='lat' dir='ltr'><strong>quam</strong></span> <span class='ocrx_word' id='word_1_341' title='bbox 877 5459 1103 5527; x_wconf 84' lang='lat' dir='ltr'><strong>plurima</strong></span> <span class='ocrx_word' id='word_1_342' title='bbox 1129 5460 1354 5526; x_wconf 89' lang='lat' dir='ltr'><strong>dampua</strong></span> 
     </span>
    </p>
   </div>
   <div class='ocr_carea' id='block_1_57' title="bbox 50 5532 1384 5616">
    <p class='ocr_par' dir='ltr' id='par_1_57' title="bbox 50 5532 1384 5616">
     <span class='ocr_line' id='line_1_57' title="bbox 50 5532 1384 5616; baseline 0.001 -18"><span class='ocrx_word' id='word_1_343' title='bbox 50 5532 59 5545; x_wconf 77' lang='grc'><em>’</em></span> <span class='ocrx_word' id='word_1_344' title='bbox 122 5548 155 5598; x_wconf 70' lang='grc' dir='ltr'><strong>Α</strong></span> <span class='ocrx_word' id='word_1_345' title='bbox 187 5549 409 5603; x_wconf 81' lang='lat' dir='ltr'><strong>Francis</strong></span> <span class='ocrx_word' id='word_1_346' title='bbox 440 5547 585 5602; x_wconf 84' lang='lat' dir='ltr'><strong>illata</strong></span> <span class='ocrx_word' id='word_1_347' title='bbox 614 5532 734 5611; x_wconf 84' lang='lat' dir='ltr'><strong>sibi,</strong></span> <span class='ocrx_word' id='word_1_348' title='bbox 766 5547 886 5616; x_wconf 75' lang='lat' dir='ltr'><strong>quia</strong></span> <span class='ocrx_word' id='word_1_349' title='bbox 918 5563 1007 5602; x_wconf 91' lang='lat' dir='ltr'><strong>rex</strong></span> <span class='ocrx_word' id='word_1_350' title='bbox 1038 5554 1152 5600; x_wconf 82' lang='lat' dir='ltr'><strong>erat</strong></span> <span class='ocrx_word' id='word_1_351' title='bbox 1180 5546 1384 5610; x_wconf 82' lang='lat' dir='ltr'><strong>absens,</strong></span> 
     </span>
    </p>
   </div>
   <div class='ocr_carea' id='block_1_58' title="bbox 185 5680 1284 5757">
    <p class='ocr_par' dir='ltr' id='par_1_58' title="bbox 185 5680 1284 5757">
     <span class='ocr_line' id='line_1_58' title="bbox 185 5680 1284 5757; baseline -0.006 -23"><span class='ocrx_word' id='word_1_352' title='bbox 185 5695 207 5757; x_wconf 66' lang='grc' dir='ltr'><strong>ξι</strong></span> <span class='ocrx_word' id='word_1_353' title='bbox 254 5682 406 5757; x_wconf 60' lang='grc' dir='ltr'><strong>ῌςιίρι.</strong></span> <span class='ocrx_word' id='word_1_354' title='bbox 425 5680 741 5757; x_wconf 68' lang='lat' dir='ltr'><strong>etneudavit</strong></span> <span class='ocrx_word' id='word_1_355' title='bbox 764 5680 1061 5757; x_wconf 54' lang='grc' dir='ltr'><strong>ίὶιϊυιεςςιηι</strong></span> <span class='ocrx_word' id='word_1_356' title='bbox 1088 5680 1284 5757; x_wconf 66' lang='lat' dir='ltr'><strong>fugant.</strong></span> 
     </span>
    </p>
   </div>
   <div class='ocr_carea' id='block_1_59' title="bbox 187 5742 1673 5815">
    <p class='ocr_par' dir='ltr' id='par_1_59' title="bbox 187 5742 1673 5815">
     <span class='ocr_line' id='line_1_59' title="bbox 187 5742 1673 5815; baseline -0.003 -17"><span class='ocrx_word' id='word_1_357' title='bbox 187 5752 211 5785; x_wconf 68' lang='grc' dir='ltr'><strong>σε</strong></span> <span class='ocrx_word' id='word_1_358' title='bbox 257 5750 362 5800; x_wconf 61' lang='lat' dir='ltr'><strong>Uri</strong></span> <span class='ocrx_word' id='word_1_359' title='bbox 391 5750 496 5801; x_wconf 70' lang='lat' dir='ltr'><strong>sive</strong></span> <span class='ocrx_word' id='word_1_360' title='bbox 525 5748 678 5815; x_wconf 66' lang='lat' dir='ltr'><strong>lynci,</strong></span> <span class='ocrx_word' id='word_1_361' title='bbox 724 5748 774 5799; x_wconf 76' lang='lat' dir='ltr'><strong>id</strong></span> <span class='ocrx_word' id='word_1_362' title='bbox 813 5757 912 5812; x_wconf 69' lang='lat' dir='ltr'><strong>est,</strong></span> <span class='ocrx_word' id='word_1_363' title='bbox 942 5742 1165 5810; x_wconf 58' lang='lat' dir='ltr'><strong>Bacchi,</strong></span> <span class='ocrx_word' id='word_1_364' title='bbox 1193 5747 1311 5799; x_wconf 79' lang='lat' dir='ltr'><strong>riui.</strong></span> <span class='ocrx_word' id='word_1_365' title='bbox 1346 5745 1474 5799; x_wconf 71' lang='lat' dir='ltr'><strong>l‘tein</strong></span> <span class='ocrx_word' id='word_1_366' title='bbox 1508 5784 1518 5808; x_wconf 94' lang='lat'><strong>,</strong></span> <span class='ocrx_word' id='word_1_367' title='bbox 1558 5742 1673 5796; x_wconf 75' lang='grc' dir='ltr'><strong>,11η-</strong></span> 
     </span>
    </p>
   </div>
   <div class='ocr_carea' id='block_1_60' title="bbox 125 5817 439 5873">
    <p class='ocr_par' dir='ltr' id='par_1_60' title="bbox 125 5817 439 5873">
     <span class='ocr_line' id='line_1_60' title="bbox 125 5817 439 5873; baseline 0 -6"><span class='ocrx_word' id='word_1_368' title='bbox 125 5822 185 5870; x_wconf 61' lang='lat' dir='ltr'><strong>sui</strong></span> <span class='ocrx_word' id='word_1_369' title='bbox 196 5823 237 5873; x_wconf 82' lang='lat' dir='ltr'><strong>&#39;u</strong></span> <span class='ocrx_word' id='word_1_370' title='bbox 272 5817 439 5870; x_wconf 67' lang='lat' dir='ltr'><strong>Liut&#39;i.</strong></span> 
     </span>
    </p>
   </div>
   <div class='ocr_carea' id='block_1_61' title="bbox 1693 654 2846 729">
    <p class='ocr_par' dir='ltr' id='par_1_61' title="bbox 1693 654 2846 729">
     <span class='ocr_line' id='line_1_61' title="bbox 1693 654 2846 729; baseline -0.001 -16"><span class='ocrx_word' id='word_1_371' title='bbox 1693 664 1741 721; x_wconf 73' lang='grc' dir='ltr'><strong>Α</strong></span> <span class='ocrx_word' id='word_1_372' title='bbox 1769 660 1960 715; x_wconf 88' lang='lat' dir='ltr'><strong>lnfesto</strong></span> <span class='ocrx_word' id='word_1_373' title='bbox 1988 661 2155 715; x_wconf 77' lang='lat' dir='ltr'><strong>Rheni</strong></span> <span class='ocrx_word' id='word_1_374' title='bbox 2185 654 2444 728; x_wconf 87' lang='lat' dir='ltr'><strong>petierunt</strong></span> <span class='ocrx_word' id='word_1_375' title='bbox 2468 661 2677 729; x_wconf 81' lang='lat' dir='ltr'><strong>agmine</strong></span> <span class='ocrx_word' id='word_1_376' title='bbox 2704 660 2846 713; x_wconf 81' lang='lat' dir='ltr'><strong>litus.</strong></span> 
     </span>
    </p>
   </div>
   <div class='ocr_carea' id='block_1_62' title="bbox 1770 745 3065 814">
    <p class='ocr_par' dir='ltr' id='par_1_62' title="bbox 1770 745 3065 814">
     <span class='ocr_line' id='line_1_62' title="bbox 1770 745 3065 814; baseline -0.004 -11"><span class='ocrx_word' id='word_1_377' title='bbox 1770 751 1935 814; x_wconf 82' lang='lat' dir='ltr'><strong>Quem</strong></span> <span class='ocrx_word' id='word_1_378' title='bbox 1968 752 2193 804; x_wconf 89' lang='lat' dir='ltr'><strong>transire</strong></span> <span class='ocrx_word' id='word_1_379' title='bbox 2221 759 2398 810; x_wconf 88' lang='lat' dir='ltr'><strong>tamen</strong></span> <span class='ocrx_word' id='word_1_380' title='bbox 2422 749 2563 802; x_wconf 89' lang='lat' dir='ltr'><strong>nulla</strong></span> <span class='ocrx_word' id='word_1_381' title='bbox 2591 749 2793 802; x_wconf 88' lang='lat' dir='ltr'><strong>ratione</strong></span> <span class='ocrx_word' id='word_1_382' title='bbox 2817 745 3065 807; x_wconf 82' lang='lat' dir='ltr'><strong>valentes,</strong></span> 
     </span>
    </p>
   </div>
   <div class='ocr_carea' id='block_1_63' title="bbox 1770 838 3017 905">
    <p class='ocr_par' dir='ltr' id='par_1_63' title="bbox 1770 838 3017 905">
     <span class='ocr_line' id='line_1_63' title="bbox 1770 838 3017 905; baseline 0.001 -15"><span class='ocrx_word' id='word_1_383' title='bbox 1770 840 2094 892; x_wconf 80' lang='lat' dir='ltr'><strong>Francorum</strong></span> <span class='ocrx_word' id='word_1_384' title='bbox 2124 848 2293 893; x_wconf 89' lang='lat' dir='ltr'><strong>terras</strong></span> <span class='ocrx_word' id='word_1_385' title='bbox 2319 839 2371 894; x_wconf 92' lang='lat' dir='ltr'><strong>in</strong></span> <span class='ocrx_word' id='word_1_386' title='bbox 2399 841 2580 893; x_wconf 89' lang='lat' dir='ltr'><strong>eadem</strong></span> <span class='ocrx_word' id='word_1_387' title='bbox 2612 848 2759 905; x_wconf 89' lang='lat' dir='ltr'><strong>parte</strong></span> <span class='ocrx_word' id='word_1_388' title='bbox 2789 838 3017 891; x_wconf 82' lang='lat' dir='ltr'><strong>iacentes</strong></span> 
     </span>
    </p>
   </div>
   <div class='ocr_carea' id='block_1_64' title="bbox 1769 928 2960 1006">
    <p class='ocr_par' dir='ltr' id='par_1_64' title="bbox 1769 928 2960 1006">
     <span class='ocr_line' id='line_1_64' title="bbox 1769 928 2960 1006; baseline 0.001 -24"><span class='ocrx_word' id='word_1_389' title='bbox 1769 930 1881 996; x_wconf 84' lang='lat' dir='ltr'><strong>Qua</strong></span> <span class='ocrx_word' id='word_1_390' title='bbox 1910 942 2102 984; x_wconf 83' lang='lat' dir='ltr'><strong>venere</strong></span> <span class='ocrx_word' id='word_1_391' title='bbox 2131 930 2287 1006; x_wconf 87' lang='lat' dir='ltr'><strong>nimis</strong></span> <span class='ocrx_word' id='word_1_392' title='bbox 2317 938 2526 983; x_wconf 82' lang='lat' dir='ltr'><strong>vastare</strong></span> <span class='ocrx_word' id='word_1_393' title='bbox 2553 928 2804 983; x_wconf 86' lang='lat' dir='ltr'><strong>ferociter</strong></span> <span class='ocrx_word' id='word_1_394' title='bbox 2826 929 2960 990; x_wconf 85' lang='lat' dir='ltr'><strong>ausi,</strong></span> 
     </span>
    </p>
   </div>
   <div class='ocr_carea' id='block_1_65' title="bbox 1767 1018 3007 1090">
    <p class='ocr_par' dir='ltr' id='par_1_65' title="bbox 1767 1018 3007 1090">
     <span class='ocr_line' id='line_1_65' title="bbox 1767 1018 3007 1090; baseline 0 -19"><span class='ocrx_word' id='word_1_395' title='bbox 1767 1019 1811 1071; x_wconf 88' lang='lat' dir='ltr'><strong>A</strong></span> <span class='ocrx_word' id='word_1_396' title='bbox 1836 1019 2004 1074; x_wconf 90' lang='lat' dir='ltr'><strong>muris</strong></span> <span class='ocrx_word' id='word_1_397' title='bbox 2024 1019 2194 1087; x_wconf 83' lang='lat' dir='ltr'><strong>urbis,</strong></span> <span class='ocrx_word' id='word_1_398' title='bbox 2218 1033 2353 1087; x_wconf 89' lang='lat' dir='ltr'><strong>quae</strong></span> <span class='ocrx_word' id='word_1_399' title='bbox 2379 1019 2516 1074; x_wconf 88' lang='lat' dir='ltr'><strong>dicta</strong></span> <span class='ocrx_word' id='word_1_400' title='bbox 2547 1018 2720 1073; x_wconf 90' lang='lat' dir='ltr'><strong>Diutia</strong></span> <span class='ocrx_word' id='word_1_401' title='bbox 2746 1034 2886 1073; x_wconf 86' lang='lat' dir='ltr'><strong>nunc</strong></span> <span class='ocrx_word' id='word_1_402' title='bbox 2908 1026 3007 1090; x_wconf 77' lang='lat' dir='ltr'><strong>est,</strong></span> 
     </span>
    </p>
   </div>
   <div class='ocr_carea' id='block_1_66' title="bbox 1770 1104 3015 1174">
    <p class='ocr_par' dir='ltr' id='par_1_66' title="bbox 1770 1104 3015 1174">
     <span class='ocr_line' id='line_1_66' title="bbox 1770 1104 3015 1174; baseline 0 -16"><span class='ocrx_word' id='word_1_403' title='bbox 1770 1106 1946 1160; x_wconf 88' lang='lat' dir='ltr'><strong>Donec</strong></span> <span class='ocrx_word' id='word_1_404' title='bbox 1966 1107 2242 1174; x_wconf 84' lang='lat' dir='ltr'><strong>pervenias</strong></span> <span class='ocrx_word' id='word_1_405' title='bbox 2265 1106 2353 1159; x_wconf 91' lang='lat' dir='ltr'><strong>ubi</strong></span> <span class='ocrx_word' id='word_1_406' title='bbox 2381 1107 2597 1160; x_wconf 84' lang='lat' dir='ltr'><strong>Rhenus</strong></span> <span class='ocrx_word' id='word_1_407' title='bbox 2621 1104 2835 1161; x_wconf 80' lang='lat' dir='ltr'><strong>confluit</strong></span> <span class='ocrx_word' id='word_1_408' title='bbox 2860 1107 3015 1166; x_wconf 90' lang='lat' dir='ltr'><strong>idem,</strong></span> 
     </span>
    </p>
   </div>
   <div class='ocr_carea' id='block_1_67' title="bbox 1767 1192 2976 1262">
    <p class='ocr_par' dir='ltr' id='par_1_67' title="bbox 1767 1192 2976 1262">
     <span class='ocr_line' id='line_1_67' title="bbox 1767 1192 2976 1262; baseline 0.006 -17"><span class='ocrx_word' id='word_1_409' title='bbox 1767 1194 2137 1262; x_wconf 73' lang='lat' dir='ltr'><strong>Litoribusque</strong></span> <span class='ocrx_word' id='word_1_410' title='bbox 2163 1194 2339 1248; x_wconf 89' lang='lat' dir='ltr'><strong>ferens</strong></span> <span class='ocrx_word' id='word_1_411' title='bbox 2360 1192 2532 1249; x_wconf 90' lang='lat' dir='ltr'><strong>fontes</strong></span> <span class='ocrx_word' id='word_1_412' title='bbox 2554 1193 2768 1248; x_wconf 86' lang='lat' dir='ltr'><strong>Musella</strong></span> <span class='ocrx_word' id='word_1_413' title='bbox 2794 1193 2902 1247; x_wconf 89' lang='lat' dir='ltr'><strong>Liei</strong></span> <span class='ocrx_word' id='word_1_414' title='bbox 2929 1194 2976 1252; x_wconf 70' lang='grc' dir='ltr'><strong>ι’.</strong></span> 
     </span>
    </p>
   </div>
   <div class='ocr_carea' id='block_1_68' title="bbox 1769 1280 3216 1352">
    <p class='ocr_par' dir='ltr' id='par_1_68' title="bbox 1769 1280 3216 1352">
     <span class='ocr_line' id='line_1_68' title="bbox 1769 1280 3216 1352; baseline -0.003 -16"><span class='ocrx_word' id='word_1_415' title='bbox 1769 1282 1997 1337; x_wconf 87' lang='lat' dir='ltr'><strong>Cunctas</strong></span> <span class='ocrx_word' id='word_1_416' title='bbox 2024 1298 2155 1352; x_wconf 91' lang='lat' dir='ltr'><strong>quas</strong></span> <span class='ocrx_word' id='word_1_417' title='bbox 2179 1290 2423 1351; x_wconf 87' lang='lat' dir='ltr'><strong>poterant</strong></span> <span class='ocrx_word' id='word_1_418' title='bbox 2452 1282 2602 1335; x_wconf 87' lang='lat' dir='ltr'><strong>villas</strong></span> <span class='ocrx_word' id='word_1_419' title='bbox 2634 1282 2898 1344; x_wconf 89' lang='lat' dir='ltr'><strong>invadere,</strong></span> <span class='ocrx_word' id='word_1_420' title='bbox 2926 1280 3150 1333; x_wconf 76' lang='lat' dir='ltr'><strong>flammis</strong></span> <span class='ocrx_word' id='word_1_421' title='bbox 3212 1308 3216 1312; x_wconf 29' lang='grc' dir='ltr'><strong>Α</strong></span> 
     </span>
    </p>
   </div>
   <div class='ocr_carea' id='block_1_69' title="bbox 1769 1369 2967 1441">
    <p class='ocr_par' dir='ltr' id='par_1_69' title="bbox 1769 1369 2967 1441">
     <span class='ocr_line' id='line_1_69' title="bbox 1769 1369 2967 1441; baseline -0.003 -17"><span class='ocrx_word' id='word_1_422' title='bbox 1769 1372 2134 1437; x_wconf 80' lang='lat' dir='ltr'><strong>Tradiderant,</strong></span> <span class='ocrx_word' id='word_1_423' title='bbox 2161 1372 2290 1439; x_wconf 89' lang='lat' dir='ltr'><strong>ipsis</strong></span> <span class='ocrx_word' id='word_1_424' title='bbox 2313 1372 2474 1426; x_wconf 92' lang='lat' dir='ltr'><strong>etiam</strong></span> <span class='ocrx_word' id='word_1_425' title='bbox 2500 1387 2603 1425; x_wconf 86' lang='lat' dir='ltr'><strong>non</strong></span> <span class='ocrx_word' id='word_1_426' title='bbox 2630 1372 2707 1424; x_wconf 90' lang='lat' dir='ltr'><strong>ira</strong></span> <span class='ocrx_word' id='word_1_427' title='bbox 2734 1369 2967 1441; x_wconf 82' lang='lat' dir='ltr'><strong>pepercit</strong></span> 
     </span>
    </p>
   </div>
   <div class='ocr_carea' id='block_1_70' title="bbox 1768 1455 3207 1523">
    <p class='ocr_par' dir='ltr' id='par_1_70' title="bbox 1768 1455 3207 1523">
     <span class='ocr_line' id='line_1_70' title="bbox 1768 1455 3207 1523; baseline -0.002 -12"><span class='ocrx_word' id='word_1_428' title='bbox 1768 1459 2074 1523; x_wconf 88' lang='lat' dir='ltr'><strong>Aecclesiis,</strong></span> <span class='ocrx_word' id='word_1_429' title='bbox 2099 1472 2196 1514; x_wconf 92' lang='lat' dir='ltr'><strong>nec</strong></span> <span class='ocrx_word' id='word_1_430' title='bbox 2217 1468 2333 1513; x_wconf 90' lang='lat' dir='ltr'><strong>erat</strong></span> <span class='ocrx_word' id='word_1_431' title='bbox 2355 1459 2623 1513; x_wconf 88' lang='lat' dir='ltr'><strong>hominum</strong></span> <span class='ocrx_word' id='word_1_432' title='bbox 2647 1458 2824 1513; x_wconf 83' lang='lat' dir='ltr'><strong>caedis</strong></span> <span class='ocrx_word' id='word_1_433' title='bbox 2845 1458 3030 1513; x_wconf 89' lang='lat' dir='ltr'><strong>modus</strong></span> <span class='ocrx_word' id='word_1_434' title='bbox 3053 1455 3207 1510; x_wconf 87' lang='lat' dir='ltr'><strong>ullus.</strong></span> 
     </span>
    </p>
   </div>
   <div class='ocr_carea' id='block_1_71' title="bbox 1768 1546 2905 1615">
    <p class='ocr_par' dir='ltr' id='par_1_71' title="bbox 1768 1546 2905 1615">
     <span class='ocr_line' id='line_1_71' title="bbox 1768 1546 2905 1615; baseline 0.003 -17"><span class='ocrx_word' id='word_1_435' title='bbox 1768 1546 1883 1599; x_wconf 85' lang='lat' dir='ltr'><strong>Non</strong></span> <span class='ocrx_word' id='word_1_436' title='bbox 1906 1546 2119 1615; x_wconf 88' lang='lat' dir='ltr'><strong>aliquod</strong></span> <span class='ocrx_word' id='word_1_437' title='bbox 2145 1561 2321 1612; x_wconf 83' lang='lat' dir='ltr'><strong>sexus,</strong></span> <span class='ocrx_word' id='word_1_438' title='bbox 2348 1548 2558 1611; x_wconf 88' lang='lat' dir='ltr'><strong>aetatis,</strong></span> <span class='ocrx_word' id='word_1_439' title='bbox 2583 1548 2905 1604; x_wconf 82' lang='lat' dir='ltr'><strong>condicionis</strong></span> 
     </span>
    </p>
   </div>
   <div class='ocr_carea' id='block_1_72' title="bbox 1771 1622 2890 1706">
    <p class='ocr_par' dir='ltr' id='par_1_72' title="bbox 1771 1622 2890 1706">
     <span class='ocr_line' id='line_1_72' title="bbox 1771 1622 2890 1706; baseline 0 -17"><span class='ocrx_word' id='word_1_440' title='bbox 1771 1636 1939 1689; x_wconf 89' lang='lat' dir='ltr'><strong>Ullius</strong></span> <span class='ocrx_word' id='word_1_441' title='bbox 1963 1634 2108 1689; x_wconf 90' lang='lat' dir='ltr'><strong>furor</strong></span> <span class='ocrx_word' id='word_1_442' title='bbox 2133 1636 2351 1690; x_wconf 92' lang='lat' dir='ltr'><strong>immitis</strong></span> <span class='ocrx_word' id='word_1_443' title='bbox 2374 1622 2655 1691; x_wconf 87' lang='lat' dir='ltr'><strong>discrimen</strong></span> <span class='ocrx_word' id='word_1_444' title='bbox 2681 1637 2890 1706; x_wconf 86' lang='lat' dir='ltr'><strong>agebat,</strong></span> 
     </span>
    </p>
   </div>
   <div class='ocr_carea' id='block_1_73' title="bbox 1675 1723 3121 1793">
    <p class='ocr_par' dir='ltr' id='par_1_73' title="bbox 1675 1723 3121 1793">
     <span class='ocr_line' id='line_1_73' title="bbox 1675 1723 3121 1793; baseline -0.003 -14"><span class='ocrx_word' id='word_1_445' title='bbox 1675 1731 1681 1736; x_wconf 87' lang='lat'>&#39;</span> <span class='ocrx_word' id='word_1_446' title='bbox 1767 1725 1953 1779; x_wconf 89' lang='lat' dir='ltr'><strong>Omnia</strong></span> <span class='ocrx_word' id='word_1_447' title='bbox 1976 1725 2066 1779; x_wconf 91' lang='lat' dir='ltr'><strong>sed</strong></span> <span class='ocrx_word' id='word_1_448' title='bbox 2093 1724 2293 1779; x_wconf 87' lang='lat' dir='ltr'><strong>ferrum</strong></span> <span class='ocrx_word' id='word_1_449' title='bbox 2318 1724 2402 1780; x_wconf 88' lang='lat' dir='ltr'><strong>vel</strong></span> <span class='ocrx_word' id='word_1_450' title='bbox 2426 1724 2559 1779; x_wconf 82' lang='lat' dir='ltr'><strong>edax</strong></span> <span class='ocrx_word' id='word_1_451' title='bbox 2582 1732 2944 1779; x_wconf 89' lang='lat' dir='ltr'><strong>consumserat</strong></span> <span class='ocrx_word' id='word_1_452' title='bbox 2969 1723 3121 1793; x_wconf 83' lang='lat' dir='ltr'><strong>ignis.</strong></span> 
     </span>
    </p>
   </div>
   <div class='ocr_carea' id='block_1_74' title="bbox 1769 1810 3185 1879">
    <p class='ocr_par' dir='ltr' id='par_1_74' title="bbox 1769 1810 3185 1879">
     <span class='ocr_line' id='line_1_74' title="bbox 1769 1810 3185 1879; baseline -0.002 -16"><span class='ocrx_word' id='word_1_453' title='bbox 1769 1811 1901 1865; x_wconf 91' lang='lat' dir='ltr'><strong>llinc</strong></span> <span class='ocrx_word' id='word_1_454' title='bbox 1924 1812 2341 1879; x_wconf 87' lang='lat' dir='ltr'><strong>nonpraedandi</strong></span> <span class='ocrx_word' id='word_1_455' title='bbox 2365 1812 2559 1875; x_wconf 88' lang='lat' dir='ltr'><strong>studio,</strong></span> <span class='ocrx_word' id='word_1_456' title='bbox 2583 1811 2675 1866; x_wconf 92' lang='lat' dir='ltr'><strong>sed</strong></span> <span class='ocrx_word' id='word_1_457' title='bbox 2699 1820 2757 1865; x_wconf 94' lang='lat' dir='ltr'><strong>ut</strong></span> <span class='ocrx_word' id='word_1_458' title='bbox 2779 1810 2908 1865; x_wconf 89' lang='lat' dir='ltr'><strong>ultio</strong></span> <span class='ocrx_word' id='word_1_459' title='bbox 2930 1810 3185 1878; x_wconf 77' lang='lat' dir='ltr'><strong>quaedam</strong></span> 
     </span>
    </p>
   </div>
   <div class='ocr_carea' id='block_1_75' title="bbox 1769 1897 3050 1969">
    <p class='ocr_par' dir='ltr' id='par_1_75' title="bbox 1769 1897 3050 1969">
     <span class='ocr_line' id='line_1_75' title="bbox 1769 1897 3050 1969; baseline -0.001 -18"><span class='ocrx_word' id='word_1_460' title='bbox 1769 1898 1823 1957; x_wconf 91' lang='lat' dir='ltr'><strong>ln</strong></span> <span class='ocrx_word' id='word_1_461' title='bbox 1848 1897 2081 1956; x_wconf 85' lang='lat' dir='ltr'><strong>Francos</strong></span> <span class='ocrx_word' id='word_1_462' title='bbox 2103 1897 2270 1961; x_wconf 85' lang='lat' dir='ltr'><strong>fieret,</strong></span> <span class='ocrx_word' id='word_1_463' title='bbox 2296 1900 2399 1953; x_wconf 91' lang='lat' dir='ltr'><strong>hoc</strong></span> <span class='ocrx_word' id='word_1_464' title='bbox 2419 1913 2511 1957; x_wconf 82' lang='lat' dir='ltr'><strong>eos</strong></span> <span class='ocrx_word' id='word_1_465' title='bbox 2535 1900 2761 1968; x_wconf 81' lang='lat' dir='ltr'><strong>gessisse</strong></span> <span class='ocrx_word' id='word_1_466' title='bbox 2782 1899 3050 1969; x_wconf 88' lang='lat' dir='ltr'><strong>probatur.</strong></span> 
     </span>
    </p>
   </div>
   <div class='ocr_carea' id='block_1_76' title="bbox 1697 1971 3067 2057">
    <p class='ocr_par' dir='ltr' id='par_1_76' title="bbox 1697 1971 3067 2057">
     <span class='ocr_line' id='line_1_76' title="bbox 1697 1971 3067 2057; baseline -0.001 -20"><span class='ocrx_word' id='word_1_467' title='bbox 1697 1971 1743 2029; x_wconf 80' lang='grc' dir='ltr'><strong>Β</strong></span> <span class='ocrx_word' id='word_1_468' title='bbox 1772 1984 1882 2040; x_wconf 84' lang='lat' dir='ltr'><strong>Hoc</strong></span> <span class='ocrx_word' id='word_1_469' title='bbox 1909 2000 2000 2040; x_wconf 82' lang='lat' dir='ltr'><strong>rex</strong></span> <span class='ocrx_word' id='word_1_470' title='bbox 2030 1985 2276 2056; x_wconf 83' lang='lat' dir='ltr'><strong>Hispanis</strong></span> <span class='ocrx_word' id='word_1_471' title='bbox 2304 1987 2485 2040; x_wconf 90' lang='lat' dir='ltr'><strong>didicit</strong></span> <span class='ocrx_word' id='word_1_472' title='bbox 2515 2002 2787 2057; x_wconf 80' lang='lat' dir='ltr'><strong>regressus</strong></span> <span class='ocrx_word' id='word_1_473' title='bbox 2814 1987 2881 2041; x_wconf 89' lang='lat' dir='ltr'><strong>ab</strong></span> <span class='ocrx_word' id='word_1_474' title='bbox 2904 1987 3067 2040; x_wconf 90' lang='lat' dir='ltr'><strong>horis.</strong></span> 
     </span>
    </p>
   </div>
   <div class='ocr_carea' id='block_1_77' title="bbox 1769 2075 3083 2155">
    <p class='ocr_par' dir='ltr' id='par_1_77' title="bbox 1769 2075 3083 2155">
     <span class='ocr_line' id='line_1_77' title="bbox 1769 2075 3083 2155; baseline -0.001 -26"><span class='ocrx_word' id='word_1_475' title='bbox 1769 2076 1917 2131; x_wconf 89' lang='lat' dir='ltr'><strong>Tune</strong></span> <span class='ocrx_word' id='word_1_476' title='bbox 1939 2076 2225 2132; x_wconf 88' lang='lat' dir='ltr'><strong>orientales</strong></span> <span class='ocrx_word' id='word_1_477' title='bbox 2249 2076 2481 2155; x_wconf 69' lang='lat' dir='ltr'><strong>Francos</strong></span> <span class='ocrx_word' id='word_1_478' title='bbox 2505 2092 2602 2131; x_wconf 90' lang='lat' dir='ltr'><strong>nec</strong></span> <span class='ocrx_word' id='word_1_479' title='bbox 2628 2091 2732 2130; x_wconf 91' lang='lat' dir='ltr'><strong>non</strong></span> <span class='ocrx_word' id='word_1_480' title='bbox 2760 2075 3083 2129; x_wconf 86' lang='lat' dir='ltr'><strong>Alamannos</strong></span> 
     </span>
    </p>
   </div>
   <div class='ocr_carea' id='block_1_78' title="bbox 1768 2164 2972 2219">
    <p class='ocr_par' dir='ltr' id='par_1_78' title="bbox 1768 2164 2972 2219">
     <span class='ocr_line' id='line_1_78' title="bbox 1768 2164 2972 2219; baseline -0.002 0"><span class='ocrx_word' id='word_1_481' title='bbox 1768 2164 1932 2219; x_wconf 76' lang='lat' dir='ltr'><strong>Obvia</strong></span> <span class='ocrx_word' id='word_1_482' title='bbox 1955 2164 2095 2218; x_wconf 84' lang='lat' dir='ltr'><strong>ferre</strong></span> <span class='ocrx_word' id='word_1_483' title='bbox 2116 2164 2261 2219; x_wconf 89' lang='lat' dir='ltr'><strong>iubet</strong></span> <span class='ocrx_word' id='word_1_484' title='bbox 2280 2165 2461 2219; x_wconf 91' lang='lat' dir='ltr'><strong>statim</strong></span> <span class='ocrx_word' id='word_1_485' title='bbox 2486 2164 2783 2219; x_wconf 78' lang='lat' dir='ltr'><strong>Saxonibus</strong></span> <span class='ocrx_word' id='word_1_486' title='bbox 2805 2178 2972 2218; x_wconf 89' lang='lat' dir='ltr'><strong>arma.</strong></span> 
     </span>
    </p>
   </div>
   <div class='ocr_carea' id='block_1_79' title="bbox 1769 2254 3196 2323">
    <p class='ocr_par' dir='ltr' id='par_1_79' title="bbox 1769 2254 3196 2323">
     <span class='ocr_line' id='line_1_79' title="bbox 1769 2254 3196 2323; baseline -0.002 -16"><span class='ocrx_word' id='word_1_487' title='bbox 1769 2255 1912 2320; x_wconf 85' lang='lat' dir='ltr'><strong>Quos</strong></span> <span class='ocrx_word' id='word_1_488' title='bbox 1936 2268 2057 2309; x_wconf 90' lang='lat' dir='ltr'><strong>cum</strong></span> <span class='ocrx_word' id='word_1_489' title='bbox 2085 2254 2190 2307; x_wconf 90' lang='lat' dir='ltr'><strong>iam</strong></span> <span class='ocrx_word' id='word_1_490' title='bbox 2215 2254 2443 2323; x_wconf 84' lang='lat' dir='ltr'><strong>patriam</strong></span> <span class='ocrx_word' id='word_1_491' title='bbox 2471 2255 2749 2308; x_wconf 88' lang='lat' dir='ltr'><strong>redeuntes</strong></span> <span class='ocrx_word' id='word_1_492' title='bbox 2774 2254 3196 2322; x_wconf 89' lang='lat' dir='ltr'><strong>insequerentur,</strong></span> 
     </span>
    </p>
   </div>
   <div class='ocr_carea' id='block_1_80' title="bbox 1768 2342 3135 2403">
    <p class='ocr_par' dir='ltr' id='par_1_80' title="bbox 1768 2342 3135 2403">
     <span class='ocr_line' id='line_1_80' title="bbox 1768 2342 3135 2403; baseline -0.001 -6"><span class='ocrx_word' id='word_1_493' title='bbox 1768 2346 1823 2397; x_wconf 90' lang='lat' dir='ltr'><strong>lu</strong></span> <span class='ocrx_word' id='word_1_494' title='bbox 1846 2343 2239 2403; x_wconf 86' lang='lat' dir='ltr'><strong>Baddanfeldun</strong></span> <span class='ocrx_word' id='word_1_495' title='bbox 2264 2373 2329 2383; x_wconf 94' lang='lat'><strong><em>—</em></strong></span> <span class='ocrx_word' id='word_1_496' title='bbox 2356 2344 2432 2397; x_wconf 91' lang='lat' dir='ltr'><strong>sic</strong></span> <span class='ocrx_word' id='word_1_497' title='bbox 2453 2349 2533 2398; x_wconf 92' lang='lat' dir='ltr'><strong>est</strong></span> <span class='ocrx_word' id='word_1_498' title='bbox 2556 2342 2700 2397; x_wconf 89' lang='lat' dir='ltr'><strong>locus</strong></span> <span class='ocrx_word' id='word_1_499' title='bbox 2723 2342 2808 2396; x_wconf 89' lang='lat' dir='ltr'><strong>ille</strong></span> <span class='ocrx_word' id='word_1_500' title='bbox 2831 2351 3048 2396; x_wconf 87' lang='lat' dir='ltr'><strong>vocatus</strong></span> <span class='ocrx_word' id='word_1_501' title='bbox 3069 2371 3135 2381; x_wconf 89' lang='lat'><strong>-—</strong></span> 
     </span>
    </p>
   </div>
   <div class='ocr_carea' id='block_1_81' title="bbox 1770 2431 3012 2498">
    <p class='ocr_par' dir='ltr' id='par_1_81' title="bbox 1770 2431 3012 2498">
     <span class='ocr_line' id='line_1_81' title="bbox 1770 2431 3012 2498; baseline 0 -13"><span class='ocrx_word' id='word_1_502' title='bbox 1770 2431 2035 2490; x_wconf 64' lang='lat' dir='ltr'><strong>adornant</strong></span> <span class='ocrx_word' id='word_1_503' title='bbox 2060 2433 2203 2487; x_wconf 84' lang='lat' dir='ltr'><strong>iuxta</strong></span> <span class='ocrx_word' id='word_1_504' title='bbox 2228 2431 2441 2485; x_wconf 80' lang='lat' dir='ltr'><strong>ﬂuvium</strong></span> <span class='ocrx_word' id='word_1_505' title='bbox 2466 2439 2769 2486; x_wconf 86' lang='lat' dir='ltr'><strong>constanter</strong></span> <span class='ocrx_word' id='word_1_506' title='bbox 2791 2431 2842 2485; x_wconf 89' lang='lat' dir='ltr'><strong>in</strong></span> <span class='ocrx_word' id='word_1_507' title='bbox 2870 2431 3012 2498; x_wconf 81' lang='lat' dir='ltr'><strong>ipsos</strong></span> 
     </span>
    </p>
   </div>
   <div class='ocr_carea' id='block_1_82' title="bbox 1770 2519 3044 2588">
    <p class='ocr_par' dir='ltr' id='par_1_82' title="bbox 1770 2519 3044 2588">
     <span class='ocr_line' id='line_1_82' title="bbox 1770 2519 3044 2588; baseline -0.002 -15"><span class='ocrx_word' id='word_1_508' title='bbox 1770 2521 2055 2582; x_wconf 88' lang='lat' dir='ltr'><strong>lrrnerant,</strong></span> <span class='ocrx_word' id='word_1_509' title='bbox 2086 2529 2322 2588; x_wconf 91' lang='lat' dir='ltr'><strong>nutuque</strong></span> <span class='ocrx_word' id='word_1_510' title='bbox 2349 2519 2441 2572; x_wconf 89' lang='lat' dir='ltr'><strong>Dei</strong></span> <span class='ocrx_word' id='word_1_511' title='bbox 2466 2532 2623 2587; x_wconf 90' lang='lat' dir='ltr'><strong>quem</strong></span> <span class='ocrx_word' id='word_1_512' title='bbox 2648 2519 2869 2573; x_wconf 90' lang='lat' dir='ltr'><strong>crimina</strong></span> <span class='ocrx_word' id='word_1_513' title='bbox 2900 2525 3044 2571; x_wconf 88' lang='lat' dir='ltr'><strong>tanta</strong></span> 
     </span>
    </p>
   </div>
   <div class='ocr_carea' id='block_1_83' title="bbox 1768 2607 3053 2678">
    <p class='ocr_par' dir='ltr' id='par_1_83' title="bbox 1768 2607 3053 2678">
     <span class='ocr_line' id='line_1_83' title="bbox 1768 2607 3053 2678; baseline 0.002 -18"><span class='ocrx_word' id='word_1_514' title='bbox 1768 2609 1824 2662; x_wconf 91' lang='lat' dir='ltr'><strong>in</strong></span> <span class='ocrx_word' id='word_1_515' title='bbox 1853 2607 2045 2678; x_wconf 89' lang='lat' dir='ltr'><strong>populo</strong></span> <span class='ocrx_word' id='word_1_516' title='bbox 2074 2608 2354 2663; x_wconf 87' lang='lat' dir='ltr'><strong>commissa</strong></span> <span class='ocrx_word' id='word_1_517' title='bbox 2384 2622 2479 2660; x_wconf 91' lang='lat' dir='ltr'><strong>suo</strong></span> <span class='ocrx_word' id='word_1_518' title='bbox 2507 2608 2791 2674; x_wconf 85' lang='lat' dir='ltr'><strong>dampnare</strong></span> <span class='ocrx_word' id='word_1_519' title='bbox 2820 2607 3053 2663; x_wconf 79' lang='lat' dir='ltr'><strong>decebat.</strong></span> 
     </span>
    </p>
   </div>
   <div class='ocr_carea' id='block_1_84' title="bbox 1772 2695 3016 2763">
    <p class='ocr_par' dir='ltr' id='par_1_84' title="bbox 1772 2695 3016 2763">
     <span class='ocr_line' id='line_1_84' title="bbox 1772 2695 3016 2763; baseline -0.002 -16"><span class='ocrx_word' id='word_1_520' title='bbox 1772 2697 2008 2748; x_wconf 83' lang='lat' dir='ltr'><strong>Saxones</strong></span> <span class='ocrx_word' id='word_1_521' title='bbox 2036 2702 2179 2748; x_wconf 81' lang='lat' dir='ltr'><strong>tanta</strong></span> <span class='ocrx_word' id='word_1_522' title='bbox 2209 2695 2513 2748; x_wconf 87' lang='lat' dir='ltr'><strong>ceciderunt</strong></span> <span class='ocrx_word' id='word_1_523' title='bbox 2539 2703 2713 2763; x_wconf 81' lang='lat' dir='ltr'><strong>strage</strong></span> <span class='ocrx_word' id='word_1_524' title='bbox 2741 2695 3016 2763; x_wconf 81' lang='lat' dir='ltr'><strong>perempti,</strong></span> 
     </span>
    </p>
   </div>
   <div class='ocr_carea' id='block_1_85' title="bbox 1774 2782 3055 2853">
    <p class='ocr_par' dir='ltr' id='par_1_85' title="bbox 1774 2782 3055 2853">
     <span class='ocr_line' id='line_1_85' title="bbox 1774 2782 3055 2853; baseline -0.003 -16"><span class='ocrx_word' id='word_1_525' title='bbox 1774 2782 1840 2837; x_wconf 89' lang='lat' dir='ltr'><strong>Ut</strong></span> <span class='ocrx_word' id='word_1_526' title='bbox 1866 2782 1929 2837; x_wconf 91' lang='lat' dir='ltr'><strong>de</strong></span> <span class='ocrx_word' id='word_1_527' title='bbox 1956 2782 2267 2853; x_wconf 84' lang='lat' dir='ltr'><strong>praegrandi</strong></span> <span class='ocrx_word' id='word_1_528' title='bbox 2296 2789 2631 2851; x_wconf 85' lang='lat' dir='ltr'><strong>superessent</strong></span> <span class='ocrx_word' id='word_1_529' title='bbox 2654 2782 2861 2852; x_wconf 89' lang='lat' dir='ltr'><strong>agmine</strong></span> <span class='ocrx_word' id='word_1_530' title='bbox 2886 2782 3055 2850; x_wconf 80' lang='lat' dir='ltr'><strong>pauci.</strong></span> 
     </span>
    </p>
   </div>
   <div class='ocr_carea' id='block_1_86' title="bbox 2241 2908 2854 2965">
    <p class='ocr_par' dir='ltr' id='par_1_86' title="bbox 2241 2908 2854 2965">
     <span class='ocr_line' id='line_1_86' title="bbox 2241 2908 2854 2965; baseline 0.002 -3"><span class='ocrx_word' id='word_1_531' title='bbox 2241 2911 2389 2963; x_wconf 85' lang='lat' dir='ltr'><strong>Anno</strong></span> <span class='ocrx_word' id='word_1_532' title='bbox 2425 2909 2544 2964; x_wconf 83' lang='lat'><strong>779.</strong></span> <span class='ocrx_word' id='word_1_533' title='bbox 2580 2908 2772 2963; x_wconf 69' lang='lat' dir='ltr'><strong>Indici.</strong></span> <span class='ocrx_word' id='word_1_534' title='bbox 2806 2912 2854 2965; x_wconf 77' lang='lat' dir='ltr'><strong>i.</strong></span> 
     </span>
    </p>
   </div>
   <div class='ocr_carea' id='block_1_87' title="bbox 1772 3019 3093 3091">
    <p class='ocr_par' dir='ltr' id='par_1_87' title="bbox 1772 3019 3093 3091">
     <span class='ocr_line' id='line_1_87' title="bbox 1772 3019 3093 3091; baseline -0.001 -16"><span class='ocrx_word' id='word_1_535' title='bbox 1772 3022 1905 3076; x_wconf 87' lang='lat' dir='ltr'><strong>Vere</strong></span> <span class='ocrx_word' id='word_1_536' title='bbox 1935 3034 2070 3075; x_wconf 92' lang='lat' dir='ltr'><strong>novo</strong></span> <span class='ocrx_word' id='word_1_537' title='bbox 2098 3019 2318 3075; x_wconf 87' lang='lat' dir='ltr'><strong>Carolus</strong></span> <span class='ocrx_word' id='word_1_538' title='bbox 2346 3034 2505 3091; x_wconf 84' lang='lat' dir='ltr'><strong>causa</strong></span> <span class='ocrx_word' id='word_1_539' title='bbox 2530 3027 2778 3087; x_wconf 89' lang='lat' dir='ltr'><strong>poscente</strong></span> <span class='ocrx_word' id='word_1_540' title='bbox 2805 3034 3093 3088; x_wconf 84' lang='lat' dir='ltr'><strong>peragrans</strong></span> 
     </span>
    </p>
   </div>
   <div class='ocr_carea' id='block_1_88' title="bbox 1770 3104 3093 3176">
    <p class='ocr_par' dir='ltr' id='par_1_88' title="bbox 1770 3104 3093 3176">
     <span class='ocr_line' id='line_1_88' title="bbox 1770 3104 3093 3176; baseline -0.001 -15"><span class='ocrx_word' id='word_1_541' title='bbox 1770 3107 2037 3163; x_wconf 87' lang='lat' dir='ltr'><strong>Gallorum</strong></span> <span class='ocrx_word' id='word_1_542' title='bbox 2066 3108 2329 3176; x_wconf 90' lang='lat' dir='ltr'><strong>quondam</strong></span> <span class='ocrx_word' id='word_1_543' title='bbox 2361 3116 2546 3170; x_wconf 89' lang='lat' dir='ltr'><strong>terras,</strong></span> <span class='ocrx_word' id='word_1_544' title='bbox 2579 3107 2644 3159; x_wconf 88' lang='lat' dir='ltr'><strong>ad</strong></span> <span class='ocrx_word' id='word_1_545' title='bbox 2672 3104 3045 3160; x_wconf 80' lang='lat' dir='ltr'><strong>Wireiniarnm</strong></span> <span class='ocrx_word' id='word_1_546' title='bbox 3073 3118 3093 3143; x_wconf 67' lang='grc' dir='ltr'><strong>α</strong></span> 
     </span>
    </p>
   </div>
   <div class='ocr_carea' id='block_1_89' title="bbox 1769 3179 2971 3261">
    <p class='ocr_par' dir='ltr' id='par_1_89' title="bbox 1769 3179 2971 3261">
     <span class='ocr_line' id='line_1_89' title="bbox 1769 3179 2971 3261; baseline 0 -13"><span class='ocrx_word' id='word_1_547' title='bbox 1769 3197 2009 3251; x_wconf 89' lang='lat' dir='ltr'><strong>Accessit</strong></span> <span class='ocrx_word' id='word_1_548' title='bbox 2033 3197 2229 3257; x_wconf 87' lang='lat' dir='ltr'><strong>vicum,</strong></span> <span class='ocrx_word' id='word_1_549' title='bbox 2257 3208 2362 3261; x_wconf 90' lang='lat' dir='ltr'><strong>quo</strong></span> <span class='ocrx_word' id='word_1_550' title='bbox 2392 3201 2518 3247; x_wconf 91' lang='lat' dir='ltr'><strong>tunc</strong></span> <span class='ocrx_word' id='word_1_551' title='bbox 2543 3192 2779 3247; x_wconf 89' lang='lat' dir='ltr'><strong>occurrit</strong></span> <span class='ocrx_word' id='word_1_552' title='bbox 2801 3179 2971 3248; x_wconf 86' lang='lat' dir='ltr'><strong>eidem</strong></span> 
     </span>
    </p>
   </div>
   <div class='ocr_carea' id='block_1_90' title="bbox 1696 3278 2959 3359">
    <p class='ocr_par' dir='ltr' id='par_1_90' title="bbox 1696 3278 2959 3359">
     <span class='ocr_line' id='line_1_90' title="bbox 1696 3278 2959 3359; baseline 0 -22"><span class='ocrx_word' id='word_1_553' title='bbox 1696 3278 1739 3337; x_wconf 90' lang='lat' dir='ltr'><strong>C</strong></span> <span class='ocrx_word' id='word_1_554' title='bbox 1773 3289 1887 3343; x_wconf 80' lang='lat' dir='ltr'><strong>Dux</strong></span> <span class='ocrx_word' id='word_1_555' title='bbox 1917 3289 2261 3359; x_wconf 47' lang='lat' dir='ltr'><strong>Spoletanus,</strong></span> <span class='ocrx_word' id='word_1_556' title='bbox 2282 3286 2656 3341; x_wconf 78' lang='lat' dir='ltr'><strong>Hildibrandus</strong></span> <span class='ocrx_word' id='word_1_557' title='bbox 2682 3286 2959 3341; x_wconf 84' lang='lat' dir='ltr'><strong>vocitatus.</strong></span> 
     </span>
    </p>
   </div>
   <div class='ocr_carea' id='block_1_91' title="bbox 1770 3375 2963 3446">
    <p class='ocr_par' dir='ltr' id='par_1_91' title="bbox 1770 3375 2963 3446">
     <span class='ocr_line' id='line_1_91' title="bbox 1770 3375 2963 3446; baseline -0.001 -15"><span class='ocrx_word' id='word_1_558' title='bbox 1770 3377 1869 3444; x_wconf 83' lang='lat' dir='ltr'><strong>Qui</strong></span> <span class='ocrx_word' id='word_1_559' title='bbox 1898 3379 2134 3446; x_wconf 89' lang='lat' dir='ltr'><strong>preciosa</strong></span> <span class='ocrx_word' id='word_1_560' title='bbox 2166 3376 2339 3432; x_wconf 87' lang='lat' dir='ltr'><strong>ferens</strong></span> <span class='ocrx_word' id='word_1_561' title='bbox 2367 3375 2557 3445; x_wconf 86' lang='lat' dir='ltr'><strong>insigni</strong></span> <span class='ocrx_word' id='word_1_562' title='bbox 2586 3389 2807 3428; x_wconf 87' lang='lat' dir='ltr'><strong>munera</strong></span> <span class='ocrx_word' id='word_1_563' title='bbox 2833 3375 2963 3443; x_wconf 77' lang='lat' dir='ltr'><strong>regi.</strong></span> 
     </span>
    </p>
   </div>
   <div class='ocr_carea' id='block_1_92' title="bbox 1770 3462 3008 3533">
    <p class='ocr_par' dir='ltr' id='par_1_92' title="bbox 1770 3462 3008 3533">
     <span class='ocr_line' id='line_1_92' title="bbox 1770 3462 3008 3533; baseline -0.004 -14"><span class='ocrx_word' id='word_1_564' title='bbox 1770 3467 1849 3519; x_wconf 85' lang='lat' dir='ltr'><strong>Ad</strong></span> <span class='ocrx_word' id='word_1_565' title='bbox 1875 3481 1970 3520; x_wconf 90' lang='lat' dir='ltr'><strong>sua</strong></span> <span class='ocrx_word' id='word_1_566' title='bbox 1993 3480 2111 3518; x_wconf 91' lang='lat' dir='ltr'><strong>cum</strong></span> <span class='ocrx_word' id='word_1_567' title='bbox 2144 3479 2333 3533; x_wconf 87' lang='lat' dir='ltr'><strong>magno</strong></span> <span class='ocrx_word' id='word_1_568' title='bbox 2359 3464 2491 3517; x_wconf 90' lang='lat' dir='ltr'><strong>satis</strong></span> <span class='ocrx_word' id='word_1_569' title='bbox 2517 3462 2767 3517; x_wconf 89' lang='lat' dir='ltr'><strong>dimissus</strong></span> <span class='ocrx_word' id='word_1_570' title='bbox 2791 3462 3008 3516; x_wconf 83' lang='lat' dir='ltr'><strong>honore.</strong></span> 
     </span>
    </p>
   </div>
   <div class='ocr_carea' id='block_1_93' title="bbox 1769 3551 2947 3609">
    <p class='ocr_par' dir='ltr' id='par_1_93' title="bbox 1769 3551 2947 3609">
     <span class='ocr_line' id='line_1_93' title="bbox 1769 3551 2947 3609; baseline -0.003 -2"><span class='ocrx_word' id='word_1_571' title='bbox 1769 3555 1837 3607; x_wconf 84' lang='lat' dir='ltr'><strong>At</strong></span> <span class='ocrx_word' id='word_1_572' title='bbox 1867 3566 1956 3607; x_wconf 80' lang='lat' dir='ltr'><strong>rex</strong></span> <span class='ocrx_word' id='word_1_573' title='bbox 1987 3554 2184 3609; x_wconf 86' lang='lat' dir='ltr'><strong>intente</strong></span> <span class='ocrx_word' id='word_1_574' title='bbox 2214 3552 2473 3607; x_wconf 90' lang='lat' dir='ltr'><strong>meditans</strong></span> <span class='ocrx_word' id='word_1_575' title='bbox 2503 3551 2751 3606; x_wconf 81' lang='lat' dir='ltr'><strong>invadere</strong></span> <span class='ocrx_word' id='word_1_576' title='bbox 2777 3560 2947 3605; x_wconf 85' lang='lat' dir='ltr'><strong>terras</strong></span> 
     </span>
    </p>
   </div>
   <div class='ocr_carea' id='block_1_94' title="bbox 1772 3640 3076 3707">
    <p class='ocr_par' dir='ltr' id='par_1_94' title="bbox 1772 3640 3076 3707">
     <span class='ocr_line' id='line_1_94' title="bbox 1772 3640 3076 3707; baseline -0.008 -9"><span class='ocrx_word' id='word_1_577' title='bbox 1772 3643 2059 3707; x_wconf 80' lang='lat' dir='ltr'><strong>Saxonum,</strong></span> <span class='ocrx_word' id='word_1_578' title='bbox 2089 3643 2244 3698; x_wconf 90' lang='lat' dir='ltr'><strong>citius</strong></span> <span class='ocrx_word' id='word_1_579' title='bbox 2271 3641 2515 3694; x_wconf 81' lang='lat' dir='ltr'><strong>Rhenum</strong></span> <span class='ocrx_word' id='word_1_580' title='bbox 2546 3640 2829 3694; x_wconf 84' lang='lat' dir='ltr'><strong>traiecerat</strong></span> <span class='ocrx_word' id='word_1_581' title='bbox 2850 3654 3076 3692; x_wconf 86' lang='lat' dir='ltr'><strong>amnem.</strong></span> 
     </span>
    </p>
   </div>
   <div class='ocr_carea' id='block_1_95' title="bbox 1770 3729 2989 3801">
    <p class='ocr_par' dir='ltr' id='par_1_95' title="bbox 1770 3729 2989 3801">
     <span class='ocr_line' id='line_1_95' title="bbox 1770 3729 2989 3801; baseline -0.005 -15"><span class='ocrx_word' id='word_1_582' title='bbox 1770 3733 1865 3787; x_wconf 84' lang='lat' dir='ltr'><strong>Cui</strong></span> <span class='ocrx_word' id='word_1_583' title='bbox 1894 3746 1951 3786; x_wconf 91' lang='lat' dir='ltr'><strong>se</strong></span> <span class='ocrx_word' id='word_1_584' title='bbox 1979 3747 2070 3801; x_wconf 91' lang='lat' dir='ltr'><strong>spe</strong></span> <span class='ocrx_word' id='word_1_585' title='bbox 2098 3746 2230 3785; x_wconf 91' lang='lat' dir='ltr'><strong>vana</strong></span> <span class='ocrx_word' id='word_1_586' title='bbox 2261 3745 2391 3800; x_wconf 90' lang='lat' dir='ltr'><strong>gens</strong></span> <span class='ocrx_word' id='word_1_587' title='bbox 2419 3730 2531 3800; x_wconf 89' lang='lat' dir='ltr'><strong>ipsa</strong></span> <span class='ocrx_word' id='word_1_588' title='bbox 2558 3729 2808 3783; x_wconf 87' lang='lat' dir='ltr'><strong>resistere</strong></span> <span class='ocrx_word' id='word_1_589' title='bbox 2834 3743 2989 3796; x_wconf 44' lang='lat' dir='ltr'><strong>posiae</strong></span> 
     </span>
    </p>
   </div>
   <div class='ocr_carea' id='block_1_96' title="bbox 1770 3816 3086 3889">
    <p class='ocr_par' dir='ltr' id='par_1_96' title="bbox 1770 3816 3086 3889">
     <span class='ocr_line' id='line_1_96' title="bbox 1770 3816 3086 3889; baseline -0.005 -15"><span class='ocrx_word' id='word_1_590' title='bbox 1770 3821 2072 3883; x_wconf 75' lang='lat' dir='ltr'><strong>Confidens,</strong></span> <span class='ocrx_word' id='word_1_591' title='bbox 2099 3820 2297 3889; x_wconf 89' lang='lat' dir='ltr'><strong>pariter</strong></span> <span class='ocrx_word' id='word_1_592' title='bbox 2325 3818 2549 3887; x_wconf 88' lang='lat' dir='ltr'><strong>sumptis</strong></span> <span class='ocrx_word' id='word_1_593' title='bbox 2573 3825 2877 3871; x_wconf 88' lang='lat' dir='ltr'><strong>occurrerat</strong></span> <span class='ocrx_word' id='word_1_594' title='bbox 2905 3816 3086 3875; x_wconf 80' lang='lat' dir='ltr'><strong>armis,</strong></span> 
     </span>
    </p>
   </div>
   <div class='ocr_carea' id='block_1_97' title="bbox 1773 3905 2982 3979">
    <p class='ocr_par' dir='ltr' id='par_1_97' title="bbox 1773 3905 2982 3979">
     <span class='ocr_line' id='line_1_97' title="bbox 1773 3905 2982 3979; baseline -0.007 -14"><span class='ocrx_word' id='word_1_595' title='bbox 1773 3912 1826 3965; x_wconf 91' lang='lat' dir='ltr'><strong>lu</strong></span> <span class='ocrx_word' id='word_1_596' title='bbox 1855 3912 2082 3979; x_wconf 82' lang='lat' dir='ltr'><strong>quodam</strong></span> <span class='ocrx_word' id='word_1_597' title='bbox 2108 3909 2327 3964; x_wconf 89' lang='lat' dir='ltr'><strong>collecta</strong></span> <span class='ocrx_word' id='word_1_598' title='bbox 2353 3908 2469 3962; x_wconf 90' lang='lat' dir='ltr'><strong>loco</strong></span> <span class='ocrx_word' id='word_1_599' title='bbox 2493 3906 2713 3962; x_wconf 89' lang='lat' dir='ltr'><strong>Bocholt</strong></span> <span class='ocrx_word' id='word_1_600' title='bbox 2736 3905 2982 3960; x_wconf 72' lang='lat' dir='ltr'><strong>vocitata.</strong></span> 
     </span>
    </p>
   </div>
   <div class='ocr_carea' id='block_1_98' title="bbox 1773 3993 3058 4067">
    <p class='ocr_par' dir='ltr' id='par_1_98' title="bbox 1773 3993 3058 4067">
     <span class='ocr_line' id='line_1_98' title="bbox 1773 3993 3058 4067; baseline -0.008 -12"><span class='ocrx_word' id='word_1_601' title='bbox 1773 4002 1875 4055; x_wconf 75' lang='lat' dir='ltr'><strong>Sed</strong></span> <span class='ocrx_word' id='word_1_602' title='bbox 1903 4015 2025 4053; x_wconf 91' lang='lat' dir='ltr'><strong>cum</strong></span> <span class='ocrx_word' id='word_1_603' title='bbox 2050 3998 2349 4067; x_wconf 89' lang='lat' dir='ltr'><strong>coepissent</strong></span> <span class='ocrx_word' id='word_1_604' title='bbox 2377 3995 2489 4049; x_wconf 90' lang='lat' dir='ltr'><strong>acie</strong></span> <span class='ocrx_word' id='word_1_605' title='bbox 2516 3993 2814 4064; x_wconf 77' lang='lat' dir='ltr'><strong>confligere.</strong></span> <span class='ocrx_word' id='word_1_606' title='bbox 2844 3993 3022 4047; x_wconf 87' lang='lat' dir='ltr'><strong>statim</strong></span> <span class='ocrx_word' id='word_1_607' title='bbox 3046 4030 3058 4045; x_wconf 67' lang='grc' dir='ltr'><em>ρ</em></span> 
     </span>
    </p>
   </div>
   <div class='ocr_carea' id='block_1_99' title="bbox 1772 4079 3177 4155">
    <p class='ocr_par' dir='ltr' id='par_1_99' title="bbox 1772 4079 3177 4155">
     <span class='ocr_line' id='line_1_99' title="bbox 1772 4079 3177 4155; baseline -0.008 -15"><span class='ocrx_word' id='word_1_608' title='bbox 1772 4088 1940 4155; x_wconf 84' lang='lat' dir='ltr'><strong>Terga</strong></span> <span class='ocrx_word' id='word_1_609' title='bbox 1969 4084 2132 4148; x_wconf 90' lang='lat' dir='ltr'><strong>dedit,</strong></span> <span class='ocrx_word' id='word_1_610' title='bbox 2161 4098 2382 4137; x_wconf 90' lang='lat' dir='ltr'><strong>numero</strong></span> <span class='ocrx_word' id='word_1_611' title='bbox 2411 4081 2736 4140; x_wconf 83' lang='lat' dir='ltr'><strong>Francorum</strong></span> <span class='ocrx_word' id='word_1_612' title='bbox 2764 4079 2945 4134; x_wconf 89' lang='lat' dir='ltr'><strong>territa</strong></span> <span class='ocrx_word' id='word_1_613' title='bbox 2974 4079 3177 4148; x_wconf 82' lang='lat' dir='ltr'><strong>grandi.</strong></span> 
     </span>
    </p>
   </div>
   <div class='ocr_carea' id='block_1_100' title="bbox 1771 4170 3257 4252">
    <p class='ocr_par' dir='ltr' id='par_1_100' title="bbox 1771 4170 3257 4252">
     <span class='ocr_line' id='line_1_100' title="bbox 1771 4170 3257 4252; baseline -0.006 -24"><span class='ocrx_word' id='word_1_614' title='bbox 1771 4176 1988 4252; x_wconf 76' lang='lat' dir='ltr'><strong>Accepit</strong></span> <span class='ocrx_word' id='word_1_615' title='bbox 2017 4182 2141 4227; x_wconf 92' lang='lat' dir='ltr'><strong>tunc</strong></span> <span class='ocrx_word' id='word_1_616' title='bbox 2170 4170 2453 4226; x_wconf 87' lang='lat' dir='ltr'><strong>Westfnlos</strong></span> <span class='ocrx_word' id='word_1_617' title='bbox 2481 4171 2532 4224; x_wconf 91' lang='lat' dir='ltr'><strong>in</strong></span> <span class='ocrx_word' id='word_1_618' title='bbox 2561 4170 2898 4223; x_wconf 90' lang='lat' dir='ltr'><strong>deditionem.</strong></span> <span class='ocrx_word' id='word_1_619' title='bbox 3247 4219 3257 4230; x_wconf 78' lang='grc'><em>,</em></span> 
     </span>
    </p>
   </div>
   <div class='ocr_carea' id='block_1_101' title="bbox 1774 4256 3294 4331">
    <p class='ocr_par' dir='ltr' id='par_1_101' title="bbox 1774 4256 3294 4331">
     <span class='ocr_line' id='line_1_101' title="bbox 1774 4256 3294 4331; baseline -0.007 -15"><span class='ocrx_word' id='word_1_620' title='bbox 1774 4263 2195 4331; x_wconf 81' lang='lat' dir='ltr'><strong>Progressusque</strong></span> <span class='ocrx_word' id='word_1_621' title='bbox 2217 4259 2428 4321; x_wconf 83' lang='lat' dir='ltr'><strong>dehinc,</strong></span> <span class='ocrx_word' id='word_1_622' title='bbox 2450 4257 2719 4311; x_wconf 82' lang='lat' dir='ltr'><strong>Wisuram</strong></span> <span class='ocrx_word' id='word_1_623' title='bbox 2748 4256 2987 4325; x_wconf 83' lang='lat' dir='ltr'><strong>pervenit</strong></span> <span class='ocrx_word' id='word_1_624' title='bbox 3008 4257 3070 4310; x_wconf 89' lang='lat' dir='ltr'><strong>ad</strong></span> <span class='ocrx_word' id='word_1_625' title='bbox 3094 4268 3294 4309; x_wconf 80' lang='lat' dir='ltr'><strong>amnem</strong></span> 
     </span>
    </p>
   </div>
   <div class='ocr_carea' id='block_1_102' title="bbox 1771 4345 2999 4429">
    <p class='ocr_par' dir='ltr' id='par_1_102' title="bbox 1771 4345 2999 4429">
     <span class='ocr_line' id='line_1_102' title="bbox 1771 4345 2999 4429; baseline -0.007 -25"><span class='ocrx_word' id='word_1_626' title='bbox 1771 4353 1941 4420; x_wconf 85' lang='lat' dir='ltr'><strong>Atque</strong></span> <span class='ocrx_word' id='word_1_627' title='bbox 1964 4351 2079 4405; x_wconf 89' lang='lat' dir='ltr'><strong>dies</strong></span> <span class='ocrx_word' id='word_1_628' title='bbox 2104 4349 2303 4429; x_wconf 72' lang='lat' dir='ltr'><strong>aliquot</strong></span> <span class='ocrx_word' id='word_1_629' title='bbox 2333 4348 2526 4402; x_wconf 89' lang='lat' dir='ltr'><strong>mansit</strong></span> <span class='ocrx_word' id='word_1_630' title='bbox 2551 4347 2784 4401; x_wconf 88' lang='lat' dir='ltr'><strong>stacione</strong></span> <span class='ocrx_word' id='word_1_631' title='bbox 2813 4345 2999 4397; x_wconf 85' lang='lat' dir='ltr'><strong>locata.</strong></span> 
     </span>
    </p>
   </div>
   <div class='ocr_carea' id='block_1_103' title="bbox 1772 4435 2989 4508">
    <p class='ocr_par' dir='ltr' id='par_1_103' title="bbox 1772 4435 2989 4508">
     <span class='ocr_line' id='line_1_103' title="bbox 1772 4435 2989 4508; baseline -0.005 -15"><span class='ocrx_word' id='word_1_632' title='bbox 1772 4437 2031 4508; x_wconf 66' lang='lat' dir='ltr'><strong>Angbrios</strong></span> <span class='ocrx_word' id='word_1_633' title='bbox 2055 4438 2147 4492; x_wconf 90' lang='lat' dir='ltr'><strong>sed</strong></span> <span class='ocrx_word' id='word_1_634' title='bbox 2169 4446 2225 4495; x_wconf 90' lang='lat' dir='ltr'><strong>et</strong></span> <span class='ocrx_word' id='word_1_635' title='bbox 2249 4435 2516 4493; x_wconf 87' lang='lat' dir='ltr'><strong>Ostfalhos</strong></span> <span class='ocrx_word' id='word_1_636' title='bbox 2545 4435 2608 4488; x_wconf 88' lang='lat' dir='ltr'><strong>ad</strong></span> <span class='ocrx_word' id='word_1_637' title='bbox 2636 4449 2693 4488; x_wconf 93' lang='lat' dir='ltr'><strong>se</strong></span> <span class='ocrx_word' id='word_1_638' title='bbox 2719 4435 2989 4487; x_wconf 84' lang='lat' dir='ltr'><strong>venientes</strong></span> 
     </span>
    </p>
   </div>
   <div class='ocr_carea' id='block_1_104' title="bbox 1772 4522 3057 4605">
    <p class='ocr_par' dir='ltr' id='par_1_104' title="bbox 1772 4522 3057 4605">
     <span class='ocr_line' id='line_1_104' title="bbox 1772 4522 3057 4605; baseline -0.006 -22"><span class='ocrx_word' id='word_1_639' title='bbox 1772 4530 2090 4605; x_wconf 69' lang='lat' dir='ltr'><strong>Promissam</strong></span> <span class='ocrx_word' id='word_1_640' title='bbox 2120 4529 2332 4581; x_wconf 75' lang='lat' dir='ltr'><strong>firmare</strong></span> <span class='ocrx_word' id='word_1_641' title='bbox 2362 4526 2531 4585; x_wconf 78' lang='lat' dir='ltr'><strong>fidem,</strong></span> <span class='ocrx_word' id='word_1_642' title='bbox 2562 4538 2665 4593; x_wconf 90' lang='lat' dir='ltr'><strong>qua</strong></span> <span class='ocrx_word' id='word_1_643' title='bbox 2696 4531 2862 4578; x_wconf 88' lang='lat' dir='ltr'><strong>semet</strong></span> <span class='ocrx_word' id='word_1_644' title='bbox 2888 4522 3057 4576; x_wconf 83' lang='lat' dir='ltr'><strong>cidem</strong></span> 
     </span>
    </p>
   </div>
   <div class='ocr_carea' id='block_1_105' title="bbox 1703 4590 3094 4686">
    <p class='ocr_par' dir='ltr' id='par_1_105' title="bbox 1703 4590 3094 4686">
     <span class='ocr_line' id='line_1_105' title="bbox 1703 4590 3094 4686; baseline -0.009 -12"><span class='ocrx_word' id='word_1_645' title='bbox 1703 4590 1749 4647; x_wconf 70' lang='grc' dir='ltr'><strong>υ</strong></span> <span class='ocrx_word' id='word_1_646' title='bbox 1776 4590 2053 4685; x_wconf 76' lang='lat' dir='ltr'><strong>Subiectos</strong></span> <span class='ocrx_word' id='word_1_647' title='bbox 2079 4618 2190 4673; x_wconf 89' lang='lat' dir='ltr'><strong>fore</strong></span> <span class='ocrx_word' id='word_1_648' title='bbox 2215 4616 2561 4686; x_wconf 88' lang='lat' dir='ltr'><strong>spondebant,</strong></span> <span class='ocrx_word' id='word_1_649' title='bbox 2581 4590 2868 4679; x_wconf 77' lang='lat' dir='ltr'><strong>animoque</strong></span> <span class='ocrx_word' id='word_1_650' title='bbox 2897 4609 3094 4671; x_wconf 84' lang='lat' dir='ltr'><strong>ﬁdeles,</strong></span> 
     </span>
    </p>
   </div>
   <div class='ocr_carea' id='block_1_106' title="bbox 1773 4700 3017 4775">
    <p class='ocr_par' dir='ltr' id='par_1_106' title="bbox 1773 4700 3017 4775">
     <span class='ocr_line' id='line_1_106' title="bbox 1773 4700 3017 4775; baseline -0.01 -13"><span class='ocrx_word' id='word_1_651' title='bbox 1773 4707 2159 4775; x_wconf 80' lang='lat' dir='ltr'><strong>Obsidibusque</strong></span> <span class='ocrx_word' id='word_1_652' title='bbox 2188 4706 2324 4759; x_wconf 88' lang='lat' dir='ltr'><strong>datis</strong></span> <span class='ocrx_word' id='word_1_653' title='bbox 2352 4702 2801 4769; x_wconf 86' lang='lat' dir='ltr'><strong>sacramentisque</strong></span> <span class='ocrx_word' id='word_1_654' title='bbox 2829 4700 3017 4768; x_wconf 85' lang='lat' dir='ltr'><strong>coegit.</strong></span> 
     </span>
    </p>
   </div>
   <div class='ocr_carea' id='block_1_107' title="bbox 1773 4787 3227 4867">
    <p class='ocr_par' dir='ltr' id='par_1_107' title="bbox 1773 4787 3227 4867">
     <span class='ocr_line' id='line_1_107' title="bbox 1773 4787 3227 4867; baseline -0.011 -14"><span class='ocrx_word' id='word_1_655' title='bbox 1773 4800 1796 4837; x_wconf 67' lang='grc' dir='ltr'>ἀ</span> <span class='ocrx_word' id='word_1_656' title='bbox 1830 4798 1923 4852; x_wconf 92' lang='lat' dir='ltr'><strong>llis</strong></span> <span class='ocrx_word' id='word_1_657' title='bbox 1951 4797 2117 4867; x_wconf 84' lang='lat' dir='ltr'><strong>gestis</strong></span> <span class='ocrx_word' id='word_1_658' title='bbox 2146 4809 2235 4849; x_wconf 83' lang='lat' dir='ltr'><strong>rex</strong></span> <span class='ocrx_word' id='word_1_659' title='bbox 2266 4792 2622 4848; x_wconf 85' lang='lat' dir='ltr'><strong>Wormaciam</strong></span> <span class='ocrx_word' id='word_1_660' title='bbox 2650 4790 2905 4845; x_wconf 85' lang='lat' dir='ltr'><strong>remeavit</strong></span> <span class='ocrx_word' id='word_1_661' title='bbox 2932 4789 2996 4841; x_wconf 86' lang='lat' dir='ltr'><strong>ad</strong></span> <span class='ocrx_word' id='word_1_662' title='bbox 3024 4787 3227 4842; x_wconf 86' lang='lat' dir='ltr'><strong>urbem.</strong></span> 
     </span>
    </p>
   </div>
   <div class='ocr_carea' id='block_1_108' title="bbox 2249 4900 2865 4959">
    <p class='ocr_par' dir='ltr' id='par_1_108' title="bbox 2249 4900 2865 4959">
     <span class='ocr_line' id='line_1_108' title="bbox 2249 4900 2865 4959; baseline -0.005 -1"><span class='ocrx_word' id='word_1_663' title='bbox 2249 4907 2395 4959; x_wconf 79' lang='lat' dir='ltr'><strong>Auno</strong></span> <span class='ocrx_word' id='word_1_664' title='bbox 2425 4903 2546 4958; x_wconf 86' lang='lat'><strong>780.</strong></span> <span class='ocrx_word' id='word_1_665' title='bbox 2577 4900 2767 4955; x_wconf 70' lang='lat' dir='ltr'><strong>Indici.</strong></span> <span class='ocrx_word' id='word_1_666' title='bbox 2798 4900 2865 4956; x_wconf 70' lang='lat'><strong>2.,</strong></span> 
     </span>
    </p>
   </div>
   <div class='ocr_carea' id='block_1_109' title="bbox 1775 5016 3032 5080">
    <p class='ocr_par' dir='ltr' id='par_1_109' title="bbox 1775 5016 3032 5080">
     <span class='ocr_line' id='line_1_109' title="bbox 1775 5016 3032 5080; baseline -0.006 -11"><span class='ocrx_word' id='word_1_667' title='bbox 1775 5016 1895 5069; x_wconf 88' lang='lat' dir='ltr'><strong>lude</strong></span> <span class='ocrx_word' id='word_1_668' title='bbox 1925 5029 2141 5070; x_wconf 88' lang='lat' dir='ltr'><strong>movens</strong></span> <span class='ocrx_word' id='word_1_669' title='bbox 2154 5019 2453 5080; x_wconf 79' lang='lat' dir='ltr'><strong>opportuna</strong></span> <span class='ocrx_word' id='word_1_670' title='bbox 2467 5025 2563 5065; x_wconf 78' lang='lat' dir='ltr'><strong>sua</strong></span> <span class='ocrx_word' id='word_1_671' title='bbox 2579 5018 2814 5079; x_wconf 88' lang='lat' dir='ltr'><strong>tempore</strong></span> <span class='ocrx_word' id='word_1_672' title='bbox 2843 5018 2948 5063; x_wconf 88' lang='lat' dir='ltr'><strong>cast</strong></span> <span class='ocrx_word' id='word_1_673' title='bbox 2959 5024 3032 5069; x_wconf 89' lang='lat' dir='ltr'><strong>ra,</strong></span> 
     </span>
    </p>
   </div>
   <div class='ocr_carea' id='block_1_110' title="bbox 1775 5096 3046 5167">
    <p class='ocr_par' dir='ltr' id='par_1_110' title="bbox 1775 5096 3046 5167">
     <span class='ocr_line' id='line_1_110' title="bbox 1775 5096 3046 5167; baseline -0.006 -12"><span class='ocrx_word' id='word_1_674' title='bbox 1775 5104 2045 5156; x_wconf 79' lang='lat' dir='ltr'><strong>Saxonum</strong></span> <span class='ocrx_word' id='word_1_675' title='bbox 2073 5114 2255 5153; x_wconf 90' lang='lat' dir='ltr'><strong>rursus</strong></span> <span class='ocrx_word' id='word_1_676' title='bbox 2283 5105 2654 5167; x_wconf 82' lang='lat' dir='ltr'><strong>properaverat</strong></span> <span class='ocrx_word' id='word_1_677' title='bbox 2682 5098 2733 5151; x_wconf 91' lang='lat' dir='ltr'><strong>in</strong></span> <span class='ocrx_word' id='word_1_678' title='bbox 2760 5096 3046 5164; x_wconf 76' lang='lat' dir='ltr'><strong>regionem.</strong></span> 
     </span>
    </p>
   </div>
   <div class='ocr_carea' id='block_1_111' title="bbox 1776 5183 3054 5257">
    <p class='ocr_par' dir='ltr' id='par_1_111' title="bbox 1776 5183 3054 5257">
     <span class='ocr_line' id='line_1_111' title="bbox 1776 5183 3054 5257; baseline -0.005 -15"><span class='ocrx_word' id='word_1_679' title='bbox 1776 5190 2040 5257; x_wconf 74' lang='lat' dir='ltr'><strong>Eresburg</strong></span> <span class='ocrx_word' id='word_1_680' title='bbox 2068 5189 2240 5256; x_wconf 89' lang='lat' dir='ltr'><strong>primo</strong></span> <span class='ocrx_word' id='word_1_681' title='bbox 2267 5187 2437 5255; x_wconf 87' lang='lat' dir='ltr'><strong>petiit,</strong></span> <span class='ocrx_word' id='word_1_682' title='bbox 2465 5192 2586 5254; x_wconf 89' lang='lat' dir='ltr'><strong>post</strong></span> <span class='ocrx_word' id='word_1_683' title='bbox 2611 5184 2742 5238; x_wconf 88' lang='lat' dir='ltr'><strong>haec</strong></span> <span class='ocrx_word' id='word_1_684' title='bbox 2769 5184 2856 5237; x_wconf 88' lang='lat' dir='ltr'><strong>ubi</strong></span> <span class='ocrx_word' id='word_1_685' title='bbox 2882 5183 3054 5236; x_wconf 81' lang='lat' dir='ltr'><strong>lbntcs</strong></span> 
     </span>
    </p>
   </div>
   <div class='ocr_carea' id='block_1_112' title="bbox 1775 5273 3123 5350">
    <p class='ocr_par' dir='ltr' id='par_1_112' title="bbox 1775 5273 3123 5350">
     <span class='ocr_line' id='line_1_112' title="bbox 1775 5273 3123 5350; baseline -0.006 -17"><span class='ocrx_word' id='word_1_686' title='bbox 1775 5281 1967 5350; x_wconf 77' lang='lat' dir='ltr'><strong>Lyppia</strong></span> <span class='ocrx_word' id='word_1_687' title='bbox 1999 5278 2190 5332; x_wconf 83' lang='lat' dir='ltr'><strong>[lumen</strong></span> <span class='ocrx_word' id='word_1_688' title='bbox 2221 5278 2398 5339; x_wconf 78' lang='lat' dir='ltr'><strong>habet,</strong></span> <span class='ocrx_word' id='word_1_689' title='bbox 2428 5274 2748 5344; x_wconf 86' lang='lat' dir='ltr'><strong>perplurima</strong></span> <span class='ocrx_word' id='word_1_690' title='bbox 2777 5273 3123 5342; x_wconf 87' lang='lat' dir='ltr'><strong>dispositurus</strong></span> 
     </span>
    </p>
   </div>
   <div class='ocr_carea' id='block_1_113' title="bbox 1775 5363 2967 5436">
    <p class='ocr_par' dir='ltr' id='par_1_113' title="bbox 1775 5363 2967 5436">
     <span class='ocr_line' id='line_1_113' title="bbox 1775 5363 2967 5436; baseline -0.008 -14"><span class='ocrx_word' id='word_1_691' title='bbox 1775 5371 1827 5422; x_wconf 88' lang='lat' dir='ltr'><strong>In</strong></span> <span class='ocrx_word' id='word_1_692' title='bbox 1854 5369 2045 5424; x_wconf 87' lang='lat' dir='ltr'><strong>castris</strong></span> <span class='ocrx_word' id='word_1_693' title='bbox 2068 5369 2260 5436; x_wconf 91' lang='lat' dir='ltr'><strong>aliquot</strong></span> <span class='ocrx_word' id='word_1_694' title='bbox 2292 5365 2458 5420; x_wconf 90' lang='lat' dir='ltr'><strong>fertur</strong></span> <span class='ocrx_word' id='word_1_695' title='bbox 2485 5363 2740 5418; x_wconf 89' lang='lat' dir='ltr'><strong>mansisse</strong></span> <span class='ocrx_word' id='word_1_696' title='bbox 2766 5363 2967 5416; x_wconf 82' lang='lat' dir='ltr'><strong>diebus.</strong></span> 
     </span>
    </p>
   </div>
   <div class='ocr_carea' id='block_1_114' title="bbox 1777 5441 3178 5516">
    <p class='ocr_par' dir='ltr' id='par_1_114' title="bbox 1777 5441 3178 5516">
     <span class='ocr_line' id='line_1_114' title="bbox 1777 5441 3178 5516; baseline -0.004 -7"><span class='ocrx_word' id='word_1_697' title='bbox 1777 5458 1908 5511; x_wconf 92' lang='lat' dir='ltr'><strong>llinc</strong></span> <span class='ocrx_word' id='word_1_698' title='bbox 1935 5458 2160 5511; x_wconf 89' lang='lat' dir='ltr'><strong>orientis</strong></span> <span class='ocrx_word' id='word_1_699' title='bbox 2185 5456 2286 5510; x_wconf 87' lang='lat' dir='ltr'><strong>iter</strong></span> <span class='ocrx_word' id='word_1_700' title='bbox 2312 5468 2545 5516; x_wconf 89' lang='lat' dir='ltr'><strong>sumens,</strong></span> <span class='ocrx_word' id='word_1_701' title='bbox 2576 5441 2640 5506; x_wconf 83' lang='lat' dir='ltr'><strong>ad</strong></span> <span class='ocrx_word' id='word_1_702' title='bbox 2668 5450 2859 5504; x_wconf 87' lang='lat' dir='ltr'><strong>ﬂumen</strong></span> <span class='ocrx_word' id='word_1_703' title='bbox 2888 5449 3178 5504; x_wconf 80' lang='lat' dir='ltr'><strong>Ovaccrum</strong></span> 
     </span>
    </p>
   </div>
   <div class='ocr_carea' id='block_1_115' title="bbox 1780 5537 3101 5612">
    <p class='ocr_par' dir='ltr' id='par_1_115' title="bbox 1780 5537 3101 5612">
     <span class='ocr_line' id='line_1_115' title="bbox 1780 5537 3101 5612; baseline -0.006 -15"><span class='ocrx_word' id='word_1_704' title='bbox 1780 5545 1951 5609; x_wconf 77' lang='lat' dir='ltr'><strong>Venit,</strong></span> <span class='ocrx_word' id='word_1_705' title='bbox 1977 5554 2032 5599; x_wconf 92' lang='lat' dir='ltr'><strong>ct</strong></span> <span class='ocrx_word' id='word_1_706' title='bbox 2055 5544 2289 5599; x_wconf 91' lang='lat' dir='ltr'><strong>eiusdem</strong></span> <span class='ocrx_word' id='word_1_707' title='bbox 2316 5543 2491 5612; x_wconf 86' lang='lat' dir='ltr'><strong>gentis’</strong></span> <span class='ocrx_word' id='word_1_708' title='bbox 2510 5554 2669 5609; x_wconf 85' lang='lat' dir='ltr'><strong>quam</strong></span> <span class='ocrx_word' id='word_1_709' title='bbox 2696 5537 2925 5592; x_wconf 76' lang='lat' dir='ltr'><strong>maxima</strong></span> <span class='ocrx_word' id='word_1_710' title='bbox 2950 5538 3101 5591; x_wconf 90' lang='lat' dir='ltr'><strong>turba</strong></span> 
     </span>
    </p>
   </div>
   <div class='ocr_carea' id='block_1_116' title="bbox 1847 5672 3185 5737">
    <p class='ocr_par' dir='ltr' id='par_1_116' title="bbox 1847 5672 3185 5737">
     <span class='ocr_line' id='line_1_116' title="bbox 1847 5672 3185 5737; baseline -0.005 -11"><span class='ocrx_word' id='word_1_711' title='bbox 1847 5688 1866 5711; x_wconf 73' lang='grc' dir='ltr'><strong>ε·</strong></span> <span class='ocrx_word' id='word_1_712' title='bbox 1909 5675 1996 5733; x_wconf 53' lang='lat' dir='ltr'><strong>ll,</strong></span> <span class='ocrx_word' id='word_1_713' title='bbox 2026 5672 2424 5725; x_wconf 75' lang='lat' dir='ltr'><strong>ll&#39;erriniarum.</strong></span> <span class='ocrx_word' id='word_1_714' title='bbox 2875 5733 2885 5737; x_wconf 94' lang='lat'><strong>_</strong></span> <span class='ocrx_word' id='word_1_715' title='bbox 3051 5730 3060 5737; x_wconf 92' lang='lat'><em>_</em></span> <span class='ocrx_word' id='word_1_716' title='bbox 3091 5728 3100 5737; x_wconf 89' lang='lat'>_</span> <span class='ocrx_word' id='word_1_717' title='bbox 3175 5727 3185 5737; x_wconf 40' lang='lat'><em>.</em></span> 
     </span>
    </p>
   </div>
   <div class='ocr_carea' id='block_1_117' title="bbox 1843 5728 3232 5806">
    <p class='ocr_par' dir='ltr' id='par_1_117' title="bbox 1843 5728 3232 5806">
     <span class='ocr_line' id='line_1_117' title="bbox 1843 5728 3232 5806; baseline -0.012 -10"><span class='ocrx_word' id='word_1_718' title='bbox 1843 5744 1868 5781; x_wconf 70' lang='grc' dir='ltr'><strong>εὶ</strong></span> <span class='ocrx_word' id='word_1_719' title='bbox 1910 5728 2053 5795; x_wconf 76' lang='lat' dir='ltr'><strong>Iluin-</strong></span> <span class='ocrx_word' id='word_1_720' title='bbox 2081 5756 2286 5796; x_wconf 61' lang='lat' dir='ltr'><strong>versum</strong></span> <span class='ocrx_word' id='word_1_721' title='bbox 2312 5739 2372 5793; x_wconf 78' lang='lat' dir='ltr'><strong>ll.</strong></span> <span class='ocrx_word' id='word_1_722' title='bbox 2401 5738 2628 5806; x_wconf 84' lang='lat' dir='ltr'><strong>primum</strong></span> <span class='ocrx_word' id='word_1_723' title='bbox 2654 5733 2919 5803; x_wconf 87' lang='lat' dir='ltr'><strong>sequentis</strong></span> <span class='ocrx_word' id='word_1_724' title='bbox 2944 5730 3061 5785; x_wconf 91' lang='lat' dir='ltr'><strong>anni</strong></span> <span class='ocrx_word' id='word_1_725' title='bbox 3089 5728 3232 5798; x_wconf 87' lang='lat' dir='ltr'><strong>legit.</strong></span> 
     </span>
    </p>
   </div>
  </div>
