4266 6488
970 431 1076 485 695
2272 429 2513 485 ΡΟΕΤᾹΞ
2555 430 2655 485 ΞΑῚ

2477 429 2513 482 Ε
2555 429 2846 486 SAXONIS
4067 427 4162 478 696

965 535 1094 587 Illuc
1119 543 1394 603 praecepto
1421 550 1610 603 parens
1634 545 1960 601 occurrerat,
1987 544 2144 605 atque
2534 543 2579 598 Α
2608 539 2766 600 Petri,
2799 541 2887 608 qui
2918 554 3120 592 summe
3147 540 3450 607 praeclarus
3477 540 3740 608 apostolus
3769 547 3943 604 extat,

966 624 1194 679 Credere
1219 640 1276 678 se
1302 625 1512 680 Christo
1538 627 1790 681 simulans
1816 626 2073 694 baptisma
2103 627 2316 694 recepit:
2611 630 2776 694 Ipsius
2805 629 3003 682 Romae
3030 627 3262 682 decrevit
3286 627 3464 680 limina
3491 636 3674 681 sancta

965 711 1192 782 Indeque
1218 712 1439 768 festinus
1465 729 1710 784 pergens,
1739 714 1808 768 ibi
1835 723 2007 767 castra
2036 715 2245 777 locavit,
2612 719 2864 782 Querere,
2892 723 3011 768 vota
3040 729 3328 784 precesque
3355 715 3464 768 Deo
3490 713 3789 782 persolvere
3815 726 4040 767 curans.

964 801 1116 853 Albia
1142 817 1244 869 qua
1271 802 1481 868 grandis
1504 799 1691 854 ﬂuvius
1715 803 1963 855 miscetur
1988 809 2041 854 et
2064 799 2167 854 Ora
2195 813 2243 853 α.
2611 810 2779 874 Atque
2807 806 2946 858 citus
2968 820 3282 874 properans,
3306 812 3575 872 assumpta
3602 805 3823 873 coniuge
3849 815 4042 856 secum

964 888 1096 941 Nam
1125 905 1208 943 res
1236 891 1264 929 ι
1293 889 1558 944 Saxonum
1587 891 1749 944 voluit
1773 903 2108 958 componere,
2140 903 2237 943 nec
2267 904 2370 942 non
2611 897 2678 950 Et
2703 898 2861 960 natis,
2890 897 3073 950 urbem
3099 900 3410 963 pervenerat
3432 893 3499 946 ad
3525 892 3882 963 Ticinensem,

965 976 1295 1044 Sclavorum,
1314 979 1524 1032 medius
1543 993 1674 1046 quos
1698 978 1847 1032 Albia
1872 978 2058 1031 dividit
2086 977 2275 1031 amnis.
2608 986 2664 1040 ιη
2694 1001 2796 1055 qua
2824 984 3013 1038 natalis
3039 961 3247 1038 Domini
3273 979 3466 1035 festum
3493 961 3800 1035 celebravit.

963 1065 1109 1118 Citra
1140 1063 1378 1118 Saxones
1405 1065 1621 1134 degunt,
1647 1065 1699 1116 in
1729 1065 1881 1117 litore
1908 1078 2035 1124 vero

965 1149 1270 1204 Sclavorum
1296 1127 1498 1221 pagina
1527 1159 1707 1205 manet
1733 1166 1860 1220 gens
1886 1151 2141 1204 υιιειιίοι-ί,
2748 1137 2845 1190 llic
2870 1135 3029 1204 igitur
3053 1133 3211 1188 statui
3237 1132 3439 1203 primae
3461 1146 3582 1186 cum
3611 1129 3715 1183 fine
3735 1127 3958 1182 decadis

965 1239 1242 1306 Dispositis
1267 1255 1393 1301 sane
1422 1242 1580 1295 rebus
1605 1255 1703 1309 pro
1732 1249 1965 1308 tempore
1994 1239 2217 1301 cunctis,
2610 1229 2879 1282 Annorum
2905 1224 3099 1289 Caroli,
3128 1231 3404 1291 postquam
3431 1237 3525 1275 rex
3553 1226 3798 1295 coeperat
3825 1231 3948 1272 esse

962 1327 1002 1377 A
1025 1330 1036 1378 Ι
1058 1305 1215 1383 sedes
1241 1330 1452 1382 tandem
1479 1305 1679 1382 studuit
1705 1305 1941 1381 remeare
1967 1335 2236 1396 paternas.
2611 1315 2932 1368 Francorum
2961 1311 3126 1374 solus,
3155 1311 3384 1378 primum
3412 1307 3562 1361 finire
3589 1305 3845 1368 libellum,

960 1416 1094 1468 Tum
1123 1417 1240 1484 quia
1269 1417 1550 1484 praecipuo
1578 1430 1785 1483 semper
1809 1414 2062 1485 ﬂagrabat
2086 1429 2267 1468 amore
2401 1434 2411 1443 ο
2610 1405 2827 1457 Viribus
2851 1411 2909 1456 ut
2937 1401 3113 1470 parvis
3140 1399 3349 1468 requies
3375 1397 3561 1453 solatia
3588 1403 3842 1466 praestet.

1032 1552 1057 1579 ι
1100 1542 1148 1604 I,
1175 1557 1294 1604 ora;
1320 1541 1372 1604 2,
1399 1542 1583 1617 It_oras;
1614 1543 1703 1606 IL,
1730 1540 1897 1593 Hora.
2683 1535 2708 1570 δ

1884 1581 1897 1592 .
2683 1535 2708 1570 b
2743 1531 2892 1593 Cod.,
2921 1547 3028 1583 rex.
3056 1528 3120 1581 Il.
3145 1526 3443 1581 emendavit
3467 1542 3564 1579 res.

969 1662 4150 1700 ________________________________________.______.______.

1560 1774 2088 1854 ANNALIUM
2155 1778 2284 1852 DE
2342 1747 2701 1852 GESTIS
2777 1771 3136 1848 cauom
3203 1768 3524 1846 MAGNI

1844 1949 2025 1990 LIBER
2067 1945 2297 1989 PRIMUS
2342 1943 2648 1986 EXPLICIT.
2695 1939 2925 1982 INCIPIT
2965 1938 3301 1982 SECUNDUS.

954 2164 1176 2222 Ocronis
1195 2161 1372 2218 decies
1397 2158 1847 2228 septingentisque
1871 2161 2102 2226 peractis
2543 2151 2582 2207 Β
2613 2146 2683 2201 Ut
2713 2155 3052 2209 conarentur,
3075 2145 3370 2212 multosque
3401 2146 3607 2199 vocavit
3629 2147 3681 2200 in
3707 2161 3856 2201 arma

952 2253 1142 2314 Annis,
1166 2258 1250 2306 est
1273 2248 1481 2319 genitus
1503 2255 1784 2315 postquam
1811 2247 1875 2299 de
1897 2243 2100 2312 virgine
2124 2240 2384 2301 Christus,
2614 2236 2652 2288 Ε
2677 2235 2884 2302 populo,
2917 2233 3145 2302 fecitque
3167 2247 3360 2286 novum
3385 2248 3706 2304 consurgere
3731 2236 3947 2291 bellum.

954 2342 1054 2395 llic
1078 2339 1280 2408 primus
1303 2337 1557 2405 sequitur,
1581 2333 1801 2388 Carolus
1821 2347 1926 2401 quo
1949 2347 2039 2385 rex
2065 2330 2185 2399 pius
2207 2341 2357 2381 arces
2543 2387 2557 2408 ι’
2609 2322 2748 2375 Gens
2775 2335 2983 2389 quoque
3013 2320 3321 2373 Sclavorum
3350 2319 3539 2374 Sorabi
3564 2323 3876 2391 cognomine
3902 2325 4045 2380 dicta

957 2402 1222 2488 Romanas
1247 2402 1397 2494 adiit,
1421 2428 1645 2483 Domino
1669 2428 1894 2482 ducente
1918 2423 2167 2478 secundo.
2219 2490 2227 2495 ξ
2526 2402 2548 2434 ³
2607 2409 2642 2460 Α

2155 2460 2167 2472 ,
2219 2490 2227 2495 ξ
2526 2402 2548 2434 ι’
2607 2409 2871 2462 Audacter
2893 2407 3081 2463 sumtis
3101 2406 3278 2461 subito
3301 2418 3646 2476 praeruperat
3671 2412 3836 2469 armis

955 2523 1105 2579 Tunc
1128 2520 1394 2576 Adrianus
1413 2533 1556 2580 eum,
1583 2515 1886 2569 iamdudum
1911 2494 2358 2568 commemoratus
2610 2498 2819 2551 V'iCinaS
2839 2496 2938 2550 sibi
2967 2494 3234 2549 Saxonum
3265 2503 3436 2550 terras
3455 2496 3753 2564 populando

958 2608 1148 2662 Presul
1170 2606 1510 2678 apostolicus,
1537 2619 1656 2659 cum
1682 2617 1871 2672 magno
1897 2602 2067 2655 laetus
2092 2601 2293 2653 honore
2607 2587 2778 2678 Atque
2806 2585 3196 2678 Thuringorum
3218 2583 3472 2640 fecundos
3493 2585 3736 2655 frugibus
3765 2601 3946 2658 agros,

959 2674 1220 2768 Suscepit,
1245 2697 1573 2768 populusque
1597 2692 1752 2752 simul
1782 2693 2054 2746 Romanus
2076 2690 2143 2743 ad
2166 2689 2359 2758 ipsum,
2607 2677 2709 2768 Qui
2736 2677 2946 2768 medias
2962 2674 3148 2768 Sorabi
3179 2682 3348 2728 terras
3373 2676 3694 2743 camposque
3715 2677 3952 2731 iacentes

958 2788 1030 2844 Ur
1053 2762 1380 2842 ιιειῖεηεδιιέω
1405 2762 1768 2850 manusque
1791 2780 2053 2842 datorem,
2607 2764 2910 2818 Inhabitant
2933 2763 3072 2816 inter
3090 2762 3276 2817 ﬂuvios
3307 2777 3320 2814 :
3346 2763 3469 2817 hinc
3489 2764 3719 2818 volvitur
3737 2768 3927 2828 amnis,

962 2874 1240 2930 Unanimis
1261 2872 1530 2929 concurrit
1552 2883 1735 2932 ovans,
1764 2876 2045 2938 gratesque
2069 2863 2380 2934 rependens.
2607 2853 2706 2918 Qui
2735 2852 2857 2908 Sala
2884 2867 3075 2906 nomen
3104 2853 3281 2915 habet,
3311 2851 3424 2905 fluit
3447 2852 3596 2906 Albia
3629 2853 3787 2907 latior
3812 2853 3955 2909 inde.

955 2965 1069 3019 Illic
1086 2979 1204 3019 cum
1223 2975 1475 3031 praesens
1499 2959 1636 3012 foret
1658 2959 1725 3012 ad
1745 2954 2052 3023 sollempnia
2080 2953 2327 3021 paschae,
2607 2943 2704 2997 Ast
2723 2943 2812 2996 ubi
2841 2942 3150 2995 Sclavorum
3171 2939 3360 2994 Carolo
3385 2950 3506 2994 sunt
3525 2943 3736 3011 cognita
3763 2953 3935 3010 gesta,

961 3051 1132 3110 Fonte
1152 3030 1423 3107 salutifero
1449 3047 1726 3118 Pippinum
1758 3044 1973 3100 nomine
2001 3051 2182 3096 natum
2608 3031 2856 3086 Protinus
2885 3032 3090 3085 illorum
3115 3030 3476 3099 reprimendos
3501 3033 3707 3085 censuit
3733 3046 3892 3088 ausus

963 3142 1146 3197 Abluit
1172 3140 1340 3210 ipsius
1362 3136 1574 3208 praesul
1600 3132 1916 3190 venerabilis
1939 3131 2078 3185 idem
2112 3140 2160 3180 ι.
2607 3122 2982 3189 Arcendosque
3001 3120 3081 3176 sui
3108 3121 3252 3190 regni
3273 3121 3338 3174 de
3363 3119 3554 3174 finibus
3575 3122 3773 3176 hostes.

974 3271 988 3283 .
1067 3268 1083 3283 .
1159 3266 1174 3281 .
1250 3267 1266 3280 .
1341 3264 1357 3281 .
1433 3263 1450 3279 .
1524 3262 1539 3278 .
1616 3263 1630 3278 .
1708 3261 1722 3276 .
1802 3259 1816 3274 .
2079 3256 2094 3270 .
2171 3255 2185 3268 .
2265 3253 2279 3268 .
2610 3211 3780 3282 Undepalatinisadsetribusipsevocatis

1139 3315 1356 3386 (Desunt
1378 3313 1461 3368 hic
1485 3328 1658 3368 versus
1678 3311 1885 3380 triginta
1913 3316 2002 3361 aut
2027 3306 2336 3376 sexaginta.)
2607 3305 2960 3381 Principibus,
2990 3319 3212 3373 quorum
3233 3304 3406 3358 fuerat
3429 3307 3756 3361 camerarius
3777 3323 3916 3362 unus

1431 3403 1580 3455 Anno
1606 3397 1728 3453 782.
1769 3389 1959 3449 Indict.
1990 3394 2044 3447 4.
2543 3454 2576 3461 _
2613 3394 2769 3460 Regis
2788 3393 3087 3461 Adalgisus,
3109 3393 3258 3461 Geilo
3290 3404 3310 3431 ἐ
3341 3394 3532 3447 stabuli
3559 3409 3736 3449 comes
3760 3395 3900 3449 alter

961 3494 1218 3550 Exoriens
1250 3487 1796 3556 aestasubiprimum
1822 3483 2060 3555 gramine
2089 3481 2272 3551 pulcro
2532 3454 2625 3534 θ.
2691 3454 2717 3533 ἶ
2795 3521 2808 3534 .
2888 3454 2993 3534 .’.
3071 3454 3085 3534 ξ
3163 3520 3176 3533 .
3346 3519 3359 3533 .
3438 3519 3451 3532 .
3529 3519 3542 3533 .
3619 3519 3636 3533 .
3711 3521 3726 3534 .
3802 3522 3817 3536 ,
3895 3523 3910 3538 ,
3949 3483 3978 3524 ει

961 3585 1228 3638 Vestierat
1251 3589 1443 3642 terras,
1473 3583 1787 3648 poteratque
1806 3573 2072 3626 exercitus
2090 3579 2210 3640 apte
2610 3572 2865 3626 Ductores
2887 3570 3214 3624 exercituum
3241 3569 3355 3625 fore
3381 3569 3531 3623 iussit
3557 3571 3792 3636 eosdem,

960 3674 1151 3736 Educi,
1177 3669 1426 3740 queniam
1455 3667 1638 3721 molles
1666 3661 1983 3718 animalibus
2005 3661 2199 3714 herbae
2609 3660 2749 3726 Quos
2769 3658 3013 3713 orientali
3043 3658 3372 3712 Francorum
3398 3659 3462 3712 de
3491 3660 3705 3728 regione

962 3765 1145 3818 Dulcia
1167 3762 1522 3830 praebuerant
1547 3755 1782 3810 florentis
1807 3753 1997 3823 pabula
2021 3751 2182 3816 foeni,
2607 3747 2864 3802 Collectos
2884 3753 3066 3800 contra
3089 3744 3305 3798 Sclavos
3325 3753 3669 3814 praeceperat
3695 3746 3791 3806 ire,

961 3851 1258 3905 Innumeris
1285 3846 1448 3902 fultus
1480 3843 1688 3914 populis
1709 3849 1763 3895 et
1788 3840 1952 3895 milite
1976 3839 2138 3903 claro,
2607 3835 2716 3890 Nec
2741 3850 2842 3888 non
2869 3832 3125 3896 Saxones,
3148 3832 3246 3914 sibi
3273 3846 3405 3900 quos
3430 3847 3617 3902 parcre
3645 3831 3882 3896 iubebat,

962 3941 1232 3994 Saxonum
1255 3950 1440 3990 rursus
1469 3910 1567 3988 {ei
1601 3931 1810 3986 inclitus
1839 3929 1892 3982 in
1923 3927 2190 3996 regionem
2606 3923 2815 3976 Auxilio
2838 3921 2951 3974 fieri
2977 3910 3200 3974 ducibus
3226 3918 3568 3971 mandaverat
3585 3918 3733 3985 ipsis.

959 4028 1141 4091 Venit,
1168 4034 1221 4079 et
1243 4025 1310 4078 ad
1333 4023 1506 4078 fontes
1532 4020 1674 4074 fluvii
1695 4019 1778 4072 cui
1801 4017 2000 4086 Lyppia
2028 4029 2243 4077 nomen,
2609 4012 2714 4065 Sed
2737 4025 2855 4064 cum
2882 4008 3039 4078 legati
3067 4020 3161 4075 per
3189 4019 3370 4060 eorum
3401 4005 3594 4078 ducere
3617 4011 3787 4059 terras

962 4115 1292 4170 Conventum
1321 4111 1436 4166 fieri
1463 4123 1752 4181 procerum.
1767 4093 1921 4161 iussit
1953 4104 2271 4174 generalem.
2606 4099 2829 4168 Agmina
2852 4096 3149 4163 coepissent
3168 4107 3369 4146 —-nam
3391 4092 3468 4146 sic
3498 4091 3743 4146 invadere
3764 4091 3984 4146 Sclavos

959 4205 1081 4258 Illic
1096 4203 1384 4269 disponens
1401 4179 1670 4267 complura
1699 4194 1916 4261 negocia
1944 4192 2117 4261 regni,
2133 4259 2136 4268 λ
2607 4187 2840 4240 Tramite
2860 4186 3151 4238 debuerant
3166 4189 3386 4234 recto—
3399 4179 3458 4232 fit
3483 4179 3725 4246 protinus
3753 4179 3882 4247 ipsis

965 4265 1232 4346 Danorum
1254 4289 1395 4357 regis
1421 4265 1656 4357 Sigifridi
1686 4283 1897 4340 nomine
1917 4265 2136 4345 missos,
2606 4274 2825 4342 Cognita
2849 4273 2951 4328 iam
2973 4271 3144 4325 dictae
3166 4267 3380 4338 grandis
3404 4265 3630 4321 defectio
3651 4267 3840 4335 gemis.

961 4382 1028 4435 Et
1051 4395 1184 4449 quos
1206 4354 1465 4448 Iugurgus
1487 4354 1793 4445 pariterque
1814 4372 2056 4442 Caganus
2084 4369 2151 4423 ad
2176 4369 2366 4438 ipsum,
2606 4364 2686 4420 0b
2709 4365 2807 4416 hoc
2836 4363 2936 4414 iter
2965 4366 3208 4449 coeptum
3229 4356 3467 4449 llectunt,
3491 4354 3954 4449 primo-cupientes

963 4440 1236 4523 llunorum
1261 4440 1455 4521 misere
1481 4440 1660 4527 duces,
1679 4440 1774 4530 pro
1797 4440 1926 4530 pace
1949 4459 2196 4528 petenda,
2608 4450 2866 4512 Saxones,
2889 4459 3108 4501 numero
3128 4444 3269 4508 freti,
3301 4451 3635 4512 prosternere
3660 4440 3816 4495 bello.

965 4556 1145 4612 Audiit
1169 4556 1221 4620 δ,
1252 4553 1584 4620 absolvitque
1605 4551 1742 4606 datis
1762 4549 2051 4618 prudenter
2075 4545 2276 4602 eisdem
2604 4538 2754 4604 Quod
2784 4537 2943 4590 nimis
2961 4535 3167 4588 incaute
3186 4539 3434 4620 coeptum
3460 4530 3764 4620 pariterque
3789 4531 4045 4604 superbe,

964 4615 1273 4715 Rcsponsis.
1291 4615 1556 4697 Posthaec
1579 4615 1820 4695 Rhenum
1851 4636 2134 4690 traiecerat
2145 4648 2375 4698 amnem,
2603 4625 2930 4679 Francorum
2954 4621 3149 4674 misera
3177 4617 3353 4672 fuerat
3369 4631 3490 4671 cum
3518 4615 3664 4671 clade
3688 4624 3986 4684 peractum.

962 4703 1160 4789 Gallica
1188 4744 1349 4801 seque
1365 4729 1558 4784 dehinc
1574 4742 1668 4782 rex
1694 4739 1914 4794 magnus
1940 4724 1992 4776 in
2023 4737 2149 4776 arva
2174 4720 2392 4790 recepit.
2534 4769 2584 4801 η
2604 4716 2844 4780 Namque
2866 4712 3026 4765 duces
3044 4709 3134 4801 ubi
3155 4713 3541 4774 compererant,
3558 4706 3699 4772 quod
3719 4720 3776 4760 se
3796 4703 4141 4759 Widukindus

1179 4769 1668 4891 33d};
1689 4769 2391 4869 abuti-risv?"
2531 4769 2584 4829 υ
2606 4803 2685 4856 Ad
2709 4769 2938 4871 pugnam
2961 4769 3380 4891 multa-stipatus
3395 4795 3546 4864 plebe
3576 4769 3835 4891 parasset,

962 4911 1061 4978 Qui
1082 4880 1253 4965 fuerat
1270 4880 1522 4978 profugus
1545 4904 2033 4970 Normanorumque
2054 4898 2240 4967 petivit
2607 4891 2673 4944 Et
2695 4891 2840 4978 iuxta
2868 4895 3101 4941 montem
3129 4882 3316 4938 Suntal
3341 4897 3438 4978 sua
3456 4888 3637 4978 castra
3657 4880 3904 4947 locasset,

960 4966 1252 5062 Auxilium,
1271 4966 1482 5052 rediens
1514 5009 1650 5048 vana
1673 5006 1765 5062 spe
1787 4966 2104 5045 sollicitabat
2604 4978 2728 5031 Illuc
2755 4973 2960 5030 infestis
2978 4977 3328 5042 properarunt
3350 4968 3470 5023 ilico
3506 4966 3693 5036 signis,

961 5090 1217 5152 Saxones,
1240 5054 1440 5138 initum
1464 5099 1584 5138 cum
1603 5054 1824 5135 Francis
1850 5091 2093 5147 rumpere
2111 5073 2298 5130 foedus
2604 5068 2684 5120 Ad
2709 5064 2959 5136 praedam
2982 5061 3165 5131 pocius
3191 5073 3349 5128 quam
3367 5071 3596 5128 pugnam
3619 5063 3788 5110 semet
3817 5054 3984 5109 ituros

1032 5229 1058 5256 α
1088 5213 1184 5269 Hic
1209 5214 1263 5282 in
1294 5213 1476 5267 codice
1504 5210 1801 5282 immediate
1824 5213 2116 5282 sequuntur
2157 5218 2276 5282 qua:
2303 5203 2501 5257 haben-
2604 5199 2933 5282 dam'deesse
2959 5194 3219 5282 videntur.
3247 5189 3428 5248 Lemn.

962 5293 1050 5337 tur
1080 5263 1348 5336 {unasub
1363 5263 1622 5334 anno—783
1644 5263 1665 5330 7:
1697 5263 1875 5332 Gloria
1899 5263 2154 5334 .certabat,
2175 5263 2311 5334 'etc.,
2334 5286 2500 5340 usque
2675 5271 2701 5308 δ
2730 5267 2944 5340 I_.eihn.,_
2957 5263 3106 5340 adiit:

1237 5321 2311 5407 '53:.3'kélé5iav'e'r'di
2330 5321 2496 5407 alii;
2623 5405 2644 5407 _
2676 5336 2882 5407 ¢_Cod._,
2904 5321 3040 5386 Cilo.
3067 5328 3394 5384 Auctoritate
3437 5325 3623 5380 Annal.
3653 5323 3906 5378 Einli‘ardi
3937 5322 4046 5391 jam
4070 5321 4128 5376 Il.

962 5403 1088 5471 Post
1111 5419 1224 5471 haec
1267 5425 1556 5537 seguuntur
1585 5415 1687 5468 ista
1729 5403 2031 5465 {Esuriens
2080 5419 2230 5463 instas
2282 5405 2368 5458 ubi
2395 5409 2502 5475 pri-
2605 5404 2747 5460 Geilo
2776 5403 2920 5470 legit.

963 5502 1126 5537 mum.
1167 5494 1270 5537 etc.
1361 5483 1427 5537 ed
1467 5481 1807 5537 descriptoris
1854 5479 1982 5533 vitio
2019 5479 2120 5531 hac
2160 5476 2499 5537 transpositio
2672 5474 2696 5509 ά
2721 5472 2819 5524 llic
2844 5483 2920 5521 vei

963 5457 1807 5551 mit°mf2ic.”§55"&2§c€i§io}ig
1854 5457 2499 5551 vitiovhacvtransposritio
2614 5457 2631 5460 ⁷
2658 5457 3180 5551 ξῇῌὶοἵτθτξιιῐημιιιί
3202 5462 3662 5551 Woradimomitis
3685 5457 3930 5551 palatini,I
3951 5471 4130 5551 nomen

965 5525 1126 5612 facta:
1300 5525 1861 5605 Il’é‘necci'us'rmedi‘ca
1904 5525 2084 5598 manu
2097 5525 2499 5612 adfuiLIEt‘res
2605 5525 3218 5612 exhiberenudeesselnex
3248 5531 3416 5612 tribus
3436 5525 4134 5612 proxiuie'an‘mcedentib'us

967 5591 1142 5742 Fili;
1167 5591 2133 5672 iii'néiiiii‘iﬁ'éiiiiaifJEi"Eu6'Eéiiinf
2141 5591 2397 5670 restituit,
2416 5591 2499 5663 uti
2606 5591 2664 5664 et
2680 5591 2930 5662 Eiiibardi
2953 5591 3239 5656 Annalibus
3264 5591 3453 5668 patet,"
3480 5599 3532 5652 in
3561 5598 3740 5652 codice
3767 5595 3955 5648 lacuna
3981 5591 4128 5645 nulla.

990 5689 1057 5741 iic
1072 5688 1334 5742 impressa:
1362 5694 1500 5740 sunt.
1514 5684 1686 5739 Poeta:
1706 5692 1880 5738 tamen
1901 5688 2080 5737 nostro
2104 5680 2203 5733 hoc
2227 5678 2341 5732 loco
2361 5692 2500 5742 quac-

990 5682 1057 5741 iic
1072 5688 1334 5755 impressa:
1362 5694 1500 5740 sunt.
1514 5684 1686 5739 Poeta:
1706 5692 1880 5738 tamen
1901 5688 2080 5737 nostro
2104 5680 2203 5733 hoc
2227 5678 2341 5732 loco
2361 5692 2500 5745 quac-
