4266 6430
126 426 229 481 σενι
439 421 688 479 ANNAL.
729 422 815 476 DE
849 421 1089 477 GESTIS
1126 422 1186 474 Β.
1226 418 1473 476 CAROLI
1508 416 1718 473 MAGNI
1753 417 1930 471 LIBRI
1968 417 2029 469 V.
2067 446 2134 456 —
2173 417 2329 471 VITA
2367 415 2634 473 CAROLI.
2673 446 2739 453 -—
2779 412 2902 467 LIB.
2945 413 3005 465 ll.
3223 408 3322 462 698

126 535 445 604 Sperantes,
471 531 639 602 ipsam
661 529 887 600 patriam
911 544 1007 585 rex
1036 529 1147 599 ipse
1171 527 1454 598 quotannis

124 622 263 677 Cum
285 622 438 692 prius
457 620 753 690 inpugnans
773 618 917 673 vires
936 617 1245 673 exhauserit
1264 629 1288 657 ι
1314 617 1449 671 eius.

125 708 474 763 Immemores
496 720 703 761 morum
727 706 898 774 gentis
923 705 1080 760 simul
1107 705 1426 775 ingeniique,

125 795 285 860 Quod
312 802 463 849 tanto
487 793 634 849 varia
654 793 774 863 plus
791 794 977 848 nititur
1000 802 1114 848 arte
1138 794 1380 862 doloque,

128 882 248 947 Quo
280 881 542 950 premitur
560 880 730 945 bellis,
756 888 812 936 et
830 880 969 935 victa
994 881 1270 951 quiescere
1291 879 1483 942 nescit,

129 969 409 1039 Vindictae
435 970 667 1024 rediviva
688 983 883 1047 parans
903 970 1181 1026 conamina
1207 983 1432 1037 semper.

128 1056 273 1126 Ergo
298 1056 547 1126 palatinis
567 1057 788 1117 ducibus
805 1057 1213 1127 preperantihus
1238 1057 1307 1111 ad
1324 1070 1403 1120 se,

130 1142 394 1207 Saxones,
418 1144 523 1201 atie
548 1144 706 1215 longo
728 1145 860 1200 satis
882 1144 1068 1200 ordine
1096 1154 1320 1209 structa,

127 1231 237 1287 Pro
256 1235 451 1289 castris
471 1244 849 1301 occurrerunt;
877 1236 952 1290 ibi
978 1237 1221 1305 protinus
1250 1244 1401 1290 atrox

129 1320 441 1376 Conseritur
459 1322 684 1378 fundens
702 1322 967 1392 ingentem
985 1338 1158 1394 pugna
1186 1337 1451 1386 cruorem,

126 1404 566 1484 Francorumque
592 1413 729 1469 truci
754 1428 1003 1484 proceres
1021 1414 1298 1469 sunt’cede
1319 1413 1515 1474 necati,

125 1498 444 1556 Interfectus
457 1501 736 1573 Adalgisus
757 1503 958 1573 pariter
981 1517 1189 1572 quoque
1209 1501 1398 1565 Gcillo,

126 1585 292 1655 Regis
320 1586 501 1657 legati,
528 1590 786 1659 praeclari
814 1597 1067 1659 quattuor
1087 1590 1196 1644 illic

124 1672 364 1728 Extincti
387 1680 627 1740 comites,
652 1692 775 1733 cum
806 1677 994 1745 viginti
1019 1678 1331 1733 venerandis

124 1761 508 1832 Fabilibusque
527 1765 658 1819 viris
676 1764 795 1821 aliis
818 1781 882 1821 ac
909 1765 1059 1821 clade
1078 1768 1388 1836 peremptis.

122 1855 197 1907 At
214 1853 449 1924 reliquus
466 1855 606 1911 bello
626 1857 851 1927 populus
869 1865 1216 1926 consumptus
1242 1857 1296 1911 in
1320 1857 1431 1920 illo,

123 1945 345 2000 Ccnseri
379 1955 603 2003 numero
629 1947 845 2015 nequid,
866 1946 1029 2000 altum
1056 1947 1283 2016 denique
1312 1954 1544 2000 monter-

120 2033 229 2099 Qui
255 2034 463 2089 vicinus
485 2041 602 2089 erat
627 2033 834 2104 fugiens
857 2036 1174 2105 paucissima
1200 2044 1371 2088 turma

120 2123 381 2193 Expetiit,
404 2122 659 2195 silvisque
679 2124 850 2180 latens
873 2133 1116 2179 evaserat
1141 2125 1365 2179 hostem.

119 2210 364 2265 Nuncius
388 2211 521 2267 haec
546 2212 715 2267 tristis
733 2221 1045 2267 narraverat
1068 2211 1245 2265 omnia
1268 2212 1409 2279 regi:

118 2298 214 2352 Ille
239 2299 353 2353 suis
373 2298 702 2354 exercitibus
726 2298 950 2355 festinus
971 2299 1025 2353 in
1044 2312 1208 2353 unum

120 2384 395 2450 Collectis,
417 2386 601 2441 statim
627 2384 890 2440 Saxonica
908 2385 1056 2441 venit
1077 2385 1295 2441 harena.

118 2477 296 2544 Quem
322 2491 444 2532 cum
465 2476 732 2546 primores
753 2475 990 2531 eiusdem
1014 2475 1187 2545 gentis
1213 2474 1467 2536 adissent,

115 2564 257 2620 Illud
276 2577 333 2620 se
355 2574 505 2621 certo
526 2579 640 2626 non.
653 2564 984 2620 commisisse
1006 2562 1314 2633 probantes,

118 2654 190 2709 Et
211 2669 307 2708 rex
334 2661 584 2711 auctores
606 2652 734 2710 facti
759 2655 1112 2725 perquireret,
1138 2668 1245 2708 una

118 2741 256 2797 Esse
283 2756 435 2796 reum
462 2741 694 2797 clamant
718 2740 1098 2797 Widukindum
1125 2740 1367 2796 criminis
1390 2741 1570 2803 huius,
1610 2751 1613 2754 ‘

117 2829 189 2885 Et
212 2845 351 2901 quos
378 2832 591 2884 hortatu
614 2830 831 2900 proprio
848 2831 951 2886 sibi
974 2832 1308 2886 consotiavit.

117 2917 233 2973 Nec
254 2919 428 2987 potuit
454 2918 612 2983 tradi,
634 2918 759 2988 quia
782 2933 969 2973 rursus
981 2918 1282 2974 contulerat
1306 2932 1365 2973 se

116 3010 201 3063 Ad
224 3007 716 3063 Northmannornm
742 3010 968 3079 patriam
995 3018 1116 3079 post
1133 3009 1332 3079 praelia
1355 3018 1521 3080 gesta.

119 3098 345 3153 Tradita
361 3108 488 3154 sunt
506 3114 635 3155 sane
659 3099 1088 3171 reliquorumbis
1112 3100 1216 3155 duo
1235 3100 1341 3156 leto

118 3188 267 3242 Milia
294 3188 678 3258 quingentique
693 3188 819 3254 viri,
839 3189 938 3267 qui
960 3197 1068 3243 tam
1095 3203 1254 3257 grave
1273 3188 1466 3244 bellum

116 3275 267 3333 Illius
291 3284 479 3333 contra
500 3275 739 3332 Francos
760 3291 973 3348 gessere
995 3292 1173 3333 suasu.
1508 3294 1509 3297 η

118 3366 341 3435 ﬂosque
360 3366 447 3421 die
474 3375 695 3421 cunctos
713 3381 807 3422 rex
829 3366 1180 3423 decollaverat
1203 3380 1307 3420 una

116 3455 271 3531 quta
297 3454 514 3509 Alaram
538 3453 773 3519 ﬂuvium,
798 3455 946 3510 locus
974 3456 1112 3509 idem
1132 3449 1290 3508 Ferifi
1309 3462 1545 3508 vocatur.

118 3544 232 3599 Hac
259 3543 337 3599 ibi
354 3544 586 3598 vindicta
609 3557 792 3612 regum
811 3543 1139 3598 clarissimus
1159 3550 1298 3605 acta,

115 3634 197 3688 Ad
220 3633 498 3702 propriam
524 3630 683 3687 rediit
700 3629 879 3684 villam
899 3629 1182 3684 Theodone
1205 3636 1449 3685 vocatam
1473 3629 1524 3682 ι).

122 3849 139 3866 ⁸
220 3851 236 3865 ο
321 3848 337 3862 ⁸
414 3847 430 3863 ο
504 3847 521 3863 ο
598 3846 615 3863 ο
691 3846 705 3861 ο
781 3845 797 3861 Ο
874 3843 889 3859 ο
967 3845 982 3859 0
1059 3844 1074 3859 ο
1150 3841 1165 3858 ο
1237 3843 1256 3859 ο
1333 3843 1349 3858 ο
1425 3841 1439 3856 ο

284 4071 509 4142 (Desunt
531 4072 616 4125 hic
639 4086 812 4127 uersus
842 4070 1020 4139 viginti
1047 4085 1136 4124 sea:
1162 4078 1251 4123 aut
1277 4070 1510 4138 septem.)

116 4159 326 4224 Gloria,
357 4158 620 4222 certabat,
648 4159 749 4214 sibi
773 4173 840 4214 ne
862 4167 1115 4214 consueta
1134 4158 1349 4228 periret.

115 4249 272 4303 Alter
300 4249 411 4302 iam
429 4246 628 4302 nullam
654 4254 893 4301 statuens
913 4261 1127 4316 sperare
1154 4247 1397 4311 salutem,

117 4336 173 4391 In
199 4336 416 4392 ferrum
439 4335 615 4406 prisca
634 4347 733 4405 pro
760 4333 1003 4389 libertate
1032 4334 1251 4402 ruebat;

120 4426 227 4481 Sed
250 4426 475 4480 tandem
498 4422 719 4479 Carolus
740 4424 921 4479 divino
945 4436 1163 4478 munere
1179 4424 1374 4489 victor,

116 4515 308 4571 Caesis
336 4513 633 4568 innumeris
652 4512 884 4582 reliquos
905 4511 1099 4566 exinde
1123 4510 1337 4582 fugavit.

117 4603 577 4669 Transierantque
594 4600 708 4656 dies
732 4600 907 4669 pauci,
931 4615 1053 4655 cum
1075 4616 1261 4656 rursus
1284 4601 1469 4656 eodem

117 4693 401 4764 Comperit
426 4691 482 4746 in
500 4689 692 4761 populo
720 4690 998 4760 repetitum
1020 4705 1240 4761 surgere
1282 4692 1499 4747 bellum.

120 4782 342 4837 Scilicet
372 4781 427 4835 in
461 4778 879 4835 Westfalborum
904 4780 1117 4850 regione
1134 4781 1371 4849 gregatis

116 4868 378 4925 Pluribus
403 4868 458 4922 in
488 4867 603 4936 ripa
631 4865 795 4933 fluvii,
821 4865 962 4921 Ilasa
986 4866 1219 4931 nomine,
1248 4881 1434 4924 rursus

117 4955 407 5011 Audebant
422 4954 587 5008 animi
605 4953 903 5025 plusquam
926 4955 1139 5010 virtutis
1162 4956 1440 5017 habentes.

118 5042 219 5109 Qui
244 5042 378 5098 victi
406 5041 621 5105 totiens,
643 5042 747 5097 atie
769 5041 1051 5113 conﬂigere
1077 5051 1259 5113 aperta
1289 5053 1335 5097 α.

120 5128 349 5198 Pergere
371 5144 469 5184 rex
489 5126 556 5181 ad
576 5141 710 5196 quos
732 5129 992 5195 meditans
1015 5130 1294 5199 sociosque
1318 5145 1619 5196 recensens,

121 5217 381 5288 Repperit
403 5217 460 5271 in
486 5229 663 5285 pugna
689 5214 868 5285 plures
890 5217 1144 5272 cecidisse
1170 5217 1356 5287 priori,

190 5360 217 5389 ι
240 5346 311 5401 Il.
338 5355 399 5401 et
419 5344 510 5411 ι..
539 5339 862 5401 exhauserat.

1706 527 1753 585 Α
1780 523 1983 594 Aegros
2010 525 2316 585 vulneribus
2343 524 2537 577 multos
2565 524 2635 578 ibi
2664 524 2801 578 forte
2829 533 3112 592 receptus“

1780 614 1887 669 Sed
1911 615 2088 669 subito
2115 629 2284 668 novus
2308 629 2370 668 ex
2402 613 2623 667 Francis
2646 613 2914 667 exercitus
2930 611 3021 665 illi

1777 702 2024 764 Advenit,
2047 703 2357 771 cunctisque
2379 702 2490 755 suis
2518 700 2812 771 legionibus
2837 700 3026 761 auctis,

1779 790 1857 845 Ad
1879 792 2216 845 debellandos
2244 791 2444 863 studuit
2470 803 2754 859 praperare
2783 788 3023 843 rebelles.

1778 878 1892 945 Qua
1922 882 2027 934 dux
2048 880 2259 949 egregie
2286 877 2517 947 prudens
2539 878 2663 932 dum
2683 885 2874 932 cuncta
2906 882 3170 945 parasset,

1781 969 2066 1033 Virtutem,
2086 970 2225 1022 sicut
2252 968 2404 1031 solet,
2427 976 2509 1021 est
2537 967 2747 1021 fortuna
2772 975 2975 1022 secuta.

1726 1094 1731 1097 -
1781 1054 2021 1110 Saxones
2042 1056 2236 1109 iterum
2256 1057 2399 1111 caesi
2424 1056 2683 1124 longeque
2711 1056 2898 1125 fugati,

1778 1142 2050 1199 Abductus
2071 1142 2401 1212 captivorum
2424 1157 2679 1197 numerus
2700 1136 2799 1196 fuit
2829 1143 3035 1211 ingens.

1778 1230 1904 1284 Inde
1928 1231 2109 1301 plagas
2133 1231 2420 1286 orientales
2440 1245 2534 1285 rex
2554 1232 2727 1288 victor
2751 1231 2938 1296 adivit,
2998 1263 3001 1268 ι

1780 1317 1967 1372 Omnia
1994 1333 2152 1387 quam
2180 1318 2283 1372 late
2308 1318 2448 1374 ferro
2474 1319 2751 1390 populatus
2776 1328 2833 1373 et
2851 1320 2981 1392 igni,

1779 1407 1956 1461 Donec
1982 1408 2044 1461 ad
2072 1406 2287 1481 fluvium
2306 1409 2395 1478 qui
2422 1409 2615 1464 dicitur
2631 1408 2785 1463 Albia
2813 1409 2980 1464 venit.

1778 1496 1906 1549 Post
1928 1496 2058 1550 haec
2078 1495 2142 1549 ad
2162 1498 2390 1565 patriam
2414 1498 2597 1563 rediit;
2628 1508 2754 1553 tunc
2773 1507 2856 1553 est
2877 1498 3081 1554 sociata

1777 1582 1964 1653 Regali
1991 1585 2226 1640 thalamo
2252 1588 2483 1643 coniunx
2507 1587 2768 1643 Fastrada
2789 1596 2999 1653 vocata,

1779 1671 1911 1726 Filia
1939 1672 2195 1742 Radolphi
2218 1675 2450 1740 comitis,
2481 1685 2596 1730 sata
2620 1677 2856 1747 germine
2883 1676 3048 1731 claro.

1780 1759 2040 1816 Hibernas
2064 1762 2115 1814 in
2134 1761 2364 1816 Eristalli
2388 1771 2498 1815 tum
2523 1762 2747 1817 duxerat
2768 1763 2954 1826 horas,
3016 1800 3021 1805 -

1611 1881 1614 1887 η
1705 1848 1749 1908 Β
1776 1850 1949 1917 Atque
1992 1851 2133 1917 dies,
2185 1851 2379 1920 quibus
2425 1851 2567 1906 hunc
2611 1866 2838 1907 nascens
2874 1851 3211 1919 moriensque
3247 1863 3327 1904 re-

2995 1939 3261 2012 [demptor

1778 2028 2014 2085 Salvavit
2034 2033 2313 2097 mundum,
2332 2042 2456 2089 voto
2477 2033 2845 2088 celebraverat
2870 2032 3027 2086 almo.

2239 2123 2386 2177 Anno
2427 2122 2548 2179 784.
2589 2120 2782 2177 Indict.
2808 2122 2868 2176 6.

1776 2211 2063 2283 Belliquias
2091 2212 2217 2268 belli
2243 2213 2457 2269 tandem
2487 2213 2808 2269 fortissimus
2834 2212 2995 2267 heros
3033 2236 3036 2241 η

1776 2301 2161 2356 Consummare
2182 2303 2385 2368 volens,
2408 2310 2558 2355 tanto
2579 2301 2718 2370 quod
2744 2311 2981 2369 tempore
3003 2307 3211 2369 gestum

1779 2389 2051 2444 Saxonum
2077 2405 2198 2444 cum
2228 2399 2385 2461 gente
2414 2390 2535 2453 fuit,
2577 2403 2858 2447 numerosa
2886 2387 3124 2440 virorum

1777 2480 1917 2534 Milia
1947 2480 2202 2533 lectorum
2232 2478 2391 2532 terris
2418 2476 2623 2531 induxit
2643 2491 2849 2533 eorum.

1776 2570 1852 2624 Ac
1873 2569 2101 2637 primum
2126 2569 2297 2623 Rheni
2326 2576 2690 2637 transgressus
2717 2563 2742 2602 ἀ
2774 2563 3008 2618 ﬂuminis
3045 2561 3257 2625 undam,

1780 2659 2034 2714 Vastabat
2059 2674 2221 2728 pagos
2250 2656 2641 2712 Westvalorum
2667 2655 2916 2725 regionis,

1778 2749 1938 2803 Venit
1956 2756 2009 2802 et
2038 2749 2104 2801 ad
2129 2748 2422 2810 Wisuram,
2451 2745 2599 2800 locus
2625 2752 2710 2801 est
2735 2744 2825 2798 ubi
2848 2744 3020 2797 dictus
3046 2737 3255 2796 Uculbi.

1776 2835 1905 2890 Inde
1931 2835 2322 2905 Thuringorum
2351 2847 2446 2901 per
2471 2846 2629 2902 agros
2657 2832 2759 2885 iter
2779 2837 2988 2900 aegerat
3016 2836 3175 2895 atque

1779 2923 2050 2977 Saxonum
2077 2935 2314 2991 campos,
2343 2935 2477 2989 quos
2496 2920 2647 2974 Albia
2676 2919 2760 2973 vel
2786 2917 2909 2974 Sala
2934 2924 3157 2987 tangunt

1660 3074 1666 3081 ο
1777 3012 1974 3066 Amnes
1991 3011 2173 3074 vicini,
2195 3010 2427 3064 lustrans
2454 3009 2609 3062 villas
2635 3008 2707 3062 ibi
2734 3008 2913 3077 plures

1778 3103 2091 3157 Tradiderat
2122 3101 2371 3165 flammis,
2398 3102 2567 3155 donec
2588 3100 2831 3168 pervenit
2858 3098 2923 3153 ad
2950 3084 3113 3163 illum,

1701 3169 1748 3230 θ
1776 3193 1877 3259 Qui
1904 3191 2070 3246 veteri
2103 3191 2251 3245 locus
2269 3199 2351 3245 est
2370 3189 2623 3260 Scannigi
2650 3190 2863 3243 nomine
2887 3189 3078 3242 dictus.

1778 3282 1914 3335 Hinc
1935 3280 1986 3335 in
2015 3280 2365 3336 Wormatiam
2391 3278 2605 3333 rediens
2629 3292 2686 3330 se
2710 3276 2934 3349 contulit
2962 3275 3167 3329 urbem.

1777 3370 1943 3423 Filius
1962 3370 2161 3423 interea
2183 3369 2341 3436 regis,
2371 3367 2463 3436 qui
2490 3381 2587 3436 par
2614 3364 2841 3436 genitori

1776 3456 1954 3510 Indole
1979 3456 2171 3510 mentis
2191 3464 2327 3519 erat,
2358 3464 2470 3507 tum
2497 3455 2709 3514 nomine
2737 3453 2913 3507 dictus
2937 3451 3147 3512 eodem,

1776 3544 1908 3598 Cum
1933 3544 2122 3612 patriis
2147 3541 2471 3597 exercitibus
2497 3557 2632 3611 quos
2656 3542 2770 3609 ipse
2798 3540 3014 3610 regebat

1776 3630 1832 3683 In
1860 3630 2251 3685 Wcslvalorum
2276 3643 2409 3699 pago
2433 3627 2743 3697 cognomine
2774 3626 2979 3689 Dreini,

1776 3719 2025 3773 Eiusdem
2044 3717 2220 3788 populi
2250 3718 2434 3771 turbas
2453 3718 2519 3771 ad
2544 3717 2679 3771 bella
2700 3725 2918 3785 paratas

1776 3806 2078 3871 Offendens,
2105 3807 2287 3861 statim
2307 3806 2603 3862 certamine
2626 3807 2756 3859 vicit
2778 3805 3034 3874 equestri,

1777 3899 1960 3953 Victor
1987 3904 2040 3950 et
2070 3896 2135 3950 ad
2162 3903 2367 3965 patrem
2389 3896 2493 3950 iam
2519 3896 2659 3967 dicta
2683 3896 2829 3969 venit
2855 3897 2907 3950 in
2932 3895 3082 3950 urbe.

1776 3986 1877 4051 Qui
1902 3986 2075 4040 valida
2102 3986 2389 4043 comitante
2414 4001 2573 4039 manu
2601 3984 2862 4039 Saxonica
2890 3984 3070 4039 statim

1774 4075 1916 4127 Arva
1934 4083 2138 4143 petens,
2177 4074 2325 4128 iuxta
2348 4073 2566 4128 ﬂuvium
2596 4072 2907 4127 consederat
2933 4081 2955 4111 ο
2984 4071 3258 4136 Ambram,

1775 4163 1869 4216 Est
1886 4162 1973 4215 ubi
2000 4161 2275 4215 castellum
2299 4160 2442 4230 quod
2478 4160 2875 4231 Skideronburg
2898 4161 3187 4215 vocitatur.

1776 4251 1833 4305 In
1861 4251 2051 4305 castris
2073 4250 2270 4307 ibidem
2293 4250 2432 4304 votis
2455 4249 2832 4317 sollempnibus
2852 4250 2983 4302 actis

1776 4337 1976 4392 Natalis
2000 4338 2226 4399 Domini,
2258 4337 2517 4406 processit
2543 4337 2609 4388 ad
2635 4334 2806 4389 hostia
2834 4335 3087 4399 Warnae,

1776 4426 1890 4492 Qua
1916 4424 2032 4479 ﬂuit
2056 4426 2107 4480 in
2135 4426 2424 4480 Wisuram.
2449 4425 2558 4479 Nec
2582 4426 2687 4481 iam
2707 4426 2809 4481 fuit
2830 4426 2936 4479 ulla
2964 4424 3192 4481 facultas

1700 4477 1751 4536 ι)
1777 4477 2105 4587 [iungitis—ad.
2120 4477 2967 4583 boreamsicutcupiehineundi.

1777 4604 2054 4674 Temporis
2081 4605 2324 4657 obstabat
2348 4603 2503 4657 simul
2528 4603 2790 4671 asperitas
2823 4601 3089 4667 hiemalis,

1774 4694 1948 4761 Atque
1969 4694 2104 4762 iugis
2129 4692 2339 4762 pluviae
2358 4705 2545 4746 cursus
2560 4692 2901 4746 vehementer
2928 4692 3220 4757 inundans;

1777 4780 1857 4836 0b
1877 4782 1980 4836 hoc
2006 4780 2059 4836 iu
2082 4781 2349 4850 Eresburg
2374 4780 2614 4834 residens
2632 4793 2689 4833 se
2706 4778 2933 4834 contulit
2958 4779 3166 4832 urbem.

2230 4870 2376 4923 Anno
2415 4869 2534 4923 785.
2575 4868 2767 4923 India.
2813 4868 2867 4923 ’1.

1777 4958 2015 5029 Cumque
2040 4957 2153 5013 dies
2174 4952 2407 5026 reliquos
2424 4957 2681 5011 brumalis
2705 4956 2918 5027 frigoris
2943 4957 3053 5013 illic

1773 5048 1890 5118 Ipse
1916 5060 2133 5102 manere
2151 5062 2305 5101 suum
2326 5046 2648 5100 decrevisset
2663 5046 2995 5111 comitatum,

1776 5135 2071 5190 Accersivit
2095 5149 2160 5189 eo
2185 5134 2455 5203 pr0priam
2483 5147 2605 5188 cum
2627 5134 2849 5204 coniuge
2869 5135 3090 5204 prolem.

1775 5222 1906 5277 Cum
1926 5222 2139 5291 quibus,
2163 5230 2225 5276 ut
2250 5222 2447 5288 decuit,
2473 5220 2578 5278 ﬁdo
2604 5221 2863 5292 firmoque
2896 5223 3083 5278 relicto

1772 5366 1829 5405 se
1857 5349 2017 5422 habet
2048 5366 2062 5402 ;
2094 5338 2284 5422 scilice‘t
2314 5348 2612 5422 pluribus...
2641 5340 2928 5422 gregariis...
2952 5420 2961 5422 _
2983 5367 3163 5406 rursus
3213 5350 3326 5422 ocis

187 5415 217 5490 13
246 5415 380 5490 Post
396 5417 542 5490 hunc
564 5429 778 5490 versum
800 5415 993 5490 desunt
1013 5415 1117 5468 duo
1139 5424 1320 5490 tresve
1341 5416 1455 5490 alii,
1484 5416 1677 5485 quibus
1775 5419 2045 5490 conﬂigere
2087 5415 2340 5490 audebant
2363 5459 2391 5490 ,Α
2416 5421 2503 5490 qui
2554 5415 2748 5490 totiens
2780 5421 2895 5490 picti
2942 5420 3131 5490 (erant)
3177 5421 3279 5474 etis
3303 5435 3324 5473 :

123 5484 303 5553 ultima
332 5482 624 5553 Annalium
642 5482 1187 5553 _Einhardi_sententia
1207 5482 1560 5553 exprimerem
1569 5499 1612 5536 r.

193 5562 215 5589 ε
250 5551 546 5620 Conﬂigere
564 5549 807 5620 habentes
828 5551 852 5602 I
870 5549 961 5620 (2,
984 5549 1236 5620 habentis)
1258 5549 1321 5605 ex
1350 5568 1503 5605 versu
1530 5559 1677 5605 ante-

126 5620 332 5672 relenti
364 5615 650 5688 repetitum
668 5632 684 5681 ;
700 5616 954 5688 Leibnitii
969 5615 1329 5688 conjecturam
1358 5620 1533 5672 vellent
1557 5635 1677 5673 con-

128 5685 440 5743 structionis
480 5700 641 5742 causa
670 5699 773 5739 non
819 5685 1024 5741 admitti
1062 5700 1219 5755 posse
1245 5688 1422 5754 credo,
1455 5701 1575 5758 qua:
1603 5689 1676 5742 ita

1772 5496 1947 5556 aperl_a
1975 5487 2134 5555 igitur
2161 5486 2583 5556 supplevisaliud
2600 5486 2956 5556 aliijudicent.

1838 5553 2054 5627 {Trans
2078 5554 2221 5615 cod.,
2265 5553 2631 5610 transcenderis
2658 5553 2947 5625 Reineccii,
2973 5566 3323 5627 transgressus

1774 5619 2074 5687 conjectura
2102 5637 2240 5674 mea.

1849 5702 1870 5729 ε
1904 5690 1952 5755 l,
1978 5689 2284 5745 considerat.
