4266 6472
630 512 789 575 ,699
864 562 903 577 ,λ
1878 576 1887 585 ,

688 620 973 677 Praesidio.
1007 619 1219 672 iuvenes
1245 617 1430 671 animis
1457 631 1517 671 ac
1540 617 1742 670 viribus
1772 632 1923 671 acres

688 710 982 778 Assumpsit
1005 724 1205 772 secum,
1235 710 1471 776 lataequ
1501 715 1721 779 vagatus
1747 709 1796 761 in
1821 722 2005 760 omnes

687 800 829 853 lllius
850 801 1079 869 regionis
1107 815 1280 868 agros,
1303 800 1394 854 sed
1423 799 1679 867 et'oppida
1699 814 1955 867 quaeque,

686 889 885 942 Cuncta
911 888 1067 941 simul
1095 888 1339 949 ﬂammis,
1365 889 1545 956 Spoliis
1567 904 1629 941 ac
1655 888 1782 942 cede
1807 888 1966 940 feroci

687 979 988 1040 Miscuerat,
1016 980 1231 1047 cupiens
1250 979 1453 1031 animos
1476 992 1610 1045 quos
1635 993 1758 1046 sepe
1778 978 2002 1032 rebelles

687 1066 950 1133 Expertus
973 1065 1165 1127 fuerat,
1191 1066 1281 1117 tali
1309 1073 1646 1134 prosternere
1677 1066 1846 1118 clade.

686 1158 825 1211 llaec
847 1157 1084 1225 lugubris
1109 1158 1279 1210 hiems
1308 1156 1379 1209 illi
1412 1156 1725 1223 funestaque
1744 1156 1886 1223 genti

685 1244 816 1297 Cum
847 1244 1057 1297 tandem
1084 1242 1230 1295 finita
1253 1242 1415 1304 foret,
1444 1240 1674 1296 vernalis
1701 1251 1756 1296 et
1781 1257 1908 1293 aura

682 1332 970 1386 Iucundum
993 1333 1201 1398 spirans
1226 1342 1440 1384 ornaret
1468 1330 1682 1385 ﬂoribus
1709 1347 1856 1393 arva,

683 1418 928 1473 Publicus
950 1421 1000 1472 iii
1022 1420 1431 1473 Padarbrunnon
1453 1428 1742 1472 conventus
1767 1419 2012 1471 habetur.

683 1508 799 1572 Quo
830 1524 919 1561 rex
952 1509 1168 1577 insignis
1189 1508 1461 1576 sollcmpni
1484 1522 1630 1561 more
1658 1516 1890 1575 peracto,

681 1595 737 1648 ln
762 1610 951 1666 pagum
981 1599 1262 1666 quendam,
1290 1599 1490 1651 vocitat
1509 1609 1534 1636 α
1561 1612 1717 1666 quem
1738 1597 1963 1650 barbara
1987 1597 2162 1665 lingua

685 1683 981 1754 Berdango,
1010 1687 1165 1739 celeri
1189 1687 1388 1740 studuit
1415 1702 1471 1739 se
1500 1687 1710 1761 tramite
1735 1687 1892 1740 ferre.

686 1772 835 1827 Tunc
855 1776 924 1828 ibi
947 1784 1276 1842 compererat
1297 1776 1669 1830 Widolu'ndum
1692 1777 1795 1831 iam
1816 1785 2165 1831 memoratum

684 1863 1063 1932 Abbonemque
1087 1865 1263 1928 simul,
1289 1866 1378 1933 qui
1409 1866 1473 1919 de
1503 1866 1789 1920 maioribus
1816 1867 1931 1920 eius

682 1949 869 2005 Gentis
890 1961 1059 2014 erant,
1093 1968 1354 2007 memores
1382 1954 1640 2008 scelerum
1668 1954 1879 2008 latitare
1912 1968 2126 2008 suorum

680 2037 903 2093 Finibus
930 2040 981 2092 in
1004 2049 1111 2108 pati
1124 2041 1210 2104 iis,
1232 2056 1367 2108 quos
1391 2049 1627 2108 sepserat
1648 2042 1713 2095 ad
1732 2040 1999 2097 borealem

680 2128 834 2181 Albia
860 2128 965 2183 lata
992 2129 1197 2198 plagam
1227 2130 1373 2183 iuxta
1398 2131 1625 2184 confinia
1652 2140 1826 2185 terrae

684 2217 973 2283 Danorum,
1003 2221 1173 2288 primo
1203 2221 1417 2275 mittens
1435 2222 1500 2275 de
1520 2222 1723 2275 civibus
1743 2221 1871 2289 ipsis

684 2306 931 2374 Legatos,
951 2318 1159 2362 oriatur
1180 2324 1294 2372 eos,
1324 2324 1429 2378 quo
1456 2308 1669 2363 ﬂectere
1698 2309 1908 2362 tandem

685 2392 829 2447 Colla
856 2395 977 2458 sibi,
1008 2394 1231 2464 ﬁdeique
1256 2413 1383 2451 suae
1410 2412 1470 2451 se
1490 2399 1708 2452 credere
1739 2398 1954 2460 vellent,

864 562 903 577 κ.

684 2479 962 2536 Commissi
984 2484 1210 2547 veniam,
1239 2500 1439 2538 necnon
1461 2494 1517 2540 et
1550 2488 1784 2554 praemia
1811 2487 2092 2553 spondens.

638 2580 641 2583 ‘
684 2569 906 2623 Conscia
927 2573 1018 2625 sed
1042 2574 1217 2641 magni
1246 2574 1555 2629 dubitarunt
1577 2576 1737 2630 corda
1766 2583 1944 2629 reatus

685 2658 782 2712 llis
801 2660 866 2713 de
893 2663 1189 2729 promissis,
1211 2665 1378 2719 donec
1405 2664 1612 2719 firmata
1643 2665 1830 2719 salutis

689 2747 823 2816 Spes
842 2758 923 2803 est
947 2750 1218 2807 obsidibus
1246 2754 1418 2808 missis
1437 2770 1571 2823 quos
1594 2756 1946 2823 expeticrunt.

687 2838 830 2900 Quos
857 2845 918 2891 ut
937 2836 1262 2894 Amulwinus
1280 2841 1495 2909 quidam
1522 2845 1834 2898 vernaculus
1860 2847 2014 2902 aulae

684 2922 853 2991 Ipsius
873 2926 1109 2990 adduxit,
1134 2939 1487 2997 properarunt
1516 2933 1758 2999 protinus
1785 2935 1943 2988 ambo

688 3012 770 3063 Ad
800 3027 1001 3081 regem,
1024 3015 1127 3067 iam
1154 3024 1281 3069 tunc
1305 3016 1477 3071 fuerat
1500 3020 1589 3086 qui
1619 3020 1753 3074 forte
1783 3037 2028 3078 reversus

685 3099 767 3152 Ad
797 3101 974 3155 villam
1001 3104 1269 3171 propriam
1297 3121 1400 3173 qne
1423 3107 1616 3160 dicitur
1640 3108 1957 3165 Attiniacus.

686 3186 783 3241 llic
809 3188 947 3242 idem
967 3204 1215 3257 proceres
1244 3194 1380 3246 sacri
1406 3195 1735 3263 laptismatis
1760 3199 1896 3253 unde

686 3275 915 3339 Perfusi,
940 3279 1147 3332 tandem
1182 3281 1293 3350 regi
1324 3298 1564 3337 mansere
1594 3284 1793 3347 ﬁdeles,

686 3365 906 3433 Ipsaque
940 3382 1066 3435 gens
1095 3369 1297 3437 aliqum
1325 3377 1657 3439 requieverat
1682 3376 1800 3430 inde
1830 3392 1924 3445 per
1944 3394 2127 3435 annos.

689 3455 893 3508 Interea
924 3457 1133 3523 quidam
1160 3459 1504 3514 coniuravere
1532 3463 1767 3533 maligni,

690 3542 759 3596 Ut
785 3543 955 3622 dirum
979 3543 1180 3600 facinus
1206 3548 1461 3605 scelerato
1482 3553 1638 3606 corde
1662 3563 1952 3622 patrarent,

691 3630 783 3683 Vel
806 3610 947 3685 lerro
975 3648 1172 3702 regem,
1201 3637 1281 3689 vel
1307 3639 1541 3706 qualibet
1566 3610 1681 3695 arte
1704 3610 1959 3699 necando:

688 3714 935 3771 Criminis
968 3718 1206 3774 incentor
1234 3723 1539 3782 llardradus
1567 3735 1691 3784 tunc
1713 3745 1893 3787 eomes
1918 3733 2074 3791 huius

690 3803 970 3867 Extiterat,
1000 3808 1093 3860 sed
1124 3818 1181 3861 ut
1209 3805 1403 3864 indicio
1426 3814 1595 3866 delata
1626 3815 1763 3869 fideli

691 3889 869 3944 Factio
897 3908 1019 3947 seva
1046 3893 1159 3958 fuit,
1186 3898 1364 3957 statim
1395 3900 1573 3953 sedata
1601 3902 1819 3970 quievit,

692 3978 881 4046 Ingens
910 3979 1058 4034 valde
1084 3980 1219 4035 foret
1246 3983 1368 4037 licet
1395 3994 1448 4038 et
1475 3988 1631 4043 nimis
1652 3991 1849 4045 acriter
1873 4002 2010 4047 orta.

688 4066 944 4144 Auctores
969 4069 1082 4123 eius
1110 4071 1306 4138 privari
1330 4072 1525 4128 lumine
1544 4078 1816 4144 quosdam,

692 4136 861 4207 Εκίὶἰο
885 4136 1124 4223 ιιεξιίίιιιοε⁷
1149 4158 1420 4228 dampnari
1452 4136 1675 4219 iusserat
1699 4136 1814 4234 ipse
1985 4231 1989 4234 Α

691 4242 805 4295 Rex
827 4258 1029 4298 summe
1050 4246 1302 4313 prudens,
1338 4251 1487 4304 cuius
1514 4251 1790 4308 clementia
1816 4258 1943 4311 nulli

694 4331 1014 4388 Reddiderat
1040 4335 1251 4406 dignam
1276 4324 1421 4414 tanto
1448 4356 1546 4411 pro
1582 4343 1807 4399 crimine
1843 4362 2090 4434 poenam.

1132 4513 1278 4566 Anno
1305 4515 1422 4570 786.
1454 4516 1644 4573 Indict.
1676 4523 1731 4577 8.

696 4672 867 4742 Magni
897 4675 1109 4731 decreto
1130 4678 1304 4735 Caroli
1331 4685 1573 4753 sacrique
1597 4696 1815 4743 senatus

695 4761 884 4815 Missus
913 4763 964 4815 in
993 4766 1237 4821 occiduas
1255 4772 1518 4826 exercitus
1541 4774 1669 4827 exiit
1690 4776 1865 4842 horas,

694 4849 931 4906 Subdere
953 4852 1243 4919 Brettones,
1269 4867 1475 4926 gentem
1506 4868 1630 4916 tunc
1658 4862 1795 4918 forte
1826 4867 2097 4923 rebellem.

702 4935 872 4990 Insula
896 4939 1045 4993 cuius
1069 4949 1183 4993 erat
1207 4941 1426 4998 fecunda
1447 4946 1715 5003 Britannia
1741 4951 1936 5007 dudum

701 5025 906 5090 Patria;
939 5043 1162 5097 namque
1190 5031 1297 5086 illic
1324 5034 1594 5090 habitabat
1620 5046 1859 5108 tempore
1885 5044 2070 5109 multo,

701 5116 934 5185 Cumque
956 5132 1117 5172 novas
1137 5121 1290 5190 Angli
1314 5124 1464 5179 sedes
1491 5127 1592 5181 sibi
1617 5143 1872 5197 quaerere
1893 5133 2106 5197 vellent,

698 5204 1036 5274 Saxonesque
1062 5210 1216 5262 simul
1243 5211 1377 5267 hanc
1398 5215 1635 5270 invasere
1662 5215 1884 5285 feroces,

702 5290 909 5358 Iﬂxpiilsi
934 5295 1110 5347 statim
1131 5305 1335 5352 veteres
1362 5314 1568 5356 cessere
1591 5304 1760 5359 coloni
1788 5324 1800 5359 :

701 5376 923 5430 Maxima
952 5395 1073 5446 pars
1096 5398 1318 5450 quorum
1346 5384 1550 5456 fugiens
1574 5407 1720 5447 mare
1748 5398 1976 5457 transiit,
2009 5407 2163 5468 atque

700 5462 865 5516 Callia
890 5481 991 5533 qua
1012 5466 1141 5523 lines
1164 5471 1320 5526 habet
1339 5484 1624 5542 extremos,
1652 5482 1721 5534 ibi
1750 5485 1959 5538 tandem

703 5550 970 5607 Fluctibus
991 5559 1172 5611 oceani
1197 5574 1299 5626 que
1326 5564 1563 5630 proxima
1595 5568 1796 5622 viderat
1821 5587 1941 5624 arva

774 5737 794 5759 η
837 5726 937 5777 Vm
971 5728 1183 5792 omissa,
1226 5731 1447 5783 secunda
1481 5748 1635 5787 manu
1688 5735 1738 5787 iii
1783 5735 1883 5790 fine
1915 5754 2094 5791 \Cl'StIS
2148 5741 2234 5793 adi

708 5789 833 5842 dita.

2000 503 2241 563 POETA?
2284 505 2365 558 SA
2373 506 2577 562 XONIS

2262 615 2309 673 Α
2335 610 2589 678 Detinuit,
2618 614 2810 682 quibus
2838 616 2890 668 in
2915 618 3069 672 terris
3093 619 3195 675 huc
3218 635 3383 689 usque
3409 633 3669 690 moratur,

3766 123 4046 269 "1

2336 700 2587 754 Indicium
2612 704 2816 771 patriae
2838 705 2950 757 solo
2977 705 3108 761 dans
3127 709 3341 764 nomine
3363 712 3591 778 priscae.

2336 788 2473 841 llaec
2497 812 2523 841 ιι
2548 792 2876 860 principibus
2901 793 3224 850 Francorum
3247 813 3376 867 gens
3402 811 3672 868 superata,

2335 877 2550 931 Solvere
2572 880 2799 949 vectigal
2819 884 3063 949 quamvis
3088 885 3252 939 invita
3279 889 3496 944 solebat.

2332 965 2463 1019 Cum
2490 974 2769 1038 temptaret
2795 985 2861 1024 eo
2886 971 3221 1029 dominorum
3250 985 3487 1045 tempore
3515 981 3657 1035 iussa

2333 1053 2615 1120 Spernere,
2644 1057 2876 1113 directus
2901 1062 3080 1116 multis
3103 1078 3222 1117 cum
3249 1067 3459 1122 milibus
3487 1069 3610 1125 illuc

2332 1138 2444 1193 Dux
2474 1142 2735 1198 Audult‘us
2754 1161 2872 1199 eam
2901 1146 3061 1202 celeri
3085 1151 3284 1206 virtute
3306 1158 3585 1223 repressit,

2332 1229 2398 1282 Et
2424 1231 2555 1284 satis
2581 1233 2816 1287 edomuit
2838 1238 3015 1305 populi
3048 1237 3157 1293 fera
3183 1242 3341 1295 corda
3371 1244 3588 1299 rebellis

2332 1315 2464 1369 Tum
2490 1320 2626 1385 regis
2647 1335 2824 1387 regum
2853 1321 3048 1378 Christi
3074 1326 3267 1392 pietate
3296 1328 3528 1397 iuvante,

2331 1402 2593 1472 Disposito
2618 1406 2838 1461 Carolus
2864 1423 3045 1479 regno,
3074 1414 3388 1485 placidaque
3414 1434 3510 1487 per
3534 1423 3725 1478 orbem

2335 1490 2575 1560 Undique
2598 1509 2726 1561 pace
2748 1496 2889 1561 data,
2921 1501 3106 1552 statuit
3127 1502 3346 1556 Romam
3369 1505 3653 1572 proﬁcisci,

2332 1579 2439 1634 Nec
2465 1597 2567 1635 non
2598 1584 2776 1639 Italiae
2797 1587 3052 1655 reliquam
3078 1591 3176 1645 sibi
3201 1593 3427 1649 subdere
3448 1605 3673 1665 partem,

2331 1668 2495 1724 Cuius
2522 1681 2639 1750 erat
2663 1674 2859 1729 victum
2883 1686 3041 1745 caput
3061 1689 3114 1733 et
3141 1695 3266 1748 pars
3295 1685 3553 1747 maxima,
3569 1695 3728 1756 capto

2333 1756 2440 1810 lam
2472 1759 2761 1827 Desiderio,
2788 1764 3251 1837 Langobardisque
3277 1772 3530 1828 subactis.

2333 1846 2565 1902 Ducatus
2597 1849 2991 1908 Beneventanae
3016 1864 3221 1913 tantum
3251 1862 3480 1928 regionis

2262 1950 2311 2008 Β
2334 1934 2447 1988 Non
2477 1936 2549 1990 illi
2572 1940 2841 1995 subiectus
2863 1952 2999 2007 erat,
3032 1946 3115 1998 eiii
3146 1947 3375 2014 praefuit
3396 1950 3489 2004 illo

2334 2025 2594 2095 Tempore
2622 2029 2727 2083 dux
2756 2030 3028 2101 Aragisns.
3057 2035 3189 2089 Eum
3224 2045 3349 2092 tunc
3381 2040 3720 2109 aggrediendi

2331 2116 2598 2172 Aceensus
2632 2120 2827 2184 studio,
2852 2131 3131 2192 partesque
3152 2129 3417 2194 protectus
3440 2132 3491 2184 in
3520 2131 3655 2194 illas.

2333 2202 2678 2261 Aceelerabat
2706 2209 2827 2272 iter,
2849 2226 3006 2279 quem
3034 2229 3136 2267 non
3161 2210 3374 2273 tardare
3396 2220 3609 2275 valebat

2338 2289 2428 2344 Vel
2457 2292 2691 2361 glacialis
2714 2295 2880 2350 hiems
2907 2299 3075 2352 solitis
3097 2302 3201 2355 iam
3224 2306 3493 2360 mensibus
3517 2308 3745 2374 instans,

2336 2380 2429 2434 Vel
2454 2383 2535 2435 via
2567 2385 2832 2439 terribiles
2858 2388 2972 2441 visu
2997 2390 3294 2446 scandenda
3316 2408 3410 2461 per
3433 2386 3593 2464 Alpes

2337 2468 2601 2524 Montibus
2624 2472 2674 2525 in
2697 2476 2936 2537 summis,
2963 2478 3051 2531 ubi
3078 2488 3248 2535 tectae
3274 2485 3504 2539 nubibus
3525 2489 3658 2542 atris

2334 2557 2412 2611 Ac
2438 2560 2556 2612 nive
2581 2571 2830 2629 perpetua
2859 2579 3016 2632 rupes
3034 2567 3105 2627 ad
3129 2568 3302 2622 sidera
3328 2584 3572 2641 surgunt,

2337 2646 2684 2703 Transcensis
2709 2652 2901 2719 quibus
2938 2653 3146 2710 Italicas
3172 2658 3467 2713 intraverat
3492 2664 3675 2718 urbes.

2337 2735 2415 2789 Ex
2442 2737 2633 2804 quibus
2657 2749 2739 2791 est
2768 2742 2996 2807 quedam
3020 2742 3288 2799 Florentia
3315 2750 3528 2803 nomine
3554 2754 3720 2815 dicta,

2337 2822 2393 2876 In
2418 2838 2521 2891 qua
2550 2825 2774 2892 virginei
2805 2835 2988 2894 partus
3012 2828 3191 2885 ﬂorem
3224 2843 3527 2900 veneratus,

2336 2914 2531 2969 Christi
2560 2918 2890 2973 sanctilicum
2914 2921 3131 2989 supplex
3153 2923 3512 2985 celebraverat
3537 2929 3770 2984 liortum.

2338 3005 2462 3059 Inde
2488 3007 2593 3061 cito
2620 3007 2839 3063 Romam
2860 3026 3018 3065 cursu
3040 3021 3317 3079 penetrare
3338 3017 3549 3087 sategit.
3637 2997 3653 3014 ⁸

2338 3094 2453 3161 Quo
2478 3111 2598 3150 cum
2628 3099 2856 3166 suscepti
2878 3108 3114 3156 tractans
3139 3104 3408 3158 molimina
3438 3107 3567 3160 belli.

2340 3185 2565 3239 Parvum
2592 3187 2905 3255 transigeret
2931 3198 3156 3258 tempus,
3182 3192 3401 3261 cupiens
3424 3193 3682 3265 Aragisiis

2262 3278 2310 3340 ε
2343 3275 2491 3330 Hunc
2518 3292 2648 3332 auro
2675 3292 2830 3347 quem
2858 3295 2962 3334 non
3002 3278 3171 3350 potuit
3198 3283 3459 3352 depellere
3481 3286 3642 3350 ferio,

2336 3368 2438 3420 Per
2467 3376 2647 3421 natum
2670 3370 2814 3424 misit
2841 3373 3112 3439 proprium
3136 3388 3301 3441 quant
3324 3376 3552 3429 maxima
3573 3376 3737 3443 dou'a,

2335 3458 2656 3526 Supplicitcr
2677 3475 2860 3528 pacem
2899 3464 3155 3531 rogitans.
3184 3464 3294 3517 Sed
3315 3478 3405 3519 rex
3437 3466 3536 3519 sibi
3564 3467 3727 3534 longe

2334 3545 2408 3600 De
2438 3547 2594 3600 rebus
2617 3548 2783 3615 ceptis
2803 3548 2956 3602 aliter
2980 3559 3127 3605 ratus
3151 3566 3268 3606 esse
3292 3555 3603 3622 gerendum,

2332 3632 2445 3698 Qua
2473 3636 2658 3702 prebet
2684 3635 2816 3689 latos
2834 3636 3120 3707 Campania
3154 3639 3341 3694 fertilis
3367 3656 3546 3710 agros,

2332 3721 2459 3776 llluc
2487 3737 2816 3791 progressus,
2843 3724 3021 3793 Capua
3048 3728 3285 3782 consedit
3315 3729 3369 3781 iii
3393 3731 3545 3793 urbe,

2331 3807 2587 3862 Gesturus
2612 3810 2791 3863 statim
2821 3812 3034 3875 bellum,
3067 3813 3169 3867 nisi
3195 3814 3300 3868 dux
3326 3826 3652 3873 memoratus

2331 3895 2580 3950 Prudenti
2610 3899 2820 3953 sibimet
2844 3900 2984 3954 facto
3007 3902 3141 3957 bene
3163 3903 3536 3959 consuluisset.

2331 3985 2463 4038 Nam
2490 3987 2661 4054 primo
2686 3986 2839 4047 firma
2866 4003 2925 4043 se
2948 3989 3137 4043 clausit
3160 3990 3213 4043 in
3238 3992 3370 4046 urbe
3392 3990 3642 4054 Salerno.

2332 4074 2462 4127 Tum
2488 4082 2639 4128 natos
2660 4081 2912 4143 utrosque
2938 4091 3082 4140 suos,
3112 4093 3339 4148 quorum
3364 4083 3630 4136 vocitatus

2331 4159 2619 4214 Riunoldus
2647 4162 2815 4216 maior
2838 4162 3029 4228 fuerat,
3060 4165 3365 4221 Grimoldus
3385 4177 3438 4222 et
3466 4169 3622 4234 alter,

2330 4249 2503 4304 Missis
2531 4250 2716 4319 legatis
2749 4253 2859 4322 regi
2888 4255 3224 4320 contradidit,
3260 4272 3323 4312 ac
3348 4274 3405 4312 se

2328 4334 2493 4403 Ipsius
2519 4336 2762 4405 imperiis
2780 4340 3074 4393 subiectum
3110 4353 3288 4398 mente
3315 4344 3453 4400 ﬁdeli

2329 4424 2628 4480 Mansurum
2656 4428 3010 4497 populumque
3035 4446 3189 4485 suum
3215 4436 3534 4502 promiserat
3560 4450 3792 4493 omnem.

2329 4516 2543 4572 Talibus
2570 4518 2780 4582 oblatis,
2811 4517 3344 4591 Carolirequieverat
3368 4526 3547 4590 ardor,

2263 4595 2309 4653 υ
2334 4602 2722 4675 Precipuaeque
2752 4607 2916 4662 Deum
2944 4618 3201 4676 metuens,
3237 4626 3303 4666 nc
3328 4613 3761 4669 cbristicolarum

2332 4691 2613 4763 Sanguinis
2637 4694 2789 4749 elfusi
2816 4698 3070 4764 posthaec
3094 4714 3216 4754 reus
3245 4700 3355 4769 ipse
3392 4713 3649 4762 maneret,

2330 4781 2596 4835 Abstinuit
2620 4783 2774 4846 bello,
2799 4800 2901 4839 non
2928 4787 3032 4840 iam
3063 4803 3256 4843 curans
3281 4789 3581 4843 latitantem

2331 4869 2648 4937 Expugnare
2677 4872 2885 4939 duceni,
2917 4889 3016 4929 nec
3037 4890 3142 4928 non
3169 4884 3224 4928 et
3247 4875 3390 4929 illius
3415 4876 3514 4944 ipsi
3552 4890 3557 4895 '

2331 4958 2625 5013 Concessus
2653 4960 2845 5025 maior,
2876 4961 3051 5014 minor
3072 4969 3156 5016 est
3183 4961 3451 5026 detentus,
3487 4971 3545 5015 ut
3567 4964 3725 5040 obses

2332 5046 2484 5100 Esset
2509 5048 2645 5115 apud
2672 5062 2875 5117 regem;
2907 5048 3303 5104 Beneventanus
3328 5065 3537 5119 quoque
3560 5063 3785 5106 cunctus

2333 5136 2533 5191 Dedere
2558 5151 2616 5191 se
2642 5137 2866 5205 populus
2892 5153 2997 5193 non
3025 5140 3246 5202 distulit,
3276 5141 3653 5209 obsidibusque

2334 5226 2567 5280 Undenis
2591 5240 2689 5295 pio
2713 5240 2843 5295 pace
2866 5226 3023 5289 datis,
3048 5229 3150 5283 hoc
3171 5229 3451 5305 deditionis

2332 5312 2661 5366 Conlirmans
2689 5312 2890 5378 foedus,
2920 5329 3016 5382 per
3041 5325 3369 5370 sacramenta
3400 5316 3703 5384 spopondit,

2335 5402 2404 5455 Ut
2431 5401 2667 5464 Francis,
2698 5418 2876 5456 rerum
2905 5403 3132 5459 dominis
3154 5406 3206 5468 ιι,
3234 5405 3459 5460 serviret
3477 5406 3530 5458 in
3560 5421 3768 5462 aevum.

2334 5490 2480 5543 Tunc
2506 5490 2724 5543 Romam
2749 5505 3021 5557 regressus
3039 5508 3221 5557 ovans,
3245 5493 3314 5547 ibi
3338 5502 3550 5561 pectore
3573 5494 3715 5550 laeto

2340 5577 2559 5630 Maxima
2588 5579 2813 5645 pascalis
2835 5578 3121 5634 celebravit
3149 5582 3336 5649 gaudia
3365 5581 3504 5636 festi.

2408 5747 2433 5784 1'
2459 5746 2533 5799 lix
2564 5746 2763 5816 Virgilii
2796 5745 2920 5801 ΑΞη.
2947 5764 2979 5810 i,
3024 5747 3143 5801 282.

3780 518 3881 573 700
