4266 6432
310 484 403 542 70l

628 650 632 656 ,
769 595 916 646 Auno
940 591 1064 649 787.
1097 590 1286 643 Indici.
1315 590 1368 643 9.

309 685 495 740 Adhuc
518 681 775 736 Romulea
797 683 921 735 dum
942 695 1033 733 rex
1063 678 1345 732 mansisset
1368 677 1420 730 in
1449 677 1599 738 urbe,

312 775 517 829 Tassilo
540 772 743 842 legs-gos
766 770 1057 836 Adrianum
1086 768 1234 822 misit
1256 768 1321 821 ad
1350 764 1568 819 almum

310 862 645 925 Pontificcm,
673 874 897 929 quorum
924 856 1023 910 fuit
1047 856 1223 910 Arnus
1246 855 1528 923 episcopus
1549 866 1703 915 unus,

311 953 487 1006 Abhas
516 950 653 1004 alter
676 955 792 1002 erat
815 945 1080 1000 llunricns
1105 944 1318 998 nomine
1338 943 1531 1005 dictus,

312 1040 517 1093 Obnixe
540 1038 798 1107 rogitans,
826 1037 964 1089 idem
989 1033 1251 1088 mediator
1278 1039 1336 1084 ut
1358 1038 1501 1085 esset

312 1130 457 1181 Inter
486 1143 544 1181 se
573 1134 627 1180 et
666 1125 911 1181 Carolum
938 1123 1086 1192 pacis
1111 1120 1339 1188 fideique
1359 1126 1637 1187 sequester
1658 1130 1705 1170 ιι.

314 1216 425 1270 Iloc
454 1215 681 1268 antistes
702 1211 1023 1282 apostolicus
1057 1216 1205 1262 ratus
1227 1221 1344 1261 esse
1363 1206 1635 1269 decorum,

312 1304 383 1359 Ut
416 1302 563 1356 Petri
594 1303 659 1356 de
686 1300 813 1354 sede
838 1313 990 1352 sacra
1017 1296 1301 1351 concordia
1326 1296 1472 1364 pacis

306 1391 635 1458 ~Rcstanrata
662 1389 814 1441 daret
850 1387 1073 1441 ducibus
1096 1384 1410 1455 populisque
1437 1385 1694 1453 quietem,

310 1481 585 1533 lnstanter
610 1492 787 1547 regem
814 1476 966 1545 petiit
990 1475 1256 1543 deponere
1282 1481 1503 1528 cunctas

309 1548 483 1622 Corde
511 1564 832 1621 simultates.
860 1562 940 1617 Ad
964 1577 1066 1631 que
1094 1576 1215 1615 cum
1241 1569 1415 1616 mente
1439 1563 1666 1631 benigna

309 1656 605 1715 Annueret,
637 1651 790 1706 ducis
814 1652 882 1704 ab
911 1648 1091 1703 missis
1117 1647 1387 1715 inquirere
1415 1649 1611 1718 coepit,

310 1739 497 1795 Pactio
529 1754 639 1808 quo
663 1752 918 1808 praesens
946 1745 1087 1791 esset
1118 1736 1377 1791 firmanda
1401 1745 1604 1791 tenore.

311 1827 500 1897 Legati
527 1825 659 1879 nihil
690 1826 988 1880 iniunctum
1010 1825 1076 1878 de
1104 1838 1161 1879 re
1189 1824 1289 1879 sibi
1318 1825 1431 1888 tali,

312 1918 419 1972 Sed
441 1917 655 1972 domino
683 1930 936 1985 responsa
967 1930 1081 1978 suo,
1113 1902 1253 1985 quae
1279 1931 1373 1971 rex
1403 1918 1553 1970 daret
1573 1904 1628 1970 et
1654 1930 1792 1984 quae

244 2054 255 2063 .
310 2003 534 2058 Pracsul
564 2002 904 2073 apostolicus,
937 2010 1146 2055 tantum
1170 2002 1447 2057 referenda
1475 2002 1728 2056 fatentur.

310 2094 651 2161 Quapropter
673 2099 945 2159 tamquam
967 2089 1193 2153 fallacia,
1211 2089 1498 2158 fraudeqne
1517 2090 1670 2158 plena

308 2178 456 2248 Papa
481 2187 723 2234 sacratus
748 2192 842 2233 eos
865 2178 1065 2247 sprevit
1093 2179 1338 2231 mandata
1365 2178 1615 2239 ferentes,

309 2268 657 2323 Damuandos
683 2268 848 2322 etiam
873 2275 1113 2322 statuens
1148 2269 1491 2321 anathemate
1527 2269 1666 2331 diro,

308 2357 616 2412 Promissae
651 2358 848 2412 dudum
879 2356 998 2411 fidei
1030 2358 1073 2411 si
1107 2371 1356 2425 rumpere
1385 2351 1571 2410 foedus

309 2445 681 2515 Temptarent,
721 2444 862 2513 quod
891 2459 1013 2498 cum
1041 2443 1232 2499 Carolo
1260 2445 1507 2514 pepigere
1536 2444 1798 2498 volentes.

311 2536 513 2605 Sicque
538 2535 897 2603 relinquentes
925 2534 1119 2589 infecta
1150 2534 1361 2605 negotia
1387 2535 1559 2603 pacis,

308 2627 391 2680 Ad
412 2626 642 2695 patriam
664 2625 871 2679 rediere
892 2640 1062 2679 suam.
1091 2624 1224 2688 Rex,
1257 2625 1339 2678 his
1368 2638 1577 2693 quoque
1602 2623 1789 2694 gestis,

307 2713 643 2767 Francorum
670 2712 844 2768 laetus
871 2721 1202 2767 remeaverat
1226 2714 1279 2767 in
1311 2714 1604 2783 regionem,

308 2801 716 2870 Conciliumque
743 2802 933 2856 dehinc
961 2817 1242 2871 procerum
1267 2804 1516 2872 generale
1543 2818 1762 2859 suorum

306 2890 459 2943 Intra
483 2888 826 2944 Wormaciae
858 2906 1040 2945 muros
1070 2891 1300 2961 collegit,
1336 2898 1391 2945 et
1419 2891 1526 2946 illic
1604 2938 1607 2941 λ

313 2978 588 3042 Decrevit,
620 2986 769 3032 certo
796 2992 903 3047 quo
931 2981 1164 3035 disceret
1187 2982 1570 3052 experimento.

312 3068 638 3123 Utrumnam
663 3067 876 3123 sibimet
898 3077 1224 3124 memoratus
1250 3070 1455 3126 Tassilo
1480 3073 1638 3128 vellet

308 3156 550 3210 luratam
576 3166 794 3209 servare
821 3154 979 3209 fidem
1007 3156 1279 3211 subiectus
1300 3166 1516 3213 etesse.

311 3246 471 3301 Unde
492 3261 590 3299 suo
618 3244 837 3315 populos
860 3247 1289 3315 regno'perduxit
1317 3249 1385 3303 ad
1423 3262 1609 3305 omnes

308 3335 502 3391 Fortia
530 3343 708 3389 castra
737 3335 915 3399 nimis,
947 3335 1111 3389 ternis
1135 3336 1188 3388 in
1212 3337 1453 3403 partibus
1479 3337 1592 3404 ipsa

310 3426 641 3494 Disponens,
672 3423 900 3478 Baioarii
926 3439 1032 3493 quo
1061 3432 1210 3495 tanta
1235 3435 1492 3493 paverent

312 3514 578 3584 Agmina;
611 3528 736 3566 nam
766 3520 974 3568 terrore
998 3514 1186 3584 magis,
1217 3529 1376 3583 quam
1403 3516 1661 3583 sanguine
1686 3516 1805 3572 fuso

311 3607 675 3662 Christicolae
700 3606 864 3661 voluit
888 3608 1059 3676 plebis
1083 3623 1338 3678 superare
1365 3617 1644 3664 tumorem.

308 3693 599 3763 Pippinus,
628 3693 769 3764 regis
802 3702 976 3756 natus,
1002 3708 1124 3748 cum
1154 3694 1323 3749 milite
1358 3695 1527 3753 multo

309 3784 520 3839 Italicis
546 3784 668 3838 illuc
695 3781 1179 3858 fultus‘legionibus
1200 3784 1331 3849 ibat,

308 3874 533 3943 Perque
556 3873 931 3927 Tredentinam
953 3888 1047 3927 sua
1078 3874 1303 3927 duxerat
1329 3874 1540 3941 agmina
1567 3875 1775 3928 vallem.

310 3963 416 4015 Ast
444 3959 726 4015 orientalis
751 3973 884 4028 quos
913 3960 1045 4015 haec
1068 3960 1122 4013 in
1148 3961 1345 4030 proelia
1372 3962 1488 4016 misi
1488 3971 1555 4062 tl

310 4052 573 4115 Francia,
599 4050 836 4105 Saxones
859 4052 1019 4106 etiam
1044 4060 1156 4105 tum
1185 4053 1335 4123 signa
1363 4046 1646 4122 settiiEntes

311 4142 513 4211 Regia,
542 4142 623 4195 sic
650 4141 802 4205 iussi,
827 4143 1090 4211 quendam
1114 4126 1653 4213 Pheringa’vocatum

306 4229 530 4283 Armati
552 4229 753 4298 petiere
775 4230 972 4293 locum,
995 4246 1159 4299 prope
1181 4231 1337 4286 litora
1357 4233 1534 4302 magni

309 4317 576 4379 Danubii,
607 4316 783 4384 prisco
808 4318 900 4386 qui
939 4319 1153 4373 nomine
1194 4320 1391 4374 dicitur
1417 4319 1615 4375 llister.
1702 4315 1712 4324 ’

306 4408 433 4476 Ipse
460 4419 629 4475 super
648 4404 935 4469 Lccchum,
965 4416 1144 4460 certus
1172 4408 1264 4476 qui
1296 4408 1556 4464 terminus
1581 4410 1755 4464 amnis

306 4498 415 4552 Est
442 4497 591 4550 inter
611 4494 884 4549 Baioarios
911 4511 1012 4551 nec
1038 4512 1143 4550 non
1169 4496 1506 4559 Alamannos,

307 4587 484 4642 Urbis
509 4586 583 4639 ad
609 4584 879 4654 Augustae
903 4586 1130 4639 confinia
1160 4592 1338 4640 castra
1364 4585 1580 4640 locavit.

308 4676 674 4745 Stipatusque
697 4688 857 4727 manu
883 4674 1079 4738 valida,
1116 4690 1237 4729 eum
1272 4674 1460 4751 Norica
1491 4690 1672 4744 regna,

308 4762 534 4818 Tassilo
565 4774 705 4829 quae
729 4760 916 4823 tenuit,
947 4759 1088 4815 ferro
1112 4770 1453 4830 prosternere
1478 4763 1652 4826 vellet,

308 4853 577 4921 Undique
598 4850 705 4905 dux
735 4849 875 4905 idem
902 4851 1311 4904 circumsessum
1332 4852 1361 4891 δ
1388 4852 1503 4906 fore
1528 4867 1645 4907 sese

309 4939 700 5009 Conspiciens,
724 4937 944 5007 supplex
971 4939 1102 4992 adiit
1129 4938 1351 5008 vestigia
1369 4939 1553 5008 ,regis,

310 5028 545 5083 Dcvotis
569 5026 735 5078 vitam
757 5025 1003 5094 precibus
1025 5027 1339 5095 veniamque
1366 5033 1633 5096 precatus.

310 5119 417 5184 Qui
440 5116 575 5186 quia
604 5121 797 5167 natura
826 5114 998 5169 fuerat
1024 5114 1354 5180 mitissimus,
1387 5115 1481 5177 illi,

311 5207 490 5273 Quem
516 5201 736 5273 penitus
779 5201 1133 5276 victumyidit
1155 5202 1531 5272 humilemque,
1562 5204 1820 5273 pepercit.

312 5293 563 5358 Foedera
584 5290 768 5359 prisca
792 5296 970 5368 tamen
992 5304 1175 5344 rursus
1200 5289 1570 5346 Baioariorum

311 5378 658 5441 Firmantur,
681 5374 876 5445 populo
901 5388 999 5446 per
1023 5387 1357 5433 sacramenta
1380 5388 1564 5434 coacto

384 5560 409 5588 α
440 5545 749 5617 Sequcster.
779 5544 988 5617 Glossa,
1016 5549 1349 5617 grieduuard.

387 5618 416 5657 δ
440 5615 880 5681 (Iircumscssum.
911 5615 1116 5681 Glossa,
1147 5617 1421 5672 bisctenne.

385 5696 413 5724 ε
443 5684 634 5736 (Ibus.
661 5680 871 5744 Glossa,
894 5683 1010 5749 gisI.

384 5752 411 5791 ιι
461 5751 548 5807 Au
602 5749 755 5813 fata?
797 5749 949 5805 Certe
993 5768 1251 5823 nusquam
1298 5754 1633 5814 Thcodoncm
1673 5774 1884 5831 quoque

619 482 867 539 ANNAL.
909 481 995 535 DE
1034 478 1274 536 GESTIS
1309 479 1368 532 Β.
1410 477 1653 534 CAROLI
1695 472 1905 530 MAGNI
1944 472 2120 528 LIBRI
2157 472 2221 529 γ.
2259 502 2331 513 --
2365 473 2523 528 VITA
2561 471 2826 529 CAROLI.
2862 503 2931 515 -
2966 474 3091 529 LIB.
3120 474 3183 529 ll.

1893 584 1941 642 Α
1968 581 2285 654 Perpetuam
2305 582 2563 653 spondere
2592 583 2748 638 fidem
2773 598 2866 637 seu
2889 584 3262 639 subditionem.

3413 474 3516 530 ’10⁸2

1964 670 2211 725 Preterea
2235 673 2344 741 regi
2378 672 2652 725 duodenus
2680 672 2910 726 traditur
2935 673 3163 727 obsesc.

1965 756 2360 827 Regressusque
2385 760 2596 823 dehinc,
2626 759 2847 814 hiberno
2870 768 3109 829 tempore
3134 770 3247 816 toto

1966 845 2161 899 Mansit
2182 845 2237 900 in
2262 846 2641 916 lngulenheim,
2667 848 2823 901 sedes
2841 848 2931 901 ubi
2959 848 3103 917 regia
3129 847 3309 917 fulget.

2421 938 2571 989 Anno
2596 936 2717 992 788.
2753 936 2944 991 Indict.
2985 938 3070 991 10.

1954 1023 2100 1107 Cum
2124 1040 2222 1098 rex
2243 1027 2295 1080 in
2321 1026 2446 1081 villa
2469 1027 2584 1081 fieri
2616 1029 2858 1087 iussisset
2878 1030 3065 1084 eadem

1968 1112 2297 1169 Conventum
2319 1130 2603 1184 procerum
2632 1116 2909 1186 sollempni
2939 1131 3087 1173 more
3108 1132 3345 1178 suorum,

1969 1202 2102 1257 Cum
2128 1204 2344 1275 reliquis
2370 1207 2531 1260 etiam
2560 1205 2659 1260 fuit
2681 1207 2789 1263 illic
2812 1207 3020 1264 Tassilo
3046 1223 3317 1279 praesens.

1970 1290 2139 1356 Quem
2166 1294 2413 1362 proprius
2439 1295 2710 1363 quondam
2743 1297 2989 1367 pepulus,
3020 1300 3108 1353 cui
3133 1297 3362 1368 praefuit
3396 1299 3527 1369 ipse,

1971 1382 2294 1440 Criminibus
2320 1387 2529 1457 magnis
2556 1389 2957 1459 maiestatisque
2984 1402 3138 1447 reatu
3208 1460 3215 1464 _

1971 1470 2268 1539 Accusans,
2294 1476 2435 1545 regis
2461 1478 2655 1531 merito
2680 1488 3045 1535 commoverat
3071 1482 3232 1548 iram,

1972 1559 2221 1617 Obiciens
2243 1565 2438 1634 primo,
2462 1568 2605 1635 quod
2630 1567 2841 1624 foedere
2865 1568 3149 1625 deditionis

1972 1648 2244 1719 Neglecto,
2272 1668 2378 1721 quo
2405 1656 2704 1711 subiectum
2731 1672 2824 1712 seu
2850 1668 3067 1727 pectore
3094 1659 3256 1713 fidum

1977 1737 2047 1793 Se
2072 1738 2185 1796 fore
2214 1741 2431 1807 iuravit,
2456 1744 2610 1799 donis
2630 1747 2926 1817 crebroque
2950 1758 3138 1820 rogatu

1975 1823 2235 1898 lnstiga‘ns
2262 1829 2464 1895 Hunos,
2485 1831 2705 1888 Francis
2731 1835 2807 1889 ita
2829 1834 3032 1891 fecerat
3056 1838 3253 1900 hostes,

1904 1894 1954 1954 Β
1985 1917 2053 1971 Ut
2079 1894 2272 1973 vellent
2296 1922 2522 1991 sumptis
2548 1930 2763 1979 vastare
2790 1923 3042 1980 ferociter
3068 1929 3235 1983 armis

1978 2003 2194 2060 Illorum
2222 2006 2355 2062 ﬁnes
2376 2008 2732 2080 Carolumque
2760 2012 3019 2069 lacessere
3045 2015 3203 2069 bello.

1981 2093 2106 2147 Eius
2134 2104 2192 2148 ut
2220 2097 2321 2151 hoc
2348 2095 2548 2152 faceret
2576 2099 2875 2171 Leutberga
2905 2113 3148 2159 suaserat
3172 2121 3327 2170 uxor,

1981 2182 2127 2249 Quae
2151 2178 2405 2241 Désiderii
2434 2186 2609 2243 fuerat
2634 2191 2759 2258 quia
2790 2190 2897 2245 filia
2928 2196 3090 2262 regis,

1979 2275 2106 2330 Post
2132 2276 2301 2345 patris
2327 2278 2545 2333 exilium
2574 2279 2794 2337 Francis
2820 2280 3034 2337 inimica
3067 2288 3334 2353 manebat,

1980 2363 2356 2433 Foemiueique
2382 2381 2575 2436 gerens
2596 2370 2702 2423 odii
2731 2372 2830 2425 sub
2858 2383 3072 2441 pectore
3097 2373 3361 2439 ﬂammas,

1982 2451 2188 2507 Mittere
2218 2455 2320 2508 iam
2346 2457 2568 2526 populos
2596 2459 2650 2512 in
2674 2474 2879 2515 summa
2904 2464 3139 2531 pericula
3168 2481 3334 2535 pravo

1979 2540 2214 2597 Consilio
2241 2543 2466 2609 studuit,
2496 2562 2601 2600 non
2629 2562 2847 2614 curans,
2875 2554 3130 2621 sanguine
3157 2563 3359 2622 quanto

1896 2644 1901 2649 λ
1980 2628 2206 2683 Humani
2232 2633 2443 2701 generis
2469 2634 2608 2699 fuso,
2635 2646 2767 2706 quot
2793 2640 3067 2710 utrimque
3094 2644 3332 2711 perirent

1980 2717 2142 2784 Milia,
2169 2720 2294 2775 dum
2326 2730 2530 2777 tantum
2556 2723 2778 2780 Francis
2804 2728 3002 2783 inferre
3030 2731 3242 2786 labores

1979 2798 2245 2864 Bellorum
2272 2819 2518 2882 satagens
2543 2826 2643 2868 nec
2673 2830 2777 2868 non
2805 2817 3079 2887 dispendia
3102 2837 3299 2886 rerum,

1984 2895 2177 2952 Ulcisci
2206 2909 2415 2967 patrem
2445 2900 2536 2954 tali
2565 2905 2773 2958 ratione
2800 2906 3021 2961 valeret.

1979 2984 2262 3042 Praeterea
2286 2990 2443 3044 dictis
2465 3002 2562 3044 seu
2596 2991 2759 3049 factis
2778 2996 3021 3065 pluribus
3049 2998 3120 3053 illi

1980 3077 2232 3141 Obiectis,
2274 3080 2469 3147 quibus
2514 3083 2710 3142 indicio
2755 3085 2992 3141 clarebat
3016 3097 3224 3159 aperto,

1981 3165 2133 3230 Quod
2161 3167 2352 3221 violata
2382 3170 2512 3225 lldes
2537 3182 2699 3238 esset,
2723 3177 2864 3244 quod
2892 3176 3108 3234 foedere
3132 3188 3312 3250 spreto

1986 3254 2189 3309 Tassilo
2217 3257 2429 3313 molitus
2457 3259 2618 3314 fuerit
2645 3264 2913 3319 contraria
2944 3269 3078 3335 regi,
3115 3322 3118 3326 .

1981 3343 2096 3412 Ipse
2124 3346 2255 3399 nihil
2283 3348 2474 3402 horum
2502 3350 2586 3404 vel
2614 3362 2863 3422 coeperat
2886 3355 3112 3412 inliciari

1983 3432 2079 3488 Vel
2107 3443 2334 3503 poterat,
2360 3438 2454 3492 sed
2477 3440 2754 3496 convictus
2775 3458 2962 3508 noxae,
2992 3447 3206 3516 capitali

1982 3522 2311 3591 Dampnatur
2336 3540 2525 3594 poena.
2559 3527 2746 3584 Merito
2773 3532 2852 3586 sic
2877 3534 3056 3587 evenit
3080 3536 3179 3601 illi,

1982 3611 2271 3666 Consilium
2300 3614 2541 3684 quisquis
2563 3615 2725 3671 fuerit
2754 3620 3009 3677 muliebre
3028 3632 3261 3679 secutus.

1980 3699 2051 3753 At
2089 3702 2230 3770 regis
2258 3702 2430 3770 pietas
2459 3704 2800 3775 dampnatum
2839 3711 3085 3779 protinus
3118 3714 3262 3769 illum

1979 3785 2238 3852 Absolvit,
2269 3791 2548 3847 retrahens
2574 3795 2688 3862 ipso
2716 3796 2782 3851 de
2808 3796 2989 3854 limine
3017 3804 3225 3866 mortis,

1983 3876 2050 3930 Et
2074 3877 2275 3934 factum
2303 3885 2622 3938 monachum
2647 3901 2862 3944 servare
2893 3895 3268 3949 monasteriale

1982 3966 2316 4037 Pmpositum
2341 3971 2513 4027 iussit.
2543 3974 2751 4033 Iuvenis
2775 3994 2985 4049 quoque
3014 3993 3169 4041 natus
3194 3988 3262 4041 ab
3288 3978 3395 4051 illo,

1981 4055 2183 4111 Nomen
2212 4059 2412 4116 habens
2437 4062 2673 4130 Theodo,
2704 4070 2957 4136 genitoris
2985 4072 3126 4128 facta
3150 4075 3176 4114 ἀ
3204 4086 3437 4142 secutus,

1981 4144 2432 4217 Contemplativae
2459 4166 2768 4223 susceperat
2796 4160 2905 4215 otia
2932 4163 3093 4218 vitae.

1979 4234 2048 4287 At
2075 4251 2204 4292 vero
2230 4237 2388 4306 Huni,
2423 4244 2611 4299 studiis
2639 4260 2770 4317 gens
2809 4240 2997 4320 aspera
3036 4255 3180 4316 belli,

1981 4326 2224 4384 Pracfato
2250 4331 2508 4401 promissa
2533 4334 2651 4390 duci
2682 4339 2947 4408 complere
2974 4346 3264 4403 studentes.

1979 4415 2257 4472 Instructis
2284 4421 2610 4476 exercitibus
2636 4440 2859 4495 coepere
2887 4428 3098 4487 duobus

1910 4518 1963 4578 ι)
1986 4504 2313 4561 Francoan
2341 4510 2486 4578 regni
2515 4510 2649 4568 ﬁnes
2674 4516 2921 4573 invadere
2946 4523 3224 4589 quosdam.

1986 4594 2165 4651 Italiae
2188 4608 2366 4666 partes
2392 4617 2555 4655 unum
2578 4616 2948 4672 penetraverat
2968 4625 3180 4680 agmen,

1985 4683 2205 4754 Quaque
2232 4687 2370 4741 Foro
2396 4705 2585 4744 nomen
2613 4692 2834 4748 dederas
2858 4694 3153 4753 clarissime
3173 4699 3289 4768 Iuli,

1986 4773 2145 4828 Urbis
2170 4775 2237 4829 ad
2258 4775 2495 4830 eiusdem
2532 4779 2761 4835 confinia
2787 4793 3010 4838 venerat
3031 4785 3219 4841 hostis.

1981 4860 2178 4915 Invasit
2199 4862 2471 4919 Baioarios
2496 4868 2762 4924 exercitus
2784 4870 2937 4935 alter,

1984 4948 2089 5004 Sed
2119 4950 2311 5005 frustra
2340 4967 2355 5005 :
2385 4961 2527 5009 totus
2553 4958 2800 5025 quoniam
2827 4969 3047 5018 conatus
3067 4963 3239 5021 inanis

1982 5038 2032 5093 Is
2061 5038 2254 5103 fuerat,
2292 5041 2519 5111 victique
2546 5043 2664 5100 loco
2689 5048 2948 5103 ceduntur
2970 5059 3213 5122 utroque.

1985 5127 2080 5182 His
2103 5144 2311 5199 quoque
2339 5133 2663 5202 temporibus
2684 5135 2976 5193 Grecorum
3004 5141 3182 5198 nobile
3211 5146 3347 5201 rexit

1985 5217 2264 5287 Imperium
2286 5218 2693 5293 Copstantinus,
2712 5225 2800 5293 qui
2829 5228 3135 5297 splendidus
3159 5243 3282 5289 ortu

1988 5308 2204 5363 Dehitus
2226 5312 2463 5380 angustis
2483 5313 2722 5381 patribus
2740 5329 3071 5378 successerat
3097 5323 3273 5379 heres.

1989 5396 2088 5462 Qui
2120 5398 2225 5451 iam
2248 5400 2502 5468 preterito
2527 5401 2703 5457 missis
2728 5419 2975 5485 oraverat
2998 5425 3138 5465 anno

1989 5570 2298 5650 proditionis
2327 5572 3168 5650 iusimulatunrfuissereperias;
3216 5582 3258 5635 si
3289 5581 3418 5650 facta
3446 5597 3523 5636 rc«

1989 5639 2345 5762 tinet'ftvclis,
2393 5658 2456 5697 eo
2487 5644 2607 5698 vit-.c
2656 5645 2915 5701 clericalis
2957 5639 3525 5722 electionem'intclligi

1989 5721 2118 5762 onor
2143 5723 2171 5762 e
2200 5748 2211 5762 .

1989 5721 2211 5775 oportet.
