4266 6484
737 479 832 533 703

733 589 962 656 Legatis,
1000 595 1056 640 ut
1085 600 1141 641 se
1177 600 1424 655 generum
1453 585 1712 655 dignantis
1750 587 1946 641 habere

735 675 1032 741 Snsciperet
1057 681 1235 726 natam
1261 673 1431 726 Caroli
1457 674 1556 726 sibi
1584 673 1983 727 consociandam

733 763 964 816 Foedere
991 762 1218 830 coniugii
1247 779 1260 814 :
1289 761 1380 815 sed
1411 776 1530 830 spes
1556 760 1805 815 frustrata
1829 771 2094 830 petentum

735 850 876 904 More
899 849 1039 903 leves
1064 849 1218 904 solito
1241 847 1436 903 Grecos
1470 851 1752 902 commovit
1781 851 1834 903 in
1862 851 2014 906 iram.

733 938 865 992 Ilinc
883 938 1025 991 dedit
1049 945 1270 1006 augusto
1296 938 1495 1005 pariter
1517 953 1611 991 sua
1637 938 1781 991 curia
1804 939 1903 991 tale
2172 1012 2174 1014 ν

731 1027 1034 1088 Consilium,
1057 1027 1264 1093 penitus
1283 1039 1386 1092 quo
1406 1040 1510 1078 non
1537 1033 1803 1092 pateretur
1827 1025 2066 1089 inultum,

730 1114 879 1178 Quod
905 1129 995 1168 rex
1021 1115 1337 1182 contempsit
1362 1097 1582 1167 Carolus
1607 1122 1874 1182 praestare
1904 1117 2097 1184 petitos

730 1205 960 1274 Virginis
982 1204 1252 1273 amplexus
1278 1204 1370 1264 illi,
1400 1204 1485 1257 cui
1511 1219 1713 1256 summa
1740 1213 1972 1272 potestas
2097 1270 2100 1272 γ

730 1293 1000 1347 Mortalem
1029 1295 1114 1346 vix
1142 1308 1259 1348 esse
1285 1309 1465 1362 parem
1490 1295 1819 1362 permitteret
1851 1295 2032 1350 ullum.

629 1399 642 1423 ς
681 1400 688 1408 -
728 1379 807 1442 Ob
835 1381 935 1434 hoc
961 1379 1244 1448 praefecto,
1272 1383 1357 1436 cui
1381 1397 1668 1451 procurare
1698 1383 1914 1437 Sicanas

728 1453 966 1521 Oﬂicium
997 1468 1164 1529 fuerat
1187 1471 1441 1540 regiones,
1473 1473 1684 1527 nomine
1709 1475 1850 1527 dicto

728 1555 1024 1619 Theodoro,
1051 1556 1243 1612 iunctis
1269 1558 1489 1614 ducibus
1508 1575 1716 1627 quoque
1735 1560 1972 1630 pluribus
1990 1561 2087 1628 illi,

731 1642 840 1696 Hoc
867 1657 998 1710 opus
1025 1643 1198 1700 edicto
1224 1647 1567 1700 mandaverat
1595 1647 1880 1716 imperiali,

729 1729 800 1784 Ut
823 1732 921 1783 sibi
949 1733 1220 1800 contiguas
1247 1741 1482 1789 vastaret
1507 1737 1747 1804 protinus
1774 1752 1898 1792 oras
1955 1794 1963 1801 ,

731 1816 897 1886 Regni
926 1818 1247 1890 Francorum
1267 1861 1280 1885 ,
1312 1821 1390 1877 sic
1415 1823 1676 1878 incentiva
1703 1827 1904 1880 moveri
1995 1879 1998 1882 .

727 1904 1019 1972 Disponens
1043 1907 1164 1962 belli
1193 1910 1453 1978 generalis
1476 1911 1814 1978 suscipiendi.

729 1992 833 2046 Sed
859 2009 978 2047 cum
1006 1995 1266 2064 primores
1292 1996 1415 2050 Grai
1442 1999 1541 2051 sibi
1573 1999 1714 2052 iussa
1743 2000 1929 2064 secuti,

728 2079 1034 2148 Hesperium
1061 2082 1182 2138 litus
1209 2072 1330 2138 forti
1359 2099 1477 2138 cum
1512 2085 1678 2140 classe
1704 2087 1957 2154 petissent

731 2167 799 2221 Ut
825 2168 1189 2223 Beneventane
1216 2171 1367 2226 villas
1393 2174 1621 2242 regionis
1648 2183 1703 2228 et
1720 2175 1894 2229 urbes

727 2257 1178 2328 Depopularentur
1204 2263 1346 2318 ferro
1374 2263 1687 2333 ﬂammaque
1715 2267 1918 2329 voraci,

728 2344 1020 2400 Occurrere
1046 2343 1206 2402 duces
1230 2349 1425 2414 Caroli;
1457 2352 1647 2418 quibus
1674 2353 1762 2407 illa
1784 2354 1920 2408 tueri

726 2429 865 2483 Cura
891 2429 988 2484 fuit
1012 2432 1147 2497 loca,
1179 2436 1459 2504 praecipue
1485 2436 1802 2501 Grimoldus,
1835 2441 1889 2495 in
1922 2440 2039 2509 ipso

728 2517 840 2570 Dux
875 2533 1011 2572 anno
1039 2518 1209 2575 factus
1236 2530 1385 2590 patre
1411 2538 1507 2592 pro
1539 2523 1785 2580 defuncto
1820 2525 2064 2597 Aragiso,

727 2605 834 2660 Nec
861 2623 962 2661 non
986 2608 1182 2678 Spoleti
1211 2619 1393 2674 rector
1414 2628 1534 2667 cum
1561 2615 1726 2671 milite
1753 2616 1919 2671 multo

726 2693 1099 2751 Hildibrandus
1126 2698 1193 2752 ad
1217 2700 1319 2753 hoc
1339 2699 1531 2754 bellum
1557 2703 1872 2770 properabat
1895 2705 2176 2773 agendum.

725 2781 959 2851 Cumque
987 2799 1150 2840 novos
1174 2785 1352 2841 hostes
1377 2788 1562 2857 apibus
1587 2804 1909 2859 numeroque
1927 2801 2167 2860 potentes

727 2869 933 2938 Ignotos
959 2871 1131 2942 lingua
1158 2873 1382 2934 celebris
1407 2876 1511 2930 iam
1536 2875 1673 2931 fama
1702 2876 1921 2934 referret

725 2956 1064 3022 Adventasse,
1087 2961 1248 3014 maris
1275 2961 1495 3016 traiecto
1516 2964 1720 3032 gurgite
1743 2972 1912 3029 vasto,

731 3043 959 3099 Urbibus
980 3045 1172 3101 Italicis
1196 3061 1262 3100 ex
1287 3049 1532 3122 pluribus
1551 3066 1695 3104 arma
1723 3052 1890 3106 suasit

725 3134 887 3188 Obvia
914 3133 1053 3190 ferre
1071 3135 1214 3190 viros
1238 3138 1532 3192 coniunctis
1561 3140 1762 3194 viribus
1779 3155 1962 3196 omnes

729 3223 798 3277 Ut
817 3223 915 3276 sibi
938 3223 1270 3278 consulerent
1289 3228 1644 3295 praedonibus
1672 3229 1791 3284 inde
1816 3231 2054 3299 repulsis.

725 3310 841 3375 Quo
865 3320 1007 3364 motu
1030 3326 1248 3379 prorsus
1274 3329 1527 3368 concussa
1554 3314 1795 3370 Calabria
1824 3325 1930 3371 tota

727 3399 827 3452 Vix
855 3414 1102 3466 umquam
1129 3399 1296 3454 fertur
1318 3402 1516 3456 similes
1537 3411 1770 3472 spectata
1801 3405 2055 3460 tumultus
2074 3418 2124 3470 ι,

727 3487 783 3564 In
812 3500 914 3554 qua
948 3487 1242 3541 conseritur
1268 3504 1436 3558 pugne
1461 3499 1730 3547 certamen
1742 3491 2032 3564 utrimque.

727 3562 927 3644 Ingenti
956 3577 1127 3631 studio
1147 3578 1304 3632 sumit
1331 3593 1456 3649 pars
1480 3580 1612 3634 iusta
1643 3562 1938 3648 tropbeum.

729 3661 879 3716 Cedit
896 3663 1094 3717 Achiva
1119 3665 1326 3730 cohors,
1362 3667 1596 3722 Danaum
1632 3670 1756 3723 dant
1783 3677 1926 3738 terga
1957 3672 2260 3742 phalanges,

729 3750 1016 3804 Grecorum
1041 3754 1290 3819 quoniam
1322 3769 1529 3822 semper
1554 3770 1683 3826 gens
1711 3765 1925 3812 strenua
1953 3759 2146 3829 lingua,

728 3834 884 3904 Pigra
915 3851 1089 3902 manu,
1121 3846 1321 3892 tantum
1351 3839 1518 3894 facilis
1547 3841 1680 3896 solet
1698 3857 1814 3909 esse
1837 3846 2123 3909 movendis,

730 3921 833 3976 Sed
861 3924 989 3976 bene
1013 3925 1299 3978 tractandis
1324 3927 1464 3980 haud
1495 3935 1639 3983 extat
1666 3929 1851 3984 idonea
1881 3931 2044 3985 bellis.

732 4001 970 4064 Victores
993 4011 1151 4079 igitur
1167 4010 1339 4065 Caroli
1363 4012 1564 4068 rediere
1589 4014 1786 4080 ﬁdeles,

729 4096 978 4150 Hostibus
998 4098 1287 4153 innumeris
1309 4100 1506 4165 caesis;
1536 4103 1726 4169 praeda
1751 4117 1958 4172 quoque
1983 4104 2144 4159 multa

730 4184 796 4236 Et
825 4185 1148 4250 captivorum
1174 4187 1325 4239 turba
1353 4202 1447 4240 sua
1469 4198 1643 4243 castra
1674 4191 1956 4258 replentes,

681 4285 684 4288 ‘
729 4273 940 4340 Absque
969 4273 1113 4339 gravi
1139 4273 1364 4343 dampno
1387 4291 1630 4351 magnum
1656 4292 1852 4346 cepere
1872 4280 2212 4350 triumphum.

731 4364 864 4417 Tum
889 4363 1185 4418 Baioariam
1211 4380 1269 4419 se
1292 4366 1512 4420 contulit
1535 4368 1588 4419 in
1617 4368 1882 4436 regionem

732 4452 847 4506 Rex
876 4451 1114 4516 Carolus,
1138 4453 1443 4521 cunctisque
1465 4456 1572 4507 suis
1596 4470 1714 4508 cum
1739 4455 1929 4510 finibus
1949 4457 2113 4525 ipsam

732 4541 1022 4607 Disponens
1049 4542 1432 4596 commendavit
1454 4543 1745 4597 rectoribus
1763 4545 1918 4610 aptis.

733 4628 800 4682 Et
827 4629 1032 4682 rediens
1057 4628 1110 4680 in
1137 4628 1469 4696 Aquisgrani,
1495 4643 1651 4696 quam
1676 4631 1904 4684 condidit
1924 4631 2037 4698 ipse

731 4713 916 4766 Aulam
941 4713 1290 4783 magnificam,
1319 4714 1530 4768 sibimet
1553 4717 1850 4784 gratissima
1876 4715 2010 4770 festa

650 4802 653 4806 ’
732 4800 931 4854 Natalis
951 4801 1176 4865 Domini,
1199 4809 1438 4855 sanctum
1467 4816 1675 4870 quoque
1697 4805 1890 4870 pascha
1910 4805 2128 4872 peregit.

1195 4890 1340 4943 Anno
1367 4889 1486 4944 789.
1519 4889 1710 4943 Indict.
1738 4891 1822 4944 II.

735 4974 876 5028 Gens
898 4985 978 5028 est
998 4975 1272 5030 Slavorum
1303 4975 1446 5029 Wilti
1474 4979 1782 5051 cognomine
1800 4979 1959 5042 dicta,
2014 4977 2026 4985 ’

734 5061 979 5115 Proxima
1002 5063 1241 5118 litoribus
1263 5079 1365 5132 que
1390 5065 1622 5131 possidet
1642 5080 1765 5118 arva
1786 5066 2060 5134 supremis,

734 5149 905 5218 Inngit
936 5149 1024 5204 ubi
1042 5163 1238 5203 oceano
1263 5151 1502 5220 proprios
1520 5149 1801 5205 Germania
1825 5151 1973 5206 lines.

737 5235 880 5290 Haec
899 5237 1114 5291 Francis
1135 5238 1344 5292 inimica
1366 5239 1522 5292 nimis
1553 5255 1677 5294 cum
1703 5248 1936 5308 tempore
1962 5242 2125 5298 multo

738 5324 913 5386 Esset,
947 5325 1024 5377 eis
1048 5326 1128 5379 vel
1154 5327 1415 5381 subiectos
1444 5327 1522 5381 vel
1551 5327 1760 5384 foedere
1787 5329 1993 5386 iunctos

740 5411 1046 5465 Sclavornm
1070 5414 1289 5481 populos
1309 5415 1518 5469 sibimet
1537 5417 1745 5485 regione
1771 5421 2092 5487 propinquos

741 5496 1004 5551 lnsectans
1028 5499 1180 5562 odiis,
1206 5501 1340 5555 bello
1363 5517 1569 5572 quoque
1593 5520 1712 5573 sepe
1733 5509 2020 5574 premebat.

811 5618 834 5642 υ
873 5605 915 5682 ll,
950 5606 1152 5682 Similes
1192 5600 1665 5682 specletugmultus.
1717 5614 1769 5675 2,
1820 5615 2007 5666 similes
2035 5628 2263 5682 suspecta

743 5672 1001 5743 tumidius.
1033 5673 1138 5744 Ego
1158 5672 1358 5729 nonnisi
1389 5679 1566 5733 ultima
1599 5672 1932 5750 vocis-specta
1961 5672 2157 5750 syllaba
2182 5699 2263 5737 rc-

2041 477 2280 535 ΡΟΕΤᾹΞ
2318 477 2600 532 SAXONIS

2283 590 2332 644 Α
2358 583 2463 638 Nec
2485 584 2653 652 potuit
2680 583 2901 638 tolerare
2921 584 3009 638 diu
3033 586 3132 639 hoc
3152 584 3362 641 inclitus
3389 586 3597 646 archus.

3788 479 3888 532 705

2359 670 2461 725 Sed
2481 671 2682 738 populis
2707 685 2884 730 secum
2911 673 3070 733 variis
3093 672 3399 741 legioneque
3423 673 3587 726 multa

2259 816 2261 818 η
2353 758 2653 824 Assumpta,
2685 765 2892 826 gentem
2913 759 3112 812 studuit
3138 769 3413 826 penetrare
3439 772 3735 826 procacem.

2355 843 2450 899 Cui
2475 861 2564 912 per
2593 845 2861 900 Saxonum
2885 854 3054 900 terras
3081 848 3182 900 iter
3201 847 3336 900 istud
3361 847 3538 915 agenti

2353 931 2504 984 Albia
2538 933 2860 990 traiciendus-
2875 942 2992 988 erat
3016 933 3520 989 latissimusamnis.

2353 1021 2463 1074 Illic
2484 1021 2813 1094 immensum,
2840 1021 3028 1088 positis
3056 1021 3116 1074 in'
3129 1021 3306 1075 littore
3338 1023 3546 1085 castris,

2355 1111 2448 1164 Est
2473 1125 2603 1179 opus
2627 1125 2922 1180 aggressus,
2945 1111 3104 1165 celeri
3129 1111 3268 1178 quod
3295 1110 3402 1164 ﬁne
3421 1109 3644 1180 peregit.

2354 1199 2484 1252 Nam
2512 1201 2718 1267 gemino
2747 1200 2932 1254 stravit
2955 1215 3113 1268 quam
3134 1199 3361 1254 maxima
3386 1207 3544 1267 ponte
3568 1198 3783 1265 ﬂuenta,

2353 1286 2420 1340 Et
2441 1294 2596 1353 caput
2625 1287 2790 1353 ipsius
2823 1286 2958 1340 vallo
2987 1287 3211 1340 munivit
3230 1293 3529 1354 utrumque,

2356 1374 2630 1442 Imponens
2652 1382 2705 1427 et
2728 1375 3069 1442 praesidium,
3092 1390 3160 1428 ne
3186 1373 3321 1429 forte
3338 1389 3576 1444 regresso

2355 1461 2484 1527 Quis
2511 1449 2792 1530 prohibere
2815 1464 2955 1518 viam
2982 1479 3141 1532 super
3169 1463 3276 1518 alto
3298 1462 3510 1519 ﬂumine
3535 1473 3777 1531 stratam,

2356 1549 2636 1618 Lignorum
2661 1560 2811 1619 rupta
2832 1551 3002 1620 fragili
3025 1567 3296 1622 compage,
3321 1553 3535 1609 valeret.

2356 1637 2492 1690 Exin
2520 1636 2800 1694 Wiltorum
2825 1639 2851 1676 δ
2879 1645 3047 1692 terras
3075 1641 3340 1692 invaserat
3365 1653 3519 1693 amne
3595 1642 3600 1645 ⁷

2358 1725 2710 1788 Transmisso,
2734 1741 2864 1794 quas
2895 1741 3015 1781 cum
3039 1726 3180 1781 ferro
3202 1734 3432 1781 vastaret
3454 1735 3508 1782 et
3535 1728 3664 1796 igni,

2360 1811 2697 1866 Barbaricnm
2719 1814 2893 1867 subito
2919 1814 3120 1867 domuit
3141 1821 3341 1867 terrore
3365 1821 3644 1868 tumorem.

2287 1889 2334 1948 B
2361 1896 2594 1964 Denique
2617 1897 2936 1951 Francorum
2957 1897 3134 1951 multis
3159 1899 3245 1953 ubi
3274 1905 3448 1952 castra
3465 1897 3664 1952 referta

2359 1984 2696 2053 Conspicinnt
2725 1985 2934 2053 populis
2952 1984 3117 2044 Wilti,
3149 1983 3431 2039 fortissima
3455 1989 3696 2052 quamvis

2358 2067 2658 2123 Gensxforet
2681 2078 2732 2122 et
2758 2081 2975 2124 numero
2998 2069 3216 2138 pollens,
3246 2071 3534 2124 certamina
3553 2071 3675 2127 belli

2358 2154 2680 2210 Omnimodis
2711 2156 2915 2226 fugiens
2943 2171 3001 2210 se
3025 2158 3221 2211 dedidit
3245 2156 3366 2212 ilia)
3388 2159 3518 2227 τεεί,

2357 2244 2598 2312 Inprimis
2625 2260 2716 2298 rex
2741 2245 3042 2312 Dragawiti,
3068 2260 3224 2314 quem
3250 2246 3424 2301 nobile
3447 2247 3646 2302 clarum

2357 2331 2490 2385 Prae
2516 2332 2730 2399 reliquis
2756 2331 2879 2386 fecit
2897 2347 3059 2400 genus
3077 2341 3131 2386 et
3157 2333 3412 2387 maturior
3437 2342 3602 2388 aetas.

2357 2416 2592 2486 Namque
2619 2419 2992 2487 propinquaret
3015 2435 3135 2474 cum
3165 2433 3257 2473 rex
3280 2420 3418 2474 illius
3435 2422 3502 2476 ad
3524 2423 3726 2487 urbem,

2357 2503 2556 2558 Obvius
2587 2505 2697 2572 ipse
2718 2521 2812 2559 suo
2843 2505 3038 2573 pariter
3055 2515 3382 2573 processerat
3399 2510 3543 2562 omni

2356 2589 2486 2643 Cum
2510 2591 2719 2659 populo,
2747 2591 2918 2646 Caroli
2939 2607 3056 2646 sese
3085 2592 3296 2647 tradens
3323 2593 3535 2648 dicioni.

2357 2679 2447 2736 Sic
2467 2697 2674 2750 quoque
2699 2698 2817 2737 cum
2843 2684 3060 2737 ducibus
3085 2698 3214 2752 gens
3237 2691 3291 2737 et
3315 2685 3631 2751 primoribus
3659 2686 3743 2739 illa

2356 2765 2554 2819 Cuncta
2580 2768 2689 2821 suis
2713 2768 3022 2821 servituram
3043 2783 3100 2822 se
3118 2777 3293 2824 mente
3317 2768 3459 2846 fideli,

2299 2895 2310 2928 ᾇ
2356 2853 2676 2908 Francorum
2705 2855 2932 2909 dominis
2953 2856 3083 2909 dans
3105 2857 3394 2909 iuramenta
3413 2858 3708 2925 spopondit.

2303 2939 2313 2960 '
2357 2941 2488 2994 Tum
2513 2956 2604 2994 rex
2631 2943 2900 3006 obsidibus
2922 2957 3054 3010 quos
3082 2944 3307 2998 iusserat
3331 2944 3442 3012 ipse
3465 2946 3707 3012 receptis,

2355 3029 2421 3081 Et
2443 3029 2597 3082 simul
2619 3031 2717 3083 hoc
2736 3031 2925 3098 populo
2957 3029 3048 3084 tali
3082 3031 3281 3085 ratione
3302 3033 3534 3096 subacto,
3641 3044 3644 3047 ·

2357 3121 2589 3174 Tramite
2610 3136 2714 3188 quo
2735 3122 2879 3175 venit
2905 3129 3250 3177 memoratum
3271 3138 3451 3175 rursus
3474 3124 3540 3177 ad
3567 3139 3771 3177 amnem

2281 3213 2330 3274 ο
2360 3208 2520 3262 Felici
2549 3225 2704 3263 cursu
2726 3209 2897 3272 rediit,
2925 3210 3230 3276 cunctisque
3250 3209 3476 3262 reductis

2357 3293 2458 3347 Per
2477 3304 2687 3363 pontem
2712 3296 2938 3363 propriis
2959 3294 3266 3363 legionibus,
3292 3295 3402 3362 ipse
3422 3309 3663 3348 reversus

2357 3379 2646 3435 Wormatia
2675 3390 2879 3451 tempus
2899 3382 3086 3437 hiemis
3107 3383 3357 3451 transegit
3378 3383 3431 3434 in
3462 3383 3609 3436 urbe.

2808 3492 2951 3544 Anno
2983 3489 3104 3544 790.
3133 3489 3322 3543 Indici.
3354 3491 3436 3542 l2.

2360 3582 2454 3635 lic
2479 3582 2632 3636 modo
2652 3581 2798 3635 Musa
2823 3595 3010 3634 novam
3039 3579 3212 3634 Caroli
3240 3581 3486 3649 deprome
3508 3581 3756 3648 quietem.

2359 3669 2451 3722 Est
2485 3670 2569 3723 bic
2592 3670 2793 3736 primus
2811 3669 2949 3722 enim
2973 3676 3245 3736 postquam
3276 3677 3583 3745 regnaverat
3605 3684 3790 3729 annus,

2359 3756 2473 3822 Quo
2496 3773 2600 3810 non
2626 3773 2744 3810 eum
2776 3757 3002 3824 propriis
3031 3755 3167 3809 foret
3188 3757 3239 3808 in
3272 3757 3549 3824 longinqua
3569 3757 3828 3824 profectus

2361 3843 2630 3908 Militibus,
2656 3859 2747 3898 seu
2777 3845 3012 3898 diversos
3032 3852 3090 3896 nt
3117 3853 3378 3899 sterneret
3403 3845 3598 3906 hostes,

2357 3937 2463 3983 Aut
2485 3931 2600 3984 aliis
2622 3945 2831 4002 quoque
2849 3945 2946 4000 pro
2964 3931 3138 3985 causis
3161 3945 3224 3985 ac
3247 3932 3403 3984 rebus
3422 3932 3652 3998 agendis.

2359 4016 2452 4070 Cui
2477 4032 2595 4070 cum
2625 4005 2946 4071 Wormatiae
2977 4017 3186 4070 tandem
3215 4018 3446 4070 residere
3471 4017 3670 4083 liceret,

2359 4103 2465 4157 Illic
2491 4103 2758 4157 Hunorum
2772 4103 2968 4161 missos
2995 4103 3212 4167 audivit,
3237 4104 3303 4157 ad
3322 4100 3438 4158 illos
3471 4139 3482 4151 ε

2359 4190 2472 4258 Ipse
2495 4205 2616 4245 suos
2641 4191 2796 4244 etiam
2824 4189 2968 4243 misit
2997 4204 3012 4243 ε
3039 4205 3160 4242 nam
3181 4190 3590 4244 maxima‘causa

2360 4277 2465 4330 llos
2486 4277 2621 4331 inter
2640 4277 2855 4344 populos
2872 4276 3016 4330 litem
3036 4277 3317 4330 commovit
3337 4284 3586 4340 atrocem,

2361 4365 2493 4416 Dum
2518 4379 2622 4436 quo
2644 4379 2923 4433 regnorum
2949 4364 3172 4419 confinia
3201 4373 3342 4418 certa
3368 4379 3580 4418 suorum

2361 4453 2488 4506 Esse
2514 4453 2627 4506 loco
2654 4454 2819 4508 veteri
2845 4455 3094 4507 deberent
3117 4454 3231 4506 iure
3261 4461 3476 4518 statuta,

2288 4513 2340 4572 D
2361 4539 2560 4608 Ingenti
2585 4540 2756 4592 studio
2777 4540 3157 4608 disceptaretur
3179 4541 3462 4607 utrimque.

2361 4627 2499 4680 Haec
2525 4637 2580 4680 et
2601 4627 2749 4695 origo
2777 4627 2874 4680 fuit
2898 4627 3038 4688 belli,
3065 4628 3202 4695 quod
3229 4628 3504 4695 posteriori

2362 4714 2617 4782 Tempore
2637 4730 2755 4768 cum
2781 4715 2945 4767 [Iunis
2968 4713 3154 4768 Franci
3176 4717 3399 4784 gessisse
3421 4717 3726 4784 probantur.

2361 4802 2465 4856 Sed
2490 4816 2580 4854 rex
2605 4817 2702 4857 nec
2729 4802 2954 4870 spatium
2977 4811 3185 4874 torpere
3211 4819 3306 4871 per
3331 4805 3438 4857 otia
3463 4819 3680 4872 parvum

2361 4891 2628 4958 Dignatus,
2655 4905 2862 4958 semper
2883 4891 2974 4944 sed
3001 4895 3245 4943 Strenuus
3274 4890 3445 4944 indole
3470 4891 3678 4952 mentis,

2359 4979 2451 5032 Est
2477 4993 2752 5048 aggressus
2773 4980 2873 5032 iter
2896 4978 3124 5032 Moinum
3144 4978 3325 5031 navale
3349 4983 3443 5046 per
3470 4994 3700 5042 amnem,

2358 5067 2705 5134 Aseenditque
2732 5081 2822 5134 per
2850 5064 3010 5130 hunc,
3032 5067 3196 5120 donec
3218 5081 3379 5134 prope
3401 5067 3602 5119 moenia
3625 5069 3763 5120 venit

2361 5154 2542 5224 Magna
2564 5155 2826 5221 palatinae
2849 5153 3006 5216 sedis,
3029 5153 3140 5207 Salt
3168 5152 3380 5206 nomine
3401 5153 3562 5214 dicta,

2361 5242 2604 5297 Nascenti
2625 5243 2797 5296 vicina
2820 5241 2999 5307 Salae;
3022 5257 3142 5295 nam
3169 5239 3396 5294 ﬂuminis
3429 5241 3582 5294 buius

2361 5330 2522 5386 Rivns
2543 5333 2713 5386 adhuc
2738 5319 2972 5387 modicus
3000 5333 3129 5386 haec
3150 5331 3258 5399 ipsa
3280 5331 3471 5398 palatia
3496 5329 3682 5398 cingit.

2363 5421 2458 5472 Vix
2480 5433 2692 5473 raucum
2713 5435 2807 5487 per
2827 5436 2952 5473 saxa
2981 5419 3124 5472 ciens
3153 5417 3448 5472 resonantia
3467 5431 3723 5469 murmur.

2364 5507 2638 5575 Dispositis
2665 5507 2735 5560 ibi
2758 5507 2931 5568 rebus,
2957 5520 3089 5572 aqua
3115 5505 3378 5558 redeundo
3400 5503 3624 5556 secunda

2363 5613 2541 5731 pctbitii‘,
2571 5621 2748 5727 VCI‘aIIII
2785 5611 3052 5664 lectionem
3079 5609 3368 5663 restituisse
3392 5608 3516 5661 mihi
3546 5606 3747 5660 videor.

2542 5719 2576 5731 ..
2614 5695 2694 5730 mu
2719 5688 2904 5728 ιονηηι.

2542 5719 2576 5741 .,
2614 5695 2658 5729 m
2668 5688 2904 5730 ullarum.
