4266 6432
254 445 361 500 705
562 444 805 499 ANNAL.
846 444 932 499 DE
968 445 1208 501 GESTIS
1243 447 1303 501 Β.
1344 446 1588 503 CAROIJ
1626 447 1833 502 MAGNI
1870 448 2042 502 LIBRI
2082 450 2140 505 γ.
2183 481 2241 489 --
2281 450 2437 504 VITA
2470 449 2734 505 CAROLI.
2772 481 2841 491 -—
2879 452 3001 506 LIB.
3042 452 3125 511 III.
3253 483 3257 487 ι
3317 451 3418 505 706

251 557 605 611 Wormatiam
638 557 804 625 petiit,
825 572 928 625 qua
950 574 1072 613 cum
1099 575 1191 628 per
1225 568 1458 629 tempora
1484 562 1701 615 brumae.
1731 603 1744 616 .
1815 566 1859 617 A
1888 559 2215 613 Frondcrent
2244 561 2423 624 silvae,
2451 570 2666 630 possent
2692 570 2744 615 et
2764 561 2873 614 sole
2901 576 3111 623 sereno,

253 648 549 712 Mansisset,
577 649 754 704 subito
777 649 979 719 regales
1006 648 1240 703 funditus
1263 649 1421 703 aedes
1895 652 1955 705 Et
1975 651 2140 713 coelo,
2171 652 2235 705 de
2262 652 2486 707 diversis
2513 653 2812 721 regionibus
2839 661 2959 720 apte

248 737 362 793 Illic
389 746 723 794 constructas
746 746 904 792 noctu
925 744 1323 807 consumpserat
1354 736 1509 806 ignis.
1888 739 1968 792 Ad
1990 739 2181 793 bellum
2208 748 2389 808 gentes
2409 726 2596 797 variae-
2614 740 2895 807 p0pulique
2914 740 3108 794 vocari.

249 826 368 895 Ipse
391 826 738 895 redemptoris
763 826 872 880 nati
891 827 1138 895 passique
1156 831 1361 879 sacrata
1889 825 2125 895 Namque
2144 842 2336 881 novum
2363 843 2545 883 rursus
2568 829 2734 882 voluit
2759 837 3024 883 certamen
3046 828 3197 887 inire.

250 914 406 971 Festa
431 930 621 991 gerens
643 914 837 971 ibidem
868 917 1009 970 veris
1035 922 1361 983 transegerat
1386 921 1580 976 ortum,
1887 915 2060 984 Atque
2083 916 2261 970 labore
2284 917 2431 986 gravi
2450 917 2709 972 modicam
2729 924 2936 971 mutare
2955 918 3202 972 uuietem.

250 1003 547 1073 Expectans
564 1006 753 1061 vestita
779 1002 918 1059 foret
942 1003 1067 1059 dum
1095 1003 1330 1074 gramine
1358 1000 1526 1063 tellus,

250 1140 2916 1170 Mm

881 1248 1406 1358 ANNALIUM
1457 1236 1588 1322 DE
1646 1243 1998 1323 GESTIS
2056 1243 2413 1334 CAROLI
2472 1243 2791 1322 MAGNI

1083 1419 1265 1462 Lmen
1306 1398 1616 1460 sscbnnus
1657 1413 1963 1456 nerrcrr.
2008 1411 2237 1454 INCIPIT
2283 1394 2566 1455 manus.

1600 1539 2007 1553 ﬂ

244 1632 420 1687 Aurea
451 1628 644 1699 siderei
667 1627 1040 1684 transcendere
1060 1638 1254 1681 cornua
1278 1622 1437 1676 Tauri
1884 1613 2129 1667 Protinus
2150 1614 2321 1667 edicto
2346 1611 2654 1681 producitur
2673 1610 2931 1679 imperiali

244 1698 631 1790 Fulgenteswe
653 1717 773 1786 polo
794 1717 901 1770 iam
923 1714 1000 1769 sol
1022 1714 1218 1767 intrare
1240 1712 1478 1765 Laconas
1886 1701 1974 1790 his
2004 1701 2209 1790 cunctis
2234 1701 2420 1768 ingens
2442 1700 2645 1768 populis
2668 1700 2931 1774 exercitus
2963 1698 3036 1752 illi

241 1787 521 1877 Coeperat,
546 1811 605 1863 et
624 1805 808 1875 gelidis
830 1804 1099 1858 breviatae
1116 1800 1359 1854 noctibus
1378 1798 1616 1861 umbrae,
1812 1841 1858 1901 Β
1887 1788 2164 1850 Subiectis,
2190 1795 2244 1841 et
2270 1796 2576 1841 cunctarum
2596 1787 2916 1840 validissima
2946 1802 3120 1840 rerum

626 1896 638 1901 -
937 1892 948 1901 .
1010 1891 1023 1901 .
1185 1889 1200 1901 ι
1276 1888 1305 1901 η
1345 1888 1357 1900 ο
1883 1878 2039 1901 ο-..ζ,ι
2091 1893 2212 1901 -..λη
2244 1877 2372 1901 ιιι-..2
2402 1875 2522 1901 ὶιΑΙΙζ
2552 1875 2895 1901 :nnI-a-mnnln
2919 1876 3120 1901 ηΑ-Λκιιὲ

240 1875 490 1966 Auraque
509 1896 796 1965 productae
816 1892 986 1961 spatio
1009 1889 1233 1946 iucunda
1257 1888 1380 1952 diei,
1676 1945 1682 1949 Α
1814 1875 1858 1901 ⁸³
1882 1878 2061 1947 Copia,
2087 1893 2217 1946 quas
2244 1877 2374 1929 tanti
2402 1875 2525 1929 belli
2552 1875 2897 1929 instrumenta
2917 1876 3133 1945 gerendi

241 1964 475 2039 Florenti
501 1964 708 2051 semper
731 1980 922 2035 studiis
962 1979 1245 2045 animoque
1269 1975 1464 2045 vigenti
1830 1988 1834 1993 ·
1879 1966 2191 2028 Poscebant,
2213 1965 2356 2035 vigili
2410 1975 2536 2018 cura
2565 1964 2841 2031 studioque
2867 1973 3101 2033 paratur.

238 2073 379 2127 Dant
403 2080 613 2142 gratum
645 2070 837 2124 Carolo
863 2075 1091 2137 tempus,
1119 2079 1224 2143 quo
1251 2065 1449 2118 viribus
1469 2070 1547 2115 uti
1881 2053 1984 2107 Sed
2013 2069 2287 2108 numerosa
2318 2053 2476 2107 nimis
2501 2052 2748 2121 quoniam
2771 2052 3093 2121 produxerat
3138 2067 3203 2106 ex
3236 2053 3340 2107 hoc

237 2161 429 2217 Posset
451 2168 506 2215 et
526 2159 592 2213 ad
620 2158 814 2213 bellum
840 2156 1083 2228 proprias
1105 2142 1327 2208 educere
1357 2161 1575 2205 turmas.
1877 2143 2118 2213 Agmina,
2140 2158 2235 2211 per
2252 2149 2431 2211 partes
2452 2143 2636 2194 eadem
2666 2142 2988 2205 seiunxerat,
3022 2156 3083 2195 ac
3109 2142 3186 2196 sic

237 2250 338 2316 Qui
363 2256 483 2317 post
513 2261 771 2302 annorum
793 2254 1016 2300 centena
1043 2242 1307 2295 volumina
1327 2255 1484 2295 cursu
1877 2231 2223 2295 Pannoniam,
2245 2246 2373 2301 gens
2395 2229 2667 2283 Hunorum
2690 2244 2845 2308 quam
2873 2244 2992 2283 seva
3015 2230 3247 2294 tenebat,

238 2316 471 2410 Septeno
506 2346 791 2402 transacta,
818 2336 1000 2391 decem
1021 2347 1228 2403 quoque
1255 2331 1467 2386 circiter
1493 2333 1645 2402 annis
1879 2319 2113 2410 Iramile
2143 2318 2420 2372 distante"!
2446 2316 2601 2385 longo
2622 2323 2897 2384 penetrare
2919 2317 3126 2385 sategit.

236 2402 480 2492 Emensis
506 2433 706 2492 novies.
735 2442 1014 2501 postquam
1036 2429 1177 2484 Deus
1203 2434 1284 2482 est
1300 2428 1460 2481 homo
1479 2436 1654 2489 natus,
1879 2406 2027 2501 Tum
2045 2421 2201 2501 “33m
2424 2413 2627 2501 Ρξδηῇιη
2656 2403 2833 2501 (“flium
2856 2402 3149 2501 Τῒιθοάῐίοίξ

1876 2494 2048 2563 Atque
2069 2492 2412 2563 Magenfrido,
2440 2493 2662 2547 ducibus
2687 2492 2788 2546 hoc
2815 2500 3048 2558 tempore
3069 2490 3276 2559 primis,

1877 2582 2244 2646 Committens,
2267 2580 2593 2649 aquilonales
2618 2595 2714 2647 per
2735 2578 2967 2634 ﬂuminis
2987 2580 3151 2635 horas

1878 2671 2101 2725 Danubii
2123 2670 2391 2740 praecepit
2410 2684 2503 2724 eos
2529 2670 2629 2722 iter
2656 2669 2975 2732 accelerare.

236 2525 349 2579 Iloe
375 2524 475 2577 fuit
493 2537 771 2593 aggressus
794 2521 975 2574 Ilunos
1003 2517 1294 2573 certamine
1320 2516 1509 2584 primo.

235 2611 344 2666 Nec
363 2610 464 2667 sibi
486 2601 839 2665 cunctandum
869 2616 1019 2661 ratus
1038 2613 1139 2669 est,
1163 2604 1289 2674 quin
1316 2603 1557 2657 redderet
1576 2602 1681 2656 illis

233 2701 405 2769 Quam
433 2692 677 2755 meruere
695 2699 867 2753 vicem
888 2737 903 2760 ,
932 2696 1126 2770 veteris
1148 2696 1249 2750 hoc
1273 2693 1496 2761 denique
1528 2704 1717 2747 causae

211 2759 531 2849 .Doscebant
554 2790 682 2849 odii.
709 2800 735 2829 ι
761 2759 895 2842 Nam
919 2766 1049 2857 gens
1076 2787 1199 2840 dum
1230 2759 1541 2847 ﬂoruit—illa,

1370 2759 1541 2847 η’ίιια,
1876 2764 1991 2833 Ipse
2012 2777 2108 2832 per
2134 2761 2382 2816 australis
2415 2760 2663 2815 tendebat
2686 2759 2855 2813 litoris
2879 2773 3055 2829 agros,

232 2848 532 2936 “infameris
560 2877 837 2932 dominans
860 2848 996 2935 aliis,
1028 2869 1418 2940 quas'subdidit
1444 2868 1629 2943 armis,
1877 2854 2085 2907 Milibus
2110 2851 2403 2943 innumeris
2426 2851 2651 2918 stipatus
2676 2858 2732 2902 ει
2750 2849 2958 2917 agmine
2983 2848 3128 2907 forti.

233 2973 369 3026 Tum
400 2968 620 3022 Francis
640 2965 837 3020 inferre
876 2937 1074 3018 malum
1108 2974 1330 3030 persepe
1356 2938 1611 3012 solebant.
1875 2944 1918 2997 Ιι

1431 2938 1611 3012 etiam,
1875 2944 1934 2997 In
1958 2943 2137 2997 medio
2162 2940 2352 2995 ﬂuvius
2376 2939 2582 2994 cunctis
2614 2938 2860 2993 alimenta
2889 2937 3116 2992 vehebat

234 3060 324 3115 Sic
348 3066 559 3113 veteres
586 3066 883 3109 memorare
905 3050 1092 3113 solent,
1112 3029 1257 3117 quod
1284 3045 1515 3100 funditus
1541 3044 1669 3100 olim
1874 3036 1919 3089 A

1424 3052 1515 3099 itus
1541 3044 1669 3100 olim
1874 3034 2203 3106 Agminibus,
2233 3030 2374 3099 regis
2397 3031 2635 3118 speciosa
2662 3029 2828 3085 classe
2857 3029 3109 3098 repletus,

234 3150 447 3205 Illorum
478 3154 650 3200 terras
672 3140 887 3196 immani
911 3139 1071 3193 caede
1100 3136 1331 3190 furentes
1801 3142 1847 3204 ο
1877 3124 2042 3191 Quam
2065 3122 2321 3175 Baioariis
2344 3120 2441 3173 fuit
2469 3121 2654 3190 ingens
2673 3134 2797 3173 cura
2825 3118 2981 3172 tueri.

238 3238 525 3300 Vastariut,
548 3234 895 3300 dederintque
918 3227 1199 3284 voracibus
1225 3223 1400 3280 omnia
1420 3219 1644 3279 ﬂammis
1781 3228 1785 3231 ‘
1876 3216 2021 3285 Ipsos
2045 3214 2096 3267 in
2122 3212 2324 3267 ratibus
2345 3211 2663 3265 descendere
2686 3210 2878 3277 quippe
2899 3208 3129 3262 secunda

232 3329 460 3400 Oppida,
480 3297 627 3386 rura,
657 3297 862 3381 domos,
885 3314 1062 3379 'urbes,
1086 3313 1357 3374 coenobia,
1387 3309 1541 3364 villas
1875 3304 2032 3359 Iussit
2059 3317 2215 3371 aqua.
2245 3300 2421 3356 Sicad
2446 3298 2659 3353 ﬂuvium
2690 3314 2784 3352 rex
2804 3298 2950 3352 venit
2972 3297 3228 3362 Anesum,

394 3386 543 3470 furor
563 3410 772 3469 hostilis
790 3408 958 3464 voluit
978 3420 1077 3461 nec
1094 3416 1313 3473 parcere
1337 3400 1503 3456 sacris
1876 3392 1976 3460 Qui
1999 3392 2205 3447 medius
2227 3390 2500 3445 Baioarios
2520 3389 2745 3458 seiungit
2772 3396 2826 3441 et
2847 3386 3045 3440 Ilunos.

232 3474 491 3569 Aedibus,
516 3513 572 3558 et
595 3510 761 3572 regno
784 3499 875 3552 vix
897 3510 1001 3551 una
1029 3492 1284 3549 remansit
1306 3491 1361 3545 in
1390 3488 1477 3543 illo
1877 3482 2028 3536 Hunc
2057 3481 2200 3533 iuxta
2228 3478 2416 3547 positis
2440 3492 2534 3546 per
2554 3476 2948 3546 pratavireutia
2975 3475 3189 3538 castris,
3234 3474 3235 3483 ‘

231 3564 519 3652 Mettenses
544 3564 685 3645 intra
711 3600 895 3642 muros
918 3590 1220 3639 constructa
1246 3579 1494 3633 decenter
1874 3569 2156 3625 Communi
2184 3575 2307 3621 voto
2330 3568 2495 3621 ternis
2521 3573 2752 3619 statuere
2780 3564 2965 3617 diebus

233 3685 473 3745 Ecclesia
505 3677 776 3750 Stephani,
803 3681 1004 3744 martyr
1031 3672 1121 3741 qui
1140 3670 1344 3740 primus
1364 3666 1589 3753 habeptr

1475 3672 1589 3753 stur
1878 3656 2197 3727 Suppliciter
2210 3655 2480 3710 celebrare
2506 3666 2709 3722 preces,
2736 3668 2799 3706 ac
2820 3661 3032 3721 pectore
3054 3660 3160 3706 toto

231 3742 470 3844 Denique
492 3742 760 3826 continuis
794 3742 1029 3821 Francos
1051 3757 1409 3829 compluribus
1427 3742 1579 3808 annis
1876 3747 2144 3802 Auxilium
2169 3745 2308 3844 regis
2333 3760 2515 3815 regum
2540 3745 2822 3814 deposcere
2848 3742 3065 3805 Christi,
3112 3755 3119 3763 ’

232 3831 327 3925 Sic
347 3831 725 3935 impugnabant
749 3855 909 3917 Huni,
934 3868 1028 3908 rex
1053 3852 1220 3905 donec
1242 3858 1426 3902 eorum
1879 3835 1950 3891 Ut
1975 3834 2178 3903 coeptis
2198 3832 2314 3903 pius
2336 3839 2611 3896 aunueret,
2636 3845 2741 3898 quo
2763 3839 2951 3885 cuncta
2979 3831 3235 3882 darentur

230 3916 735 4018 Ᾰὶῐὶίξτωῖιὶιοωω
757 3916 951 4001 totiens
972 3941 1144 3995 victor
1172 3935 1505 4007 populorum,
1878 3924 2157 3991 Prospera,
2184 3929 2264 3975 tot
2287 3920 2494 4018 populis
2514 3920 2567 3974 iu
2594 3928 2700 3973 tam
2723 3918 3004 3988 longinqua
3030 3916 3304 3987 profectis,

230 4006 506 4107 ξξξξιξω,
543 4042 571 4081 b
596 4038 756 4109 periit
777 4036 963 4091 dextra
987 4028 1085 4086 sub
1107 4006 1307 4082 tartara
1336 4031 1531 4076 trusus.
1878 4012 2089 4109 {inuitis
2109 4011 2256 4109 signo
2285 4008 2425 4075 fidei,
2449 4018 2737 4077 contraque
2764 4006 3019 4061 nefandos

231 4096 690 4204 iamqueferunt,
715 4123 856 4194 quod
873 4135 995 4177 eum
1018 4118 1140 4172 vino
1170 4124 1457 4180 somnoque
1483 4115 1779 4179 gravatum,
1878 4099 2109 4155 Gentiles
2135 4097 2256 4198 felix
2295 4098 2445 4152 ﬂeret
2468 4105 2735 4152 certamen
2763 4096 3038 4166 agendum.

525 4184 820 4287 omnigenis
844 4210 1198 4268 animantibus
1216 4205 1320 4260 alta
1347 4204 1595 4273 quietem.
1877 4189 2048 4287 ςδιαιξε
2079 4186 2267 4241 dehinc
2292 4186 2449 4241 ωοίίε
2468 4192 2791 4240 memoratae
2809 4184 3013 4254 Ρνοειίθ
3043 4184 3233 4239 castris

233 4275 556 4386 Suggereret
575 4320 623 4374 ε,
650 4275 850 4376 coeptis
868 4297 1169 4358 crudelibus
1190 4291 1609 4361 eﬂ‘erajconiunx,
1877 4277 2125 4333 Intulerat
2146 4276 2307 4345 genti,
2330 4276 2481 4329 cuius
2499 4275 2785 4329 munimina
2811 4283 2989 4330 summ

232 4366 733 4463 Ducensinsomnes
747 4366 887 4452 odiis
917 4387 1308 4447 stimulantibus
1334 4382 1571 4444 umbras,
1877 4369 2049 4424 Pulsis
2069 4368 2343 4439 praesidiis
2369 4369 2717 4428 destruxerat,
2742 4380 2807 4419 ex
2837 4366 3028 4434 quibus
3059 4380 3221 4418 unum

528 4455 717 4562 regem
739 4485 924 4556 regina
946 4477 1231 4551 peremerit
1251 4489 1402 4529 ausu.
1806 4467 1856 4529 ι)
1881 4458 1995 4562 lion
2023 4459 2200 4528 operis
2220 4457 2367 4562 parvi
2393 4456 2624 4562 Cambus
2644 4455 2969 4525 praeterﬂuit
2987 4456 3175 4521 amnis,

381 4545 992 4651 necempropriitamen
1015 4571 1217 4627 esthoc
1244 4564 1465 4621 crimine
1489 4558 1673 4631 patris.
1877 4548 2048 4651 atque
2068 4563 2226 4617 super
2250 4547 2445 4651 dictum
2473 4545 2736 4616 Cumberg
2764 4546 2983 4599 munitio
3004 4553 3238 4633 montem

376 4626 1093 4730 velut
1111 4657 1286 4714 omine
1314 4626 1508 4722 lapsa;
1879 4639 2056 4694 Altera
2080 4638 2359 4707 pregrandi
2387 4636 2557 4690 fuerat
2583 4636 2905 4690 circumdata
2929 4626 3085 4689 vallo.

235 4723 734 4821 Fest-rediitﬁretro,
763 4767 864 4808 nec
881 4747 1232 4821 prosperitate
1252 4739 1419 4813 priori
1879 4728 2170 4783 Destructis
2194 4728 2430 4794 utrisque
2460 4733 2635 4778 tamen
2663 4740 2781 4778 cum
2808 4723 2995 4778 robore
3020 4724 3163 4788 forti,

395 4812 648 4921 posthaec
668 4812 768 4898 usi.
796 4812 950 4894 Prius
966 4812 1276 4906 oppressere
1302 4823 1517 4899 profani
1878 4818 2233 4921 Aequatisque
2261 4813 2389 4905 solo,
2422 4812 2564 4867 ferro
2584 4814 2827 4867 vastabat
2846 4821 2899 4865 et
2918 4812 3023 4880 igni

234 4904 580 4999 Chrisiicolas
597 4934 624 4973 ει
648 4933 883 4987 Francos
897 4904 1097 4994 antiqui
1128 4916 1378 4989 temporis
1405 4927 1534 4969 aevo
1557 4951 1572 4976 ,
1880 4908 2107 4963 Hostiles
2134 4907 2235 4960 late
2256 4904 2446 4968 terras,
2475 4904 2544 4958 ad
2565 4904 2702 4958 ostia
2729 4904 2893 4959 donec

234 4990 541 5100 55,;an
695 5035 851 5077 caros
877 5017 976 5073 sibi
1003 4990 1149 5069 more
1171 5008 1417 5078 benigno.
1880 4996 2198 5100 EEWCIIICI‘IS
2224 4994 2535 5100 Arrabonis,
2562 5007 2664 5093 qua
2693 4991 2861 5100 fert'ur
2886 4991 2935 5043 in
2969 4990 3142 5045 undas

637 5108 802 5165 cladis
820 5113 943 5159 nota
968 5100 1163 5157 mansit
1188 5098 1362 5152 inusta
1386 5099 1632 5161 nepotum
1880 5085 2123 5190 Danubii,
2148 5084 2302 5138 lassis
2326 5083 2519 5190 ibidem
2544 5082 2772 5179 statione.
2790 5079 2958 5171 locata

595 5209 815 5255 servans
843 5194 953 5247 irae
972 5188 1290 5244 monimenta
1318 5189 1540 5237 vetuste.
1881 5174 2128 5261 Militibus
2147 5187 2367 5241 parvum
2394 5171 2608 5225 dederat
2629 5166 2960 5237 requiescere
2985 5176 3211 5235 tempus.

236 5259 532 5353 :I‘umnova
556 5259 833 5359 praeterea
856 5282 920 5337 de
945 5278 1123 5334 causis
1140 5284 1257 5330 orta
1278 5271 1519 5328 simultas
1882 5259 1969 5319 Sic
1994 5263 2081 5317 ubi
2115 5262 2413 5316 Pannoniae
2442 5260 2613 5313 fuerat
2631 5274 2755 5328 pars
2776 5259 3002 5313 maxima
3033 5259 3169 5311 latae

236 5346 806 5446 Iagvdietis,.animum
823 5369 997 5426 Caroli
1020 5363 1320 5425 commovit,
1349 5369 1409 5438 ut
1437 5359 1548 5415 illos
1882 5351 2087 5405 Divitiis
2109 5350 2328 5419 spoliata
2350 5350 2459 5403 suis
2479 5363 2543 5401 ac
2567 5346 2757 5400 tradita
2786 5346 3033 5410 ﬂammis,

594 5465 721 5521 totis
742 5473 864 5516 cum
882 5458 1086 5513 viribus
1106 5433 1499 5525 aggrederetur.
1881 5441 2199 5495 Incolumem
2220 5440 2389 5493 victor
2411 5437 2660 5507 populum
2690 5450 2784 5489 rex
2806 5436 2925 5488 inde
2951 5433 3179 5499 reduxit,

304 5617 332 5645 ι
361 5602 443 5657 Ex
476 5591 716 5657 Gregorii
740 5591 938 5647 Turon.
962 5587 1096 5642 I-Iist.
1124 5583 1267 5639 Eccl.
1292 5580 1502 5657 n,_6.-:,_'
1568 5645 1630 5657 Μ
1676 5646 1695 5657 .
1951 5583 1974 5657 ξ
2004 5562 2801 5657 ἔξιρρςξςνεξρέἓεξῇξεξξάε

306 5617 332 5645 ι
362 5610 443 5657 EX
476 5610 551 5651 ϋι·
616 5610 716 5648 Ol'll
741 5610 938 5647 'Iuron.
965 5610 1096 5642 l'llSl.
1125 5610 1267 5639 DCCL
1296 5610 1353 5647 ιι,
1381 5610 1491 5645 υνδ,
2010 5610 2329 5640 υωυυωνη..
2361 5610 2562 5629 ν-.,.,.,.,,
2591 5610 2801 5617 --πηπη

306 5674 335 5712 ι
362 5671 525 5726 Poeta
546 5610 754 5719 ﬁbuini
777 5668 833 5714 et
849 5658 1022 5712 Attilze
1043 5667 1225 5711 necem
1252 5649 1539 5708 confundit.
1563 5645 1642 5703 Cf.
1670 5646 1786 5704 Ior—
1894 5709 1911 5726 ‘
1949 5639 1982 5726 ‘_
1999 5628 3305 5726 {pinetis-Attilf-gtempprepaepgsﬂt“annos
3352 5631 3420 5684 ab

234 5702 1022 5802 ἀῶςνιῖξξιῗᾷῖίίξνῖξῖξῖψ
1043 5702 1225 5711 “”””’
1578 5702 1585 5703 ⁷
1710 5702 1719 5704 ἡ
1872 5708 2141 5773 .Avaribus
2162 5707 2397 5763 diversos
2417 5703 2595 5768 fuisse.
2625 5702 2763 5756 inter
2786 5717 2968 5758 omnes
3000 5707 3223 5755 consm-
