4266 6470
723 498 820 550 707

716 611 812 664 Cui
840 608 934 660 fuit
964 606 1164 660 hostilis
1192 606 1320 658 haec
1352 613 1456 657 tota
1481 600 1734 669 profectio
1761 599 1918 667 plane

721 699 997 766 Prospera,
1025 710 1108 748 res
1134 696 1182 746 in
1206 710 1267 745 ea
1297 709 1390 746 nec
1419 692 1636 757 contigit
1661 689 1761 742 ulla
1787 687 2024 746 moleste,

719 791 951 856 Excepto
977 786 1113 855 quod
1139 792 1281 836 tanta
1307 784 1419 834 lues
1445 783 1558 834 eius
1584 778 1822 845 legionis,

718 878 884 942 Quam
913 891 1002 927 rex
1031 874 1201 934 duxit,
1226 887 1422 939 aequos
1450 868 1636 922 morbo
1660 864 1989 930 consumpsit
2011 862 2197 923 atroci,

720 966 787 1019 Ut
813 965 1067 1016 decimam
1096 969 1301 1029 partem
1330 960 1416 1010 vix
1442 960 1506 1010 de
1529 965 1605 1009 tot
1634 955 1845 1008 milibus
1867 954 2023 1006 huius

720 1055 998 1122 Expertem
1022 1051 1185 1104 cladis
1209 1050 1419 1102 tradant
1413 1047 1682 1114 ,potuisse
1712 1044 1908 1096 reduci.

718 1145 828 1197 Itex
860 1153 1035 1196 autem
1067 1141 1282 1194 veniens
1305 1140 1583 1207 Reginum,
1612 1150 1768 1203 quam
1792 1131 2167 1200 Reganesburg

717 1216 865 1287 Nunc
889 1234 1137 1290 vocitant,
1173 1232 1364 1283 ibidem
1389 1227 1576 1281 natalis
1601 1224 1791 1293 gaudia
1811 1221 2008 1277 Christi

717 1324 992 1392 Cordeque
1014 1331 1278 1375 sacratum
1309 1319 1595 1373 celebravit
1621 1316 1815 1385 pascha
1848 1312 2003 1366 fideli.

1174 1410 1319 1460 Anno
1350 1406 1466 1458 799..
1503 1405 1691 1457 Iudici.
1720 1402 1802 1454 II.

718 1502 869 1554 Celsa
897 1499 1149 1566 Pyrenaei
1179 1511 1335 1563 supra
1366 1496 1478 1562 iuga
1509 1493 1716 1546 condita
1745 1490 1938 1542 montis

725 1592 858 1646 Urbs
885 1600 965 1656 est
986 1589 1225 1658 Orgellis,
1258 1585 1463 1654 pracsul
1488 1585 1572 1637 cui
1603 1581 1812 1634 nomine
1839 1577 1980 1629 Felix

720 1680 935 1733 Proluit.
961 1678 1055 1730 IIic
1082 1675 1345 1729 haeresim
1372 1673 1581 1725 molitus
1609 1670 1836 1721 condere
1857 1678 2098 1735 pravam,

718 1773 969 1839 Dogmata
994 1767 1237 1820 tradebat
1268 1763 1384 1815 fidei
1409 1759 1672 1814 contraria
1702 1763 1934 1815 sanctae,

715 1861 1015 1919 Allirmans,
1047 1856 1289 1909 Christus
1314 1852 1553 1925 dominus
1581 1850 1703 1918 quia
1731 1859 1952 1912 corpore
1977 1850 2184 1907 sumpto

717 1950 809 2001 Est
831 1949 986 2000 homo
1020 1945 1264 2011 dignatus
1291 1939 1421 1997 fieri,
1455 1954 1556 1990 non
1593 1935 1838 2004 proprius
1863 1947 1925 1984 ex
1954 1931 2072 1989 hoc,

718 2038 825 2090 Sed
857 2034 996 2103 quod
1025 2029 1301 2098 adoptivus
1327 2029 1394 2080 sit
1422 2025 1584 2079 Filius
1599 2021 1993 2089 omnipotentis.

717 2124 1152 2188 Responsumque
1173 2116 1425 2168 Tol-atauo
1448 2113 1591 2165 dedit
1622 2112 1719 2164 hoc
1754 2106 2042 2176 IIeIipando

715 2210 987 2269 Pontilice,
1019 2207 1080 2259 de
1103 2221 1158 2258 re
1183 2211 1328 2256 tanta
1353 2199 1624 2255 consultus
1646 2200 1712 2252 ab
1745 2199 1878 2265 ipso,

715 2304 882 2368 Atque
913 2313 1061 2352 suum
1090 2295 1300 2362 scriptis
1330 2291 1608 2345 defendere
1640 2289 1824 2354 dogma
1852 2285 2061 2343 libellis,

712 2388 866 2442 Omni
891 2403 993 2453 quo
1023 2382 1189 2452 potuit
1213 2381 1386 2434 studio
1408 2377 1611 2430 curarit
1643 2384 1693 2428 et
1711 2384 1843 2426 arte.

716 2480 848 2532 liinc
883 2477 947 2527 ad
975 2471 1220 2525 catholici
1255 2470 1509 2522 deductus
1533 2465 1784 2533 principis
1808 2463 1984 2515 aulam
2008 2491 2074 2498 -—

716 2567 855 2620 Idem
889 2563 1090 2630 Regino
1118 2571 1141 2597 α
1168 2573 1288 2610 nam
1312 2565 1421 2608 tum
1458 2554 1721 2606 hiemabat
1742 2553 1792 2604 in
1821 2552 1949 2603 urbe
1988 2579 2055 2588 —

716 2658 756 2710 A
788 2656 963 2708 inultis
987 2652 1053 2704 ibi
1083 2649 1382 2718 presulibns
1403 2646 1708 2714 synodoque
1735 2641 1996 2708 frequenti

719 2747 809 2798 Est
839 2745 1064 2800 auditus,
1110 2749 1162 2792 et
1189 2751 1426 2790 errorem
1467 2734 1706 2788 docuisse
1738 2731 2019 2785 nefandum

714 2836 1018 2895 Convictus,
1043 2831 1297 2900 posthaec
1321 2826 1552 2879 Adriano
1576 2822 1804 2874 mittitur
1832 2819 1990 2879 almo,

714 2926 866 2979 Se-Jis
892 2920 1213 2991 apostolicae
1248 2916 1344 2969 fuit
1368 2916 1466 2968 hoc
1503 2912 1591 2980 qui
1626 2920 1860 2977 tempore
1883 2906 2111 2976 praesul.

714 3016 829 3079 Quo
858 3019 1158 3081 praesente,
1209 3007 1353 3060 Petri
1383 3014 1656 3057 correctus
1679 3001 1731 3052 in
1763 3000 1891 3051 aede
1918 2998 2080 3058 beati,

715 3102 1025 3158 Pontiﬁcum
1053 3111 1231 3150 coram
1260 3101 1444 3148 sancto
1477 3091 1780 3156 celebrique
1809 3096 2014 3147 senatu,

717 3190 1031 3259 Darnpnavit
1061 3186 1203 3241 Felix
1243 3183 1391 3252 prius
1424 3180 1704 3234 infeliciter
1731 3193 1760 3230 a
1790 3192 1847 3231 se

715 3283 897 3336 Ortatn
924 3277 1176 3348 perfidiae
1205 3284 1424 3334 sectam,
1455 3270 1752 3335 meruitque
1783 3266 1974 3320 reverti

716 3372 794 3427 Ad
810 3371 1050 3440 propriae
1080 3382 1264 3420 rursus
1287 3363 1619 3416 retinendum
1655 3359 1794 3412 sedis
1821 3358 2096 3410 honorem.

719 3465 788 3514 At
818 3458 1106 3512 Baioariris
1141 3454 1398 3508 aestivum
1428 3461 1634 3518 tempus
1670 3448 1722 3499 in
1753 3446 1898 3499 boris

722 3553 853 3604 Dum
896 3565 983 3600 rex
1009 3546 1262 3606 duxisset,
1295 3554 1537 3610 suprema
1567 3535 1800 3605 pericula
1831 3547 1997 3603 poene

720 3639 967 3698 Incurrit,
1004 3635 1101 3688 nisi
1133 3630 1269 3700 quod
1309 3630 1476 3699 pietas
1503 3627 1678 3680 divina
1714 3625 1964 3677 resistens

718 3727 955 3780 Ausibus
983 3721 1249 3782 humanis,
1287 3731 1474 3771 saevas
1498 3723 1760 3768 everterat
1780 3713 1904 3764 iras.

718 3817 918 3871 Horror
945 3815 1082 3866 inest
1105 3809 1296 3864 Animis
1321 3807 1453 3861 tales
1484 3805 1839 3858 recalentibus
1858 3817 2036 3862 ausus,

719 3906 870 3972 Quod
909 3902 1068 3956 fuerit
1097 3899 1310 3954 rutilum
1330 3897 1655 3951 Francorum
1676 3902 1783 3946 tam
1807 3907 1967 3960 prope
1997 3892 2171 3943 lumen

719 3997 1046 4056 Extinctam,
1090 3991 1294 4046 facinus
1316 3988 1398 4042 vel
1433 3985 1738 4054 concepisse
1767 3983 2033 4050 malignos.

720 4090 944 4142 Tantum
970 4093 1145 4138 mente
1179 4082 1342 4135 viros.
1381 4079 1628 4133 Carolum
1660 4092 1779 4129 nam
1804 4077 2009 4127 tradere
2049 4072 2205 4124 morti

720 4174 1048 4232 Omnim’odis
1073 4179 1350 4239 satagunt:
1387 4169 1509 4222 hinc
1536 4165 1832 4220 coniuratio
1866 4162 2033 4215 fertur

723 4269 862 4320 Inter
889 4263 1212 4316 Francorum
1237 4254 1793 4328 procerescrudelitcr
1826 4265 1961 4306 acta.

724 4358 979 4424 Precipue
1006 4353 1144 4423 regis
1173 4358 1414 4404 materno
1440 4347 1467 4386 ι)
1498 4345 1753 4415 sanguine
1779 4351 1973 4405 cretus,

724 4449 825 4501 Sed
851 4444 1222 4516 plusnequitia
1251 4454 1477 4501 morum,
1505 4452 1663 4506 quam
1687 4436 1916 4504 degener
1929 4441 2070 4494 ortu,

725 4540 1008 4592 Auctorem
1034 4533 1246 4588 sceleris
1275 4531 1492 4584 demens
1521 4543 1576 4580 se
1613 4526 1823 4596 prebuit
1844 4525 2018 4579 huius.

724 4627 839 4680 1Non
865 4635 1038 4678 tamen
1068 4624 1168 4676 hoc
1189 4621 1364 4675 odium
1392 4631 1567 4685 regem
1601 4615 1878 4675 meruisse,
1903 4612 1983 4664 vel
2014 4612 2122 4678 ipse

727 4717 907 4771 Hostis
936 4715 1051 4766 iure
1079 4711 1228 4780 queri
1255 4717 1483 4779 poterat,
1531 4704 1714 4771 regina
1743 4701 1831 4756 sed
1859 4710 2034 4761 atrox.

728 4809 802 4859 Ac
823 4819 1037 4858 saevum
1063 4810 1274 4871 gestans
1313 4797 1473 4850 animi
1504 4794 1755 4848 Fastrada
1779 4801 2057 4844 tumorem.

726 4895 1064 4950 lnsidiatores
1087 4889 1280 4960 partim
1312 4886 1658 4954 suspenderat
1684 4881 1800 4935 illos

727 4983 976 5040 Informis
1002 4981 1091 5034 leti
1120 4981 1358 5047 laqueus,
1382 4981 1610 5040 natoque
1635 4967 1870 5039 pepercit

732 5079 842 5131 Rex
870 5084 1073 5128 tantum
1098 5070 1330 5138 proprio,
1362 5075 1679 5131 tonsumque
1701 5057 2055 5114 monasteriali

730 5163 1009 5232 Proposito
1029 5174 1257 5229 purgare
1277 5155 1448 5208 scelus
1478 5151 1630 5205 iussit
1655 5149 1980 5202 meditatum.

729 5258 784 5311 In
814 5253 1092 5307 Baioarica
1118 5262 1244 5301 vero
1268 5247 1479 5313 regione
1506 5250 1765 5303 moratus,

730 5345 966 5400 Instabat
986 5342 1230 5410 princeps
1258 5335 1498 5388 navalem
1531 5331 1758 5386 condere
1784 5336 2022 5398 pontem,

731 5437 830 5503 Qui
857 5448 953 5502 per
991 5429 1287 5484 Danubium
1312 5424 1449 5479 bello
1475 5422 1749 5491 prodesset
1785 5418 2002 5487 agendo,

806 5594 828 5620 δ
872 5578 1085 5645 Regina.
1111 5575 1314 5637 Glossa,
1334 5568 1856 5645 idestlleinesbtwg.

806 5651 831 5688 ι»
872 5634 997 5700 (Σοᾶ.
1027 5634 1656 5700 ιηειιυνιιο.’Ιλρίὶητίιίιιδε
1716 5655 1731 5684 ι
1776 5653 1840 5687 an
1876 5634 2149 5704 legendum
2203 5650 2295 5683 nn-

736 5719 873 5771 tiro?
905 5713 1309 5784 intclligitcnim
1340 5711 1631 5784 Pippinum,
1671 5705 1844 5760 Caroli
1894 5705 2055 5782 lilium
2084 5711 2296 5784 natura—

738 5789 858 5842 lem.
890 5809 904 5835 ›
930 5817 988 5822 --
1008 5776 1112 5839 Scit
1131 5800 1229 5838 vox
1253 5782 1384 5834 bene
1405 5776 1456 5832 se
1474 5779 1653 5842 habet,
1675 5776 2067 5830 constructione
2094 5776 2297 5824 itacur-

2069 478 2309 558 rosea:
2351 478 2636 533 SAXO-NIS

2291 591 2341 647 Α
2366 588 2516 652 Quod
2539 601 2720 643 contra
2747 605 2931 644 saevos
2949 591 3072 643 olim
3097 600 3401 660 susceperat
3426 590 3625 644 Ilunes.

2371 679 2503 732 IIinc
2539 691 2589 732 et
2618 681 2844 732 natalem
2876 682 3078 734 Domini
3109 681 3463 733 celebraverat
3499 680 3625 742 illic,

2368 768 2534 834 Ipsius
2572 779 2623 820 et
2646 769 2834 821 merito
2863 767 3156 820 clarissima
3186 767 3315 820 festa
3342 768 3626 835 triumpho,

2368 857 2482 920 Quo
2508 857 2704 923 pariter
2729 857 2852 909 vicit
2878 865 3099 908 mortem
3120 856 3408 923 mortisque
3430 855 3726 909 ministrum

2816 984 2962 1036 Anno
2987 984 3105 1038 795.
3149 982 3338 1037 Indici.
3380 984 3462 1036 15.

2299 1099 2304 1103 ζ
2367 1113 2496 1167 Cum
2525 1128 2614 1166 rex
2655 1114 2718 1165 ad
2755 1122 2994 1180 coeptum
3030 1114 3301 1167 statuisset
3323 1112 3701 1167 conficiendum

2294 1269 2298 1273 ι
2367 1201 2493 1254 Belli
2517 1212 2779 1253 certamen
2807 1201 2986 1254 Hunos
3014 1203 3259 1254 invadere
3287 1217 3490 1264 rursus,

2367 1292 2632 1359 Comperit
2663 1293 2941 1353 extinctas,
2983 1291 3308 1345 Thcodrieus
3335 1293 3438 1344 dux
3463 1292 3690 1360 legiones

2369 1381 2508 1444 Quas
2538 1397 2628 1448 per
2662 1381 2949 1434 Fresonum
2977 1396 3165 1450 pagum
3192 1383 3416 1434 Ilriustri
3447 1385 3728 1436 vocitatum

2370 1471 2632 1521 Ducebat:
2675 1487 2794 1522 nam
2825 1471 3089 1523 Saxonum
3118 1472 3322 1539 periere
3351 1472 3544 1526 dolosis

2371 1557 2600 1616 Insidiis,
2624 1569 2805 1625 captae
2838 1560 3076 1612 Wisurae
3096 1562 3414 1628 propelitora
3453 1563 3719 1629 pulchrae.

2369 1648 2712 1700 Dissitnulans
2743 1651 2897 1716 igitur
2927 1653 3053 1703 tanti
3084 1651 3364 1704 infortunia
3387 1653 3615 1720 dampni.

2369 1735 2651 1788 lutcrtnisit
2685 1740 2797 1796 iter,
2835 1753 2938 1804 quo
2973 1738 3280 1805 disponebat
3319 1741 3463 1792 adire

2371 1824 2687 1886 Ptmnonias,
2719 1836 2906 1877 etcum
2934 1827 3095 1878 IInnis
3126 1829 3453 1880 committere
3473 1844 3718 1896 pugnam.

2304 1906 2344 1963 Β
2372 1914 2572 1966 Interea
2611 1929 2824 1966 suasere
2852 1916 2970 1974 sibi,
3021 1917 3107 1980 qui
3141 1928 3262 1968 nota
3293 1915 3528 1969 ferebant

2372 2001 2533 2061 Talia,
2569 2007 2705 2068 quod
2736 2002 2918 2053 ﬂuvios
2946 2003 2996 2054 in
3023 2016 3099 2065 er,
3132 2002 3386 2055 Radanlia
3418 2017 3641 2070 quorum

2374 2093 2516 2145 linus
2549 2093 2703 2143 habet
2734 2107 2943 2153 nomen,
2987 2093 3075 2144 sed
3099 2102 3150 2144 et
3174 2092 3421 2143 Alcmena
3455 2092 3646 2144 dicitur
3679 2090 3830 2152 alter.

2373 2183 2426 2232 Si
2467 2181 2818 2233 fieret-tantus
2846 2179 2984 2234 fossa
3010 2182 3191 2234 tellure
3224 2191 3436 2248 paratus

2369 2271 2582 2331 Alveus,
2616 2270 2840 2321 inductis
2867 2272 3050 2322 ambos
3076 2271 3198 2323 dum
3228 2279 3461 2337 tangeret
3487 2283 3670 2322 amnes

2370 2361 2696 2426 Gurgitibus,
2729 2369 2902 2425 posset
2929 2375 3124 2427 puppes
3147 2371 3201 2411 ut
3230 2359 3365 2412 ferre
3389 2370 3648 2422 natantes,

2372 2450 2423 2501 In
2453 2450 2692 2500 Rhenum
2724 2449 2785 2500 de
2811 2448 3195 2500 Danubioceler
3223 2449 3534 2509 eliieerctur,

2374 2540 2430 2590 Et
2475 2538 2640 2591 facilis
2669 2553 2854 2590 cursus
2883 2541 3098 2592 ratibus.
3143 2539 3398 2591 Iladantia
3426 2553 3651 2606 namque

2372 2628 2439 2681 Se
2464 2629 2652 2690 Moino,
2682 2629 2882 2682 Moiuus
2909 2642 2928 2666 ς
2968 2629 3151 2681 Rheno
3178 2629 3396 2680 miscere
3420 2629 3702 2693 probatur;

2370 2719 2619 2769 Alcmena
2652 2719 2873 2769 Danubii
2909 2718 3106 2770 rabidis
3136 2717 3368 2769 illabitur
3390 2716 3562 2768 undis.

2371 2806 2658 2859 Consilium
2685 2807 2904 2858 credens
2928 2807 3082 2873 igitur
3109 2806 3207 2858 sibi
3230 2805 3472 2862 dantibus
3501 2804 3660 2865 istud,

2372 2896 2484 2962 Ipse
2508 2895 2676 2948 locum
2711 2897 2952 2964 princeps
2977 2895 3119 2963 operi
3144 2909 3296 2962 quem
3325 2893 3744 2960 crediditaptum

2372 2985 2600 3051 Expetiit
2631 2994 2792 3045 tanto,
2838 2984 3013 3036 multis
3039 2999 3244 3051 quoque
3268 2982 3480 3034 milibus
3505 2982 3628 3035 illuc

2373 3073 2656 3126 Conductis
2681 3083 3035 3141 operatorum,
3062 3073 3216 3125 simul
3245 3072 3420 3125 omnia
3453 3087 3621 3140 poene

2375 3162 2622 3214 Autumni
2655 3163 2828 3214 studio
2856 3163 3180 3230 consumpsit
3208 3169 3438 3228 tempora
3466 3175 3636 3212 casso.

2301 3217 2346 3279 Ο
2375 3252 2441 3303 At
2467 3262 2637 3304 tamen
2663 3252 2713 3303 in
2745 3253 2952 3320 longum
2978 3267 3162 3318 passus
3189 3251 3289 3302 duo
3318 3249 3459 3302 milia
3488 3249 3640 3302 ducta

2375 3344 2536 3396 Fossa
2561 3343 2674 3405 fuit,
2699 3345 2916 3411 pedibus
2943 3351 3232 3396 tercentum
3264 3341 3366 3393 lata
3403 3341 3638 3408 patebat,

2375 3433 2478 3485 Sed
2509 3450 2608 3485 non
2639 3434 2924 3498 perlectum
2952 3441 3155 3499 poterat
3175 3430 3463 3484 consistere
3482 3443 3699 3496 prorsus

2376 3523 2485 3574 Iloc
2511 3538 2662 3588 opus,
2695 3524 2933 3574 assiduus
2961 3521 3208 3588 quoniam
3235 3521 3393 3572 nimis
3420 3519 3569 3572 oﬂuit
3601 3520 3789 3581 imber,

2375 3613 2440 3666 Et
2463 3615 2717 3666 naturalis
2747 3623 2939 3665 terram
2967 3611 3276 3666 dissoluerat
3307 3610 3509 3672 humor,

2376 3705 2726 3773 Egestumque
2757 3703 2853 3755 fuit
2880 3712 3130 3770 quantum
3157 3702 3346 3756 sudore
3367 3700 3572 3760 diurno,

2377 3792 2580 3844 Itursus
2621 3793 2761 3843 humi
2790 3800 2990 3843 tantum
3021 3791 3174 3843 rediit
3194 3791 3290 3842 sub
3313 3797 3464 3841 nocte
3486 3788 3712 3855 relapsa.

2376 3883 2786 3949 Cuinquclutum
2816 3896 3021 3948 seraper
3050 3880 3272 3932 madidis
3301 3879 3616 3930 incresceret
3644 3877 3804 3940 arvis,

2376 3973 2568 4024 Alveus
2588 3983 2639 4023 et
2673 3977 2821 4023 tirmo
2847 3980 3110 4023 constaret
3140 3971 3290 4023 litore
3318 3984 3598 4036 nusquam,

2378 4064 2484 4116 Ima
2517 4075 2702 4131 petens
2741 4064 2975 4115 inmensa
3005 4063 3154 4130 palus
3179 4073 3272 4128 per
3297 4061 3496 4113 lubrica
3530 4061 3699 4134 Iquit,

2378 4155 2453 4207 Ac
2479 4155 2694 4205 densum
2717 4153 2991 4205 scrobibus
3017 4166 3234 4202 caenum
3265 4149 3497 4202 subsedit
3520 4149 3571 4201 in
3589 4149 3728 4200 altis.

2379 4245 2510 4297 Cum
2543 4252 2717 4294 tamen
2751 4245 2799 4294 in
2832 4253 3016 4309 coepto
3043 4243 3348 4309 persistcret
3370 4243 3477 4308 ipse
3504 4240 3702 4302 labore,

2382 4334 2530 4397 lluoc
2561 4332 2695 4386 tristi
2725 4333 2931 4385 tandem
2959 4332 3094 4383 fama
3126 4340 3404 4384 reuocante
3428 4331 3664 4397 reliquit,

2383 4389 2825 4493 Estlotiuscnim
2849 4424 3021 4476 subito
3057 4421 3282 4478 defectio
3307 4422 3478 4490 gentis

2309 4540 2359 4600 ι)
2385 4515 2650 4568 Saxonum
2676 4530 2852 4566 rursus
2883 4515 3074 4600 bellum
3103 4522 3314 4565 narrata
3343 4523 3619 4567 mouentis.

2384 4606 2630 4659 Preterea
2655 4603 2929 4657 Sarraceui
2970 4605 3290 4672 permaxima
3314 4605 3498 4657 damna

2383 4696 2686 4755 Intulerant,
2721 4695 2942 4761 quedam
2967 4695 3109 4760 regni
3141 4680 3364 4746 conﬁnia
3392 4692 3533 4744 ferro

2383 4789 2685 4848 Vastantes,
2717 4786 2935 4837 ducibus
2961 4785 3281 4836 Francorum
3312 4783 3536 4849 denique
3563 4782 3753 4846 caesis,

2385 4879 2515 4933 (.‘um
2547 4877 2726 4944 spoliis
2750 4878 2992 4944 laetoque
3014 4875 3171 4926 nimis
3192 4874 3395 4927 rediere
3421 4875 3694 4940 trophaeo.

2385 4968 2517 5020 Tum
2539 4981 2628 5018 rex
2655 4966 2891 5019 aduersis
2914 4971 3206 5016 commotus
3228 4962 3435 5022 talibus,
3460 4962 3582 5016 inde

2385 5061 2464 5113 Ad
2496 5060 2726 5112 Francos
2747 5059 2921 5120 rediit,
2959 5060 3148 5111 natalis
3185 5057 3369 5124 gaudia
3392 5056 3588 5118 Christi

2387 5150 2583 5203 Deuote
2605 5150 2907 5203 caclebrans
2929 5149 3081 5201 .\Ioini
3110 5162 3272 5215 prope
3302 5147 3442 5200 clara
3473 5144 3687 5210 ﬂuenta,

2388 5241 2499 5307 Qua
2539 5243 2683 5295 locus
2707 5240 2921 5307 insignis
2956 5238 3144 5291 Kiliani
3167 5236 3415 5304 martyris
3437 5235 3560 5288 almi

2389 5334 2610 5386 Nomine
2635 5348 2724 5384 seu
2751 5331 2951 5384 meritis
3007 5329 3196 5398 fulget:
3235 5336 3473 5381 sanctum
3501 5339 3712 5394 quoque
3739 5325 3910 5392 pascha

2392 5425 2481 5476 Est
2506 5425 2557 5476 in
2581 5420 2976 5476 Franconoford
3006 5435 3196 5488 magno
3220 5425 3502 5473 veneratus
3531 5419 3752 5471 honore.

2394 5591 2567 5635 rente:
2600 5579 2854 5647 princip-ne
2903 5576 3032 5643 regis
3075 5584 3259 5635 cretus,
3298 5571 3513 5638 degener
3539 5579 3769 5621 materno
3819 5584 3911 5618 mri-

2395 5651 2564 5722 guinc,
2591 5649 2676 5700 scd
2703 5647 2813 5722 pias
2847 5647 3069 5722 nequitia
3093 5659 3289 5722 morum
3314 5657 3464 5710 quam
3490 5652 3623 5691 ortu.

2470 5732 2488 5757 ε
2533 5713 2708 5779 lin-ing
2745 5715 2860 5767 Illic
2885 5732 2935 5766 se.
2969 5713 3130 5766 Hreno
3159 5714 3257 5763 hic.
