4266 6424
328 420 426 474 709

793 567 942 622 Anno
965 569 1086 626 795.
1127 570 1320 656 Indict.
1350 572 1395 623 l.

325 699 443 751 Dira
469 697 774 755 venenifere
798 710 1021 756 conatus
1049 705 1252 758 semina
1289 718 1482 767 sectae,

323 788 469 852 Quae
492 787 641 841 Felix
671 786 868 843 infelici
900 790 1038 846 male
1067 804 1333 861 sparserat
1353 811 1507 861 ausu,

326 879 532 932 Vellere
559 879 625 932 de
649 892 804 933 sacro
829 878 1038 934 Domini
1077 875 1333 939 radicitus
1360 901 1507 952 agro,

323 967 628 1020 Catholicus
654 969 922 1036 princeps,
965 970 1224 1039 synodum
1265 973 1535 1030 celebrare
1560 988 1776 1034 vocatos

327 1055 568 1124 Undique
587 1056 867 1126 pontiﬁces
895 1057 998 1111 iam
1027 1059 1225 1114 dictam
1254 1061 1378 1115 fecit
1391 1063 1457 1116 ad
1483 1064 1674 1118 aulam.

325 1143 430 1199 Nec
449 1159 554 1198 non
581 1143 806 1200 alfuerat
829 1143 1134 1216 Stephanus
1160 1165 1280 1204 cum
1310 1150 1715 1220 Thcophilacto:

326 1232 472 1297 Nam,
484 1232 584 1287 fuit
607 1233 832 1289 antistes
853 1235 996 1290 sedis
1017 1237 1221 1306 legatus
1242 1247 1465 1308 uterque

323 1321 581 1385 Humane,
621 1337 754 1391 quos
773 1338 908 1392 papa
929 1338 1081 1380 sacer
1101 1327 1320 1384 mittens
1345 1329 1632 1396 Adrianus,

327 1409 444 1464 Rite
469 1425 619 1465 suam
643 1423 859 1467 servare
879 1413 1050 1468 vicem
1072 1419 1413 1483 mandaverat
1444 1420 1568 1474 illic.

327 1497 476 1551 Tunc
495 1499 656 1568 igitur
682 1501 857 1554 cuncti
881 1516 1001 1556 cum
1029 1503 1242 1560 decreto
1256 1508 1495 1575 generali

327 1587 474 1641 Hane
509 1587 930 1645 condemnarunt
978 1592 1261 1658 haeresim,
1307 1597 1641 1667 scriptusquc
1675 1599 1881 1656 libellus

327 1674 419 1727 Est
444 1674 802 1740 illamcontra’,
847 1693 1004 1748 quem
1031 1681 1441 1738 confirmaverat
1469 1684 1557 1739 ille

327 1763 642 1819 Pontificum
665 1753 866 1830 coetus,
895 1765 1050 1823 simul
1070 1779 1124 1824 et
1141 1772 1525 1840 subscripserat
1547 1778 1738 1832 omnis.

323 1855 495 1908 Annis
539 1863 819 1924 praeterea
848 1859 1107 1928 synodum
1128 1875 1230 1915 non
1255 1861 1493 1930 pluribus
1517 1875 1639 1920 ante

326 1942 784 2013 Constantinopoli
806 1945 1064 2002 celebrari
1088 1947 1214 2004 fecit
1240 1951 1292 2006 in
1315 1933 1459 2008 urbe

324 2029 616 2086 Grecorum
640 2033 910 2104 princeps,
937 2036 1027 2104 qui
1063 2036 1445 2114 Gotistantinus
1481 2046 1712 2100 habebat

326 2119 550 2188 Nomen,
589 2131 645 2178 et
670 2123 908 2179 eiusdem
933 2129 1176 2196 genetrix
1199 2129 1402 2186 Herena
1431 2145 1638 2200 vocata,

327 2210 390 2265 Et
413 2213 787 2279 condixerunt,
827 2223 887 2270 ut
913 2218 1138 2286 septima
1163 2234 1254 2274 seu
1279 2224 1540 2290 generalis

326 2303 728 2372 Appellaretur;
761 2307 854 2362 sed
877 2322 996 2362 eam
1024 2324 1132 2364 non
1159 2313 1374 2367 nomine
1397 2315 1490 2368 tali

329 2393 550 2462 Dignam
582 2395 866 2450 concilium
889 2399 1098 2465 pariter
1115 2414 1434 2469 cognoverat
1460 2405 1619 2468 istud,

329 2483 506 2553 thue
537 2499 922 2554 supervacuam
947 2491 1295 2558 spernendam
1315 2497 1522 2548 censuit
1553 2497 1667 2551 iste.

329 2571 477 2626 Tunc
497 2573 570 2626 ibi
609 2572 803 2642 regalis
821 2573 1079 2630 Fastrada
1112 2578 1588 2656 migraveratuxor

331 2659 442 2714 Hac
461 2675 527 2714 ex
555 2659 690 2722 luce,
721 2661 859 2717 diem
889 2663 1101 2720 tandem
1126 2669 1315 2722 sortita
1343 2684 1668 2739 supremum.

329 2749 494 2804 Cuius
523 2749 577 2804 in
598 2749 788 2806 Albani
813 2754 1051 2822 speciosa
1085 2758 1335 2826 martyris
1357 2759 1508 2824 aede,

327 2837 514 2892 Iuncta
540 2838 903 2908 Mogontiacae
937 2841 1097 2912 fulget
1119 2860 1256 2913 quae
1275 2849 1551 2903 moenibus
1579 2849 1745 2914 urbis,

329 2923 462 2980 Cum
484 2941 678 2996 magno
700 2925 827 2982 fecit
854 2931 1066 2998 sepeliri
1091 2947 1287 3002 corpus
1307 2935 1527 3008 honore.

328 3016 506 3084 Atque
536 3015 728 3071 dehinc
756 3015 977 3074 Carolus
995 3021 1201 3077 cunctis
1230 3023 1329 3076 hoc
1349 3026 1534 3079 ordine
1553 3029 1742 3098 gestis,

331 3106 666 3177 Foedifragis
691 3122 902 3163 rursum
933 3109 1231 3168 Saxonibus
1260 3113 1435 3169 intulit
1463 3133 1630 3174 arma.

329 3197 409 3252 Ac
435 3197 664 3268 geminis
687 3197 1009 3254 exercitibus
1026 3201 1337 3256 decreverat
1362 3204 1521 3272 ipsos.

331 3288 614 3343 lnstructis
653 3296 857 3342 terrore
870 3287 1029 3342 simul
1046 3288 1298 3359 ferroque
1325 3292 1566 3358 domare,-

334 3376 405 3432 Ut
431 3378 542 3430 cito
571 3390 700 3446 gens
719 3375 872 3430 bellis
891 3377 1262 3434 succumberet
1284 3397 1388 3434 una
1411 3383 1634 3449 duobus,

332 3467 412 3520 Ex
439 3465 635 3533 quibus
660 3464 801 3518 haud
826 3480 988 3520 unum
1011 3467 1257 3534 paenitus
1283 3470 1505 3525 sufferre
1537 3473 1752 3528 valeret.

331 3554 500 3625 Regis
526 3553 594 3608 ab
617 3553 836 3608 australi
861 3557 1217 3624 properabant
1236 3561 1446 3628 agmina
1473 3573 1644 3630 parte,

333 3647 609 3703 Saxonum
648 3649 998 3704 miseras-late
1020 3652 1284 3705 vastantia
1315 3661 1514 3720 terras;

331 3735 504 3790 Filius
523 3735 690 3806 ipsius
717 3735 940 3792 Carolus
974 3737 1259 3817 traiecerat
1279 3741 1448 3795 undas

337 3825 530 3889 Rheni,
559 3839 719 3894 quem
747 3826 1104 3882 comitabatur
1129 3828 1331 3882 delecta
1361 3827 1628 3895 iuventus,

336 3914 598 3969 lnvadens
616 3929 684 3968 ex
711 3914 932 3971 occidua
961 3917 1178 3986 regione
1207 3917 1452 3972 rebelles.

331 4004 482 4072 Quos
510 4006 691 4062 statim
714 4014 889 4062 terror
911 4008 1104 4063 merito
1121 4019 1434 4078 pervaserat
1458 4012 1641 4080 ingens
1659 4033 1688 4084 :r

335 4096 405 4150 Et
423 4096 600 4170 magni
617 4097 864 4167 quamvis
887 4099 1062 4168 campi
1081 4113 1178 4168 per
1198 4099 1355 4169 plana
1383 4083 1697 4157 Siuethfeld"

336 4185 578 4249 Collecti,
623 4202 904 4258 pugnaque
930 4173 1108 4244 forent
1133 4201 1342 4245 certare
1363 4193 1555 4260 parati,

337 4274 454 4330 Hoc
485 4275 649 4330 animi
673 4277 916 4332 cecidere
935 4287 1104 4345 metu,
1130 4293 1230 4334 nec
1263 4293 1386 4335 sues
1404 4290 1526 4340 erat
1550 4282 1655 4337 illis

337 4365 460 4421 Ulla
490 4365 770 4422 resistendi
801 4366 1042 4432 Francis,
1074 4383 1208 4438 quos
1233 4379 1311 4424 ’.ιι
1336 4371 1652 4440 populorum

335 4454 657 4524 Agmiuibus
675 4454 837 4512 fultos
857 4456 998 4512 vinci
1016 4471 1122 4512 non
1140 4472 1295 4527 posse
1311 4459 1579 4514 videbant.

338 4543 593 4613 Protinus
611 4544 809 4600 omisso
825 4559 950 4600 sese
987 4545 1279 4600 certamine
1305 4547 1428 4602 belli

339 4633 628 4689 Subiciuut
656 4635 788 4704 regi,
822 4635 1136 4692 iuramentis
1155 4652 1363 4708 quoque
1400 4637 1616 4692 ﬁrmant

337 4723 735 4796 Obsidibusque
759 4725 899 4780 datis
930 4727 1062 4782 haec
1091 4725 1302 4782 foedera
1327 4727 1626 4783 deditionis.

335 4812 460 4884 ipse
485 4827 760 4884 regressus
795 4814 1116 4885 Aquisgrani
1139 4845 1213 4858 —
1238 4817 1315 4871 sic
1339 4818 1484 4887 regia
1519 4818 1671 4874 sedes
1843 4887 1848 4893 ι

340 4902 528 4957 lnclita
552 4915 746 4958 nomen
766 4903 946 4971 habet,
977 4918 1076 4960 nec
1102 4921 1206 4962 non
1227 4907 1492 4962 vocitatur
1511 4908 1775 4978 Aquensis
1803 4939 1871 4950 --

341 4994 455 5050 [llic
479 5008 630 5050 more
654 5009 752 5050 suo
779 4995 1070 5052 celebravit
1093 5005 1328 5067 tempora
1350 5008 1553 5064 sancta,

342 5085 402 5138 lu
429 5085 624 5152 quibus
654 5093 738 5140 est
761 5086 908 5140 unita
933 5085 1044 5142 Deo
1070 5089 1367 5142 substantia
1402 5097 1604 5156 nostra,

345 5171 594 5243 Morsque
621 5174 975 5244 redemptoris
999 5175 1256 5231 mundum
1307 5187 1640 5246 reparaverat
1667 5193 1900 5234 omnem.

835 5317 984 5370 Anno
1015 5316 1134 5374 795.
1175 5316 1366 5372 lndict.
1397 5317 1452 5373 2.

241 5462 251 5467 ‘
346 5431 481 5505 Cum
499 5447 726 5504 nimium
754 5455 1000 5516 suspecta
1025 5445 1164 5504 foret
1181 5463 1309 5519 gens
1329 5448 1464 5504 facta
1485 5451 1698 5508 rebellis

349 5541 620 5596 Saxonum
644 5539 860 5603 totiens,
882 5541 1070 5595 crebro
1083 5555 1293 5611 quoque
1313 5540 1522 5597 foedere
1563 5553 1716 5613 rupto

351 5633 460 5689 Suh
481 5632 622 5688 iusta
648 5630 796 5700 regis
819 5630 1018 5691 ditione
1045 5632 1318 5701 quiescere
1351 5623 1555 5696 nolens,

351 5723 500 5779 Haud
538 5721 704 5778 ullum
735 5719 1028 5791 respirandi
1055 5721 1182 5777 dare
1203 5721 1406 5777 censuit
1437 5719 1508 5774 illi

647 418 896 475 ANNAL.
937 420 1022 476 DE
1059 419 1301 477 GESTIS
1339 420 1396 474 Β.
1436 420 1681 476 CAROLI
1720 418 1928 474 MAGN]
1961 375 2133 474 ιιΒῖὶι
2175 421 2236 474 γ.
2274 450 2339 459 -ν
2379 419 2530 474 γιτΑ
2569 418 2836 474 CAROLI.
2876 450 2944 461 —
2973 421 3100 476 LIB.
3130 423 3214 478 HI.

1902 521 1949 596 Ᾰ
1981 531 2148 597 Atque
2171 531 2454 584 rebellandi
2475 532 2709 600 spaeiu'tn
2735 532 3056 590 fortissimus
3073 538 3283 600 archos,

3415 420 3533 485 7Io‘

1980 618 2084 671 Sed
2114 635 2322 672 rursum
2353 628 2548 673 terram
2569 621 2828 689 populans
2853 623 3113 678 hostiliter
3141 627 3328 695 ipsam,

1976 707 2102 761 Eius
2144 708 2195 761 in
2235 717 2472 761 extremo
2507 709 2716 763 tandem
2745 724 2910 779 prope
2942 712 3105 768 limite
3127 716 3318 772 castris

1975 791 2226 846 Consedit
2260 795 2465 861 positis,
2507 795 2656 848 vicus
2683 811 2787 864 qua
2817 798 3007 852 nobilis
3029 807 3193 864 extat,

1976 881 2199 937 Nomine
2216 883 2563 945 Bardonwich
2583 883 2776 948 dictus,
2814 900 2919 954 quo
2944 886 3169 942 iusserat
3192 891 3257 944 ad
3283 906 3340 945 se

1976 968 2202 1038 Pergcre
2227 971 2536 1026 Sclavorum
2568 986 2818 1040 proceres
2845 975 2941 1028 sibi
2965 973 3178 1030 foedere
3197 978 3426 1036 iunctos.

1977 1057 2088 1112 Illic
2122 1060 2404 1114 adventum
2432 1077 2657 1129 quorum
2678 1064 2802 1117 dum
2824 1064 2962 1119 forte
2994 1078 3232 1122 maneret

1975 1145 2253 1215 Opericns,
2289 1163 2352 1200 ex
2381 1148 2462 1202 his
2497 1150 2789 1204 extinctum
2823 1154 3080 1222 comperit
3100 1170 3280 1208 unum.

1887 1245 1891 1250 '
1975 1235 2091 1289 Rex
2127 1237 2499 1292 Abodritorum
2531 1239 2714 1303 fuitis,
2751 1243 3063 1311 cognomine
3082 1243 3318 1310 Witzun,

1978 1325 2154 1378 iussus
2185 1333 2315 1380 etut
2340 1327 2530 1391 fuerat,
2565 1343 2745 1398 regem
2774 1331 2900 1383 dum
2925 1331 3082 1386 vellet
3127 1333 3293 1399 adire,

1978 1413 2168 1468 Incidit
2193 1416 2428 1478 insidias,
2453 1417 2525 1470 i-lli
2555 1433 2688 1486 quas
2719 1426 2842 1472 ante
2882 1431 3138 1487 pararunt

1981 1504 2245 1569 Saxones,
2270 1508 2520 1575 quoniam
2550 1507 2770 1579 Francis
2789 1524 2984 1564 novere
3009 1510 3234 1566 ﬁdelem.

1979 1591 2114 1647 line
2145 1593 2256 1646 irae
2281 1595 2508 1650 stimulis
2530 1599 2708 1651 animo
2741 1607 3036 1654 commotus
3061 1602 3277 1665 amaris,

1980 1679 2230 1736 Eiusdem
2261 1683 2490 1752 regionis
2518 1699 2676 1753 agros
2711 1687 2970 1756 villasque
3005 1689 3170 1745 feroci

1986 1767 2156 1832 Quam
2187 1769 2292 1824 late
2319 1769 2460 1825 ferro
2488 1773 2725 1842 populari
2745 1775 2898 1831 iussit
2920 1787 2975 1832 et
3001 1778 3128 1848 igni.

1912 1870 1958 1929 β
1985 1857 2136 1912 Tunc
2163 1873 2226 1912 ex
2251 1858 2522 1914 Hunorum
2549 1863 2761 1931 quidam
2791 1865 3114 1934 primoribus
3138 1869 3284 1936 illuc,

1993 1947 2179 2000 Tudun
2209 1947 2410 2002 habens
2432 1965 2642 2016 nomen,
2677 1953 2821 2006 venit
2845 1968 2940 2022 per
2966 1955 3116 2024 longa
3144 1959 3371 2026 viarum,

1995 2037 2133 2090 Velle
2159 2038 2421 2092 fatebatur
2450 2041 2558 2109 regi
2586 2041 2677 2108 qui
2702 2043 2928 2098 subdere
2947 2059 3082 2108 sese,

1991 2126 2055 2178 Et
2081 2121 2292 2180 Christo
2320 2127 2536 2181 domino
2560 2129 2748 2182 devota
2775 2133 2994 2186 credere
3023 2143 3217 2190 mente.

1992 2214 2198 2268 llinein
2219 2216 2539 2286 Aquisgrani
2565 2217 2786 2274 Carolus
2815 2213 3145 2278 remeaverat
3169 2226 3364 2292 aulam,

1989 2306 2064 2358 Ac
2094 2314 2387 2360 memorata
2409 2306 2557 2376 prius
2573 2309 2797 2378 supplex
2821 2310 2891 2364 ibi
2917 2310 3050 2367 festa
3075 2318 3294 2387 peregit.

2461 2440 2608 2493 Anno
2632 2440 2749 2495 796.
2783 2420 2981 2497 indici.
3013 2445 3066 2500 5.

1994 2564 2148 2620 Sedis
2178 2567 2494 2635 apostolicae
2515 2569 2756 2624 sublimis
2783 2572 3012 2629 culmine
3037 2579 3248 2644 praesul

1994 2655 2106 2709 Hoc
2132 2656 2396 2712 Adrianus
2415 2659 2480 2713 ab
2503 2659 2604 2714 hac
2626 2661 2734 2715 vita
2757 2662 3058 2718 decesserat
3084 2681 3242 2721 anno.

1994 2743 2122 2799 Post
2150 2759 2304 2814 quem
2334 2747 2554 2802 sortitus
2583 2764 2844 2803 summum
2879 2750 2987 2806 Leo
3023 2757 3405 2824 pontiﬁcatum,

1994 2833 2284 2890 Confestim
2306 2835 2501 2899 claves,
2525 2839 2715 2906 quibus
2735 2848 2817 2892 est
2844 2839 3108 2895 confessio
3134 2846 3322 2899 sancti.

1993 2921 2318 2978 Couservata
2341 2925 2501 2989 Petri,
2526 2926 2821 2996 vexillaque
2847 2931 3064 2985 miserat
3088 2933 3239 2990 urbis

1997 3014 2280 3068 Romuleae
2307 3015 2494 3070 Carolo
2521 3017 2826 3086 pariterque
2849 3021 3086 3074 decentia
3125 3023 3286 3079 do‘na.

1994 3103 2387 3171 Admouuitque
2411 3106 2512 3173 ptis
2531 3106 2792 3173 precibus,
2818 3122 2923 3174 quo
2951 3110 3163 3165 mittere
3183 3113 3338 3168 vellet

1919 3205 1966 3266 ο
1996 3193 2071 3246 Ex
2099 3195 2326 3262 propriis
2349 3196 2552 3264 aliquos
2586 3197 2927 3265 primoribus,
2975 3215 3039 3255 ac
3075 3203 3174 3256 sibi
3203 3203 3409 3273 plebem

1996 3285 2234 3340 Subdere
2255 3286 2568 3352 Romanam,
2594 3290 2885 3343 servandac
2917 3289 3124 3344 foedera
3147 3308 3343 3363 cogens

1996 3374 2143 3428 Hanc
2167 3375 2286 3428 fidei
2310 3379 2660 3431 sacramentis
2680 3379 2987 3446 promittere
3011 3382 3233 3451 magnis.

1995 3463 2187 3517 Missus
2223 3465 2289 3518 ad
2309 3466 2407 3518 hoc
2433 3465 2795 3535 Angilbertus,
2826 3469 2915 3535 qui
2944 3485 3164 3537 corpore
3184 3475 3356 3528 sancti

1986 3552 2230 3606 'Iliebarii
2263 3553 2407 3607 clare
2428 3555 2728 3609 decoratam
2765 3567 2974 3612 rexerat
3004 3560 3166 3614 abbas

1920 3656 1936 3670 ι
1997 3639 2308 3703 ΕιὶνῙεδίέΠῐι,
2331 3641 2529 3708 pariter
2557 3644 2753 3713 regalia
2783 3645 2968 3704 detulit
2989 3647 3134 3711 illuc,

1997 3729 2194 3783 Devote
2221 3739 2404 3784 sancto
2432 3733 2724 3802 misitquae
2751 3749 2969 3790 munera
2992 3737 3168 3795 Petro.

1997 3815 2132 3871 Nam
2157 3820 2381 3888 spoliata
2411 3820 2511 3874 fuit
2540 3821 2810 3877 Hunorum
2833 3827 2998 3896 regia,
3041 3829 3292 3900 lli-iugum

1997 3907 2165 3973 Quam
2187 3909 2444 3962 vocitant.
2489 3909 2637 3966 Hanc
2665 3913 2769 3966 dux
2783 3915 3006 3972 Ericbus
3030 3918 3132 3974 hoc
3157 3933 3368 3990 ceperat
3389 3939 3549 3993 anno,

2000 3995 2333 4050 Multimodos
2353 3997 2511 4050 etiam
2537 4000 2645 4068 regi
2671 3999 2960 4056 devexerat
2995 4005 3116 4060 inde

2001 4087 2322 4150 'l‘hesauros,
2349 4102 2478 4142 aevo
2507 4103 2644 4157 quos
2665 4089 2924 4160 collegere
2945 4103 3153 4151 vetusto

1999 4175 2295 4228 [innumeris
2323 4177 2511 4230 crebro
2532 4178 2776 4245 spoliatis
2811 4182 3054 4250 gentibus
3080 4184 3239 4240 Huni.

2002 4264 2079 4318 Ex
2107 4265 2296 4334 quibus
2315 4274 2397 4319 cst
2415 4265 2638 4321 Romam
2661 4277 2782 4323 tunc
2806 4271 3209 4347 maximaeopia
3233 4277 3414 4339 missa,

2001 4353 2077 4407 De
2108 4355 2309 4422 reliquo
2335 4371 2569 4410 summos
2591 4372 2838 4425 proceres
2864 4360 3121 4430 aulaeque
3144 4364 3414 4421 ministros

2003 4443 2223 4500 Multum
2247 4447 2390 4517 larga
2417 4465 2604 4502 manus
2630 4449 2818 4502 ditavit
2845 4443 3099 4521 principis
3119 4468 3320 4509 omnes.

1924 4531 1975 4590 D
2002 4537 2096 4591 llis
2129 4538 2290 4607 gestis
2311 4539 2503 4592 iterum
2533 4554 2626 4594 rex
2649 4537 2917 4595 Saxonum
2941 4544 3182 4611 regiones

2001 4627 2257 4682 invadens
2290 4627 2393 4681 late
2417 4635 2737 4693 vastaverat,
2771 4637 2928 4698 atque
2963 4645 3206 4687 reversus

2005 4717 2189 4772 Victor
2207 4717 2523 4786 Aquisgrani
2557 4719 2781 4772 brumali
2807 4728 3040 4788 tempore
3073 4724 3286 4779 mansit.

2003 4806 2072 4860 At
2094 4807 2197 4861 dux
2219 4807 2400 4861 Italiae
2420 4807 2692 4876 Pippiuus,
2720 4811 2862 4878 regia
2879 4812 3070 4880 proles,

2004 4897 2281 4952 Adiunctis
2309 4897 2598 4953 Baioaricis
2634 4898 2928 4970 legionibus
2952 4901 3042 4964 illi,

2009 4991 2177 5048 Hunis
2207 4991 2454 5045 intulerat
2478 4992 2694 5057 bellum,
2721 4993 2797 5048 sic
2819 4982 2966 5063 patre
2990 4994 3218 5049 iubente.

2008 5079 2142 5135 Cum
2167 5081 2358 5148 quibus
2378 5089 2568 5138 eventu
2593 5081 2883 5135 certamina
2913 5096 3162 5152 prospera
3195 5070 3335 5140 laeto

2010 5172 2180 5226 Trans
2211 5171 2425 5226 fluvium
2462 5172 2624 5226 Tizan
2644 5173 2828 5242 gessit.
2859 5174 3171 5243 cunctisque
3195 5175 3385 5246 fugatis

2008 5263 2276 5324 Hostibus,
2307 5278 2336 5316 a
2361 5261 2581 5317 Francis
2601 5263 2870 5317 Hunorum
2895 5265 3039 5334 regia
3072 5275 3179 5334 tota

2010 5353 2106 5408 Est
2126 5362 2349 5421 aequata
2377 5353 2509 5416 solo,
2546 5366 2705 5420 quam
2733 5350 2988 5423 Hringum
3008 5354 3236 5408 dixiutus
3256 5365 3396 5409 ante.

2013 5447 2176 5503 Cuius
2203 5461 2370 5516 poene
2405 5459 2566 5515 gazae
2594 5444 2765 5514 gentis
2793 5453 2918 5500 tunc
2939 5444 3174 5500 funditus
3210 5461 3414 5510 omnes,

1947 5552 1952 5562 '
2015 5539 2233 5607 Magnus
2255 5543 2370 5591 erat
2395 5550 2619 5604 quarum
2649 5551 2918 5595 numerus,
2938 5545 3259 5605 cunctaeque
3286 5538 3466 5606 prium
3488 5553 3520 5592 ιι

2013 5629 2342 5696 Diripiuntur
2360 5640 2486 5695 opes
2506 5640 2709 5693 regum,
2739 5640 2870 5694 quas
2904 5627 3278 5704 depopulantcs

2015 5719 2200 5772 l'lttt‘t‘s
2229 5718 2280 5772 in
2316 5717 2479 5772 variis
2501 5731 2680 5771 sacras
2703 5717 3006 5784 regionibt's
3029 5716 3204 5779 aedes,
