4266 6452
708 490 794 546 τΗ
2015 467 2259 527 POETA}
2297 466 2393 522 SA?

2235 467 2259 524 Ξ
2297 463 2587 522 SAXOXlS
3811 458 3920 513 7i?

708 594 1055 663 Temporibus
1097 587 1274 643 multis
1293 586 1428 640 male
1458 585 1790 655 congessisse
1817 583 2076 636 feruntur.
2282 586 2332 643 Α
2358 574 2673 642 Prefatoque
2703 572 2819 626 loco
2839 572 3172 625 sanctissima
3210 569 3343 625 festa
3375 568 3595 641 peregit,

709 659 854 741 Tunc
877 683 1065 752 quibus
1081 677 1290 739 ablatis,
1334 685 1439 729 tam
1461 675 1588 728 clari
1612 676 1728 728 iure
1763 672 2017 739 triumphi
2360 665 2416 719 In
2444 663 2637 733 quibus
2662 660 2879 745 indutus
2903 661 3163 730 processu
3192 674 3416 730 corpore
3437 659 3703 724 Christus,

708 776 787 829 Ad
819 748 1018 841 patrem
1045 769 1214 821 victor
1238 775 1527 819 memorata
1547 765 1693 819 venit
1720 764 1773 816 in
1796 762 1912 815 aula
2361 754 2429 808 Et
2452 752 2629 823 posuit
2650 764 2864 805 carnem
2890 750 3144 813 moriens,
3171 748 3498 819 sumpsitque
3535 763 3845 818 resurgens.

710 834 974 933 l’ippinus,
1012 858 1155 928 regni
1192 857 1275 909 cui
1300 858 1580 910 thesauros
1606 854 1818 926 spoliati
2392 932 2403 933 ί
2474 929 2484 933 _
2546 929 2558 933 Α
2627 928 2639 933 Δ
2684 928 2696 933 _
2726 926 2738 933 Α
2802 836 2977 933 ‘Anno
3011 835 3133 891 798.
3168 834 3363 933 Indici.
3395 834 3449 889 5.

707 924 913 1013 Attulit,
944 924 1269 1015 exuviasque
1294 946 1509 1010 ducum,
1536 924 1837 1012 vexillaque
1860 951 2036 1010 capta.
2364 932 2392 985 ἲ

1860 951 2036 1010 capta.
2364 929 2520 985 Veris
2546 929 2600 982 in
2626 926 2776 982 initio
2797 924 3005 981 facinus
3028 924 3368 981 commiserat
3390 932 3541 979 atrox

707 1040 837 1094 Cum
857 1051 961 1107 quo
983 1038 1088 1090 iam
1120 1014 1291 1090 dictus
1313 1034 1502 1088 Tudun
1524 1047 1736 1101 quoque
1756 1039 1975 1085 venerat
2004 1029 2147 1091 illuc,
2364 1018 2633 1074 Saxonum
2653 1016 2880 1088 populus
2902 1016 3139 1107 quidam,
3177 1029 3313 1107 quos
3343 1014 3539 1107 claudit
3566 1015 3634 1070 ab
3655 1025 3845 1069 austro

707 1103 1095 1195 Promissisque
1116 1124 1273 1178 ﬁdem
1302 1122 1533 1191 propriis
1561 1121 1813 1176 adhibere
1838 1120 2046 1187 sategit,
2361 1109 2514 1163 Albia
2536 1107 2816 1195 seiunctim
2844 1103 3330 1195 positos-aquilonis
3354 1104 3422 1159 ad
3447 1119 3625 1159 axem.

706 1222 838 1276 Cum
861 1228 971 1271 toto
991 1192 1243 1271 comitum
1269 1228 1494 1267 numero
1521 1210 1784 1281 baptisma
1812 1223 2029 1265 suorum
2364 1196 2471 1251 N08
2494 1193 2903 1263 NONhalbiDBOS
2926 1192 3099 1281 mirio
3121 1205 3366 1246 sermone
3390 1206 3659 1247 vocamus-

705 1307 1015 1375 Percipieus
1041 1304 1200 1358 etiam
1225 1316 1322 1370 per
1356 1280 1688 1355 sacramenta
1716 1300 2019 1369 spopondit,
2364 1285 2496 1339 Nam
2518 1299 2617 1354 pro
2642 1282 2844 1375 iustitia
2869 1280 3023 1375 legali
3047 1295 3197 1335 more
3224 1282 3454 1350 gerenda

710 1397 780 1452 Se
807 1370 919 1448 fore
946 1392 1241 1447 subiectum
1268 1389 1488 1443 Francis
1511 1388 1777 1457 ﬁdumque
1797 1401 1894 1455 per
1916 1398 2122 1440 aevum.
2364 1375 2498 1431 Cum
2527 1388 2621 1428 rex
2647 1372 2850 1441 legatos
2879 1370 3004 1425 illuc
3031 1370 3433 1434 transmitteret,
3464 1370 3608 1440 ipsos

710 1489 815 1548 Sed
840 1495 1118 1557 postquam
1150 1482 1327 1545 rediit,
1350 1488 1561 1535 mutans
1586 1479 1845 1550 promissa
1876 1477 2156 1543 iidemque,
2365 1463 2529 1557 [πψίθ
2554 1459 2843 1557 ῐοοέπςθεθ
2862 1457 3308 1557 ξυευιεινὶιοΐεςιὶο
3333 1460 3524 1557 εεηιίες

710 1545 1166 1629 Ρειάάιθέιιιεηι
1190 1583 1354 1640 parvo
1376 1577 1496 1638 post
1524 1545 1761 1637 tempore
1785 1578 2003 1634 poenas.
2366 1549 2395 1605 ί

1960 1578 2003 1617 ε,
2366 1549 2604 1619 Cumque
2626 1546 2980 1615 Godescalcus
2996 1586 3011 1612 ,
3039 1546 3179 1616 regis
3203 1545 3407 1616 legatus
3433 1555 3485 1602 ct
3511 1548 3641 1617 ipse.

709 1666 777 1716 At
805 1677 894 1715 rex
930 1637 1208 1728 sollempni
1239 1666 1363 1713 voto
1378 1637 1753 1712 celebraverat
1773 1655 1879 1709 illic
2365 1640 2394 1692 Α

2365 1640 2504 1695 Ante
2524 1638 2640 1694 dies
2663 1638 2859 1693 missus
2884 1651 3081 1707 paucos
3105 1637 3173 1692 ad
3199 1651 3359 1707 regna
3385 1646 3652 1693 tenentem

714 1752 1009 1819 Tempora,
1055 1763 1192 1818 quae
1238 1746 1484 1803 Christus
1526 1760 1752 1801 nascens
1797 1744 2132 1810 moriensque
2180 1754 2265 1793 sa-
2369 1730 2399 1782 Ε

1997 1756 2132 1810 ,sqne
2180 1754 2265 1793 sa-
2369 1730 2658 1794 Danorum,
2685 1727 2970 1799 Sigifridus
2995 1728 3218 1782 eratcui
3248 1742 3457 1794 nomen,
3488 1731 3540 1783 in
3564 1729 3682 1798 ipso

1230 1842 1237 1848 '
1971 1828 2191 1900 [cu-avit.
2369 1821 2631 1890 Tempore
2658 1819 2959 1888 regrediens
2984 1817 3120 1873 foret
3145 1820 3467 1887 interceptus
3486 1820 3551 1874 ab
3581 1821 3749 1874 Hunis
3768 1860 3785 1886 ,

1082 1982 1085 1983 ν
1172 1923 1319 1976 Anno
1363 1921 1482 1975 797.
1534 1919 1725 1973 Indici.
1768 1918 1820 1971 ι.
2300 1932 2346 1992 Β
2372 1912 2635 1965 Auctorcs
2655 1908 2811 1963 huius
2841 1907 3052 1962 fuerant
3076 1909 3166 1977 qui
3191 1909 3479 1969 seditionis,

714 2018 846 2071 Cum
870 2014 1092 2085 pulchro
1129 2011 1365 2065 renitens
1399 2017 1520 2064 ortu
1549 2008 1869 2062 claresceret
1898 2014 2087 2059 aestas.
2371 1997 2671 2052 Pertulerat-
2689 2005 2913 2051 mortem
2935 1995 3136 2063 pariter
3159 2010 3257 2064 pro
3281 1996 3504 2049 crimine
3532 1995 3695 2048 nullo.

714 2106 796 2159 Ad
824 2083 999 2172 regem
1026 2099 1353 2153 Sarracenos
1382 2096 1695 2166 cognomine
1722 2096 1883 2150 Zatus
2368 2086 2464 2141 llis
2487 2101 2581 2139 rex
2604 2093 2898 2139 commotus
2932 2083 3200 2138 Wisuram
3242 2086 3544 2153 properavit
3589 2085 3656 2137 ad
3694 2100 3926 2147 amnt-tn,

713 2190 1033 2253 Adveniens,
1061 2204 1092 2242 a
1112 2202 1170 2242 se
1191 2200 1465 2256 pervasam
1497 2182 1725 2239 reddidit
1749 2184 1953 2245 urbem,
2368 2176 2531 2247 Inque
2553 2177 2850 2247 loco‘quem
2882 2174 3074 2229 Munda
3109 2183 3302 2241 vocant
3346 2189 3440 2228 sua
3486 2184 3663 2229 castra
3713 2174 3924 2233 locavit,

715 2280 1011 2335 Barzinona
1038 2277 1123 2331 cui
1163 2289 1355 2330 nomen
1383 2291 1396 2326 :
1430 2288 1552 2326 nam
1590 2271 1756 2325 limite
1790 2278 1994 2324 structa
2368 2268 2546 2337 Atque
2570 2267 2715 2321 necis
2742 2266 3038 2334 legatorum
3075 2264 3396 2320 iustissimus
3417 2264 3575 2331 ultor,

715 2368 937 2422 Constat
962 2366 1013 2418 in
1036 2360 1464 2432 llispanohvario
1501 2367 1827 2428 cOgenteque
1852 2372 1978 2412 casu
2368 2357 2429 2410 lu
2458 2357 2758 2411 desertores
2783 2356 2895 2408 irae
2916 2354 3112 2407 laxavit
3140 2355 3403 2432 habenas,

717 2458 871 2511 Nunc
899 2418 1209 2508 Sarracenis
1241 2424 1434 2513 fuerat,
1465 2418 1605 2501 nunc
1632 2446 1843 2501 subdita
1865 2446 2105 2508 Francis,
2372 2444 2581 2499 Vastari
2609 2443 2715 2497 late
2734 2442 2933 2511 sparsis
2958 2442 3251 2511 legionibus
3280 2418 3424 2494 illam

716 2550 927 2616 Perque
952 2548 1139 2601 ducem
1178 2542 1391 2597 tandem
1424 2546 1774 2595 memoratum
1827 2539 2049 2602 reddita,
2090 2554 2180 2607 qui
2216 2554 2273 2592 se
2369 2535 2677 2603 Precipiens
2707 2542 2923 2587 terram.
2951 2532 3086 2585 Tum
3125 2545 3313 2585 saevus
3337 2532 3532 2598 ubique
3561 2529 3774 2585 furebat

720 2638 920 2706 Sponte
952 2649 1048 2690 sua
1082 2633 1283 2703 pariter
1310 2630 1500 2686 Carolo
1525 2630 1767 2699 permisit
1789 2637 1843 2682 et
1872 2630 2057 2683 urbem
2082 2671 2094 2691 ,
2372 2622 2542 2685 Miles,
2566 2622 2762 2691 ubique
2788 2636 2949 2675 cruor
2970 2620 3101 2675 rivis
3122 2620 3475 2673 madefecerat
3501 2634 3648 2682 arva,

718 2723 1047 2778 Francorum
1076 2719 1316 2774 subiecta
1347 2717 1446 2771 fuit
1466 2718 1719 2787 posthaec
1743 2716 1949 2770 ditioui.
2372 2710 2632 2766 Omnibus
2648 2718 2807 2777 atque
2832 2708 2963 2762 locis
2989 2709 3288 2763 increverat
3317 2708 3528 2763 horrida
3555 2707 3756 2769 clades,

719 2811 846 2866 lnde
883 2824 1034 2865 suum
1068 2817 1307 2879 gnatum,
1330 2806 1696 2860 Hludowicum
1728 2806 1959 2869 nomine,
1995 2820 2172 2874 regem
2375 2799 2636 2860 Vulnera,
2666 2812 2840 2862 mors,
2878 2799 3050 2852 luctus
3070 2838 3083 2861 ,
3116 2797 3345 2860 clamor,
3378 2796 3499 2866 fuga
3521 2837 3536 2861 ,
3568 2796 3783 2851 ﬂanima
3808 2838 3822 2861 ,
3849 2813 3927 2850 rs-

721 2903 870 2957 Tunc
897 2900 1305 2971 Aquitanorum,
1346 2897 1540 2952 direxit
1564 2896 1631 2950 ad
1669 2895 1998 2950 obsidionem
2414 2956 2417 2963 η
3182 2962 3187 2965 ι
3710 2884 3923 2957 [pili-ae,

680 3010 703 3027 ρ
721 2992 797 3046 Os
830 3007 892 3044 ae
916 2962 1107 3043 nomen
1132 2988 1290 3041 habet
1318 2986 1397 3040 sic
1420 2986 1548 3039 urbs
1573 2984 1855 3054 Hispanica
1885 2985 2134 3053 quedam.
2375 2976 2564 3033 Omnia
2589 2976 2942 3046 complebant,
2975 2976 3142 3030 donec
3165 2962 3492 3044 compescuit
3528 2975 3652 3029 altis

719 3081 946 3149 Ipseque
979 3057 1126 3131 more
1161 3088 1258 3129 suo
1289 3088 1498 3126 rursum
1523 3072 1823 3127 Saxonibus
1847 3087 1998 3126 arma
2376 3069 2532 3123 Albia
2566 3067 2864 3138 gurgitibus
2890 3066 3175 3134 procedere
3203 3065 3409 3134 longius
3432 3080 3601 3118 arma.

722 3163 923 3230 intulit,
950 3164 1203 3219 auderent
1227 3162 1385 3215 duras
1412 3175 1479 3214 ne
1509 3158 1643 3215 forte
1679 3160 1854 3213 levare
2378 3162 2448 3215 At
2472 3159 2842 3227 Northalbingi
2869 3157 3061 3212 missos
3081 3157 3274 3225 inpune
3299 3164 3603 3224 peremptos

723 3254 972 3311 Cervices
999 3252 1212 3315 iterum,
1242 3264 1469 3318 quorum
1492 3256 1789 3303 vastaverat
1815 3264 2001 3339 omnes
2305 3265 2351 3325 ρ
2382 3250 2427 3303 A
2459 3263 2517 3303 se
2542 3254 2821 3302 cernentes
2853 3244 3030 3299 Caroli
3072 3274 3140 3283 —
3167 3258 3290 3298 nam
3314 3244 3457 3313 regia
3483 3254 3659 3297 castra

725 3344 1006 3399 Extremas
1033 3343 1194 3394 etiam
1223 3341 1373 3401 lines,
1405 3353 1539 3407 quos
1561 3338 1714 3392 Albia
1743 3333 1961 3403 claudit,
2382 3338 2534 3393 Haud
2556 3336 2881 3390 traiecerunt
2907 3333 3121 3387 [luvium
3152 3333 3585 3401 ~superaddere
3614 3349 3835 3401 magnos
3860 3336 3865 3341 ’

725 3435 793 3490 Et
827 3449 932 3503 qua
954 3430 1144 3486 diﬂ'uso
1166 3431 1391 3485 miscent
1417 3444 1473 3484 se
1500 3430 1710 3500 gurgite
1734 3430 1890 3485 salsis
2382 3427 2677 3496 Disponunt
2700 3439 2881 3489 ausus,
2911 3423 3196 3478 Abodrltos
3219 3424 3462 3491 denique,
3488 3424 3716 3479 Francis

725 3525 1001 3578 Fluctibus
1033 3522 1218 3577 oceani
1242 3520 1485 3575 Wisurae
1505 3521 1783 3590 praeclara
1816 3518 2034 3573 ﬂuenta.
2236 3572 2242 3579 ,
2381 3515 2485 3581 Qui
2516 3525 2643 3569 tunc
2665 3513 2886 3568 subiecti
2916 3511 3130 3569 fuerant
3157 3527 3218 3566 ac
3252 3510 3464 3566 foedere
3500 3514 3685 3576 iuncti,

725 3618 967 3685 Cumque
1002 3615 1198 3669 rediret
1225 3612 1568 3682 Aquisgrani,
1598 3612 1819 3666 devotus
1847 3611 2010 3664 adivit
2384 3604 2599 3659 Nisibus
2623 3619 2689 3658 ex
2722 3604 2849 3657 totis
2871 3615 3090 3672 coepere
3112 3601 3375 3656 Iacescere
3399 3602 3557 3656 bello.

727 3708 891 3777 Regis
918 3706 1209 3774 Abinmage
1232 3703 1537 3757 Maurorum
1568 3701 1709 3756 ﬁlius
1739 3702 1907 3765 illum,
2383 3697 2483 3749 Ast
2509 3696 2612 3750 illis
2638 3695 3018 3749 Abodritorum
3047 3694 3153 3748 dux
3174 3695 3385 3747 nomine
3413 3693 3641 3757 Tliasco,

726 3798 946 3854 Abdelle
966 3798 1051 3850 cui
1080 3808 1273 3849 nomen
1301 3801 1435 3855 erat,
1465 3806 1623 3861 quem
1657 3807 1750 3845 rex
1780 3794 1851 3866 ibi
1881 3794 2115 3848 clemens
2385 3786 2672 3854 Comperto
2701 3785 2790 3838 tali
2814 3783 3127 3866 motu,.tulit
3152 3785 3308 3838 obvia
3331 3783 3503 3853 signa,

729 3888 859 3942 Cum
879 3882 1216 3951 suscepisset,
1243 3858 1534 3952 collegerat
1572 3881 1695 3936 inde
1723 3858 1966 3936 senatum
1986 3924 2000 3948 ,
2385 3872 2750 3940 Consertaque
2780 3871 2898 3931 loco
2922 3858 3116 3942 pugna,
3141 3887 3298 3941 quem
3327 3870 3598 3927 Suentana
3619 3874 3821 3939 dicunt,

730 3976 795 4029 Et
816 3986 923 4044 quo
944 3973 1233 4027 conticeret
1268 3971 1483 4025 tandem
1516 3968 1779 4024 Saxonica
1806 3970 1942 4024 bella
2292 4036 2301 4043 .
2387 3963 2653 4028 Quattuor
2687 3961 2894 4016 hostilis
2919 3964 3208 4031 prostravit
3229 3961 3371 4016 milia
3402 3974 3607 4030 coetus,

729 4064 1020 4122 Consilium
1049 4060 1288 4131 prudens
1312 4060 1449 4125 iniit,
1485 4075 1592 4129 quo
1622 4068 1858 4129 tempore
1884 4069 1994 4119 toto
2387 4054 2464 4107 Ae
2501 4055 2670 4109 victos
2695 4054 2820 4109 fecit
2840 4055 3001 4108 nimia
3023 4070 3143 4109 eum
3166 4055 3315 4109 clade
3342 4056 3559 4111 reverti.

729 4156 982 4212 Instantis
1009 4155 1230 4217 brumae
1253 4153 1468 4221 regione
1504 4160 1743 4205 maneret
1769 4152 1821 4205 in
1854 4152 1987 4220 ipsa.
2388 4148 2627 4216 Cumque
2653 4162 2927 4217 regressus
2950 4147 3268 4217 Aquisgraui
3290 4163 3384 4201 rex
3405 4159 3550 4213 esset
3587 4150 3640 4204 in
3662 4151 3807 4216 aula,

730 4244 875 4312 Ergo
898 4257 995 4296 suo
1021 4255 1201 4294 secum
1229 4241 1483 4293 comitatu
1515 4240 1756 4306 protinus
1777 4241 1921 4294 omni
2390 4235 2848 4305 Constantinopoli
2873 4239 3070 4292 missos
3095 4238 3326 4307 suscepit
3345 4239 3414 4294 ab
3434 4242 3567 4296 urbe

732 4335 1038 4398 Assumpto,
1065 4327 1314 4395 Wisurae
1340 4328 1527 4395 positis
1547 4328 1602 4381 in
1627 4326 1781 4381 litore
1801 4328 1994 4382 castris
2394 4322 2637 4393 Legatos,
2664 4323 2901 4393 Augusta
2928 4325 3039 4379 suis
3064 4340 3160 4394 pro
3184 4325 3343 4380 rebus
3368 4327 3436 4381 ad
3460 4328 3636 4397 ipsum

734 4420 905 4485 Sedit,
938 4416 1312 4486 Heristellique
1338 4417 1511 4471 locum
1531 4417 1688 4471 iussit
1711 4417 1951 4479 vocitari,
2008 4448 2009 4451 η
2391 4410 2535 4476 Quos
2556 4412 2702 4466 misit
2722 4412 2949 4475 Herena,
2979 4427 3167 4481 preces
3188 4429 3252 4468 ac
3275 4414 3411 4469 dona
3437 4414 3675 4471 ferentes

732 4512 1000 4566 Hactenus
1025 4510 1126 4563 hoc
1148 4515 1202 4561 et
1237 4507 1395 4561 habet
1437 4521 1649 4570 nomen,
1676 4515 1975 4578 terramque
2003 4523 2095 4577 per
2122 4508 2291 4577 ipsum
2393 4499 2525 4552 Nam
2550 4499 2931 4555 CODSlaﬂlillus
2956 4499 3240 4570 [υθηιῑιιιὶ
3262 4511 3418 4558 natus
3437 4506 3504 4558 ab
3525 4504 3632 4568 illa.

733 4601 1002 4653 Adductos
1031 4611 1209 4650 secum
1240 4594 1462 4664 populos
1486 4594 1759 4659 diviserat,
1783 4606 1942 4664 atque
2322 4589 2370 4650 Ι)
2395 4590 2527 4643 Cum
2550 4589 2688 4644 foret
2718 4578 2954 4645 inmensa
2985 4607 3189 4645 morum
3218 4594 3393 4662 gravis
3415 4595 3777 4663 improbitate,

732 4689 1014 4756 Indigenas
1032 4686 1156 4739 licet
1178 4686 1371 4739 invitos
1391 4684 1520 4739 dare
1538 4684 1793 4752 compulit
1822 4685 1949 4752 ipsis
2395 4686 2439 4739 A
2475 4686 2659 4739 Grecis
2679 4686 2823 4754 regni
2853 4686 3092 4740 deiectus
3121 4686 3371 4752 culmine,
3402 4702 3625 4758 magnas

734 4780 999 4834 Hibernas
1019 4777 1173 4831 sedes
1195 4776 1350 4830 simul
1376 4783 1430 4829 et
1460 4775 1724 4844 stipendia
1749 4776 1975 4830 cunctis.
2393 4775 2671 4843 Nequitiae
2691 4775 2910 4829 dederat
2928 4774 3165 4842 privatus
3186 4773 3385 4831 lumine
3404 4790 3622 4846 poenas.

736 4871 850 4925 iluc
875 4882 939 4921 ex
966 4866 1114 4921 italia
1141 4865 1289 4920 venit
1310 4863 1564 4934 Pippinus
1590 4865 1656 4918 ad
1700 4865 1904 4933 ipsum;
2268 4890 2281 4895 ι
2396 4864 2544 4919 Unus
2565 4875 2683 4918 erat
2704 4865 2896 4919 missus
2926 4864 3168 4930 .‘dichael,
3199 4876 3254 4920 et
3283 4867 3550 4934 presbiter
3572 4866 3709 4921 alter

736 4960 985 5027 Hispanis
1003 4958 1166 5012 etiam
1196 4955 1407 5011 rediens
1428 4956 1769 5011 Hludowieus
1794 4958 1861 5010 ab
1887 4957 2052 5011 horis.
2394 4953 2735 5023 Theophilus,
2764 4955 2957 5024 quibus
2988 4963 3071 5010 est
3108 4956 3321 5009 tandem
3366 4956 3710 5024 poscentibus
3751 4964 3933 5021 actum,
4034 4978 4035 4993 ς

737 5050 1011 5103 llunorum
1043 5061 1253 5115 quoque
1274 5045 1451 5113 legati,
1482 5059 1579 5098 nec
1606 5060 1707 5098 non
1736 5044 2043 5110 Hadcfonsi,
2400 5042 2469 5097 Ut
2492 5058 2680 5114 magna
2709 5046 2848 5113 regis
2869 5046 3063 5114 pietate
3093 5044 3376 5110 Sisinnius,
3402 5046 3532 5101 olim
4034 5040 4035 5107 Ξ

736 5137 985 5194 Asturiae
1007 5136 1164 5206 regis,
1197 5150 1357 5203 quam
1391 5134 1625 5188 maxima
1651 5134 1789 5190 dona
1817 5135 2075 5201 ferentes,
2396 5135 2455 5188 in
2480 5133 2619 5188 bello
2645 5144 2851 5204 captus,
2876 5135 3101 5203 patriam
3129 5133 3383 5190 dimissus
3401 5136 3594 5190 abiret.

740 5231 818 5285 Ex
851 5236 960 5282 tam
990 5225 1290 5295 longinquis
1312 5224 1561 5281 Carolum
1588 5225 1747 5280 terris
1775 5226 2037 5282 adierunt.
2405 5226 2455 5280 ls
2480 5240 2764 5296 germanus
2785 5234 2899 5278 erat
2923 5224 3159 5294 praelate
3181 5225 3440 5294 praesulis
3458 5227 3628 5292 urbis,

692 5348 695 5351 -
740 5323 878 5377 Hinc
900 5319 1057 5374 estin
1084 5332 1304 5387 regnum
1340 5318 1612 5387 proprium
1631 5316 1882 5402 dimissus
1901 5325 2122 5388 uterque
2398 5317 2514 5383 Que
2535 5325 2693 5387 caput
2719 5316 2927 5397 imperii
2949 5316 3241 5373 Grecorum
3276 5317 3454 5373 nobile
3473 5316 3661 5387 fulget.

739 5408 956 5480 Regalis
983 5406 1138 5462 natus
1163 5423 1176 5458 :
1206 5405 1353 5459 misit
1378 5421 1587 5474 quoque
1609 5394 1730 5461 cuni
1752 5404 2061 5461 Illudowico
2401 5408 2496 5463 His
2520 5423 2731 5478 quoque
2754 5394 3004 5472 dimissis,
3028 5406 3310 5463 Hadel‘onsi
3338 5408 3479 5478 regis
3502 5408 3569 5463 ab
3595 5408 3750 5464 horis

735 5497 871 5554 Abd‘.
893 5496 1033 5557 llam,
1066 5495 1156 5563 qui
1190 5501 1309 5563 post
1346 5493 1573 5563 patriam
1611 5494 1898 5557 deductus,
1932 5503 1986 5547 et
2023 5495 2123 5548 illis
2398 5497 2647 5566 Hispanis
2668 5511 2860 5551 venere
2887 5498 3008 5563 viri,
3038 5498 3130 5567 qui
3162 5511 3381 5552 munera
3402 5512 3594 5569 magno

741 5588 831 5640 Est
860 5583 1199 5648 commissus,
1229 5585 1296 5637 ad
1326 5584 1426 5637 hoc
1450 5597 1584 5652 quos
1611 5592 1736 5637 tunc
1760 5584 1993 5653 elegerat
2026 5583 2155 5653 ipse,
2398 5586 2699 5640 Attulerant
2725 5585 2932 5650 Carolo,
2963 5594 3280 5642 renovantcs
3305 5584 3490 5642 foedus
3515 5587 3742 5654 avitum,

744 5679 807 5731 Et
829 5691 1054 5747 quorum
1080 5674 1198 5728 fidei
1227 5689 1283 5728 se
1305 5677 1521 5730 credere
1546 5689 1649 5729 non
1671 5674 1948 5729 dubitavit.
2401 5676 2625 5746 Semper
2645 5676 2877 5730 amicitia
2903 5690 3055 5748 reges
3081 5676 3224 5745 quod
3248 5674 3495 5730 iunxerat
3520 5675 3694 5745 ipsos;

745 5767 854 5821 [lex
885 5773 1058 5821 autem
1088 5763 1325 5819 residens
1352 5765 1405 5818 in
1428 5762 1700 5821 Saxonum
1737 5764 1991 5833 regione,’
2402 5766 2589 5838 Magna
2621 5766 2813 5836 quibus
2847 5767 3061 5823 dederat
3089 5765 3347 5838 susceptis
3380 5765 3517 5822 dona
3543 5766 3789 5839 benigne,
