4266 6422
116 494 227 548 7S3

125 603 198 655 ,λε
221 602 448 670 patriam
476 602 565 654 tali
601 602 764 655 laetos
792 603 990 657 dimisit
1011 605 1230 658 honore.

121 691 296 744 lnsule
323 691 500 744 invase
521 689 762 744 Baleares
791 706 906 744 esse
947 690 1186 746 feruntur

127 781 242 833 lloc
266 795 424 842 anno,
455 794 676 847 quarum
704 779 948 834 Maiorica
966 772 1161 834 dicitur
1196 796 1317 841 una,

129 868 308 920 Altera
333 882 524 920 nomen
544 868 702 921 habet
723 883 962 921 sermone
991 869 1238 922 Minorica
1261 869 1450 937 prisco.

129 957 240 1011 llas
267 957 462 1011 etenim
485 956 650 1009 Mauri
674 958 1010 1010 devastavere
1041 965 1242 1026 pyrate.

131 1046 200 1096 At
231 1060 322 1098 rex
348 1043 581 1113 praefata
614 1052 816 1111 tempus
843 1045 1128 1097 celebravit.
1153 1045 1204 1096 in
1232 1043 1369 1105 aula,

127 1131 242 1195 Quo
276 1132 419 1185 nasci
444 1131 609 1184 voluit.
634 1131 762 1184 coeli
794 1139 1068 1199 terraeque
1089 1139 1312 1193 creator,

132 1224 194 1275 Et
219 1238 322 1290 quo
353 1237 496 1276 mors
521 1222 704 1274 mortis
725 1220 823 1274 fuit
849 1220 1216 1288 infcrnumque
1244 1217 1554 1279 momordit,

133 1309 379 1362 Reddidit
407 1317 461 1362 et
483 1308 634 1362 nobis
656 1308 814 1360 vitam
843 1309 905 1362 de
932 1315 1099 1360 morte
1128 1319 1425 1375 resurgens.

594 1437 742 1490 Anno
779 1437 899 1490 799.
925 1436 1112 1489 Iudicl.
1143 1434 1194 1487 6.

131 1567 173 1621 Ο
199 1581 356 1634 quam
386 1566 533 1620 triste
559 1564 704 1618 nefas
731 1565 972 1618 mortalia
997 1572 1208 1632 pectora
1235 1563 1421 1616 crebro

130 1655 460 1722 Concipiunt,
485 1670 638 1723 quam
663 1654 932 1721 praecipiti
960 1667 1248 1706 summersa
1269 1649 1525 1718 profundo

131 1748 426 1814 Nequitiae,
455 1746 578 1797 dum
599 1759 702 1796 non
723 1743 881 1812 leges,
915 1757 1018 1794 non
1045 1743 1156 1793 iura
1185 1749 1452 1801 verentur,

131 1837 420 1892 liorrilicos
446 1835 664 1887 nimium
690 1832 830 1886 caeci
859 1832 1105 1884 labuntur
1134 1832 1184 1882 iu
1205 1838 1375 1882 actus.

131 1927 304 1980 Testis
333 1925 419 1976 hic
449 1924 734 1986 est’annus,
759 1936 863 1989 quo
892 1936 978 1973 res
1001 1920 1210 1987 indigna
1241 1919 1406 1970 relatu
1473 1977 1476 1984 η

129 2014 364 2067 Crimine
393 1996 700 2063 Romuleam
739 2023 896 2062 saevo
923 2007 1275 2060 maculaverat
1300 2005 1502 2056 urbem.

129 2099 259 2155 Nam
298 2115 448 2152 sacer
482 2099 720 2157 antistes,
750 2096 941 2148 mundo
970 2092 1284 2146 venerabilis
1308 2090 1472 2152 omni,

126 2190 345 2242 Civibus
372 2203 400 2238 a
419 2185 642 2252 propriis
675 2197 868 2250 poenas
895 2181 1001 2234 Leo
1022 2181 1242 2246 sumpsit
1264 2186 1487 2231 atroces.

127 2274 460 2328 Credidimus
493 2278 751 2322 tormenta
784 2268 993 2335 quidem
1020 2279 1254 2318 cessasse
1298 2264 1522 2332 piorum,

127 2361 435 2417 Iamdudum
458 2357 631 2412 saevis
657 2357 940 2421 tortoribus
965 2356 1084 2423 igne
1123 2345 1358 2452 gcheqne

129 2451 420 2510 Damnatis,
457 2465 590 2517 quos
623 2447 827 2516 imperii
857 2447 978 2499 dum
1015 2453 1219 2512 sceptra
1256 2447 1492 2530 tenentes

125 2541 346 2594 Fecerat
367 2539 532 2590 elatos
560 2531 1048 2600 inmensa'potentia
1073 2532 1216 2584 seeli.
1295 2557 1297 2586 ι

128 2626 448 2694 Martyribus
481 2622 617 2676 cesis
648 2621 928 2688 implerunt
963 2619 1213 2686 sanguine
1241 2617 1459 2668 Romam

125 2713 281 2768 Nunc
310 2713 360 2762 in
388 2705 517 2778 pace
544 2707 665 2760 novi
703 2706 978 2759 sceleratis
1005 2705 1218 2757 ausibus
1243 2702 1345 2756 orti
1376 2712 1402 2739 ι

126 2798 423 2867 Carnifices
439 2796 652 2857 ibidem,
677 2794 828 2862 longe
850 2793 970 2845 licet
997 2791 1272 2845 inferiores

127 2891 248 2944 lure
274 2886 564 2956 potestatis,
593 2883 748 2936 simili
774 2882 863 2934 sed
887 2887 1059 2933 mente
1084 2879 1309 2932 feroces.

130 2976 481 3045 Temporibus
508 2982 708 3026 tantum
738 2972 908 3025 scelus
938 2970 1194 3022 admisere
1221 2965 1504 3046 modernis,

127 3071 331 3124 ludieto
363 3080 481 3120 cum
511 3063 730 3126 iustitio,
754 3076 810 3114 se
833 3060 1039 3129 publica
1070 3068 1188 3113 vota

126 3153 259 3208 Cum
277 3150 518 3219 precibus
536 3145 741 3199 solvens
775 3143 918 3212 plebs
944 3143 1202 3212 castigare
1231 3141 1396 3194 fidelis

127 3243 375 3298 Deberet,
404 3238 706 3305 pariterque
731 3248 853 3286 suos
875 3247 1099 3300 purgare
1123 3239 1318 3284 reatus.

127 3330 266 3381 Tum
288 3327 558 3392 celebrare
584 3320 764 3373 volens
791 3319 986 3372 Christi
1022 3320 1270 3388 mysteria
1295 3318 1498 3372 cunctis

129 3417 232 3468 Pro
264 3413 366 3468 sibi
389 3411 702 3480 commissis,
725 3408 998 3476 sollempni
1029 3421 1174 3460 more
1197 3409 1446 3470 sacerdos,

128 3507 329 3559 Vectus
367 3516 518 3568 equo,
552 3497 895 3552 Lateranensi
924 3496 1178 3564 processit
1207 3495 1272 3546 ab
1299 3495 1435 3553 aula,

127 3593 207 3645 Ad
237 3601 328 3642 tua
364 3587 613 3640 Laurenti
638 3599 862 3653 pergens
883 3599 1034 3636 sacra
1058 3583 1236 3634 limina
1265 3590 1479 3648 martyr,

129 3681 244 3745 Qua
268 3678 430 3730 decus
465 3673 716 3728 ecclesiae
739 3672 904 3724 lectus
936 3672 1086 3723 modo
1122 3669 1327 3752 ferreus
1356 3676 1528 3736 auget,

133 3767 360 3821 Virtutis
383 3764 700 3818 monimenta
725 3771 844 3814 tuac
869 3759 1156 3812 clarissima
1191 3760 1464 3826 praebens,

133 3855 284 3920 Quod
311 3849 749 3922 superimpositus
774 3848 956 3915 prunis
995 3847 1369 3912 contempseris
1401 3846 1565 3911 ignes,

135 3941 386 4010 Corporis
414 3938 692 3990 ardescens
712 3934 910 3988 Christi
937 3934 1101 4002 magis
1123 3934 1262 3986 intus
1298 3948 1495 3986 amore.

139 4030 239 4082 Sed
272 4040 443 4093 neque
471 4023 575 4076 tale
603 4030 747 4075 tuum
777 4021 1019 4074 meritum
1049 4020 1232 4073 sedare
1262 4018 1464 4072 furores

141 4118 368 4172 llostiles
394 4102 585 4182 potuit,
615 4113 741 4180 quin
767 4111 830 4164 ad
859 4120 948 4162 tua
976 4111 1097 4164 dum
1130 4119 1434 4177 properaret

138 4206 372 4258 Antistes
400 4215 637 4255 summus
661 4197 903 4267 suﬂ‘ragia
923 4206 1099 4251 saneta
1121 4199 1361 4264 petenda,

140 4292 362 4345 insidias
392 4289 466 4342 illi
493 4287 651 4342 simul
677 4294 732 4340 et
757 4293 1016 4338 tormenta
1038 4292 1306 4351 pararent.

141 4381 270 4434 Cum
291 4377 550 4432 celeraret
577 4377 695 4434 iter,
727 4375 877 4425 turba
912 4373 1133 4424 vallatus
1163 4373 1358 4438 iniqua,
1407 4415 1414 4422 .

144 4467 502 4532 Crudelesque
529 4477 714 4516 manus
735 4461 984 4520 tolerans,
1008 4461 1256 4512 amiserat
1280 4461 1446 4528 ipsum

145 4555 551 4612 Ell’ossis'oculis
579 4555 773 4616 lumen,
804 4552 1033 4620 linguam
1053 4564 1259 4618 quoque
1281 4558 1446 4602 tortor

146 4649 427 4710 Praecidit,
451 4645 750 4711 nudumque
770 4642 957 4695 dehinc
982 4642 1179 4709 liquere
1211 4640 1468 4692 iacentem

147 4735 582 4798 Seminecemque
609 4728 756 4793 loris,
780 4728 1042 4782 foedatum
1071 4728 1322 4797 sanguine
1353 4726 1534 4787 multo,

146 4822 303 4889 Inque
331 4816 706 4873 monasterium
728 4817 975 4882 posthaec
1001 4815 1252 4868 deductus
1276 4813 1512 4866 Herasmi

149 4909 396 4979 Martyris
414 4936 484 4946 —
505 4915 748 4959 auctores
769 4903 892 4958 facti
917 4904 993 4956 sic
1017 4918 1201 4969 nempe
1237 4903 1484 4955 iubebant
1504 4930 1571 4940 —-

149 4995 378 5050 Curaudi
407 4993 584 5061 specie
607 4991 777 5046 fuerat
802 4999 1041 5044 servatus
1068 4991 1120 5043 in
1142 4991 1272 5057 ipso.

152 5081 321 5135 Donec
349 5093 674 5149 cognoscens
705 5077 967 5145 Wingisus
993 5078 1019 5115 δ
1045 5092 1127 5130 res
1145 5078 1216 5128 ita
1247 5085 1439 5145 gestas,

153 5169 262 5222 Dux
290 5168 627 5237 Spoletanus,
651 5165 868 5217 Romam
896 5165 1117 5217 lestinus
1151 5165 1328 5224 adivit,

155 5253 416 5323 Nocteque
441 5251 647 5305 sublato
677 5265 770 5318 per
795 5265 998 5303 murum
1032 5250 1270 5316 praesule
1298 5265 1466 5310 sacro,

156 5339 207 5392 In
232 5357 323 5395 sua
345 5356 464 5396 cum
493 5339 644 5391 iustis
665 5339 873 5390 deduxit
896 5338 1181 5391 honoribus
1202 5339 1385 5404 ipsum.
1431 5338 1435 5341 ’

159 5425 251 5491 Qui
273 5430 563 5482 miserante
596 5425 702 5478 Deo
728 5433 992 5478 transacto
1013 5434 1247 5494 tempore
1274 5440 1459 5492 pauco,

225 5587 248 5614 ι
303 5575 366 5627 R.
427 5573 568 5628 Orci.
614 5549 1084 5638 Interpunetionem
1136 5568 1534 5623 Reineccianam
1583 5569 1679 5622 hoc

163 5642 270 5695 loco
311 5643 578 5717 vitiosam,
620 5635 809 5717 puncto
849 5647 964 5716 post
1008 5635 1221 5690 Romam
1255 5638 1490 5701 sublato,
1519 5638 1684 5690 altero

163 5721 270 5776 post
300 5712 490 5778 {cruces
527 5712 714 5772 posito,
738 5712 961 5758 correxi.

551 5798 804 5855 Parant”
849 5791 1067 5856 XCIX.

380 501 384 504 ’
438 495 682 548 ANNAL.
725 494 809 547 DE
848 494 1089 548 GESTIS
1131 496 1185 546 Β.
1227 494 1467 547 CAROLI
1511 491 1714 544 MACNI
1755 492 1874 544 LIB.
1923 493 1980 544 Υ.
2022 522 2085 528 —~
2127 494 2275 544 ‘v'i'l‘A
2317 491 2575 544 CAROU.
2616 521 2679 527 να
2715 492 2837 543 LIB.
2885 493 2966 544 lll.

3161 497 3306 552 .7”

1689 614 1730 668 Α
1761 602 2023 654 Amissum
2053 602 2235 668 recipit
2263 603 2428 655 visum
2451 604 2751 671 pariterque
2779 603 3039 669 loquelam
3071 620 3084 655 :
3120 598 3122 600 ⁷

1759 690 1862 743 Seu
1892 691 2014 758 quia
2034 690 2287 743 festinans
2318 698 2487 742 tortor
2515 692 2886 758 trepidansque
2913 691 3172 754 nefandis,

1760 779 1892 830 Dum
1921 786 2293 855 concurrentes
2320 779 2504 831 metuit
2524 793 2626 830 non
2656 779 2778 831 talia
2811 780 2993 834 turbas
3251 769 3260 774 ’

1757 865 2028 927 Passuras,
2053 867 2144 919 sed
2169 866 2296 918 velle
2319 881 2470 918 suum
2499 864 2778 919 defendere
2807 881 3018 933 papam,

1760 954 1870 1007 Non
1896 965 2148 1021 quantum
2181 955 2343 1008 voluit
2370 956 2601 1008 crudelia
2645 957 2780 1009 facta
2808 957 3009 1026 peregit
3033 976 3047 1010 ε

1693 1108 1706 1118 1
1761 1038 2422 1110 Ξειι,’‹ιιιοι1-ονοάοη‹1υιιι
2464 1042 2632 1110 magis
2667 1050 2784 1108 est,
2830 1044 3044 1111 antiqua
3085 1046 3292 1101 redem-

3138 1133 3294 1205 [pter

1759 1217 1860 1270 Per
1884 1219 2129 1270 meritum
2157 1219 2329 1286 magni
2357 1232 2615 1272 renovans
2635 1220 2890 1274 miracula
2916 1218 3080 1287 Petri,

1761 1305 1947 1358 Sanari
1974 1321 2330 1360 successorem
2357 1308 2644 1372 donaverat
2668 1309 2801 1362 eius.

1713 1425 1724 1447 .
1761 1390 1901 1444 llaec
1921 1391 2207 1459 Winigisus
2223 1401 2280 1444 ut
2301 1393 2364 1444 ad
2385 1391 2559 1445 Caroli
2587 1393 2688 1444 dux
2729 1395 2916 1446 detulit
2943 1411 3119 1473 aures,

1759 1478 2070 1531 Admonitus
2099 1479 2356 1545 probitate
2381 1480 2478 1531 viri
2503 1495 2812 1548 summeque
2844 1480 3064 1537 colendo

1762 1561 1954 1618 Ordine
1977 1567 2112 1624 sedis
2135 1567 2472 1634 apostolicae,
2503 1565 2595 1620 rex
2620 1569 2791 1632 iussit,
2820 1577 2878 1622 ut
2908 1572 2973 1625 ad
2999 1586 3058 1625 se

1760 1651 2007 1704 Glorifico
2035 1654 2211 1720 presul
2241 1656 2494 1708 deductus
2520 1657 2716 1709 honore
2745 1658 2965 1711 veniret.

1762 1741 1876 1809 Egit
1904 1743 2006 1794 iter
2027 1751 2200 1795 tamen
2229 1743 2336 1810 ipse
2361 1760 2532 1806 suum,
2554 1743 2788 1800 decrevit
2808 1755 2864 1800 ut
2883 1757 3023 1812 ante,

1763 1827 2030 1881 Saxonum
2052 1839 2218 1883 terras
2241 1832 2444 1898 adiens,
2472 1833 2769 1900 ibidemque
2797 1836 2984 1890 locatis

1694 1931 1737 1988 Β
1761 1914 1839 1968 Ad
1870 1915 2285 1971 Padarbrunnon
2319 1929 2340 1956 ο
2374 1918 2538 1972 multo
2559 1935 2678 1973 cum
2702 1921 2866 1976 milite
2886 1925 3094 1986 castris.

1764 2000 2141 2069 Opperiebatur
2177 2020 2279 2078 non
2321 2021 2481 2072 parvo
2508 2015 2740 2074 tempore
2769 2010 2959 2064 summi

1762 2090 2026 2144 Praesulis
2047 2093 2345 2146 adventum.
2371 2094 2588 2149 Carolus
2610 2112 2835 2165 quoque,
2860 2100 3001 2167 regia
3027 2100 3199 2168 proles
3215 2140 3229 2164 ,

1761 2178 1804 2230 Α
1831 2174 1982 2246 patre
2011 2182 2202 2233 missus
2223 2183 2289 2234 ad
2314 2182 2547 2234 eiusdem
2567 2185 2792 2237 conlinia
2822 2187 3012 2253 gentis,

1762 2266 2002 2321 Perrexit
2040 2268 2146 2321 lato
2169 2285 2270 2337 qua
2321 2269 2529 2337 profluit
2567 2271 2718 2324 Albia
2765 2288 2944 2336 cursu,

1764 2357 2095 2423 Disponenda
2120 2358 2294 2412 forent
2319 2359 2442 2413 dum
2474 2360 2609 2414 forte
2633 2364 2842 2430 negotia
2871 2365 3128 2432 quaedam

1764 2445 1894 2499 Cum
1928 2447 2105 2501 Willis
2126 2456 2177 2500 et
2212 2449 2498 2513 Ahodrilis,
2519 2466 2581 2502 ac
2614 2451 2928 2517 suscipiendi

1767 2534 2002 2588 Saxones
2015 2537 2191 2603 aliqui,
2210 2539 2294 2605 qui
2326 2554 2380 2592 se
2406 2540 2468 2592 de
2492 2541 2727 2606 partibus
2756 2541 2859 2594 illis

1765 2621 2196 2694 lam'dclegerunt
2221 2626 2340 2680 ﬁdei
2363 2629 2691 2681 committere
2717 2631 2875 2698 regis.

1722 2769 1725 2773 _
1768 2711 1907 2766 Haec
1935 2714 2062 2766 satis
2085 2715 2290 2783 egregie
2317 2731 2572 2784 peragens
2597 2717 2720 2770 dum
2750 2725 2956 2776 cuncta,
2984 2727 3219 2773 moratus

1767 2796 1946 2850 Iunior
1968 2810 2108 2852 esset
2136 2801 2188 2871 in
2215 2801 2295 2854 his
2321 2800 2560 2866 Carolus,
2586 2812 2888 2871 spectatque
2910 2819 3176 2859 reversum

1767 2883 1901 2938 Dum
1936 2887 2107 2939 videat
2137 2895 2316 2942 natum
2355 2891 2524 2956 patrio
2554 2907 2643 2943 rev
2678 2907 2897 2960 magnus
2925 2908 3123 2956 amore,

1771 2972 1925 3025 Venit
1945 2975 2280 3040 apostolicus,
2319 2984 2578 3030 terrarum
2600 2994 2765 3046 poene
2793 2995 3064 3049 supremas

1769 3057 1876 3112 lam
1898 3071 2178 3128 penetrans
2206 3064 2381 3115 horas.
2408 3064 2481 3115 llli
2506 3065 2587 3116 via
2621 3075 2762 3118 tanta
2784 3077 2995 3134 peracta

1772 3145 1893 3197 Visa
1914 3146 2088 3198 brevis
2114 3147 2306 3210 fuerat,
2330 3150 2450 3216 quia
2483 3163 2914 3219 (ompensaverat
2940 3171 3123 3210 omnes

1697 3234 1740 3293 C
1769 3231 1963 3285 lntuitu
1989 3234 2160 3286 Caroli
2185 3251 2322 3303 quos
2346 3237 2560 3303 pertulit
2582 3249 2704 3293 ante
2730 3241 2955 3302 labores,

1771 3319 1814 3370 Α
1848 3336 1952 3388 quo
1979 3331 2288 3375 cunctorum
2315 3325 2566 3378 solamina
2595 3327 2749 3395 digna
2775 3329 3030 3382 malorum

1773 3407 1949 3460 Danda
1973 3409 2071 3462 sibi
2105 3412 2294 3464 merito
2321 3426 2412 3478 spe
2437 3421 2580 3465 certa
2607 3415 2830 3467 credidit
2854 3404 2997 3469 olim.

1770 3496 2005 3566 Namque
2025 3501 2462 3569 propinquantem
2489 3509 2608 3556 cunt
2630 3506 2854 3572 primum
2875 3516 3111 3571 noverat,
3133 3509 3204 3562 illi

1770 3585 1968 3637 Obvius
1991 3587 2100 3651 ipse
2123 3587 2236 3639 loco
2261 3588 2325 3641 de
2350 3596 2640 3643 castrorum
2669 3598 2958 3646 memorato

1773 3674 2007 3742 Stipatus
2044 3677 2221 3729 multis
2249 3679 2555 3746 populorum
2580 3681 2790 3734 milibus
2817 3683 2941 3735 ibat.

1774 3765 2184 3834 l‘outilicemque
2226 3768 2394 3819 vicem
2433 3769 2602 3831 Petri,
2647 3772 2728 3822 cui
2771 3772 3016 3825 claudere
3064 3774 3238 3826 coelos

1772 3851 1835 3901 lit
1858 3867 2093 3904 reserare
2115 3851 2236 3904 licet
2271 3854 2447 3915 verbo,
2472 3856 2749 3922 sedemque
2772 3866 3034 3910 tenentem

1773 3937 2010 4006 Suscepit
2038 3956 2155 3992 cum
2181 3942 2458 4008 magnifico
2486 3951 2785 3996 reverenter
2812 3945 3029 3999 honore.

1771 4027 2006 4095 Cumque
2031 4030 2143 4081 dies
2169 4029 2368 4097 aliquot
2400 4031 2566 4084 laetos
2598 4033 2666 4084 ibi
2694 4034 2933 4097 duceret,
2962 4039 3097 4090 idem

1771 4113 2044 4168 lnsinuans
2071 4116 2280 4184 praesul
2302 4133 2394 4172 sua
2421 4129 2657 4187 quaeque
2687 4123 2892 4190 negotia
2917 4126 3047 4193 regi,

1771 4199 1913 4252 lllius
1933 4200 2137 4254 facilem
2172 4205 2415 4271 cognovit
2444 4205 2506 4255 ad
2533 4208 2706 4259 omnia
2734 4216 2962 4261 mentem

1773 4287 2138 4352 Concedenda,
2167 4291 2252 4356 pie,
2290 4291 2452 4343 voluit
2495 4308 2834 4363 quiecumque
2877 4301 3112 4362 praecari

1774 4376 1896 4428 lude
1919 4377 2267 4429 reducendum
2290 4378 2442 4446 digne
2463 4381 2782 4448 primoribus
2805 4385 2947 4436 illum

1776 4463 2096 4518 Francorum
2117 4469 2526 4525 commendavit.
2553 4471 2639 4536 qui
2672 4472 2808 4524 iussa
2845 4475 3103 4540 replentes
3177 4478 3193 4488 ⁹

1708 4533 1758 4590 Ῑ)
1780 4550 2002 4618 lngressi
2026 4555 2221 4621 pariter
2240 4555 2460 4607 Romam
2491 4572 2581 4608 sua
2607 4560 2948 4614 restituerunt

1780 4637 1965 4692 Omnia
1987 4641 2216 4707 pontifici
2243 4658 2471 4706 rursum,
2496 4659 2600 4713 quo
2626 4647 2736 4700 iura
2764 4654 3021 4718 regendae

1782 4725 1934 4781 Sedis
1949 4729 2262 4794 apostolicae
2286 4731 2552 4799 iustosque
2577 4741 2775 4787 teneret
2792 4738 3035 4789 honores.

1783 4817 1845 4869 Et
1871 4826 1988 4886 post
2015 4819 2300 4872 discessum
2331 4835 2492 4887 papae
2522 4836 2615 4873 rex
2650 4823 2799 4874 duxit
2826 4825 3009 4878 eodem

1783 4903 2038 4972 Tempora
2070 4919 2230 4972 pauca
2254 4907 2387 4965 loco,
2417 4906 2588 4960 subito
2613 4921 2730 4960 cum
2759 4911 2924 4998 tristis
2948 4912 3012 4964 ad
3039 4912 3181 4966 illum

1783 4991 2013 5043 Nuncius
2035 4993 2302 5045 interitum
2333 5008 2606 5060 procerum
2629 4991 2954 5063 mortemque
2987 4999 3205 5053 duorum

1782 5079 1992 5141 Detulit,
2016 5079 2241 5146 insignes
2264 5080 2387 5134 fecit
2412 5098 2543 5150 quos
2563 5083 2788 5135 maxima
2814 5086 2998 5140 virtus.

1784 5165 1934 5218 Unus
1962 5168 2377 5219 erat'Baioariae
2399 5183 2594 5229 comes,
2624 5168 2771 5236 isque
2803 5182 3017 5224 vocatus

1782 5252 2055 5316 Geroldus,
2081 5254 2170 5320 qui
2197 5269 2313 5305 cum
2341 5254 2588 5320 populum
2607 5255 2884 5308 defendere
2908 5257 3102 5312 Christi

1785 5341 2037 5404 Conatus,
2063 5343 2197 5395 bello
2218 5344 2389 5396 saevis
2409 5345 2688 5397 obsisteret
2717 5345 2902 5408 Hunis,

1784 5430 1980 5483 Finivit
2003 5431 2162 5482 vitam
2185 5430 2439 5498 fragilem,
2461 5431 2783 5499 sumpsitque
2805 5447 3108 5500 perennem.

1857 5578 1883 5615 ι’
1911 5577 1998 5636 Β..
2025 5577 2327 5645 η’ἰηὶθὶδιω.

1859 5657 1877 5682 τ
1913 5647 1974 5698 R.
1987 5685 1999 5708 ,
2030 5645 2454 5699 Paderbrunnon.

2823 5797 2896 5853 23
