4266 6444
692 447 795 502 ’745

698 557 858 608 Italici
883 568 1005 605 vero
1028 550 1193 604 fuerat
1219 550 1321 602 dux
1350 550 1530 604 limitis
1555 551 1707 612 alter,

699 644 893 697 Nomen
918 641 1113 694 habens
1142 639 1377 701 Erichus,
1407 640 1496 706 qui
1521 649 1639 706 post
1674 639 1805 692 bene
1838 637 2056 704 plurima
2085 645 2227 703 gesta

698 731 916 790 Praelia,
945 735 1061 797 post
1081 729 1267 781 crebro
1301 736 1537 795 sumptos
1561 742 1626 780 ex
1656 727 1806 780 hoste
1834 726 2157 792 triumphos,

696 820 1004 886 Oppugnare
1022 815 1372 868 Liburnorum
1404 815 1742 868 contenderat
1771 813 1957 866 urbem

698 905 1077 966 Tharsaticam,
1108 903 1352 968 civesque
1372 901 1470 954 loci
1496 916 1651 969 quem
1673 902 1862 954 robore
1887 914 2096 968 semper

698 995 948 1047 Invictum
981 1004 1190 1054 novere,
1223 990 1356 1043 dolis
1390 1004 1452 1042 ac
1480 988 1660 1042 fraude
1682 996 1958 1042 necarunt.

765 1080 832 1134 At
853 1079 1091 1140 Carolus,
1119 1085 1371 1144 quantum
1412 1085 1614 1143 tempus
1645 1076 1956 1144 permiserat
1985 1073 2129 1136 illud,

699 1168 965 1221 Saxonum
997 1167 1154 1220 rebus
1178 1173 1326 1218 certo
1348 1163 1704 1217 moderamine
1725 1163 1929 1216 cunctis

701 1251 991 1321 Dispositis,
1024 1253 1075 1305 in
1103 1250 1416 1319 Aquisgrani
1454 1265 1509 1302 se
1530 1249 1747 1303 contulit
1774 1249 1971 1302 aulam.

698 1343 777 1395 Ad
813 1358 969 1411 quem
998 1341 1154 1394 Wido
1178 1354 1373 1401 comes,
1406 1339 1488 1392 cui
1529 1337 1832 1391 Brettonum
1861 1337 2100 1406 regiones

700 1429 1020 1481 Commissae
1059 1428 1282 1489 fuerant,
1312 1427 1481 1494 gentis
1517 1441 1672 1492 quam
1701 1440 1822 1492 sepe
1860 1423 2068 1476 rebellis

703 1517 898 1570 Detulit
929 1531 1073 1569 arma
1101 1515 1312 1575 ducum,
1356 1515 1571 1582 proprio
1612 1527 1743 1580 quae
1786 1511 1995 1565 nomine
2020 1509 2240 1577 quisque

701 1605 953 1672 Inscripto
976 1604 1188 1658 dederat
1213 1617 1226 1654 :
1254 1604 1458 1671 signum
1485 1601 1593 1653 fore
1618 1598 1897 1653 deditionis

704 1693 813 1746 Iloc
840 1701 1070 1745 statuere
1104 1705 1248 1752 suae,
1279 1689 1498 1741 Francis
1527 1689 1726 1740 servire
1763 1687 1948 1741 coacti.

703 1779 835 1831 Nam
871 1779 1028 1832 sociis
1062 1791 1238 1831 comes
1263 1776 1347 1830 ille
1374 1777 1483 1829 suis
1509 1791 1628 1828 cum
1658 1776 1894 1844 pluribus
1920 1775 2084 1842 ipsam

706 1865 815 1918 IIoc
840 1881 974 1920 anno
1003 1865 1212 1935 penitus
1240 1852 1436 1917 terram
1463 1864 1780 1915 lustraverat
1803 1877 2034 1924 omnem,

704 1955 874 2006 Corda
905 1954 1124 2006 domans
1150 1952 1272 2005 belli
1297 1959 1501 2004 terrore
1528 1950 1720 2005 ferocia
1745 1950 1949 2018 grandi.

707 2043 771 2094 Et
797 2043 898 2095 iam
921 2048 1173 2110 perpetuo
1201 2039 1479 2093 Brettones
1510 2039 1623 2092 iure
1650 2040 1851 2092 subacti

707 2131 955 2182 Parerent
983 2127 1220 2191 Francis,
1253 2128 1297 2181 si
1325 2142 1429 2180 non
1463 2127 1724 2195 promissa
1757 2127 2015 2194 {Idemque

706 2217 909 2269 Perfida
935 2215 1136 2269 fallacis
1161 2222 1453 2269 mutassent
1475 2223 1687 2282 pectora
1713 2213 1900 2286 plebis.

776 2303 924 2358 Tunc
953 2318 1161 2372 quoque
1188 2289 1531 2365 Sarracenus,
1559 2303 1702 2355 Azan
1729 2302 2035 2370 cognomine
2057 2301 2244 2360 dictus.

709 2395 914 2448 Direxit
941 2391 1130 2448 Carolo
1149 2393 1324 2447 claves
1350 2395 1433 2446 cui
1461 2393 1689 2460 praefuit
1725 2393 1874 2445 urbis

709 2483 876 2537 Oscae
899 2512 968 2522 —-
993 2484 1071 2536 sic
1101 2483 1244 2536 illam
1271 2483 1521 2536 vocitavit
1549 2482 1774 2534 barbara
1798 2481 1970 2550 lingua
1999 2510 2066 2518 —

708 2569 995 2638 Magnaque
1031 2567 1168 2620 dona
1193 2568 1344 2620 simul
1373 2569 1601 2630 mittens,
1636 2569 1772 2621 hanc
1799 2569 2005 2619 tradere
2033 2582 2148 2620 sese

709 2657 980 2720 Promisit,
1009 2658 1052 2710 si
1079 2665 1287 2724 tempus
1309 2657 1374 2709 ad
1404 2657 1503 2709 hoc
1535 2658 1861 2725 contingeret
1892 2665 2090 2723 aptum.

781 2746 928 2800 Tunc
957 2747 1303 2801 IIierosolima
1330 2746 1618 2799 monachus
1651 2749 1882 2800 directus
1910 2748 1976 2801 ab
2005 2749 2156 2809 urbe,

709 2837 950 2891 lnmenso
973 2837 1195 2890 nimium
1227 2836 1403 2904 spacio
1427 2845 1705 2904 terraeque
1738 2837 2007 2905 marisque

708 2926 1054 2985 Transcurso,
1083 2923 1194 2992 regi
1222 2938 1410 2976 munus
1439 2924 1725 2991 preciosius
1751 2925 1897 2977 omni

709 3013 853 3062 Auro
878 3011 1152 3075 detulerat,
1182 3011 1426 3063 mittente
1448 3011 1534 3078 pio
1556 3010 1855 3077 patriarcha

709 3099 931 3165 Pignera
958 3106 1138 3152 sancta
1171 3098 1292 3162 loci,
1325 3097 1564 3153 Christus
1592 3114 1695 3166 quo
1733 3115 1892 3153 carne
1926 3100 2162 3168 sepultus

715 3185 881 3236 Morte
902 3185 1193 3238 resurrexit
1221 3186 1377 3248 victa,
1402 3200 1506 3252 quo
1537 3187 1726 3249 gaudia
1751 3188 1945 3240 mundo

713 3271 941 3339 Angelus
968 3273 1096 3324 haec
1121 3272 1252 3324 caeli
1283 3273 1473 3325 missus
1500 3273 1731 3325 narravit
1761 3274 1825 3326 ab
1853 3287 1992 3326 arce.

717 3362 828 3411 Itex
855 3376 1061 3428 quoque
1084 3361 1310 3414 natalem
1334 3362 1539 3415 Domini
1566 3362 1849 3416 celebravit
1880 3364 1931 3415 in
1967 3364 2084 3416 aula

715 3448 820 3499 Iam
848 3448 1002 3509 dicta,
1043 3448 1464 3514 monachumque
1505 3450 1692 3502 dehinc
1720 3465 1956 3503 remeare
1992 3453 2251 3504 volentem

714 3535 971 3598 Absolvit,
998 3535 1347 3602 comitemque
1379 3523 1532 3588 simul
1555 3538 1901 3590 coniunxerat
1929 3538 1999 3590 illi

717 3625 1050 3685 Zachariam,
1082 3623 1272 3692 regalis
1301 3632 1416 3676 erat
1441 3625 1527 3692 qui
1563 3628 1835 3693 presbyter
1871 3628 2038 3680 aulae.

721 3712 820 3763 I‘er
846 3726 1000 3778 quem
1029 3725 1215 3777 magna
1243 3694 1370 3763 locis
1398 3711 1542 3764 misit
1579 3711 1793 3764 donaria
1820 3716 2034 3776 sanctis,

719 3815 741 3838 ιι
775 3801 944 3866 Atque
969 3800 1096 3853 viris
1117 3800 1323 3866 inopem
1353 3799 1516 3851 vitam
1541 3800 1851 3855 ducentibus
1883 3802 2008 3866 illic,

719 3889 784 3938 Iit
811 3885 944 3938 mala
982 3887 1244 3954 perpessis
1264 3887 1441 3939 mundi
1471 3888 1568 3940 sub
1594 3889 1802 3944 nomine
1825 3889 2041 3943 Christi.

1187 3976 1332 4027 Anno
1360 3975 1481 4028 800.
1514 3975 1700 4029 Indici.
1733 3979 1780 4028 7.

721 4066 903 4118 Martia
931 4079 1050 4118 cum
1082 4065 1281 4118 medios
1313 4065 1608 4131 explessent
1635 4075 1867 4136 tempora
1891 4087 2094 4134 cursus,

720 4154 929 4207 Phebus
953 4162 1005 4205 et
1038 4153 1243 4206 initium
1269 4155 1444 4206 mundi
1471 4156 1633 4208 totius
1655 4167 1705 4209 et
1735 4160 1859 4210 anni

716 4240 912 4292 Arietis
936 4239 1154 4292 aetherii
1181 4241 1423 4306 gradiens
1444 4242 1495 4294 in
1518 4243 1664 4311 signa
1689 4252 1916 4309 tonaret,

717 4327 1043 4395 Florigerum
1066 4328 1218 4380 rediit
1244 4328 1428 4382 hiemis
1460 4345 1552 4382 ver
1578 4346 1761 4399 aspera
1788 4337 2009 4402 pellens,

716 4412 1014 4468 Frondibus
1040 4430 1302 4469 exornans
1327 4416 1502 4480 silvas,
1530 4425 1584 4470 et
1609 4408 1758 4485 prata
1785 4423 1975 4476 virenti

719 4503 987 4566 Gramine,
1011 4506 1141 4559 dans
1169 4508 1353 4561 avibus
1379 4523 1552 4571 voces,
1576 4522 1854 4578 augmenta
1881 4516 2082 4576 diebus,

690 4635 691 4638 η
721 4590 851 4642 Tum
881 4592 1039 4644 decus
1063 4596 1327 4660 egregium
1354 4598 1552 4658 mundi,
1582 4598 1669 4651 lux
1692 4600 1832 4653 clara
1857 4604 2097 4656 moderni

719 4678 1011 4745 Temporis,
1037 4694 1101 4732 ex
1127 4682 1243 4733 aula
1271 4682 1485 4736 Carolus
1510 4700 1815 4753 progressus
1834 4691 2083 4759 Aqucnsi,

717 4764 1070 4831 Occani'litus,
1107 4785 1295 4823 nomen
1327 4773 1411 4824 cui
1440 4771 1671 4828 Gallicus
1694 4786 1857 4840 extat,

716 4851 1019 4919 Lustrabat,
1049 4857 1373 4925 classemque
1407 4864 1538 4915 mari
1563 4863 1782 4930 perfecit
1810 4869 1861 4919 in
1894 4870 2026 4937 ipso,

719 4941 965 4995 Infestum
986 4944 1123 5013 quod
1159 4945 1504 5002 Northmanni
1539 4951 1709 5008 fecere
1727 4966 1909 5024 pyrate
1939 4960 1985 5010 δ.

788 5065 811 5090 α
840 5053 912 5104 Ex
939 5053 1090 5107 Einh.
1125 5058 1260 5120 Vita,
1287 5075 1335 5111 c.
1363 5059 1450 5112 27.

2008 443 2246 497 ΡΟΕΤᾹΞ
2286 442 2572 496 SAXONIS

2256 553 2304 608 Α
2332 546 2436 599 Iam
2471 557 2593 599 tunc
2623 545 2944 597 Francorum
2981 545 3199 599 nimium
3234 559 3362 614 gens
3388 546 3542 599 noxia
3567 560 3758 615 regno.

3790 441 3892 496 7I6

2331 637 2491 702 Inque
2513 635 2846 698 monasterio,
2876 628 3044 688 sancti
3072 650 3177 703 quo
3201 636 3435 689 membra
3471 637 3760 704 quiescunt

2333 725 2585 786 Richarii,
2624 724 2908 778 celebravit
2933 739 3097 778 ovans
3119 724 3427 792 sollempnia
3461 727 3716 793 paschae.

2335 811 2565 864 Tramite
2591 821 2698 863 tum
2728 821 2879 878 cepto
2904 827 3194 881 properans
3222 814 3462 881 pervenit
3489 815 3556 867 ad
3589 816 3785 869 urbem

2334 900 2669 962 Turonicam,
2711 900 2934 954 Martine
2970 911 3114 954 tuam
3143 901 3475 955 sanctissime
3501 905 3770 966 tumbam.

2333 985 2432 1048 Qui
2462 985 2731 1039 confessor
2757 986 3043 1053 apostolica
3065 988 3264 1040 virtute
3289 988 3582 1042 cboruscus

2335 1077 2579 1147 Ell‘ulges,
2614 1079 2742 1132 adiit
2766 1093 3028 1147 quaerens
3058 1077 3306 1148 suffragia
3336 1078 3573 1147 supplex.

2334 1165 2582 1235 Coniugis
2605 1167 2691 1220 hic
2719 1167 2862 1220 illum
2895 1167 3064 1220 tristis
3085 1158 3318 1219 valitudo
3344 1168 3544 1220 morari

2333 1252 2593 1321 Compulit
2625 1272 2636 1306 :
2662 1263 2928 1308 extremas
2958 1255 3029 1308 ibi
3057 1255 3200 1308 vitae
3227 1253 3492 1308 clauserat
3515 1255 3697 1320 horas,

2341 1341 2569 1393 Moribus
2595 1351 2646 1393 et
2670 1343 2810 1394 vitae
2839 1343 3030 1397 merito
3059 1341 3338 1396 laudabilis
3365 1343 3531 1407 omni,
3733 1333 3736 1336 i

2339 1428 2432 1481 Cui
2467 1443 2656 1482 nomen
2684 1430 2996 1499 Liudgardis
3019 1440 3155 1484 erat.
3189 1413 3320 1483 Tum
3357 1431 3543 1486 funere
3565 1433 3722 1501 digno

2341 1515 2446 1567 Illic
2476 1525 2680 1580 curato,
2718 1519 3232 1586 tumulique'decore
3260 1529 3498 1586 peracto,

2340 1606 2453 1673 Ipse
2483 1608 2864 1675 Mogontiacum
2892 1611 3064 1671 rediit,
3093 1612 3384 1680 primisque
3430 1627 3645 1666 suorum

2344 1694 2581 1760 Undique
2615 1695 2863 1758 collectis,
2894 1696 2965 1750 ibi
2995 1705 3309 1751 conventum
3337 1698 3638 1767 generalem

2348 1782 2564 1832 Fecerat
2592 1783 2811 1851 Augusti
2839 1784 2978 1838 circa
3006 1785 3298 1852 primordia
3325 1787 3545 1840 mensis.

2285 1864 2320 1916 Il
2353 1870 2499 1922 Tunc
2534 1880 2586 1922 ct
2615 1870 2666 1922 in
2691 1871 2894 1925 Italiam
2927 1873 3108 1927 multis
3131 1875 3234 1927 iter
3258 1877 3671 1944 aggrediendum

2345 1956 2587 2008 Condixit
2622 1957 2845 2024 populis,
2878 1959 3000 2013 illuc
3024 1974 3157 2027 quos
3181 1975 3404 2029 pergere
3429 1976 3611 2016 secum

2349 2045 2603 2107 Decrevit,
2634 2046 2774 2113 quod
2796 2045 3072 2101 distulerat
3095 2064 3200 2101 non
3241 2056 3477 2117 tempore
3501 2051 3691 2120 longo;

2347 2135 2566 2203 Agmine
2593 2135 2792 2189 delecto
2817 2137 2907 2191 sed
2927 2139 2992 2190 eo
3015 2139 3298 2192 comitante
3325 2138 3616 2206 profectus,

2350 2221 2551 2274 Moenia
2574 2222 2803 2276 famosae
2828 2223 2979 2290 petiit
3014 2224 3286 2291 praeclara
3317 2224 3619 2280 Ravennae.

2349 2309 2582 2376 Cumque
2607 2311 2718 2362 dies
2743 2319 2883 2363 esset
2916 2319 3116 2379 septem
3148 2325 3250 2364 non
3277 2311 3502 2378 amplius
3529 2312 3656 2376 illic,

2349 2397 2622 2465 Pippinum
2659 2413 2833 2466 regem
2861 2400 3034 2464 gentis
3053 2415 3173 2453 cum
3201 2399 3367 2454 milite
3391 2399 3556 2454 multo

2352 2487 2402 2537 In
2434 2486 2831 2539 Bcueventanae
2859 2488 3123 2542 direxerat
3145 2488 3336 2562 oppida
3359 2495 3549 2549 terrae,

2352 2575 2566 2641 Ipseque
2595 2575 2859 2629 Romanas
2889 2576 2997 2629 ibat
3022 2577 3244 2630 devotus
3265 2567 3529 2633 ad'arces.

2351 2660 2546 2723 Obvius
2574 2662 2697 2717 huic
2727 2665 2791 2716 ad
2818 2663 3134 2716 Nomentum
3161 2663 3268 2718 Leo
3292 2673 3695 2732 papa.sacratus

2354 2750 2599 2810 Venerat,
2636 2757 2689 2800 et
2716 2751 2947 2817 gaudens
2973 2749 3194 2804 multum
3221 2763 3582 2818 veneransque
3609 2752 3831 2821 recepit,

2355 2837 2520 2902 Quem
2561 2837 2888 2892 defensorem
2926 2839 3095 2892 solum
3127 2829 3226 2894 sibi
3248 2848 3490 2894 senserat
3516 2840 3666 2894 olim.

2356 2927 2606 2979 Dulcibus
2634 2926 2874 2994 alloquiis
2906 2927 2977 2980 ibi
2999 2935 3123 2982 tunc
3147 2928 3418 2996 epulisque
3442 2929 3693 2997 peractis,

2356 3013 2585 3065 Antistes
2616 3028 2854 3067 summus
2875 3028 3047 3083 regem
3068 3017 3358 3084 praecessit
3381 3016 3448 3070 ad
3469 3019 3674 3071 urbem.

2355 3099 2569 3151 I‘ostcra
2595 3115 2820 3168 eumque
2841 3102 2954 3154 dies
2977 3101 3224 3166 celebris,
3260 3101 3552 3170 festivaque
3573 3104 3836 3173 praebens

2356 3185 2554 3236 Gaudia
2584 3186 2858 3249 Romanis,
2884 3202 2987 3255 qua
3009 3188 3375 3254 suscipiendus
3400 3189 3466 3242 ab
3492 3189 3596 3244 illis

2357 3275 2464 3326 Rex
2494 3283 2672 3328 tantus
2699 3273 2890 3338 fuerat,
2919 3274 3044 3329 solis
3070 3273 3385 3344 fulgesceret
3409 3285 3550 3341 ortu,

2355 3361 2637 3414 Pontifices
2661 3361 2964 3431 clerumque
2989 3379 3141 3417 suum
3172 3364 3457 3431 collegerat
3491 3378 3701 3420 omnem

2357 3449 2512 3516 Papa.
2545 3448 2747 3512 Quibus
2775 3464 2952 3502 secum
2981 3451 3223 3518 sumptis,
3251 3453 3316 3506 ad
3341 3440 3522 3504 limina
3546 3467 3766 3520 magnae

2355 3535 2576 3589 Basilicc
2608 3535 2750 3589 Petri
2780 3537 2871 3604 qui
2906 3552 3144 3591 summus
3169 3538 3438 3607 apostolus
3471 3546 3615 3592 extat

2357 3624 2528 3686 Venit,
2555 3631 2607 3677 et
2642 3625 2693 3677 in
2719 3625 2964 3694 gradibus
2993 3627 3176 3696 templi
3201 3629 3661 3694 stipante.sacrato

2353 3711 2600 3763 Constitit
2627 3713 2736 3778 ipse
2762 3714 2922 3766 choro
2957 3731 2969 3765 :
3004 3713 3250 3767 Carolum
3283 3714 3360 3769 sic
3397 3714 3764 3768 advenientem

2356 3797 2616 3866 Suscepit,
2645 3798 2855 3852 laudum
2882 3800 3237 3854 modulamina
3269 3801 3440 3856 dulcia
3465 3809 3704 3862 cantans,

2354 3886 2522 3952 Atque
2549 3887 2656 3940 Deo
2689 3897 2875 3956 grates
2899 3902 2964 3942 ex
2993 3896 3106 3943 toto
3134 3889 3293 3944 corde
3331 3888 3643 3958 rependens,

2354 3975 2502 4040 Quod
2539 3976 2919 4030 moderatorem
2947 3977 3382 4047 defensoremque
3409 3980 3640 4034 dedisset

2354 4067 2618 4120 Ecclesiae
2650 4067 2827 4130 talem,
2857 4069 2942 4121 cui
2969 4084 3071 4122 non
3095 4084 3155 4124 ea
3182 4079 3402 4126 noverat
3427 4082 3576 4125 aetas

2355 4153 2624 4208 Mortalem
2654 4156 2900 4220 similem,
2931 4159 3013 4210 vel
3040 4159 3118 4210 sic
3147 4160 3342 4213 virtute
3366 4163 3656 4225 valentem,

2353 4242 2518 4296 Omne
2540 4244 2733 4296 bonum
2762 4244 2843 4296 vel
2867 4244 3053 4298 devota
3080 4246 3158 4299 sic
3182 4255 3357 4301 mente
3384 4249 3666 4303 volentem.

2355 4330 2551 4383 Tantus
2577 4331 2766 4396 honor,
2797 4331 2916 4385 talis
2940 4331 3263 4386 Francorum
3288 4334 3451 4402 gloria
3490 4350 3669 4404 regem

2355 4419 2643 4486 Magnaque
2669 4419 2938 4473 Romanae
2965 4420 3282 4474 comitantur
3317 4423 3504 4491 gaudia
3537 4424 3729 4492 plebis,
3773 4437 3780 4446 '

2355 4507 2677 4559 Aecclesiam
2704 4505 2845 4560 Petri
2871 4522 3004 4575 puro
3028 4523 3147 4561 cum
3171 4519 3388 4576 pectore
3420 4497 3600 4579 magni

2357 4595 2598 4656 Intrarct,
2630 4593 2764 4649 fusis
2783 4597 3016 4650 lacrimis
3042 4599 3328 4666 humilique
3356 4607 3572 4667 precatu

2361 4682 2646 4748 lmplorans
2674 4684 2804 4735 tanti
2838 4684 3083 4753 suil‘ragia
3112 4697 3293 4743 sancta
3313 4689 3545 4755 patroni.

2359 4769 2462 4820 Iunt
2493 4786 2699 4838 quoque
2724 4773 2933 4827 solstitii
2966 4775 3201 4844 glacialis
3234 4785 3465 4846 tempore
3494 4793 3746 4833 crescens

2359 4858 2626 4923 Asperitas
2654 4860 2870 4914 brumae
2902 4864 3116 4916 tandem
3136 4867 3374 4933 cogebat,
3406 4874 3468 4920 ut
3491 4866 3599 4920 illic

2364 4941 2611 5000 Militibus
2635 4949 2854 5003 hiberna
2879 4952 3030 5019 quies
3061 4962 3240 5019 Optata
3263 4954 3499 5008 daretur.

787 5121 814 5156 δ
838 5121 1041 5188 Pyrate.
1064 5123 1522 5195 Glossa.ashmen;
1542 5129 1740 5185 Adamo
1758 5134 2049 5200 Bremensi,
2073 5155 2119 5194 c.
2140 5140 2262 5202 212,
2285 5146 2605 5196 dscomanm'.

759 5228 3878 5273 Md

725 5303 1112 5390 INCIPIT
1172 5310 1658 5386 LIBELLUS
1717 5317 1871 5392 IIII
2723 5329 3079 5405 GESTIS
3136 5333 3492 5411 CAROLI
3570 5332 3879 5413 MAGNI

2264 5461 2286 5498 ι
2630 5485 2645 5501 .

2264 5461 2314 5498 Λ
2341 5461 2373 5500 ι
2392 5461 2553 5501 υιὶΙ
2572 5461 2645 5501 D.

2133 5537 2472 5550 ——-——.

665 5598 674 5603 -
721 5553 872 5609 Festa
900 5557 1010 5611 dies
1035 5559 1210 5623 caelis,
1242 5563 1420 5617 eadem
1458 5568 1796 5623 celeberrima
1821 5573 1995 5636 terris,

726 5639 947 5708 Virginei
984 5657 1166 5713 partus
1199 5651 1494 5724 Christique
1521 5660 1794 5712 refulscrat
1829 5671 2011 5728 orlus,‘

2358 5576 2481 5629 Post
2507 5561 2837 5647 octingentos
2866 5593 2930 5632 ex
2966 5595 3070 5648 quo
3095 5591 3426 5649 processerat
3444 5570 3635 5649 annos.

2357 5665 2550 5718 Tectus
2573 5668 2778 5721 servilis
2811 5668 3060 5724 Dominus
3087 5651 3344 5727 v‘elamine
3364 5673 3585 5732 formae.
