4266 6426
408 542 506 594 717

409 649 474 699 Iit
499 649 601 698 iam
629 644 816 696 natalis
841 644 970 695 tanti
999 643 1357 694 cuumlavcrat
1380 657 1589 694 onmem
1671 710 1679 719 .

411 735 695 788 Lacliciain
721 732 888 785 Roma
917 729 1086 784 Caroli
1123 731 1414 797 praesentia
1448 731 1602 798 regis.

409 823 526 887 llic,
553 837 672 876 cum
705 820 984 874 missarum
1011 834 1162 871 sacro
1184 820 1502 887 sollempnia“
1517 820 1618 871 ritu

409 913 705 981 Iucipienda
731 911 922 972 forent,
950 925 1190 977 magnam
1227 911 1484 977 processit
1512 911 1563 960 in
1596 909 1790 966 aulam,

408 1003 552 1068 Quae
579 1018 771 1070 corpus
798 1003 990 1054 mundo
1020 1001 1375 1053 vei'ierandum
1411 1000 1644 1052 continet
1671 999 1812 1050 omni

410 1093 572 1154 Petri,
601 1093 684 1145 cui
722 1091 897 1144 claves
922 1089 1165 1142 Christus
1188 1088 1329 1141 dedit
1358 1089 1468 1156 ipse
1500 1088 1738 1154 polorum
1766 1104 1778 1149 ;

408 1182 536 1234 Eius
572 1191 625 1233 et
651 1190 772 1232 ante
801 1194 979 1232 sacros
1007 1186 1152 1230 artus
1175 1193 1292 1230 cum
1332 1185 1508 1230 mente
1537 1176 1694 1237 fideli,

410 1271 600 1324 Effusis
624 1271 890 1338 precibus,
921 1284 1037 1322 sese
1069 1283 1156 1322 rex
1184 1269 1304 1321 inde
1334 1269 1548 1330 levaret,

408 1365 577 1431 Ipsius
598 1363 847 1430 imposuit
876 1361 1035 1430 capiti
1064 1359 1169 1414 Leo
1200 1375 1334 1429 papa
1360 1372 1640 1412 coronam.

407 1453 716 1505 Conclamat
742 1451 939 1518 pariter
961 1448 1182 1517 p0pulus
1198 1489 1212 1511 ,
1243 1463 1407 1500 saera-
1425 1453 1676 1514 personat
1700 1446 1854 1496 aedes

407 1540 608 1607 Ingenti
633 1539 815 1606 iubilo,
846 1553 948 1590 vox
973 1535 1140 1588 fertur
1163 1537 1228 1587 ad
1262 1536 1477 1588 aethera
1501 1532 1671 1600 plebis

409 1629 679 1680 Romanae
701 1627 776 1679 sic
814 1625 1061 1678 concordi
1089 1623 1240 1676 simul
1272 1635 1362 1675 ore
1392 1621 1630 1674 canentis
1665 1637 1677 1671 :

409 1718 647 1782 Augusto
675 1713 863 1767 Carolo
892 1701 1100 1780 magno,
1133 1725 1421 1779 pacemque
1451 1709 1657 1770 ferenti,

409 1803 621 1870 Imperii
645 1801 834 1854 merito
865 1801 1086 1853 Romani
1125 1808 1330 1865 sceptra
1357 1799 1575 1859 tenenti,

409 1890 620 1949 Cloria,’
638 1890 978 1955 prosperitas,
1025 1901 1266 1954 regnum,
1304 1899 1427 1952 pax,
1467 1885 1592 1946 vita,
1627 1884 1953 1950 triumphus!

413 1977 539 2028 Post
566 1975 747 2028 laudes
770 1975 930 2042 igitur
950 1972 1137 2034 dictas,
1168 1981 1222 2025 ct
1251 1987 1491 2026 summus
1519 1971 1741 2024 eundem

410 2063 627 2116 Praesul
656 2061 914 2125 adoravit,
937 2061 1073 2114 sicut
1097 2076 1212 2114 mos
1236 2060 1445 2115 debitus
1468 2061 1592 2123 olim

411 2151 748 2218 Principibus
773 2149 870 2202 fuit
897 2150 1146 2216 antiquis,
1178 2164 1240 2202 ac
1264 2151 1477 2221 nomine
1499 2150 1709 2214 dempto

413 2236 644 2300 Patricii,
676 2253 782 2305 quo
799 2238 970 2290 dictus
1009 2245 1124 2290 erat
1143 2237 1306 2304 prius,
1340 2237 1460 2290 inde
1487 2237 1661 2289 vocari

409 2327 678 2394 Augustus
707 2324 901 2377 meruit
922 2324 1056 2392 pius,
1098 2324 1304 2391 imperii
1334 2339 1542 2392 quoque
1574 2323 1836 2391 princeps.

410 2413 670 2480 Tempore
707 2426 992 2479 paucorum
1021 2420 1139 2480 post
1176 2414 1306 2466 haec
1338 2413 1563 2466 abeunte
1585 2412 1813 2473 dierum,

409 2503 527 2569 Ipse
552 2517 704 2555 suum
725 2501 944 2555 Carolus
968 2509 1310 2568 praeceperat
1339 2509 1460 2554 ante
1485 2501 1716 2553 tribunal

413 2587 561 2652 Daci,
598 2588 956 2654 iudiciumque
979 2587 1120 2638 viros
1149 2586 1316 2653 legale
1345 2588 1542 2648 subire,

409 2675 512 2727 Per
536 2689 667 2741 quos
690 2673 979 2741 praeterito
1005 2670 1176 2726 fuerat
1203 2681 1278 2725 tot
1296 2671 1532 2726 cladibus
1554 2687 1692 2726 anno

409 2760 647 2814 Allectus
672 2775 822 2813 sacer
847 2759 1086 2824 antistes,
1115 2759 1388 2828 legemque
1410 2761 1698 2814 secundum

413 2849 709 2902 Romanam
735 2846 1028 2902 maiestatis
1053 2857 1272 2918 cogente
1299 2858 1469 2913 reatu,

413 2937 728 3005 Dampnavit
759 2951 926 3005 poena
958 2937 1146 2990 merito
1173 2943 1394 2990 cimetos
1416 2937 1645 3004 capitali.

414 3024 518 3078 Sed
549 3024 673 3078 licet
694 3024 942 3092 indignis,
971 3022 1353 3079 interveniente
1381 3026 1608 3095 benigno

410 3111 681 3174 Praesule,
711 3113 973 3166 concessit
997 3113 1179 3175 vitam,
1209 3122 1382 3167 tamen
1405 3123 1547 3168 esset
1573 3115 1795 3167 inultum

413 3199 488 3252 Ne
519 3207 721 3251 tantum
751 3198 939 3261 scelus,
964 3198 1123 3252 exilio
1149 3199 1470 3268 relegaverat
1495 3215 1699 3254 omnes.

412 3279 674 3352 FeStaqu'e
700 3287 953 3354 transegit
980 3293 1257 3354 postquam
1295 3287 1561 3358 paschalia
1600 3287 1786 3349 Rome,

411 3374 668 3442 Egressus
696 3371 1031 3438 Spoletanam
1059 3374 1291 3438 perrexit
1315 3373 1367 3424 in
1395 3375 1600 3426 urbem.

480 3459 751 3526 Augustus
783 3472 909 3510 vero
936 3472 1041 3525 quo
1065 3465 1300 3525 tempore
1333 3468 1605 3512 manserat
1625 3459 1748 3519 illic,

411 3549 609 3616 Aprilis
646 3549 830 3601 horam
853 3563 972 3601 cum
1003 3562 1106 3600 nox
1133 3555 1369 3601 extrema
1396 3550 1682 3602 secundam

411 3638 705 3692 Obscuram
731 3637 952 3689 nimium
982 3637 1213 3690 tenebris
1235 3637 1525 3690 involveret
1547 3639 1699 3701 atris,

412 3725 618 3794 Ingenti
652 3723 826 3776 subito
854 3722 1006 3776 tellus
1035 3723 1289 3775 exterrita
1316 3731 1472 3776 motu.

411 3811 762 3874 Contremuit,
810 3811 1117 3878 sonitusque
1153 3826 1339 3879 graves
1375 3812 1531 3865 nimis
1559 3821 1614 3866 et
1645 3815 1962 3873 metuendos

414 3901 684 3962 Ediderat,
719 3899 958 3954 stabilem
990 3899 1077 3952 cui
1105 3900 1314 3952 sustulit
1344 3899 1417 3952 ira
1446 3900 1677 3966 quietem

413 3987 691 4049 Caelestis,
721 3985 908 4054 grandi
940 3985 1038 4038 sub
1069 3985 1208 4038 mole
1230 3985 1445 4038 latentia
1473 3985 1654 4039 mundi

416 4072 604 4123 Intima
630 4070 936 4124 concutiens
959 4070 1184 4138 impulsu
1213 4071 1416 4124 viscera
1442 4073 1576 4125 diro.

415 4160 652 4226 Cumque
673 4158 992 4227 procellosus
1019 4167 1347 4226 penetrasset
1370 4171 1395 4200 ι
1427 4160 1582 4214 turbo
1604 4176 1859 4214 cavernas

413 4247 681 4309 Occultas,
708 4261 771 4298 ac
796 4261 1049 4298 venarum
1079 4246 1194 4300 loca
1220 4255 1356 4300 tecta
1388 4248 1484 4301 sub
1513 4249 1620 4303 alto

414 4334 700 4388 Terrarum
726 4334 948 4401 gremio,
977 4349 1092 4397 nec,
1122 4349 1227 4403 qua
1255 4345 1626 4404 prorumperet
1659 4339 1799 4393 inde

415 4424 509 4477 Vis
534 4424 699 4486 venti,
727 4422 933 4490 patulos
964 4438 1184 4490 usquam
1211 4427 1466 4494 reperiret
1491 4429 1685 4492 hiatus,

411 4511 688 4576 Quassatis
715 4507 904 4562 ﬂuctus
939 4511 1190 4592 quosdam
1217 4515 1490 4580 generavit
1514 4515 1566 4568 in
1593 4516 1776 4582 arvis.“

411 4601 627 4668 Iamque
655 4599 794 4652 domi
831 4598 1000 4652 maior
1018 4603 1176 4668 quam
1201 4602 1409 4670 gurgite
1439 4609 1612 4655 terror
1639 4603 1690 4654 in
1716 4602 1821 4655 ullo

412 4687 687 4758 Naufragii
719 4686 912 4751 fuerat,
942 4687 1167 4740 tremulo
1197 4703 1290 4742 sua
1318 4689 1549 4742 culmine
1569 4689 1791 4758 quisque

413 4778 550 4830 Dum
574 4776 778 4844 fugeret
804 4777 1030 4830 subitam
1059 4777 1358 4830 minitantia
1394 4787 1528 4831 tecta
1558 4779 1782 4832 ruinam.

416 4865 622 4919 Moenia
649 4872 838 4918 cuncta
871 4862 1025 4916 simul
1051 4870 1187 4916 tetro
1211 4877 1438 4918 sonuere
1465 4866 1709 4929 tumultu,

415 4951 651 5008 Pendula
677 4951 1186 5033 crispangcstridunt
1212 4960 1272 5006 ut
1302 4953 1461 5006 lintea
1491 4953 1638 5016 ﬂatu,

486 5077 511 5104 ι
544 5064 698 5127 Cod.,
728 5072 1079 5132 penetratum;
1110 5063 1262 5120 facile
1289 5066 1600 5130 emendata;
1633 5064 1697 5118 Β.
1723 5075 1908 5121 contra
1937 5086 1948 5119 :

415 5133 578 5200 turbo,
596 5143 981 5200 penetrausquc.

429 5234 436 5268 μ
489 5202 514 5238 b
543 5199 620 5251 Ex
641 5199 894 5268 'Einhairdi
922 5199 1042 5254 Vita
1079 5201 1271 5262 Caroli,
1313 5215 1427 5268 cap.
1459 5201 1545 5265 29,
1573 5203 1662 5256 sed
1687 5210 1738 5256 et
1758 5218 1821 5255 ex
1850 5202 1951 5257 alio

417 5260 596 5335 fonte,
619 5267 845 5335 exempli
873 5271 1042 5335 gratia
1060 5309 1073 5332 ,
1099 5260 1390 5324 Annalibus
1415 5260 1952 5324 Laureshamensibus

419 5335 483 5388 ad
505 5334 628 5396 802,
661 5333 924 5387 ﬂuxerint.

489 5414 510 5473 ξ
544 5403 620 5473 ξι
650 5403 803 5455 Einh.
829 5402 946 5454 Vita
970 5403 1161 5466 Caroli,
1193 5419 1311 5473 cap.
1336 5404 1421 5457 16.

485 5469 512 5508 δ
542 5469 675 5542 To_ta
703 5484 1044 5542 rerum_anno
1079 5469 1466 5542 8057ge'starum
1504 5474 1755 5542 narratio,
1794 5482 1947 5540 poeta

419 5547 572 5610 teste,
600 5538 749 5591 fluxit
774 5536 1123 5610 e_x_Einhardi
1157 5536 1269 5610 Vi'ta
1297 5541 1544 5610 Caroli_c.
1576 5541 1627 5604 7,
1653 5543 1744 5610 qui
1771 5536 1948 5596 tamen

419 5607 482 5658 de
503 5620 634 5673 pace
664 5606 869 5658 nonnisi
897 5617 1014 5673 post
1042 5608 1436 5660 translationem
1466 5606 1728 5661 Saxonum
1766 5623 1953 5662 conve-

418 5674 560 5744 nisse
587 5680 783 5744 auctor!
814 5682 912 5732 est,
941 5690 1056 5742 qure
1093 5691 1210 5729 cum
1238 5691 1374 5728 anno
1401 5677 1501 5730 804
1529 5678 1823 5744 contigerit,
1855 5675 1949 5729 Sa-

419 5743 588 5793 xonize
617 5742 944 5807 pacationem
988 5745 1052 5796 ad
1098 5745 1234 5797 hunc
1277 5745 1484 5796 demum
1511 5742 1702 5796 annum
1741 5744 1946 5807 referri,

419 5824 516 5863 nec
539 5823 602 5862 eo
631 5823 733 5875 aluo
758 5818 934 5862 noster
961 5812 1119 5863 tradit
1155 5811 1269 5866 loco
1296 5810 1580 5880 perfectam
1605 5826 1737 5874 esse,
1767 5820 1909 5880 patet
1929 5837 1943 5885 ς

721 535 962 587 ANNAL
1009 533 1092 585 υιιῑ
1131 533 1368 600 CESTIS
1407 534 1462 584 Β.
1505 531 1751 582 ll.\llt)l.l
1798 529 1999 580 M.\CN|
2040 525 2163 581 LIB.
2210 530 2266 581 Υ.
2310 562 2373 567 ----

1579 531 1751 582 .llt)l.l
1798 529 1999 580 M.\CN|
2040 525 2163 581 LIB.
2210 530 2266 581 Υ.
2310 562 2373 567 ----
2419 533 2568 585 ΧἸΤΑ
2606 535 2870 587 CARUIJ.
2915 564 2978 572 -ο-
3016 536 3139 588 LIB.
3179 538 3264 589 IV.

3496 534 3594 592 718

1986 643 2032 698 Λ
2057 639 2160 692 Aut
2187 641 2309 694 dum
2340 656 2473 708 quae
2497 645 2638 697 tenui
2665 645 2975 711 squalebant
3004 648 3216 714 pulvere
3254 650 3386 712 vela,

2056 728 2330 798 Exagitant
2355 730 2533 784 famuli
2556 736 2796 787 certatim
2836 735 3195 790 discutientcs.

2057 819 2203 870 llaml
2230 819 2382 874 aliter
2406 835 2586 873 muros
2611 835 2796 875 omnes
2827 824 3105 876 tremuisse
3131 825 3358 881 videres.

2000 932 2012 936 ι
2057 906 2152 957 llic
2180 914 2351 957 tamen
2375 905 2588 981 Italiam,
2608 916 2778 961 terror
2805 909 3102 976 specialiter
3125 925 3333 964 omnem

2058 992 2376 1056 I’erculcrat,
2404 993 2553 1047 cuius
2579 994 2759 1062 plures
2789 998 3120 1052 subverterat
3154 1000 3332 1063 urbes,

2056 1081 2380 1148 Avul'sosque
2406 1083 2511 1135 ruit
2539 1092 2742 1137 montes
2770 1084 3040 1139 radicibus
3074 1087 3214 1141 imis.

2057 1169 2188 1221 Tum
2219 1169 2417 1223 Romae
2444 1172 2682 1226 cecidere
2713 1172 2888 1226 trab'es
2912 1175 3228 1231 venerabilis
3251 1177 3412 1239 aedis.

2058 1255 2365 1325 Pigneribus
2385 1259 2612 1325 propriis
2635 1275 2792 1327 quam
2814 1261 3008 1316 Paulus
3034 1264 3300 1331 apostolus
3325 1276 3500 1320 ornat.

2056 1344 2222 1397 Callia
2254 1360 2349 1398 nec
2379 1355 2551 1400 tantae
2574 1345 2672 1400 fuit
2696 1356 2788 1402 aut
2823 1348 3106 1405 Germania
3135 1353 3299 1408 cladis

2057 1432 2327 1496 lmmunis,
2366 1435 2505 1488 circa
2529 1436 2777 1491 Rhenum
2810 1438 2925 1494 loca
2959 1441 3182 1510 denique
3205 1453 3348 1498 motu

2057 1519 2288 1573 Plurima
2319 1522 2549 1577 terriﬁco
2580 1525 2801 1578 nimium
2830 1541 3086 1581 concussa
3120 1528 3350 1584 fuerunt.

2058 1610 2239 1662 Audiri
2268 1625 2478 1680 quoque
2505 1615 2733 1682 mugitus
2754 1630 2784 1668 e
2807 1616 3075 1671 montibus
3109 1618 3250 1682 altis,

2059 1697 2124 1748 Et
2150 1697 2270 1749 tetri
2300 1701 2500 1752 sonitus
2526 1701 2673 1754 reddi
2695 1701 2932 1771 variique
2958 1705 3168 1770 beatus,

2059 1786 2463 1856 Morborumque
2489 1790 2602 1844 lues
2623 1790 2736 1844 fleri
2762 1795 3090 1861 permaxima
3111 1797 3301 1864 coepit.

2125 1875 2194 1927 At
2221 1875 2517 1942 Spoletanis
2538 1877 2761 1932 Carolus
2785 1895 3060 1950 regressus
3087 1885 3153 1938 ab
3176 1885 3306 1947 oris,

2058 1964 2137 2016 Ad
2163 1964 2403 2018 Ticinum
2430 1967 2605 2032 rediit,
2630 1969 2714 2020 cui
2745 1985 2883 2023 nunc
2905 1979 2987 2025 est
3013 1972 3175 2040 Papia
3210 1989 3400 2029 nomen

1991 2029 2036 2088 Β
2063 2051 2213 2104 ltalie
2240 2053 2482 2121 linquens
2505 2029 2636 2110 fines
2667 2058 2953 2127 Augustus,
2983 2029 3281 2129 Aquensem

2064 2140 2296 2208 Expctiit
2325 2143 2523 2204 sedem,
2554 2146 2850 2214 mansitque
2877 2149 3088 2214 quietus
3116 2150 3216 2204 hoc
3243 2165 3399 2211 anno,

2064 2229 2266 2296 Perque
2286 2229 2365 2282 sui
2392 2239 2570 2297 partes
2596 2233 2740 2301 regni
2771 2233 3039 2288 direxerat
3067 2251 3252 2290 omnes
3277 2239 3302 2276 δ

2064 2313 2304 2384 Legatos,
2332 2331 2500 2384 aequo
2526 2317 2698 2387 legum
2725 2319 3084 2376 moderamine
3109 2307 3363 2377 mandans

2062 2402 2301 2456 Iusticias
2327 2402 2498 2459 facere
2524 2414 2579 2459 ct
2614 2407 2787 2460 varias
2816 2423 3133 2478 componere
3157 2411 3297 2475 lites,

2065 2491 2302 2544 Reddere
2327 2492 2407 2545 ius
2444 2493 2596 2547 civile
2625 2495 2794 2559 bonis,
2825 2504 3028 2571 terrere
3053 2499 3310 2568 malignos
3341 2516 3355 2554 :

2064 2577 2276 2632 Divinas
2305 2581 2589 2648 mundique
2615 2583 2730 2649 pias
2749 2598 2812 2636 ex
2841 2583 3024 2638 ordine
3049 2585 3191 2656 leges

2065 2662 2210 2717 Tune
2232 2666 2466 2718 exerceri
2495 2669 2836 2722 mandaverat
2865 2678 2919 2723 et
2951 2673 3214 2727 renovari.

2514 2753 2662 2805 Anno
2686 2754 2806 2809 802.
2848 2755 3036 2810 Indici.
3065 2759 3117 2811 9.

2064 2838 2173 2892 lIoc
2200 2840 2263 2893 de
2291 2840 2589 2910 longinquis
2611 2842 2860 2912 elephans
2886 2845 3186 2913 regionibus
3209 2860 3347 2900 anno

2061 2927 2312 2981 Primitus
2339 2928 2612 2992 adductus,
2639 2931 2770 2982 mira
2795 2933 3091 2999 spectacula
3124 2947 3289 3004 regno

2061 3015 2384 3071 Francorum
2408 3035 2421 3083 ;
2446 3017 2971 3075 dederat'Persarum
2997 3023 3222 3091 denique
3247 3024 3492 3091 princeps

2063 3105 2212 3159 Hunc
2240 3107 2414 3160 Aaron
2443 3124 2456 3158 :
2485 3107 2640 3170 idem,
2668 3107 2841 3162 fuerat
2863 3110 2948 3163 cui
2973 3112 3211 3164 subditus
3225 3112 3373 3167 .Indis
3404 3125 3421 3151 ε

2063 3193 2307 3261 Exceptis
2329 3195 2506 3248 oriens
2530 3203 2690 3259 totus,
2722 3205 2999 3251 curaverat
3021 3199 3164 3253 ultro

1987 3324 2031 3382 Ο
2064 3281 2188 3334 Eius
2213 3283 2474 3335 amicitiae
2503 3298 2560 3336 se
2584 3282 2795 3338 foedere
2823 3285 3038 3356 iungere
3064 3287 3235 3349 ﬁrmo,

2062 3369 2137 3422 Ac
2162 3370 2376 3439 dignum
2407 3371 2552 3424 duxit
2579 3387 2673 3439 pre
2695 3373 2899 3426 cunctis
2926 3374 3136 3442 regibus
3157 3375 3328 3442 ipsum

2061 3458 2334 3526 Temporis
2355 3458 2494 3513 illius
2515 3460 2707 3523 solum,
2736 3461 2819 3513 cui
2844 3475 3061 3514 munera
3091 3462 3237 3531 larga

2059 3549 2328 3625 Praecipui
2354 3566 2512 3606 causa
2535 3553 2897 3608 transmittere
2925 3551 3080 3608 vellet
3105 3554 3339 3608 honoris.

2046 3639 2189 3691 Nam
2214 3653 2466 3706 gemmas,
2491 3654 2699 3703 aurum,
2723 3648 2896 3694 vestes
2921 3649 2974 3693 et
2999 3649 3234 3694 aromata
3265 3640 3466 3701 crebro.

2058 3729 2132 3783 Ac
2154 3711 2386 3797 reliquas
2411 3731 2630 3784 orientis
2656 3745 2782 3799 opes
2807 3731 3074 3785 direxerat
3096 3731 3187 3793 illi,

2057 3816 2365 3885 Ascribique
2391 3817 2563 3872 locum
2592 3827 2831 3872 sanctum
2858 3818 3323 3874 Hierosolimorum

2059 3903 2329 3959 Concessit
2355 3905 2597 3972 propriae
2620 3905 2791 3959 Caroli
2816 3920 3025 3974 semper
3051 3907 3263 3960 dicioni.

2468 3992 2494 4031 δ
2524 3994 2673 4047 Anno
2702 3994 2823 4048 805.
2855 3994 3043 4048 lndict.
3087 3996 3173 4048 10.

2059 4078 2258 4133 Nobilis
2282 4081 2368 4132 hic
2391 4095 2560 4133 annus
2580 4079 2721 4149 longi
2747 4082 3036 4136 certamina
3064 4083 3186 4136 belli

2059 4167 2290 4220 Tandem
2317 4167 2552 4222 Saxones
2575 4168 2714 4222 inter
2737 4169 3076 4237 Francusque
3098 4171 3297 4238 peracti

2058 4254 2236 4309 Firmo
2265 4264 2547 4323 perpetuae
2573 4258 2832 4311 conclusit
2860 4257 3069 4311 foedere
3089 4258 3254 4326 pacis.

2057 4344 2321 4411 Augustus
2345 4345 2464 4413 pius
2488 4348 2552 4399 ad
2577 4347 2755 4399 sedem
2785 4345 2911 4400 Salz
2939 4348 3152 4402 nomine
3178 4333 3372 4403 dictam

2060 4432 2280 4484 Venerat
2308 4447 2322 4482 :
2359 4433 2461 4485 huc
2484 4433 2626 4485 omni
2653 4431 2920 4487 Saxonum
2949 4435 3222 4488 nobilitate

2058 4519 2308 4582 Colleeta,
2336 4519 2490 4573 simul
2528 4520 2622 4598 has
2653 4523 2800 4588 pacis
2837 4521 2976 4590 leges
3005 4521 3252 4583 inierunt,

1987 4625 2037 4683 ι)
2056 4607 2129 4661 θυι
2156 4616 2265 4661 toto
2298 4609 2508 4676 penitus
2531 4609 2673 4662 cultu
2700 4607 2908 4675 rituque
2936 4609 3122 4662 relicto

2060 4695 2272 4759 Gcntili,
2305 4711 2461 4764 quem
2486 4697 2790 4750 daemonica
2821 4697 2968 4764 prius
2991 4705 3104 4752 arte
3131 4697 3373 4752 colebant

2061 4784 2292 4851 Deccpti,
2314 4794 2433 4850 post
2463 4785 2591 4837 haec
2622 4784 2738 4837 ﬁdei
2763 4799 2821 4838 se
2849 4785 3070 4838 subdere
3097 4785 3283 4838 vellent

2058 4873 2378 4936 Catholicae,
2399 4872 2712 4941 Christoque
2731 4874 2839 4927 Deo
2866 4874 3062 4926 servire
3083 4887 3180 4941 per
3210 4888 3416 4927 aevum.

1990 5011 1991 5015 η
2059 4961 2124 5011 At
2147 4974 2268 5014 vero
2293 4975 2507 5014 censum
2531 4959 2852 5014 Francorum
2880 4961 3092 5028 regibus
3121 4960 3284 5014 ullum

2059 5069 2274 5122 Carolus
2297 5069 2435 5122 enim
2461 5085 2545 5138 an.
2571 5069 2670 5124 804
2694 5086 2723 5124 e
2757 5069 2982 5124 Saxonia
3008 5069 3275 5124 Coloniam
3299 5076 3353 5124 et
3388 5070 3586 5138 Aquas-

2097 5138 2206 5207 raui
2238 5137 2461 5207 rediens,
2487 5136 2605 5190 Salz
2632 5140 2882 5207 palatium
2912 5139 3102 5191 itinere
3123 5153 3219 5193 suo
3256 5153 3360 5192 non
3399 5136 3592 5207 attigit.

2091 5206 2165 5258 iec
2192 5206 2331 5284 quod
2367 5220 2541 5284 unum
2568 5207 2652 5284 hic
2686 5206 2861 5284 αρ’ᾳηί
2885 5214 3079 5284 posset,
3103 5207 3300 5284 codicis
3325 5206 3596 5284 ﬂeuensis

2060 5272 2329 5343 inscriptio
2353 5273 2652 5343 capitularis
2671 5273 2739 5343 ad
2761 5272 3110 5343 sala;(Baluz.
3143 5273 3479 5343 Capitularia,
3503 5275 3589 5343 ed.

2058 5339 2293 5410 Chiniac,
2324 5350 2363 5393 t.
2387 5339 2430 5401 I,
2456 5356 2507 5406 p.
2539 5341 2669 5403 H5,
2698 5339 2759 5404 Il,
2808 5339 2985 5410 1063.)
3014 5341 3079 5394 In
3116 5339 3319 5410 quarto,
3345 5357 3479 5410 anno
3500 5342 3591 5410 ad

2060 5409 2184 5460 Salz
2213 5411 2536 5462 contrarium
2564 5410 2807 5463 evincere
2834 5408 3046 5471 sufﬁcit,
3069 5408 3189 5462 cum
3210 5408 3456 5462 Einhardi
3483 5408 3591 5460 Ληα-

2057 5475 2252 5529 nalium
2296 5478 2663 5530 auctoritatem
2709 5479 2807 5531 hoc
2858 5491 2968 5530 avo
3016 5479 3300 5531 maximam
3345 5484 3401 5530 et
3451 5477 3591 5529 inter

2053 5545 2338 5610 scriptores
2372 5546 2520 5612 quasi
2561 5547 2768 5599 unicam
2805 5560 2940 5606 esse,
2980 5559 3134 5600 nemo
3162 5544 3377 5598 nesciat.
3407 5542 3590 5612 Errori

2056 5626 2234 5664 ansam
2265 5610 2546 5681 prmbuerit
2563 5652 2584 5681 ,_
2602 5613 2738 5679 quod
2762 5621 2917 5679 poeta
2937 5612 3092 5668 aliam
3113 5627 3315 5681 pacem,
3345 5625 3460 5681 eum
3472 5610 3587 5681 im-

2054 5676 2293 5745 peratore
2321 5679 2520 5734 scilicet
2557 5676 3144 5747 constantinOpolitano,
3169 5694 3305 5732 anno
3338 5678 3439 5731 805
3465 5676 3585 5732 Sal;

2052 5749 2354 5802 conclusam
2379 5762 2514 5810 esse,
2547 5749 2599 5802 in
2624 5749 2911 5803 Annalibus
2937 5748 3188 5804 Einhardi
3216 5747 3358 5816 legit.
