4266 6458
451 537 550 590 711
733 535 976 592 ANNAL.
1019 537 1103 590 DE
1142 535 1377 591 GESTIS
1412 537 1470 588 Β.
1509 536 1750 589 CAROLI
1784 521 1998 589 'MAGNI
2035 533 2208 589 LIBRI
2246 535 2308 586 V.
2350 564 2415 572 ——
2450 534 2603 587 \‘II'A
2641 533 2910 591 CAROLI.
2951 566 3017 574 -—-
3054 534 3177 588 LIB.
3216 534 3303 586 IV.
3549 531 3656 584 722‘

2555 651 2700 700 Auno
2722 646 2843 702 8I0.
2885 646 3074 700 Indict.
3115 648 3167 700 2.

2107 731 2354 800 l’ippinus
2381 749 2471 788 rex
2493 733 2691 798 Italiae,
2717 736 2804 788 lux
2835 733 3010 788 inclita
3045 737 3306 803 quondam

2105 823 2429 878 Francorum
2455 864 2470 888 ,
2511 826 2678 879 nitido
2717 826 2913 880 laetum
2951 842 3071 880 cum
3110 830 3327 881 duceret
3361 842 3578 892 aevum,
3677 823 3680 826 ’

2104 914 2259 967 Flore
2280 913 2461 981 vigens
2487 914 2646 967 simul
2673 915 2863 968 aetatis
2895 917 3192 984 mentisque
3219 917 3407 971 decore
3424 957 3438 982 ,

2103 1005 2198 1056 Cui
2225 1004 2494 1071 praeclara
2520 1004 2616 1057 fuit
2636 1005 2826 1067 virtus,
2853 1006 2936 1057 cui
2958 1006 3124 1074 gloria
3151 1021 3377 1069 summa,

2105 1091 2290 1144 Omnia
2314 1091 2517 1145 fallacis
2550 1095 2750 1160 pariter
2771 1094 2856 1146 cui
2883 1093 3344 1161 prosperamundi

2106 1179 2254 1232 Tunc
2281 1180 2520 1243 aderant,
2555 1183 2739 1236 morbo
2769 1182 2930 1234 vitam
2967 1183 3135 1236 finivit
3165 1184 3378 1238 acerbo.

2107 1269 2422 1322 Immaturus
2450 1271 2574 1324 huic
2599 1271 2776 1324 obitus
2803 1271 3134 1340 iucundaque
3154 1274 3261 1325 vita

2107 1358 2313 1419 Extitit,
2343 1360 2479 1412 unde
2503 1373 2598 1412 suo
2625 1359 2846 1413 nimium
2877 1361 2942 1414 de
2965 1359 3148 1414 funere
3174 1361 3311 1430 patri

2107 1444 2364 1499 Omnibus
2409 1453 2464 1498 et
2519 1445 2740 1500 Francis
2776 1448 3032 1515 gemitum
3074 1448 3376 1516 luctumque
3422 1448 3654 1518 reliquit.
3739 1471 3772 1507 δ

456 649 762 702 Muneribus
793 657 967 700 tamen
986 649 1279 714 Augustum
1305 657 1587 702 veneratur
1615 650 1824 715 opimis.
2029 652 2078 706 Α

456 735 850 790 Transmittens
885 737 1042 798 etiam
1074 739 1338 796 quoddam
1377 738 1616 791 mirabile
1636 741 1828 792 donum

457 826 695 895 Denique
723 835 864 889 tunc,
896 827 1034 880 inter
1061 829 1284 880 tentoria
1310 829 1543 896 qualibet
1581 836 1695 881 arte

459 915 621 968 Facta
651 915 791 969 dedit
812 915 982 967 maius
1004 917 1208 970 cunctis
1236 924 1289 968 et
1318 915 1550 984 pulcrius
1575 932 1758 970 unum.

459 924 621 968 Facta
651 924 791 969 dedit
812 924 982 967 maius
1004 924 1208 970 cunctis
1236 924 1289 968 et
1318 924 1550 1056 pulcri?“
1575 932 1758 970 unum.

459 1000 623 1054 Fama
647 1003 778 1056 solet
804 1011 1037 1056 veterum
1064 997 1346 1070 quicquam
1369 991 1413 1056 si
1440 1020 1456 1055 (
1495 1019 1616 1057 cere
1640 1018 1817 1056 verum
1846 1044 1859 1064 .

459 1092 771 1156 Mirandum,
805 1092 1024 1167 collecta
1054 1091 1227 1146 forent
1252 1093 1337 1145 ubi
1365 1093 1586 1146 carbasa
1619 1102 1784 1155 tanta,

454 1181 760 1249 Autquibus
783 1189 896 1233 orta
928 1194 1078 1248 seges
1104 1180 1196 1232 lini
1221 1191 1326 1232 tam
1358 1179 1546 1234 fertilis
1573 1181 1734 1248 agris,

459 1268 703 1323 Materies
730 1271 875 1338 operi
907 1284 1044 1337 quae
1071 1276 1247 1336 posset
1277 1268 1463 1322 idonea
1504 1277 1650 1322 tanto

455 1359 632 1412 Aﬂ‘ore
662 1378 672 1412 :
701 1375 801 1412 non
831 1361 1100 1413 hominum
1127 1368 1322 1412 tantam
1355 1360 1454 1411 nisi
1479 1359 1620 1412 milia
1649 1360 1840 1413 molem

454 1449 751 1516 Erigerent.
793 1450 1040 1516 Spacium
1073 1449 1241 1515 campi
1275 1448 1608 1502 concluserat
1638 1447 1867 1516 amplum

455 1538 677 1590 'I‘extilis
697 1536 923 1590 excelsis
947 1537 1123 1604 paries
1153 1535 1386 1590 herendo
1411 1536 1694 1597 columnis,

431 1625 564 1680 ‘Nec
589 1626 779 1680 summi
807 1626 1019 1678 culmen
1049 1626 1173 1678 tecti
1200 1639 1452 1693 superare
1484 1625 1662 1677 volatu

454 1714 672 1769 Viribus
692 1713 952 1783 impulsae
976 1713 1181 1781 magnis
1210 1722 1430 1781 potuere
1450 1713 1694 1779 sagittae.

452 1803 601 1858 Intus
627 1789 780 1857 erant
806 1802 954 1856 multi
981 1803 1200 1871 generis.
1214 1802 1515 1855 habitacula
1539 1801 1779 1869 pulchra,

453 1893 686 1960 Quilibet
711 1893 987 1961 egrediens
1006 1901 1066 1946 ut
1095 1908 1199 1946 non
1225 1893 1358 1946 haec
1379 1907 1497 1945 esse
1519 1899 1731 1960 putaret

455 1984 583 2038 Vela
607 1985 864 2038 movenda
899 1983 1034 2047 loco,
1069 1983 1160 2036 sed
1191 1982 1397 2035 moenia
1417 1982 1610 2035 nobilis
1629 1981 1798 2034 aulae.

451 2076 660 2130 Interea
688 2075 1172 2128 Northmannorum
1198 2073 1323 2136 dux,
1347 2071 1555 2126 Alfdeni
1591 2072 1785 2134 dictus,

452 2167 690 2234 Angusto
717 2178 906 2232 magna
941 2177 1058 2216 sese
1076 2163 1364 2215 comitante
1385 2169 1596 2215 caterva

453 2253 720 2318 Subdidit,
773 2261 934 2321 atque
990 2251 1146 2305 Iidem
1181 2251 1384 2305 studuit
1419 2251 1631 2303 firmare
1679 2265 1984 2318 perennem.

905 2363 1052 2414 Arma
1093 2360 1214 2416 808.
1244 2359 1437 2413 lndict.
1479 2359 1563 2411 15.

451 2476 586 2531 Sunt
608 2475 788 2530 Sclavi
809 2475 1025 2543 quidam
1050 2473 1168 2528 Lini
1202 2473 1518 2544 cognomine
1540 2471 1699 2537 dicti;

451 2565 560 2619 llos
579 2574 786 2628 contra,
817 2565 1055 2634 genitore
1078 2578 1174 2617 suo
1199 2563 1472 2625 mittente,
1502 2561 1770 2631 profectu:

448 2658 633 2713 Iunior
655 2666 739 2712 est
764 2657 1005 2722 Carolus,
1038 2658 1191 2712 cuius
1215 2673 1320 2711 non
1340 2656 1494 2710 Albia
1517 2657 1621 2710 lata

346 2753 351 2757 ’
449 2743 834 2814 Praepediebat
861 2747 992 2811 iter,
1025 2745 1118 2800 sed
1147 2744 1476 2799 Francorum
1508 2744 1763 2814 legiones,

449 2835 711 2890 Fluminis
737 2823 974 2890 eiusdem
1002 2834 1223 2889 traiecto
1255 2834 1483 2904 gurgite,
1507 2833 1662 2888 laetis

449 2925 717 2994 Auspiciis
737 2941 887 2986 usus,
926 2934 1248 2978 memoratos
1273 2924 1422 2978 duxit
1446 2923 1500 2976 in
1525 2924 1706 2977 hostes

451 3016 724 3084 Signaque
748 3015 996 3082 gaudenti
1021 3015 1201 3067 retulit
1235 3013 1478 3068 victricia
1499 3015 1658 3082 patri.

938 3126 1086 3180 Anno
1118 3125 1242 3181 8G9.
1278 3123 1468 3178 Indict.
1503 3125 1552 3178 -I.

450 3234 696 3305 Undique
716 3237 1015 3305 praesentis
1037 3251 1140 3304 pax
1161 3236 1539 3292 laetificaverat
1573 3237 1696 3290 anni
1732 3279 1743 3288 .

449 3327 686 3381 Cunctos
713 3326 919 3394 imperii
952 3325 1114 3388 fines,
1145 3327 1237 3380 sed
1268 3326 1443 3379 tristia
1470 3326 1730 3393 quaedam

451 3416 630 3470 Multis
650 3415 989 3484 contigerant
1014 3415 1171 3469 terris
1198 3432 1211 3468 :
1239 3430 1363 3468 nam
1390 3415 1565 3469 sevior
1590 3413 1735 3468 omni

453 3506 619 3560 Hoste
646 3506 872 3561 nefanda
909 3505 1024 3561 lues
1067 3507 1331 3574 pecudum
1369 3521 1535 3577 genus
1566 3520 1726 3560 omne
1764 3507 2009 3575 peremit.

452 3596 584 3649 Nam
617 3611 736 3650 cum
761 3605 1002 3665 pastores
1022 3605 1240 3666 agerent
1262 3607 1501 3653 armenta
1528 3613 1822 3668 gregesque

453 3685 608 3738 Mane
628 3684 770 3739 foras
795 3686 960 3740 laetos
984 3687 1038 3740 in
1060 3695 1211 3755 prata
1233 3687 1481 3750 virentia,
1511 3703 1632 3742 sero

452 3774 626 3843 Aegra
664 3775 879 3828 domum
908 3775 1066 3829 rediit
1090 3775 1177 3828 vix
1200 3791 1326 3845 pars
1347 3776 1691 3844 paucissima,
1728 3777 1876 3830 dirae

450 3864 616 3934 Signa
640 3878 830 3932 gerens
857 3865 1022 3932 pestis
1051 3866 1222 3920 macie
1243 3867 1532 3936 mortisque
1557 3868 1904 3938 propinquae.

451 3952 526 4006 At
548 3952 723 4006 maior
747 3966 1000 4005 numerus
1027 3953 1200 4021 campi
1226 3967 1324 4021 per
1342 3953 1497 4021 plana
1521 3953 1746 4017 iacebat,

451 4041 567 4106 Qua
590 4039 771 4094 dulces
795 4040 1003 4094 animas
1024 4041 1224 4095 virides
1256 4040 1453 4094 elllavit
1475 4041 1542 4095 ad
1564 4042 1777 4096 herbas.

450 4130 670 4198 Iamque
688 4129 1038 4185 cadaveribus
1063 4129 1332 4184 foetebant
1357 4147 1552 4200 pascua
1580 4133 1794 4197 stratis,

453 4220 726 4274 Extractis
745 4221 928 4284 etiam,
954 4222 1229 4289 praesepia
1255 4236 1497 4292 quaeque
1531 4216 1732 4279 labore

452 4309 679 4381 Purgari
715 4309 881 4365 multo
915 4317 1196 4378 poterant,
1230 4319 1342 4366 tum
1370 4313 1461 4382 qui
1483 4313 1802 4370 moriturum

453 4398 749 4453 Cernentes
773 4398 969 4452 animal
989 4400 1156 4469 magis
1177 4401 1229 4453 id
1256 4409 1595 4468 prosternere
1621 4401 1763 4458 ferro

451 4487 742 4558 Eligerent,
771 4487 952 4542 statim
975 4488 1182 4544 stillans
1206 4505 1237 4544 e
1263 4491 1479 4546 vulnere
1503 4493 1628 4548 tabo

452 4575 770 4629 Prodiderat
803 4583 916 4631 toto
942 4586 1250 4632 concretum
1277 4593 1500 4649 corpore
1524 4581 1712 4636 virus“

450 4665 677 4720 Noricus
702 4665 806 4720 ista
832 4667 984 4722 sinus
1013 4666 1186 4722 fertur
1212 4669 1515 4738 specialiter
1537 4672 1658 4726 esse

449 4755 740 4825 Perpessus
764 4771 884 4810 cum
908 4757 1097 4812 vicinis
1123 4757 1430 4827 regionibus
1463 4758 1577 4814 illi..

448 4848 734 4904 Praeterea
756 4849 964 4903 steriles
983 4849 1087 4903 hoc
1110 4849 1282 4904 factae
1301 4857 1538 4919 tempore
1560 4851 1727 4916 vites,

447 4939 697 5012 Impensa
719 4941 936 4996 sibimet
964 4941 1109 4995 nulla
1152 4943 1396 4997 mercede
1423 4941 1593 4998 labori

449 5032 816 5101 Respondent,
841 5047 962 5103 spes
984 5040 1070 5087 est
1086 5032 1228 5086 avidi
1257 5031 1514 5087 frustrata
1536 5033 1729 5096 coloni.

449 5121 586 5176 Dum
608 5123 788 5177 vineta
816 5137 1002 5178 carere
1027 5137 1124 5177 suo
1147 5123 1398 5192 pubentia
1416 5121 1562 5178 foetu

449 5210 744 5282 Conspicit,
778 5222 833 5268 et
856 5227 993 5268 vane
1012 5213 1244 5269 silvescit
1265 5214 1468 5269 inutilis
1488 5216 1666 5278 arbor,

451 5301 681 5358 Palmite‘
695 5300 886 5358 diffuso
907 5302 1080 5359 nullas
1108 5304 1233 5359 dum
1253 5305 1534 5376 pampinus
1559 5321 1688 5360 uvas

449 5390 732 5462 Contegit,
771 5401 826 5448 et
864 5392 1041 5448 fructu
1073 5409 1240 5450 vacua
1270 5404 1375 5452 stat
1403 5397 1558 5452 vinea
1601 5397 1727 5452 lata.

450 5479 698 5536 Partibus
729 5482 784 5535 in
808 5483 990 5537 multis
1024 5484 1171 5555 regni
1206 5485 1285 5540 sic
1304 5486 1481 5541 omine
1501 5487 1641 5542 tristi

450 5567 675 5625 Bachica
701 5585 808 5624 non
833 5571 990 5626 solito
1013 5573 1288 5640 perierunt
1316 5575 1502 5644 pocula
1529 5576 1740 5630 damno.

449 5657 710 5731 Tempore
748 5660 1000 5716 nimirum
1037 5669 1186 5719 tanto
1223 5663 1347 5720 licet
1381 5673 1506 5719 ante
1532 5705 1546 5728 ,
1595 5679 1690 5733 per
1721 5666 1933 5728 orbem,

445 5749 706 5820 Augusto,
739 5748 939 5805 luctum
958 5790 972 5815 ,
1000 5752 1158 5808 terris
1178 5753 1433 5818 abeunte,
1463 5752 1696 5808 futurum

447 5835 550 5894 lam
575 5837 894 5896 ostendebat
921 5855 1076 5897 casus
1098 5841 1435 5899 tristissimas
1467 5844 1582 5899 iste.

2517 1609 2522 1614 _
2581 1534 2728 1586 Anno
2751 1535 2872 1588 811.
2900 1535 3093 1589 Indici.
3126 1537 3180 1590 ὅ.

2112 1623 2317 1676 Iiursus
2347 1630 2406 1675 ut
2439 1622 2774 1690 omnipotens
2803 1639 2956 1677 caros
2981 1625 3081 1678 sibi
3119 1641 3245 1694 sepe
3273 1625 3491 1695 flagelﬁs

2109 1712 2320 1775 Erudit,
2354 1720 2604 1767 aeternae
2639 1714 2806 1766 detut
2829 1714 2932 1767 illis
2969 1715 3158 1784 gaudia
3188 1716 3347 1779 vitae,

2109 1799 2349 1869 Augusto
2367 1800 2448 1853 vis
2475 1800 2654 1854 iudicii
2680 1803 2980 1856 veneranda
3014 1803 3226 1870 superni

2113 1888 2337 1942 Omnem
2363 1890 2638 1958 praeteriti
2670 1889 2866 1944 luctum
2891 1890 3254 1960 geminaverat
3277 1890 3423 1953 anni,

2048 1961 2086 2015 Β
2113 1975 2281 2043 Ipsius
2303 1993 2579 2032 assumens
2601 1979 2760 2031 alium
2785 1979 2852 2033 de
2872 1994 3096 2047 corpore
3120 1988 3326 2043 natum,

2113 2066 2453 2134 Mortalisque
2476 2067 2662 2120 iubens
2691 2051 2830 2120 vitae
2857 2067 3010 2121 finire
3043 2068 3316 2121 tumultus.

2113 2156 2208 2210 llic
2227 2157 2397 2226 patris
2421 2157 2707 2225 cquivocus
2732 2157 2922 2222 fuerat,
2956 2171 3054 2212 nec
3084 2158 3297 2212 nomine
3323 2158 3453 2220 solo,

2111 2245 2289 2314 Indole
2311 2246 2405 2298 sed
2429 2245 2620 2299 mentis
2644 2245 2786 2302 clara
2804 2246 3170 2315 probitateque
3196 2260 3424 2308 morum,

2112 2331 2534 2403 Omnimodaque
2561 2343 2769 2404 patrem
2791 2336 3045 2389 virtutum
3065 2337 3186 2391 dote
3215 2335 3456 2399 referret,

2113 2423 2168 2476 Si
2194 2434 2400 2477 reetore
2428 2423 2534 2476 frui
2559 2425 2842 2478 meruisset
2867 2424 3090 2481 Francia
3125 2427 3236 2482 tali.

2111 2497 2460 2579 IIociquoque
2487 2511 2797 2565 Bernhardo
2821 2526 3044 2581 regnum
3065 2524 3402 2570 concesserat
3426 2530 3564 2571 anno

2109 2601 2348 2656 Italicum
2374 2602 2496 2670 pius
2523 2602 2824 2673 Augustus;
2864 2618 2986 2657 nam
3018 2603 3158 2658 filius
3182 2605 3319 2659 idem

2112 2689 2323 2759 Pippini
2351 2693 2542 2747 merito
2563 2693 2698 2762 patri
2721 2701 3048 2748 successerat
3072 2694 3247 2748 heres.

2562 2783 2712 2837 Anno
2751 2783 2872 2838 812.
2925 2783 3117 2838 Indict.
3156 2785 3210 2838 4.

2112 2869 2339 2923 Maxima
2363 2871 2664 2938 longinquis
2688 2880 2950 2925 terrarum
2983 2874 3218 2928 venitab
3246 2874 3413 2929 horis.

2111 2959 2403 3014 Grecorum
2437 2959 2503 3012 de
2527 2959 2857 3028 principibus
2881 2959 3076 3029 legatio
3100 2962 3286 3016 missa.

2111 3053 2155 3106 Α
2180 3055 2374 3122 quibus
2397 3054 2668 3124 Augustus
2691 3069 2875 3124 pacem
2893 3056 3352 3127 donarerogntus,

2111 3142 2227 3196 lure
2263 3143 2366 3210 piis
2385 3143 2652 3212 precibus,
2681 3145 2904 3199 multum
2931 3161 3066 3215 quas
3087 3147 3233 3202 novit
3251 3150 3478 3218 utrique.

2115 3231 2385 3287 Proﬁcuas
2414 3249 2594 3304 regno,
2626 3245 2967 3290 consenserat
2992 3237 3112 3293 ilico
3137 3240 3390 3305 clemens,

2040 3281 2082 3341 Ο
2117 3321 2326 3376 Foedus
2347 3329 2400 3375 et
2421 3281 2562 3376 inter
2585 3338 2644 3377 se
2663 3323 2782 3379 fidei
2802 3325 3054 3394 pacisque
3084 3329 3340 3382 tenendae

2117 3410 2344 3467 Iurando
2365 3421 2544 3482 partes
2579 3412 2861 3468 firmarunt
2886 3417 3128 3484 protinus
3147 3419 3352 3472 ambae.

2581 3502 2735 3556 Anno
2753 3504 2876 3559 815.
2905 3504 3095 3559 Indici.
3133 3506 3185 3560 5.

2118 3590 2225 3644 Iam
2255 3591 2431 3660 gravis
2457 3591 2694 3662 Augusto
2719 3595 2937 3652 morbus
2960 3596 3117 3650 simul
3133 3607 3292 3669 atque
3315 3611 3561 3656 senectus

2115 3681 2350 3752 Corpore
2376 3684 2703 3738 sustulerant
2724 3685 2935 3740 solitum
2963 3698 3233 3743 marcente
3257 3691 3494 3760 vigorem
3521 3709 3534 3754 ;

2116 3770 2500 3840 Curarumque,
2533 3774 2728 3841 quibus
2747 3789 2834 3830 res
2855 3776 3063 3846 publica
3086 3785 3232 3833 tanta
3256 3781 3481 3850 regenda
3572 3808 3579 3816 -

2113 3861 2191 3916 Ac
2211 3863 2470 3916 servanda
2491 3863 2607 3925 fuit,
2637 3879 2742 3918 non
2769 3881 2827 3921 se
2860 3867 3079 3924 sufferre
3103 3870 3279 3924 valere

2111 3950 2455 4006 Immodicum
2477 3952 2700 4019 pondus,
2730 3953 2965 4021 placidae
2993 3959 3086 4012 sed
3109 3959 3220 4012 sola
3247 3959 3440 4027 quietis
3493 3975 3496 3980 ·

2114 4039 2254 4103 Otia,
2281 4055 2530 4110 supremo
2558 4042 2782 4100 labentis
2804 4051 3040 4113 tempore
3073 4047 3213 4100 vitae

2116 4131 2258 4185 Vidit
2281 4134 2507 4188 amanda
2539 4133 2660 4197 sibi,
2683 4148 2789 4202 quo
2811 4149 3099 4203 procurare
3121 4137 3367 4206 migranti

2113 4219 2250 4274 IIinc
2277 4221 2487 4274 animae
2514 4222 2750 4291 requiem
2776 4223 3022 4293 propriae
3068 4225 3382 4294 veniamque
3406 4227 3661 4283 studeret.

2116 4309 2267 4364 Unde
2290 4310 2453 4366 duces
2473 4326 2536 4367 ac
2563 4313 2828 4381 primores
2859 4313 3232 4383 sollempniter.
3249 4330 3433 4372 omnes

2113 4400 2288 4469 Atque
2311 4401 2654 4471 magistratus
2679 4403 2747 4457 ad
2777 4393 3058 4459 Concilium
3093 4407 3340 4475 generale

2117 4488 2361 4558 Undique
2391 4489 2620 4559 collegit,
2642 4498 2872 4560 natoque
2893 4506 2988 4546 suo
3013 4491 3321 4548 Hludowico

2115 4578 2439 4634 Cunctorum
2463 4595 2584 4634 cum
2613 4581 2834 4636 consilio
2867 4582 2948 4636 ius
2973 4597 3130 4637 omne
3154 4583 3368 4652 regendi

2115 4669 2355 4724 Tradidit
2382 4669 2607 4739 imperii,
2634 4684 3101 4740 successoremque
3124 4670 3331 4740 paterni

2111 4761 2362 4830 Imposito
2386 4759 2682 4830 designavit
2713 4759 3010 4816 diademate
3039 4761 3208 4830 regni,

2111 4850 2531 4919 Consortemque
2566 4849 2647 4904 sui
2668 4849 2868 4904 factum
2896 4851 3056 4904 totius
3079 4851 3298 4906 honoris

2109 4938 2406 5009 Augustum
2430 4939 2634 5008 pariter
2657 4939 2881 4994 vocitari
2907 4939 3136 4994 iusserat
3156 4942 3350 5010 ipsum.

2109 5029 2260 5094 Quod
2287 5044 2408 5083 cum
2427 5027 2711 5098 magnifico
2736 5029 2866 5085 satis
2885 5044 3140 5100 accepere
3160 5031 3342 5087 favore

2110 5120 2400 5176 Consilium
2421 5121 2620 5186 cuncti,
2656 5136 2776 5177 cum
2796 5136 3016 5192 prorsus
3046 5123 3098 5178 id
3130 5122 3261 5178 utile
3292 5138 3457 5194 regno

2109 5209 2432 5265 Multimodis
2457 5209 2842 5281 intellegerent.
2870 5210 3004 5267 Hinc
3023 5221 3180 5268 aucta
3205 5211 3413 5270 refulsit

2110 5298 2355 5352 Maiestas
2383 5296 2579 5363 Caroli,
2617 5299 2896 5356 concordia
2919 5299 3057 5357 facta
3083 5300 3278 5358 futuris

2110 5386 2244 5440 Hinc
2269 5393 2353 5442 est
2377 5387 2729 5456 temporibus,
2748 5402 2866 5443 cum
2892 5397 2968 5445 tot
2996 5397 3153 5462 caput
3177 5391 3356 5446 extitit
3378 5408 3568 5458 unum,

2110 5476 2360 5532 Unanimi
2381 5476 2587 5545 populis
2615 5487 2966 5535 monstratum
2993 5488 3168 5541 mente
3189 5481 3515 5551 sequendum
3525 5522 3556 5539 .-

2108 5570 2243 5626 IIinc
2270 5578 2442 5625 metus
2462 5570 2699 5626 externis
2727 5571 2969 5627 incussus
2995 5573 3241 5642 gentibus
3266 5572 3470 5643 ingens.

2107 5659 2191 5714 Nil
2215 5673 2430 5730 sperare
2467 5660 2619 5716 dedit
2640 5661 2816 5717 Caroli
2851 5662 2916 5717 de
2938 5672 3111 5719 morte
3134 5663 3446 5735 propinqua.

2107 5752 2221 5819 Quo
2243 5751 2409 5807 minui
2434 5760 2808 5822 possetstatus
2831 5763 2886 5809 et
2908 5755 3237 5811 rectissimus
3260 5757 3392 5812 ordo

2105 5841 2273 5912 Regni
2300 5839 2643 5912 Francorum,
2675 5842 2824 5901 cuius
2847 5859 2954 5901 non
2976 5852 3098 5900 ante
3127 5845 3363 5917 reliquid:
