4266 6454
3842 127 4046 279 ,μη

590 502 598 509 .
700 454 800 508 72')
2003 442 2238 498 POETJS
2281 434 2565 493 SAXONIS
3771 433 3877 488 τῇ

700 564 830 617 Tam
862 561 1037 614 clarus
1094 557 1333 625 princeps
1388 555 1637 625 regimen,
1703 570 1858 622 quam
1910 553 2130 620 sumpsit
2176 550 2225 602 id
2256 554 2297 609 Α
2327 547 2415 600 Sic
2445 561 2649 598 morum
2675 546 2931 613 probitas,
2959 548 3123 601 animi
3153 548 3231 602 sic
3252 550 3481 603 maxima
3508 549 3701 609 virtus,

1981 639 2157 710 [alter,
2330 635 2417 687 Sic
2439 634 2608 699 pictas
2630 632 2806 687 Caroli
2826 642 3136 688 cunctorum
3166 637 3427 691 mentibus
3451 637 3664 710 berens,

701 739 864 802 Quem
887 735 1074 789 merito
1096 734 1235 803 patri
1262 733 1486 787 similem
1523 734 1715 785 virtute
1745 740 2007 799 putarent,

699 827 741 878 Α
762 840 864 892 quo
890 838 992 878 non
1017 823 1252 885 dubium,
1289 820 1416 890 quin
1439 820 1602 873 armis
1633 833 1788 887 regna
1816 819 2032 872 subacta

698 914 897 966 (Iuncta
918 911 1073 965 simul
1097 910 1210 963 miti
1242 916 1445 978 regeret
1465 908 1780 973 moderante
1797 905 1998 972 sophia.
2030 955 2035 961 .

698 1001 767 1055 Ut
789 1002 1051 1070 quondam
1078 1015 1296 1068 magnus
1321 998 1520 1067 pariter
1549 1013 1637 1050 rex
1663 1005 1819 1064 atquc
1844 997 2113 1063 propheta,

696 1090 794 1155 Qui
839 1079 1334 1157 lyrico'modulante
1384 1085 1522 1139 melo
1555 1084 1800 1139 caelestia
1832 1083 2015 1136 doctus

695 1178 942 1231 Carmina
970 1177 1146 1231 divino
1170 1174 1458 1243 completus
1480 1189 1708 1243 pangere
1728 1171 1873 1235 flatu,

695 1265 844 1320 Nunc
863 1265 1094 1333 cytbaris
1116 1264 1279 1318 David
1303 1264 1492 1332 digitos
1514 1263 1807 1330 fidibusque
1839 1261 2068 1324 canoris,

696 1353 845 1407 Nunc
872 1353 1073 1423 capulis
1102 1361 1281 1423 aptare
1300 1367 1487 1405 manus
1510 1350 1774 1417 armisque
1802 1344 2021 1411 solebat,

694 1444 1000 1497 innumeras
1022 1452 1298 1513 postquam
1321 1450 1502 1513 gentes
1529 1440 1809 1508 hostesque
1839 1438 2117 1505 triumphis

696 1532 1010 1585 Subdiderat
1035 1530 1278 1600 propriis,
1311 1529 1515 1583 meritis
1537 1535 1774 1582 maturus
1794 1535 1848 1580 ct
1878 1527 2046 1586 anuis,
2096 1578 2099 1581 .

696 1620 767 1673 Se
789 1622 1013 1683 vivente,
1040 1635 1169 1675 suus
1196 1620 1350 1673 iussit
1379 1633 1483 1687 quo
1512 1616 1651 1671 filius
1687 1617 1830 1668 omni

694 1708 916 1762 llacbrei
942 1708 1189 1763 Salomon
1216 1708 1364 1776 regni
1384 1707 1647 1760 frueretur
1673 1706 1889 1758 honore.

694 1800 782 1853 Sic
804 1798 1027 1853 Carolus
1049 1805 1228 1852 noster
1259 1796 1445 1852 solitus
1472 1804 1698 1850 tractare
1724 1793 1954 1847 vicissim

694 1884 919 1949 Proelia,
944 1883 1461 1938 daemonicosetiam
1491 1883 1796 1938 subvertere
1815 1880 2005 1941 cultus,

693 1968 1018 2035 Catholicam
1040 1974 1250 2028 firmare
1270 1973 1448 2038 fidem,
1473 1972 1829 2039 damnarcquc
1855 1978 2027 2023 sectas

692 2065 990 2131 Perversas,
1015 2074 1076 2120 ut
1101 2065 1371 2121 doctrinae
1394 2063 1637 2119 coelestis
1658 2064 1852 2130 ubique

691 2154 895 2208 Cordae
920 2155 1207 2209 concordes
1236 2153 1290 2207 in
1316 2152 1514 2207 Christi
1538 2151 1692 2205 laude
1714 2159 1977 2211 sonarent,

694 2242 965 2311 Magnifice
990 2242 1139 2296 bellis
1163 2256 1383 2310 regnum
1408 2241 1566 2294 nimis
1584 2238 1959 2307 atnplilicatum

692 2330 943 2384 l’rudenli
967 2338 1091 2385 nato
1114 2343 1403 2399 pacemque
1429 2329 1639 2397 reliquit
1662 2329 1885 2392 amanti,

694 2420 898 2488 Quique
921 2417 1104 2474 labore
1124 2419 1290 2488 patris
1315 2420 1454 2473 bona
1480 2418 1777 2487 conquisita
1803 2418 2017 2485 quietus

695 2510 958 2573 Sumeret,
985 2523 1237 2564 exercens
1260 2509 1421 2563 divini
1443 2510 1687 2578 dogmata
1724 2508 1917 2562 cultus.
1958 2555 1966 2562 .

695 2597 837 2651 llaec
857 2597 930 2651 ita
954 2596 1078 2651 dum
1100 2594 1304 2659 fierent,
1330 2597 1525 2663 passim
1550 2594 1810 2662 permixta
1836 2594 2041 2647 videres

692 2686 893 2739 Gaudia
920 2685 1187 2739 tristitiae.
1220 2684 1351 2736 Nam
1381 2698 1467 2736 res
1485 2698 1550 2736 ex
1574 2680 1759 2736 ordine
1785 2690 1932 2751 gesta

693 2774 759 2826 lit
788 2772 991 2826 ratione
1013 2772 1120 2839 pia,
1145 2770 1323 2824 multis
1345 2784 1464 2824 eum
1491 2770 1605 2823 iure
1630 2768 1881 2838 placeret,

631 2872 637 2878 ‘
690 2863 929 2932 Amplius
950 2862 1211 2931 augebant
1231 2867 1450 2916 cunctos
1473 2867 1647 2913 tamen
1668 2860 1809 2912 intus
1836 2858 2001 2911 amari

691 2952 949 3006 Mestitiae
969 2951 1188 3012 stimuli,
1212 2949 1350 3017 quod
1372 2948 1518 3002 carni
1545 2947 1753 3001 debitus
1780 2943 1924 3001 omni

691 3043 770 3097 Ex
788 3040 957 3096 oculis
977 3052 1161 3095 carum
1184 3037 1430 3093 Carolum
1452 3043 1695 3106 rapturus
1722 3037 1926 3091 adesset

691 3129 989 3185 Terminus.
1033 3127 1090 3182 Id
1106 3125 1348 3181 valetudo
1372 3125 1529 3180 simul
1547 3126 1766 3195 cogebat
1794 3134 1846 3180 et
1873 3132 2037 3181 aetas.

691 3218 863 3286 thue
884 3216 1017 3272 solet
1036 3216 1175 3287 ﬁeri,
1206 3215 1452 3283 quotiens
1472 3215 1788 3268 ammittitur
1806 3214 1909 3266 ulla

688 3305 795 3358 ltes
818 3305 993 3366 bona,
1003 3311 1129 3357 tunc
1149 3301 1336 3357 melius
1355 3301 1497 3370 cogit
1517 3301 1668 3356 dolor
1692 3301 1802 3369 ipse
1823 3301 2014 3365 videri,

686 3392 856 3461 Ipsius
875 3390 1073 3446 utilitas
1095 3389 1266 3461 qualis
1290 3391 1630 3459 preciumque
1648 3388 1833 3444 fuisset
1865 3404 1878 3441 :

759 3535 785 3564 ι
821 3520 1034 3577 Iiiatum
1057 3521 1346 3577 tollendum
1372 3534 1488 3575 esse
1518 3534 1620 3573 non
1648 3518 1834 3587 liquet.

2330 723 2370 775 Τ
2378 739 2474 774 unc
2495 730 2765 791 perspecta
2796 723 2963 791 magis
2989 722 3178 789 fuerat,
3212 740 3330 779 cmn
3355 725 3594 793 principe
3618 708 3709 776 tali

2332 814 2461 868 Sese
2479 816 2765 868 cernebant
2784 816 3045 868 carituros
3065 830 3182 869 esse
3211 832 3304 884 per
3327 830 3537 869 aevum.

2332 902 2712 970 Multorumque
2740 919 2929 973 graves
2948 906 3241 972 sapientum
3263 912 3477 974 pectora
3500 921 3663 959 curae
3747 934 3754 941 ο

2332 992 2654 1057 Μοιπιιοιηιηι,
2680 993 2733 1046 in
2750 994 2979 1047 deterius
3010 994 3112 1047 iam
3145 996 3357 1063 iamque
3382 995 3664 1049 timentem

2330 1080 2593 1146 Lapsuras
2617 1095 2704 1134 res
2730 1081 3076 1145 Francorum,
3110 1082 3301 1147 multas
3320 1096 3529 1150 quoque
3546 1082 3727 1136 clades

2331 1167 2457 1218 Post
2479 1159 2682 1219 obitum
2713 1168 2844 1221 tanti
2872 1177 3121 1222 venturas
3152 1169 3403 1236 principis
3421 1182 3561 1223 esse.

2336 1256 2402 1310 Ut
2427 1256 2523 1309 sub
2550 1255 2653 1309 fine
2676 1256 2814 1309 cadit
2841 1272 2959 1310 cum
2985 1257 3189 1326 longior
3215 1258 3400 1311 umbra
3422 1257 3547 1321 diei,

2331 1346 2395 1397 Et
2418 1345 2495 1399 sol
2523 1347 2705 1399 oceani
2731 1361 3020 1416 properans
3041 1362 3097 1401 sc
3127 1348 3367 1417 tinguere
3402 1347 3561 1402 fluctu

2331 1435 2508 1504 Pergit
2530 1435 2582 1488 in
2605 1436 2858 1499 cubitum,
2889 1439 3018 1507 tegit
3035 1446 3097 1492 et
3115 1437 3381 1507 ferrugine
3404 1441 3605 1494 vultum

2332 1523 2672 1593 Lucigenum,
2700 1526 2864 1580 mixto
2892 1527 3112 1581 maculis
3128 1528 3328 1598 pallore
3355 1530 3577 1599 nigellis,

2333 1610 2490 1680 Signa
2512 1612 2801 1679 procellose
2826 1614 2916 1667 dat
2944 1614 3115 1671 noctis
3135 1615 3326 1671 abinde
3348 1619 3641 1687 sequentis,

2333 1700 2584 1765 Quamvis
2611 1702 2919 1766 succedens,
2950 1690 3077 1756 dum
3103 1706 3314 1759 tramite
3344 1705 3512 1760 fertur
3542 1710 3757 1771 eodem,

2333 1791 2471 1844 Orbe
2494 1792 2635 1846 valet
2655 1793 2810 1860 pleno
2831 1793 3149 1848 sublustrem
3177 1797 3394 1851 reddere
3420 1798 3566 1852 luna.

2269 1871 2311 1929 Β
2340 1880 2487 1934 llaud
2509 1880 2663 1934 aliter
2688 1890 2799 1934 tum
2825 1883 3111 1950 prudentes
3134 1898 3350 1940 sensere
3372 1884 3574 1942 futuras

2331 1966 2593 2023 Bellorum
2642 1976 2996 2037 tempestates,
3052 1972 3344 2040 meritoque
3381 1977 3668 2042 gemendus

2330 2055 2495 2123 Regni
2516 2056 2840 2112 Francorum
2867 2057 3057 2113 Carolo
3076 2056 3336 2116 moﬁente
3361 2064 3559 2117 ruinas.

2330 2146 2564 2199 Solvitur
2585 2148 2784 2201 interea
2812 2149 2990 2216 populi
3019 2159 3325 2215 conventus,
3347 2161 3402 2205 et
3424 2153 3546 2207 inde

2329 2232 2428 2298 Qui
2451 2232 2662 2288 fuerant
2687 2250 2935 2304 proceres
2956 2238 3174 2292 redituri
3196 2241 3409 2294 tramite
3435 2241 3592 2311 longo

2330 2322 2407 2375 Ad
2433 2322 2586 2377 sedes
2614 2324 2871 2392 proprias,
2895 2326 3107 2379 sibimet
3130 2328 3235 2381 iam
3259 2329 3601 2395 conicientes,

2329 2413 2452 2466 Cari
2477 2424 2819 2482 conspectum
2840 2415 3037 2468 domini
3060 2428 3083 2456 α
3108 2417 3247 2471 hunc
3274 2433 3390 2473 csse
3427 2434 3757 2487 supremum.

2330 2500 2525 2554 lnterni
2557 2502 2783 2571 gemitus
2802 2504 3055 2557 dederant
3078 2505 3345 2575 animique
3369 2507 3592 2564 dolentis

2330 2586 2549 2641 Pallenti
2575 2588 2780 2658 signum
2806 2588 2939 2644 facie
2961 2605 3273 2661 meroreque
3299 2608 3504 2661 pressa.

2330 2677 2632 2745 Composito
2657 2679 2834 2746 plures
2861 2679 3027 2745 vultu,
3054 2681 3181 2735 dum
3205 2682 3401 2752 fingere
3424 2684 3592 2739 laetos

2332 2763 2401 2818 Se
2426 2765 2664 2832 cupiunt,
2695 2781 2799 2835 quo
2818 2775 3119 2835 suspectum
3142 2770 3398 2837 reperiret
3416 2770 3472 2825 in
3498 2771 3603 2825 illis

2331 2851 2415 2905 Nil
2440 2868 2607 2907 novus
2633 2861 2903 2923 angustus,
2932 2862 3109 2909 tamen
3138 2864 3193 2910 et
3211 2857 3386 2913 ridere
3407 2857 3677 2913 volentum

2331 2940 2434 2997 Ora
2461 2944 2673 2998 madent
2691 2944 2921 3000 lacrimis
2948 2944 3081 3001 falsa
3106 2948 3245 3002 inter
3272 2948 3462 3018 gaudia
3491 2950 3653 3004 veris.

2333 3030 2445 3086 Non
2471 3034 2643 3086 aulam
2669 3041 2795 3088 tunc
2820 3049 2968 3088 more
2990 3048 3086 3089 suo
3105 3036 3403 3103 complebat
3434 3035 3737 3105 Aquensem

2333 3121 2592 3176 Laeticiae
2618 3139 2797 3187 sonus,
2820 3124 3031 3178 auditur
3055 3140 3159 3180 vox
3187 3126 3387 3181 musica
3418 3142 3700 3196 nusquam,

2256 3193 2301 3252 C
2332 3209 2629 3278 Alloquitur
2657 3212 2857 3267 socium
2882 3212 2969 3266 vix
2994 3212 3180 3283 saltem
3198 3229 3469 3268 murmure
3489 3193 3627 3268 tristi

2333 3299 2564 3370 Quisque
2592 3317 2762 3366 suum,
2790 3303 3019 3371 prodens
3064 3305 3258 3358 tacitus
3285 3303 3409 3372 quid
3450 3313 3665 3372 pectore
3684 3313 3867 3375 gestet,

2334 3389 2464 3441 Cum
2490 3390 2640 3444 dolor
2659 3391 2881 3459 imponit
2908 3392 3233 3461 gemebunda
3260 3392 3467 3446 silentia
3493 3392 3693 3447 multis.

694 3650 3862 3682 Wm—

1206 3802 1207 3805 ~
1292 3760 1843 3840 ANNALIUM
1902 3760 2031 3834 DE
2089 3756 2443 3835 GESTIS
2500 3754 2857 3832 cauom
2920 3713 3239 3830 MAGNI

1064 3935 1245 3976 LIBER-
1285 3932 1566 3985 ουΑιιΤυδ
1610 3930 1935 3982 EXPLICIT;
1978 3926 2206 3970 INCIPIT
2248 3925 2512 3978 QUINTUS
2553 3923 2633 3965 DE
2676 3922 2749 3965 νιτ

1814 3930 1935 3982 ιιΤς
1978 3926 2206 3970 INCIPIT
2248 3925 2512 3978 QUINTUS
2553 3923 2633 3965 DE
2676 3922 2815 3965 νιτΑ
2861 3923 2938 3965 ΕΤ
2977 3919 3161 3963 OBITU
3202 3920 3499 3964 ειυδυιελι.

1941 4059 2144 4074 —

689 4150 909 4220 l‘angite
928 4146 1033 4200 iam
1059 4144 1266 4199 lacerae
1289 4155 1505 4196 carmen
1531 4140 1752 4209 lugubre
1776 4139 2023 4203 Camene,

761 4240 959 4307 Dignus
976 4234 1118 4290 enim
1142 4231 1319 4286 multis
1344 4245 1513 4284 annus
1541 4230 1627 4283 hic
1655 4228 2011 4283 estlacrimis.

694 4332 830 4385 Ecce
854 4332 1042 4395 quater
1062 4323 1211 4377 denis
1231 4320 1500 4388 ternisque
1525 4318 1793 4387 prioribus
1822 4318 1994 4380 annis,

761 4416 896 4483 Quid
923 4412 1025 4467 nisi
1047 4410 1367 4483 prosperitas
1387 4409 1526 4463 dicta
1550 4406 1646 4460 fuit
1669 4406 1841 4461 Caroli
1867 4408 1889 4460 ?

692 4507 878 4561 Annua
901 4516 1023 4557 cum
1042 4500 1201 4554 variis
1229 4497 1392 4569 ipsius
1409 4505 1554 4567 gesta
1579 4496 1857 4563 triumphis

763 4594 895 4648 Tum
921 4590 1120 4661 placuit
1151 4590 1287 4643 laeto
1309 4601 1690 4642 connumerare
1712 4586 1850 4639 stilo.

695 4686 764 4739 At
784 4683 938 4738 modo
965 4680 1203 4751 lugentes
1226 4676 1428 4732 obitum
1458 4690 1560 4731 nes
1586 4675 1834 4729 admonet
1853 4675 1985 4729 ordo

764 4776 832 4829 Et
854 4782 1058 4841 tempus
1085 4769 1219 4824 tanti
1247 4779 1661 4823 commemorare
1694 4765 1816 4818 viri.

699 4863 795 4917 llic
820 4861 931 4915 veri
951 4860 1211 4930 plangunt,
1228 4856 1381 4926 elegi,
1410 4854 1483 4908 nil
1508 4854 1705 4923 fingere
1731 4862 1955 4907 mestum

767 4954 859 5007 Est
877 4966 1030 5019 opus,
1057 4946 1277 5003 an‘ectus
1298 4960 1385 4999 res
1406 4946 1565 5000 habet
1586 4944 1697 5013 ipsa
1724 4958 1866 4997 suos.

698 5044 827 5111 Quis
852 5038 1107 5114 recolens,
1133 5037 1302 5107 qualis
1324 5034 1500 5099 fuerit,
1532 5033 1687 5088 modo
1709 5032 1890 5087 defore
1912 5033 2069 5086 terris

767 5134 893 5189 Tale
921 5134 1081 5188 decus
1099 5130 1317 5183 nimium
1340 5142 1446 5181 non
1475 5133 1652 5195 gemat
1677 5135 1730 5177 et
1755 5125 1972 5178 doleat?

700 5224 804 5278 Sed
833 5222 955 5290 quia
977 5234 1063 5274 res
1088 5217 1387 5273 consolatur
1404 5216 1536 5269 haec
1563 5213 1673 5269 sola
1705 5212 1905 5277 ﬁdeles,

768 5310 933 5367 Cares
958 5322 982 5349 ι
1004 5308 1144 5363 forte
1167 5321 1293 5362 suos
1312 5319 1456 5358 mors
1483 5304 1673 5371 quibus
1696 5302 1991 5365 abstulerit,

701 5404 803 5458 Pro
825 5399 977 5455 iustis
1002 5406 1064 5451 ut
1087 5411 1178 5451 eos
1203 5394 1427 5449 feliciter
1451 5393 1654 5446 actibus
1680 5406 1795 5446 esse

771 5486 1048 5543 Conlidant
1070 5484 1216 5552 regni
1239 5482 1525 5551 participes
1547 5480 1721 5549 superi
1748 5498 1759 5531 :

703 5576 901 5629 l.lcirco
927 5572 1189 5632 meritum,
1224 5584 1319 5638 pro
1344 5583 1448 5636 quo
1479 5569 1632 5622 modo
1658 5567 1921 5622 credimus
1946 5567 2089 5618 illmn

777 5716 797 5742 ι·
839 5701 985 5754 Rein.
1014 5709 1065 5753 et
1089 5698 1294 5764 Lcilm.,
1324 5714 1490 5752 curua.

2212 4055 2619 4069 —-———

2404 4136 2593 4189 Vivere
2617 4147 2736 4188 cum
2764 4131 2993 4195 Christo,
3021 4132 3136 4185 iure
3157 4131 3283 4184 libet
3309 4144 3526 4187 canere.

2335 4226 2608 4281 Materiem
2626 4231 2825 4278 tantam
2854 4223 3010 4276 nimis
3034 4222 3203 4276 audax
3227 4223 3450 4276 barbara
3479 4228 3654 4295 lingua

2400 4317 2599 4387 Ingenii
2631 4315 2803 4370 tenuis
2828 4314 3031 4368 viribus
3053 4313 3397 4381 aggreditur;

2262 4436 2309 4492 ο
2334 4406 2437 4460 Sed
2464 4420 2549 4460 me
2579 4418 2801 4473 magnus
2838 4418 3005 4465 amor,
3042 4402 3337 4470 praesentis
3381 4403 3635 4457 carminis
3662 4413 3856 4465 auctar,

2400 4494 2645 4564 Ignarum
2682 4491 2824 4547 fandi
2851 4508 2958 4546 non
2986 4492 3211 4546 reticere
3244 4490 3388 4544 sinit.

2332 4584 2567 4651 Denique
2593 4595 2710 4635 sum
2736 4580 2927 4657 Carolo
2946 4594 3153 4647 semper
3179 4577 3451 4648 ﬂagrantis
3480 4583 3701 4643 amoris,

2401 4672 2530 4726 Sum
2549 4684 2757 4740 quoque
2780 4670 3023 4739 perpetui
3048 4669 3253 4724 debitor
3275 4671 3515 4739 obsequii
3546 4688 3561 4735 ;

2331 4762 2379 4814 Is
2406 4768 2613 4830 gentem
2634 4766 2871 4815 nostram
2905 4755 3027 4812 ﬁdei
3054 4772 3370 4828 cognoscere
3398 4759 3568 4813 lucem

2398 4848 2639 4911 Fecerat,
2671 4846 2893 4900 abiectis
2914 4844 3168 4913 perfidiae
3198 4845 3448 4899 tenebris.

2332 4937 2498 5003 Quam
2520 4934 2764 4990 bellando
2793 4933 2900 4997 diu,
2928 4947 3089 5001 quam
3116 4932 3280 5003 multa
3304 4932 3539 4999 pericula
3563 4946 3767 5000 passus,

2394 5026 2568 5092 Quam
2587 5024 2779 5079 sudore
2805 5022 2972 5092 gravi,
3002 5036 3161 5090 quam
3186 5021 3360 5076 studio
3382 5020 3571 5091 vigili?

2332 5116 2505 5170 Poene
2531 5112 2876 5175 recordamur
2895 5110 3073 5180 populi
3104 5110 3206 5164 hoc
3233 5110 3491 5164 hactenus
3511 5123 3694 5164 omnes

2399 5204 2660 5271 Europae,
2684 5202 2815 5255 tanti
2843 5200 3123 5268 participes
3154 5199 3347 5268 cperis.

2334 5291 2530 5362 Nempe
2551 5290 2635 5345 sui
2658 5289 2799 5343 vires
2826 5288 2974 5357 regni
2999 5286 3286 5356 collegerat
3310 5298 3518 5352 omnes,

2404 5385 2473 5440 Ut
2493 5397 2591 5438 nos
2610 5381 2895 5438 demonicis
2912 5379 3139 5435 cultibus
3158 5378 3506 5433 abstraheret.

2333 5467 2567 5541 Denique
2592 5470 2888 5525 barbariem
2914 5469 3155 5538 quisnam
3183 5465 3387 5522 mollire
3410 5464 3640 5520 ferocem

2400 5562 2582 5616 Posset
2605 5559 2930 5616 adhortantis
2958 5556 3216 5628 dogmatis
3238 5554 3504 5623 alloquio?
