4266 6424
407 434 510 489 725

405 545 487 598 Ob
507 545 607 596 hoc
632 537 724 610 per
747 541 992 594 Carolum
1018 541 1248 594 clemens
1277 540 1414 596 Deus
1436 550 1517 593 est
1541 550 1804 608 operatus,

477 633 532 684 Id
561 633 701 701 quod
729 641 853 684 tunc
877 630 1030 683 aliter
1055 644 1158 682 non
1180 630 1351 699 potuit
1371 630 1506 682 fieri.

409 722 548 776 Usus
577 723 714 774 enim
741 721 968 788 gemina,
996 718 1262 780 Saxonum
1289 733 1447 772 saxea
1475 718 1647 783 corda,

474 811 622 873 Arte,
649 809 917 863 suadebat
930 807 1154 861 subdere
1178 822 1234 860 se
1259 807 1502 871 Domino,

405 897 558 950 Nunc
585 905 788 950 terrens
816 895 972 954 bello,
999 909 1138 969 nunc
1166 885 1318 948 donis
1343 894 1640 955 alliciendo,

475 987 584 1039 Illic
606 986 991 1055 magnanimus,
1018 984 1104 1038 hic
1122 998 1330 1052 quoque
1355 983 1651 1036 munificus.

403 1075 513 1128 Nec
538 1076 684 1144 prius
705 1074 1005 1136 abstiterat,
1033 1072 1262 1126 Saxonia
1289 1087 1447 1140 quam
1472 1072 1627 1125 simul
1651 1073 1822 1126 omnis

475 1162 616 1215 Idola
638 1161 900 1230 proiciens
923 1159 1064 1213 facta
1099 1159 1269 1215 fidelis
1287 1168 1426 1213 erat.

401 1253 547 1317 Quas
574 1253 735 1322 igitur
761 1261 938 1319 grates
964 1250 1036 1304 illi
1055 1249 1210 1304 modo
1229 1264 1508 1318 possumus
1536 1267 1740 1312 omnes,

479 1343 565 1396 Vel
591 1357 725 1411 quas
741 1342 964 1410 quisque
988 1356 1083 1395 suo
1103 1340 1305 1396 solvere
1321 1356 1420 1410 pro
1449 1341 1658 1395 modulo
1684 1342 1706 1392 ?

401 1430 459 1484 Si
485 1446 586 1498 qua
612 1445 783 1484 meam
808 1429 1189 1496 scripturarum
1214 1428 1494 1482 scintillula
1523 1437 1752 1482 mentem

469 1518 636 1582 Artis,
658 1527 714 1572 et
746 1517 974 1571 illustrat
996 1517 1040 1570 si
1065 1531 1168 1584 qua
1198 1517 1492 1581 scientiola,

398 1605 585 1660 Nonne
605 1606 751 1661 dabit
775 1606 912 1662 iuste
931 1605 1117 1660 Carolo
1137 1605 1418 1673 praeconia
1442 1604 1654 1658 laudum

468 1695 570 1747 Per
597 1709 756 1763 quem
779 1693 1014 1748 nancisci
1038 1692 1142 1747 tale
1166 1694 1365 1747 bonum
1382 1693 1598 1755 merui?

395 1783 578 1837 Nostri
602 1798 708 1838 non
738 1782 907 1836 solum
937 1779 1058 1836 fidei
1082 1780 1394 1835 documenta
1416 1788 1681 1850 parentes,

469 1873 575 1927 Sed
603 1873 811 1941 penitus
835 1883 1053 1926 cunctos
1079 1871 1381 1927 nescierant
1409 1871 1586 1939 apices
1611 1887 1624 1932 ;

393 1963 499 2017 Per
527 1962 775 2017 Carolum
802 1977 969 2029 nuper
996 1962 1146 2015 nobis
1163 1972 1244 2014 est
1268 1961 1429 2014 huius
1445 1961 1712 2020 honestas,

465 2052 542 2105 Ac
562 2051 762 2121 pariter
785 2051 926 2105 vitae
955 2065 1076 2119 spes
1104 2049 1226 2104 data
1243 2058 1587 2124 perpetuae.‘

393 2203 535 2280 Ergo
563 2201 659 2256 tibi
679 2201 910 2271 primum
934 2201 1120 2270 dignas
1147 2215 1244 2255 nos
1273 2201 1450 2256 dicere
1469 2201 1654 2255 laudes

465 2287 541 2346 Da
571 2293 729 2357 Deus,
755 2291 1044 2347 omnimodi
1071 2289 1188 2344 fons
1214 2299 1269 2344 et
1295 2291 1445 2359 origo
1481 2291 1605 2344 boni
1639 2307 1652 2353 ;

394 2383 775 2441 Munerisinde
805 2381 881 2434 tui
910 2394 1300 2450 quamcumque
1321 2388 1564 2434 retexere
1592 2387 1797 2447 partem

465 2471 572 2524 Nos
601 2470 654 2523 in
681 2483 763 2534 eo,
789 2468 959 2542 nostri
989 2468 1094 2523 dux
1127 2467 1313 2532 animi,
1336 2450 1530 2530 tribue,
1677 2535 1681 2540 _

391 2563 562 2628 Quem
586 2561 672 2629 pie
691 2559 902 2614 Christe
923 2566 1012 2612 tuo
1034 2554 1320 2612 multorum
1344 2570 1490 2610 more
1509 2555 1668 2609 saluti

462 2647 820 2717 Prospiciens,
848 2643 1009 2698 talem
1027 2643 1370 2713 praestiteras
1394 2641 1527 2695 fieri.

391 2739 528 2792 Nam
556 2747 768 2790 nostrae
791 2733 1052 2788 miserans
1078 2738 1299 2785 naturae
1326 2731 1700 2793 conditionem,

464 2825 740 2894 Serpentis
767 2830 1047 2892 postquam
1071 2820 1219 2874 fraus
1244 2819 1452 2873 vitiavit
1477 2834 1623 2881 eam,

391 2914 708 2968 Contuleras
735 2911 1004 2965 hominum
1025 2909 1205 2980 generi
1234 2907 1639 2962 solacia'crebra

462 3003 567 3056 Per
595 3000 767 3055 claros
791 2998 1035 3054 homines
1063 3005 1221 3065 atque
1250 2997 1342 3049 tibi
1371 2994 1610 3064 placitos,

395 3090 643 3148 Eﬂiciens
670 3087 854 3152 fortes,
882 3101 976 3155 per
1005 3100 1137 3154 quos
1165 3083 1379 3153 fragiles
1400 3089 1707 3151 regerentur

467 3181 678 3242 Doctos,
702 3179 790 3246 qui
824 3177 1053 3246 reliquos
1077 3177 1400 3230 instruerent
1428 3173 1662 3227 stolidos.

395 3270 466 3325 Ut
492 3269 581 3320 lux
615 3267 826 3320 illorum
847 3265 1093 3318 tenebras
1118 3263 1406 3331 depelleret
1432 3264 1644 3323 horum,

387 3400 400 3410 κ
465 3357 721 3410 Errantes
747 3367 1021 3416 revocans,
1053 3352 1444 3417 restituensque
1468 3349 1608 3410 viae,

390 3448 612 3502 Stantes
635 3453 694 3498 ut
730 3445 996 3514 erigerent
1022 3441 1216 3512 lapsos,
1257 3439 1570 3508 miserisque
1597 3437 1802 3506 piorum

463 3536 649 3591 Virtus
673 3532 1085 3601 exemploesset
1117 3538 1172 3583 et
1191 3527 1407 3581 auxilio.

391 3623 460 3677 Et
488 3622 622 3676 tales
649 3599 856 3688 semper
886 3599 1110 3672 dederas
1136 3615 1202 3690 ab
1230 3614 1438 3684 origine
1464 3612 1664 3674 mundi,

465 3711 586 3780 Apti
617 3707 995 3776 salvandisqui
1023 3704 1235 3760 fuerant
1256 3703 1392 3757 aliis.

389 3801 639 3872 Inprimis
657 3799 1082 3869 patriarcharum
1109 3809 1260 3851 sacer
1286 3793 1439 3855 ordo,
1465 3792 1651 3846 deinde

463 3888 703 3959 Legifer,
730 3896 785 3942 et
809 3885 1002 3938 vatum
1027 3885 1220 3937 missus
1241 3884 1307 3934 ad
1327 3883 1429 3934 hoc
1451 3881 1646 3934 chorus
1675 3887 1774 3934 est.

393 3982 502 4035 Nec
531 3995 637 4033 non
667 3979 719 4031 in
748 3975 912 4030 variis
941 3973 1198 4030 imitabile
1224 3970 1468 4041 gentibus
1493 3970 1617 4024 olim

465 4067 748 4140 Exemplar
769 4066 910 4128 iusti,
943 4073 995 4118 te
1019 4076 1228 4132 quoque
1245 4069 1398 4125 teste,
1427 4060 1642 4114 dabant.

313 4220 350 4234 ,
394 4161 500 4215 Sed
528 4159 649 4230 quis
673 4172 768 4228 per
791 4149 980 4212 servos
1005 4154 1174 4208 servis
1203 4161 1255 4206 te
1279 4151 1606 4206 consuluisse
1660 4177 1662 4179 >

463 4250 716 4311 Miretur;
749 4246 944 4300 donum
961 4244 1032 4298 sit
1053 4243 1176 4297 licet
1201 4242 1454 4296 eximium
1471 4241 1494 4292 ?

394 4339 525 4395 Cum
561 4353 660 4408 per
682 4346 733 4391 te
753 4335 936 4389 mundi
962 4320 1205 4388 domintis
1224 4331 1342 4401 plus
1364 4330 1555 4400 egeris,
1581 4329 1744 4384 immo

463 4425 552 4480 Sis
575 4438 760 4494 passus
754 4421 1012 4502 pinimis
1033 4419 1264 4474 maxima
1290 4434 1385 4488 pro
1414 4417 1646 4471 famulis.

359 4516 367 4523 ’
395 4517 498 4572 Pro
521 4515 716 4584 quibus
737 4511 945 4566 iniustis
966 4509 1156 4573 iustus,
1185 4523 1282 4578 pro
1313 4507 1553 4562 sontibus
1591 4506 1793 4567 insons,

463 4604 519 4657 In
551 4610 775 4656 mortem
802 4599 1070 4670 propriam
1099 4596 1390 4652 tradideras
1418 4595 1668 4648 animam.

397 4693 563 4747 Tanta
587 4690 888 4759 redemptor
915 4695 1032 4741 erat
1058 4693 1274 4740 nostrae
1311 4684 1406 4738 tibi
1432 4699 1559 4738 cura
1580 4683 1795 4737 salutis.

463 4783 678 4838 Perdita
706 4796 774 4837 ne
802 4780 955 4837 fieret
977 4793 1196 4850 prorsus
1215 4778 1390 4846 imago
1411 4775 1508 4829 tui.

400 4873 547 4929 Unde
577 4872 672 4927 tibi
693 4871 873 4924 Iaudes
899 4868 1233 4936 mpdulentur
1260 4873 1452 4920 cuncta
1481 4872 1680 4926 creata,

462 4964 636 5032 Atque
659 4975 796 5032 genu
829 4958 1044 5014 llectant
1073 4956 1292 5020 inferus,
1321 4942 1471 5020 arva,
1499 4953 1626 5026 poli.

396 5055 526 5107 Nam
576 5064 748 5121 neque
797 5049 921 5104 dum
946 5045 1227 5116 complevit
1277 5059 1428 5117 opus,
1457 5051 1546 5098 tua
1590 5044 1779 5113 gratia,
1830 5055 1942 5096 tan-

916 5186 926 5196 .
1715 5131 1869 5203 [ῑωη.

464 5229 726 5292 Cessavit,
766 5227 881 5282 sine
916 5239 1018 5294 qua
1048 5223 1252 5294 deperit
1277 5223 1450 5278 omnis
1475 5222 1633 5276 homo
1661 5238 1676 5286 ;

397 5321 499 5375 Sed
522 5328 644 5389 post
666 5318 797 5370 haec
819 5315 1006 5369 eadem
1030 5310 1294 5367 lucrandis
1319 5311 1564 5366 omnibus
1590 5319 1741 5365 extat

337 5470 341 5476 _
463 5410 600 5462 Cura
629 5421 726 5475 per
744 5403 940 5459 electos
962 5403 1208 5474 gentibus
1227 5401 1485 5456 exhibita.

396 5499 513 5553 Oris
534 5493 809 5566 apostolici
843 5500 1040 5546 terram
1063 5505 1223 5544 sonus
1245 5490 1339 5542 ivit
1369 5491 1420 5542 in
1446 5502 1680 5550 omnem,

470 5589 638 5642 Verba
675 5601 770 5654 per
797 5592 1064 5637 extremas
1094 5581 1367 5636 intonuere
1396 5580 1600 5650 plagas,

467 5741 489 5765 "
531 5725 608 5782 E\
637 5721 890 5777 Iiiulmrdi
923 5721 1037 5773 Vita
1065 5717 1259 5781 Caroli,
1294 5732 1406 5787 cap.
1430 5716 1481 5767 2.

741 431 978 486 ANNAL.
1021 432 1118 496 DE
1141 431 1378 488 GESTIS
1414 432 1473 486 Β.
1513 432 1754 492 CAROLI
1793 434 1997 487 MAGNI
2042 434 2213 487 LIBRI
2254 437 2314 488 γ.
2353 431 2420 473 ἷ-
2458 437 2606 490 VITA
2646 437 2906 492 CAROLI.
2945 469 3011 476 —
3047 438 3167 491 LIB.
3211 441 3269 490 γ.

3470 439 3574 494 τῖϐ

1976 543 2021 599 Α
2049 541 2143 594 Cui
2168 542 2331 604 dedit,
2359 543 2602 596 aetherea
2627 544 2755 597 caeli
2781 546 3037 598 demissus
3057 547 3121 599 ab
3145 562 3283 602 arce.

2115 629 2466 684 Flammantes
2491 629 2692 700 linguas
2719 631 2944 700 Spiritus
2967 634 3319 702 omnipotens.

2047 719 2088 772 Ο
2109 735 2264 788 quam
2298 719 2581 773 multorum
2604 730 2852 790 purgatas
2879 722 3033 775 sorde
3064 730 3241 777 reatus

2115 806 2314 858 Mentes
2340 806 2586 859 ardentes
2619 805 2745 860 fecit
2772 821 2953 862 amore
2982 807 3110 860 tuo!

2046 896 2257 950 Ordinis
2274 894 2506 961 ejusdem
2536 908 2630 948 nec
2659 909 2762 947 non
2791 895 3003 948 virtutis
3022 896 3221 950 honore

2113 985 2180 1037 Et
2201 985 2371 1038 studio
2395 985 2576 1054 plures
2604 992 2723 1053 post
2750 983 2960 1038 fuerant
2989 985 3213 1050 similes,

2045 1074 2144 1139 Qui
2172 1073 2325 1127 simul
2353 1074 2607 1144 exemplis
2636 1073 2847 1129 animas.
2864 1086 2919 1129 et
2946 1074 3189 1145 dogmate
3213 1091 3366 1132 sacro

2116 1161 2307 1215 Multas
2342 1161 2562 1216 caelesti
2591 1162 2931 1217 reddiderant
2965 1163 3184 1233 patriae.

2046 1251 2181 1316 Quid
2203 1264 2512 1312 memorem,
2564 1249 2746 1317 quanti
2770 1265 2866 1318 pro
2907 1259 2959 1304 te
3000 1260 3260 1307 tormenta
3292 1269 3579 1319 necemque

2112 1337 2281 1401 Passi,
2305 1337 2498 1391 luerati
2524 1337 2648 1392 hinc
2680 1338 2812 1391 alios
2838 1337 3071 1394 fuerint?

2045 1427 2152 1480 Ilos
2187 1426 2396 1479 animus
2422 1434 2689 1489 wnstans,
2746 1425 2862 1480 illos
2918 1427 3174 1484 miracula
3200 1431 3310 1485 visa

2111 1515 2341 1569 Credere
2366 1516 2497 1582 haec
2518 1513 2663 1568 danti
2689 1529 3060 1572 eommonuere
3085 1518 3198 1572 tibi.

2051 1605 2188 1659 IIllle
2217 1605 2386 1659 modis
2412 1613 2500 1658 tua
2528 1620 2737 1674 magna,
2761 1604 2920 1670 Deus,
2950 1606 3225 1662 clementia
3251 1613 3434 1680 gentes

2113 1693 2296 1748 Salvat
2317 1707 2416 1763 per
2443 1701 2654 1748 sanctos
2679 1695 3023 1764 egregiosque
3042 1695 3201 1750 viros.

2047 1784 2152 1839 Nec
2171 1800 2323 1856 reges
2352 1783 2483 1840 facis
2515 1794 2759 1854 expertes
2782 1784 2895 1839 fore
2921 1787 3156 1842 muneris
3180 1787 3356 1851 huius,

1979 1860 2020 1918 Β
2119 1876 2250 1931 Dum
2292 1890 2388 1943 per
2424 1890 2516 1930 eos
2544 1875 2750 1929 animas
2774 1876 2998 1946 corrigis
3034 1884 3192 1946 atque
3217 1877 3410 1940 doces;

2045 1954 2392 2033 Temporibus
2420 1962 2639 2018 Carolus
2665 1979 2780 2029 rex,
2805 1973 2856 2018 te
2879 1965 3123 2030 donante,
3153 1965 3422 2020 modernis

2110 2050 2279 2117 Quam
2307 2049 2485 2104 multis
2505 2065 2744 2106 summae
2769 2066 2928 2107 causa
2949 2052 3134 2108 salutis
3160 2062 3277 2108 erat
3299 2054 3322 2106 ?

2043 2139 2552 2208 Credendi‘pulchre
2574 2141 2912 2195 moderandis
2939 2142 3178 2196 moribus
3199 2150 3375 2212 aptus,

2110 2231 2175 2285 Et
2203 2238 2409 2285 mutare
2435 2230 2521 2299 pie
2550 2229 2753 2300 perfida
2777 2230 2934 2286 corda
2956 2239 3163 2302 potens.

2110 2391 2135 2418 ι
2163 2378 2323 2432 Cuius
2346 2393 2487 2433 nunc
2519 2379 2725 2450 insigne
2747 2394 2913 2450 genus
2935 2381 2980 2435 si
3008 2381 3240 2451 pandere
3261 2397 3442 2449 coner,

2176 2467 2473 2538 Compellor
2495 2483 2680 2539 regum
2709 2470 2945 2524 scribere
2971 2471 3288 2542 catalogum.

2044 2557 2147 2611 Sed
2177 2571 2282 2611 non
2301 2566 2384 2611 est
2403 2572 2536 2626 opus
2559 2570 2573 2609 :
2612 2556 2881 2612 excelsum
2908 2558 3031 2625 quia
3057 2573 3159 2611 non
3181 2574 3348 2628 genus
3368 2560 3460 2625 illi,

2111 2646 2216 2701 Sed
2245 2661 2455 2724 summo
2473 2646 2652 2716 generi
2678 2647 2879 2701 addidit
2907 2647 3017 2717 ipse
3044 2645 3226 2702 decus.

2044 2737 2116 2789 De
2144 2736 2307 2789 claris
2331 2736 2541 2806 genitus
2567 2734 2714 2788 fulsit
2738 2734 3090 2804 praeclarior,
3110 2746 3286 2805 atque-

2107 2824 2352 2878 Patribus
2380 2824 2592 2878 invictis
2620 2822 2807 2877 fortior
2824 2824 3035 2877 enituit.

2041 2913 2133 2966 Est
2159 2926 2367 2981 quoque
2393 2911 2499 2965 iam
2519 2919 2721 2975 notum,
2745 2911 2980 2980 vulgaria
3011 2915 3246 2968 carmina
3275 2919 3478 2986 magnis

2106 3002 2376 3056 Laudibus
2403 3001 2519 3061 eius
2540 3016 2667 3055 avos
2685 3008 2740 3057 et
2762 3016 2988 3070 proavos
3012 3001 3282 3058 celebrant

2038 3092 2314 3160 Pippinos,
2344 3088 2585 3153 Carolos,
2620 3089 2954 3146 Illudowicos
2974 3098 3027 3144 et
3051 3089 3387 3156 Theodricos,

1967 3172 2012 3232 C
2109 3180 2174 3233 Et
2205 3178 2588 3234 Carlomannos
2623 3177 3028 3246 Hlothariosque
3054 3189 3268 3234 canunt.

2041 3270 2109 3323 At
2134 3269 2335 3323 Tamen
2363 3267 2451 3323 hic
2473 3275 2670 3336 quanto
2695 3265 2813 3336 plus
2838 3263 3023 3320 fecerit
3048 3268 3294 3328 omnibus
3322 3269 3464 3334 illis,

2111 3361 2259 3415 Dicet
2278 3359 2570 3432 praesentis
2596 3373 2770 3413 sermo
2794 3369 3018 3427 sequens
3041 3360 3237 3429 operis.

2047 3450 2219 3511 Unum
2241 3461 2669 3510 commemorem,
2697 3455 2846 3502 tanto
2871 3448 2936 3500 de
2962 3447 3199 3516 germine
3223 3461 3402 3516 parem

2061 3537 2074 3556 ‘
2107 3536 2274 3602 Quem
2309 3543 2548 3590 sanctum
2575 3533 2772 3590 Christi
2799 3533 3069 3602 praedicat
3095 3534 3369 3595 aecclesia,

2041 3625 2255 3681 Scilicet
2286 3623 2581 3686 Arnulfum,
2615 3622 2938 3676 Francorum
2964 3623 3056 3690 qui
3083 3620 3183 3676 fuit
3207 3621 3333 3678 olim

2107 3713 2379 3780 Princeps,
2407 3726 2469 3766 ac
2496 3710 2675 3780 prcsul
2710 3718 2830 3778 post
2862 3710 2992 3764 satis
3024 3710 3286 3779 egregius.

2041 3802 2238 3858 Ductus
2266 3815 2445 3854 amore
2478 3799 2574 3854 Dei
2614 3799 2704 3867 qui
2730 3805 2996 3866 spreverat
3022 3797 3199 3862 omnia
3220 3797 3417 3861 mundi,

2109 3889 2254 3954 Quae
2290 3887 2522 3942 mulcent
2549 3887 2749 3951 oculos,
2773 3899 2980 3953 queque
3006 3885 3225 3938 trahunt
3253 3885 3477 3943 animos.

2043 3977 2240 4033 Malens
2270 3979 2473 4032 divinas
2495 3976 2676 4030 mundi
2706 3989 2865 4046 quam
2894 3977 3104 4029 tradere
3129 3975 3292 4044 leges,

2110 4070 2242 4124 Esse
2267 4068 2361 4122 Dei
2391 4051 2622 4122 famulus
2658 4080 2815 4135 quam
2840 4064 3020 4134 populi
3048 4064 3311 4119 dominus.

2042 4157 2193 4212 Nunc
2215 4165 2336 4211 ovat
2365 4156 2417 4209 in
2440 4155 2622 4217 caelis,
2647 4154 2907 4222 praebens
2933 4151 3189 4209 miracula
3215 4153 3408 4216 terris,_

2112 4244 2364 4320 Sublimis
2389 4243 2566 4298 meriti
2605 4243 2754 4313 signa
2786 4243 2976 4297 decora
3015 4242 3128 4306 sui,

2042 4336 2270 4404 Indeque
2298 4343 2600 4389 nostrorum
2632 4340 2797 4386 totam
2819 4332 3010 4385 seriem
3038 4331 3398 4396 dominorum,

2115 4424 2346 4494 Stirpem
2367 4435 2554 4492 nempe
2583 4435 2753 4485 suam,
2783 4420 3011 4489 protegit
3034 4428 3192 4488 atque
3223 4418 3385 4475 fovet.

1972 4506 2020 4566 D
2044 4513 2177 4568 Prae
2201 4512 2408 4567 cunctis
2443 4511 2603 4580 igitur
2647 4510 2741 4564 tibi
2775 4524 2900 4564 cura
2934 4509 3208 4578 nepotibus
3245 4523 3379 4574 una,

2110 4605 2455 4675 Quaesumus,
2478 4601 2730 4656 Amulius
2757 4602 2827 4656 sit
2851 4609 2970 4656 tuus
2992 4600 3310 4662 omonimus.

2044 4697 2147 4752 Fac
2171 4705 2229 4750 ut
2266 4693 2504 4764 regnanti
2531 4693 2775 4748 Christus
2807 4691 2878 4746 sit
2916 4690 3133 4760 previus
3167 4697 3368 4753 auctor,

2111 4787 2226 4855 Quo
2250 4786 2406 4839 nimis
2435 4783 2597 4853 ipsius
2626 4781 2823 4851 indiget
2849 4779 3135 4843 aecclesia;

2043 4876 2140 4940 Qui
2167 4874 2322 4928 modo
2360 4870 2613 4926 iustiflcus
2651 4886 2743 4926 rex
2785 4876 2882 4931 est,
2923 4867 3169 4922 defensor
3194 4876 3248 4922 et
3275 4882 3414 4922 unus

2111 4964 2252 5017 Inter
2277 4970 2353 5015 tot
2374 4960 2570 5023 clades,
2594 4973 2735 5013 nunc
2759 4958 2951 5026 quibus
2974 4956 3238 5009 atteritur.

2043 5053 2120 5108 Ex
2164 5052 2252 5106 illo
2282 5051 2434 5105 nobis
2458 5049 2620 5118 igitur
2653 5054 2763 5123 tam
2788 5043 3024 5114 principe
3059 5051 3245 5097 sancto

2112 5139 2376 5195 Hactenus
2401 5144 2483 5191 est
2509 5135 2784 5191 dominans
2814 5133 2994 5187 inclita
3017 5133 3300 5202 progenies
3321 5172 3352 5192 .,

2045 5231 2098 5284 In
2129 5243 2286 5298 quam
2315 5225 2583 5281 descendit
2616 5223 2781 5280 sancti
2812 5222 3109 5280 benedictio
3140 5220 3294 5275 Iacob
3316 5259 3331 5283 ,

2113 5319 2280 5383 Quam
2318 5316 2472 5370 Iudae
2496 5313 2730 5382 pandens
2757 5312 2869 5380 ipse
2899 5310 3073 5374 futura
3101 5310 3262 5374 dedit,

2050 5408 2115 5463 Ut
2155 5423 2258 5460 non
2282 5407 2530 5459 deficeret
2563 5404 2626 5458 de
2663 5402 2896 5472 germine
2929 5398 3220 5470 sceptrigcr
3241 5401 3387 5462 eius,

2118 5497 2221 5550 Sed
2246 5496 2379 5549 foret
2410 5494 2528 5548 inde
2554 5507 2771 5546 manens
2803 5491 2955 5560 longa
2981 5489 3171 5549 ducum
3195 5489 3387 5546 series“

2050 5588 2136 5642 Sic
2165 5588 2326 5641 electa
2360 5585 2465 5638 Deo
2502 5585 2693 5638 mansit
2721 5584 2822 5636 iam
2858 5592 3092 5652 tempore
3128 5581 3293 5649 longo.
