4266 6472
777 416 877 469 727
2084 413 2321 468 POETA}
2364 412 2648 469 SAXONN
3002 432 3003 437 ‘
3843 411 3937 463 τ’ὶὸ

846 528 985 578 llaec
1008 526 1168 591 stirps
1204 522 1257 575 in
1292 538 1471 592 regno,
1510 532 1667 590 atque
1696 524 1783 577 diu
1811 531 2034 581 maneat.
2317 526 2379 582 ’Δ
2471 522 2722 592 Corporis
2753 531 2808 575 et
2851 524 3080 586 habitus,
3103 537 3205 590 que
3233 512 3431 578 fuerint
3455 523 3700 577 referam.

778 615 852 669 De
873 630 976 682 qua
1000 628 1103 668 non
1138 613 1416 681 quisquam
1448 613 1637 667 fortem
1674 614 1970 682 pietateque
1993 611 2204 679 plenum
2405 611 2516 674 Que
2552 603 2866 678 quicumque
2890 611 3023 664 sciet
3052 613 3157 664 iam
3182 626 3287 666 non
3318 613 3617 677 mirabitur,
3645 613 3716 665 illi

846 701 1063 756 Miretur
1086 714 1261 768 regem
1293 699 1627 768 progenitum
1656 698 1920 753 Carolum.
2470 697 2578 752 Cur
2604 714 2681 753 src
2718 700 3030 768 contigerint
3055 701 3231 754 omnia
3273 700 3410 755 laeta
3439 700 3587 755 foris.

775 790 936 843 Cuius
959 796 1018 842 ut
1037 789 1270 842 exterior
1307 797 1475 841 virtus
1511 788 1774 855 roburque
1804 792 2048 855 parentes
2067 824 2081 847 ,
2404 787 2532 840 Nam
2569 788 2708 855 quod
2739 788 2877 841 scire
2912 787 3063 850 decet
3096 788 3325 842 hominis
3369 773 3777 857 meminisseque
3807 804 3935 844 cuna

704 938 715 945 ,
843 879 933 932 Sic
958 877 1086 931 satis
1109 877 1332 930 ornabat
1365 875 1632 945 religionis
1654 888 1821 939 amor,
3698 877 3867 947 [etos,

774 966 840 1020 Et
873 980 977 1035 quo
1011 965 1179 1018 maior
1206 965 1283 1017 eis
1320 964 1563 1033 provenit
1589 962 1755 1031 gloria
1784 961 1981 1025 mundi,
2472 962 2565 1016 llic
2599 976 2805 1030 quoque
2832 961 3084 1015 lectorem
3117 975 3482 1015 eommoneam
3513 962 3763 1016 breviter.

841 1056 987 1109 Mens
1008 1054 1222 1107 humilis
1258 1060 1407 1106 tanto
1435 1053 1554 1120 plus
1582 1052 1679 1104 fuit
1703 1059 1824 1105 ante
1851 1052 2037 1104 Deum.
2399 1051 2591 1105 Audiat
2613 1052 2712 1105 hoc
2742 1052 2914 1104 omnis
2942 1058 3136 1115 rector,
3162 1050 3243 1105 vel
3268 1051 3503 1119 praemia
3529 1052 3695 1120 gestis

770 1142 875 1196 Sed
917 1141 1040 1195 huic
1064 1148 1284 1194 naturae
1326 1140 1577 1208 quiequid
1600 1141 1733 1193 bene
1770 1138 2032 1207 praestitit
2066 1145 2214 1192 ortus
2240 1150 2329 1212 λι..
2467 1139 2571 1194 Pro
2598 1140 2944 1194 laudabilibus
2971 1139 3211 1208 quisquis
3239 1139 3435 1192 habere
3466 1139 3614 1206 cupit
3644 1156 3658 1189 :

840 1228 951 1283 lloc
975 1226 1228 1283 exercitio
1255 1235 1475 1279 auxerat
1513 1227 1740 1290 assiduo,
2399 1228 2623 1281 Interius
2646 1229 2793 1291 radix
2827 1243 3045 1296 operum
3089 1228 3218 1280 latet
3248 1226 3595 1291 exteriorum,
3684 1279 3691 1285 .

767 1319 1005 1373 Intentus
1035 1331 1243 1384 semper
1280 1316 1437 1369 rebus
1465 1324 1769 1370 constanter
1799 1314 2042 1385 agendis,
2470 1315 2614 1368 Mens
2649 1330 2926 1383 moresque
2951 1316 3052 1368 viri
3082 1314 3219 1368 facta
3259 1313 3433 1383 palam
3458 1323 3731 1383 generant.

837 1408 903 1460 Et
929 1406 1263 1475 disponendis
1292 1405 1514 1458 consilio
1554 1405 1751 1458 stabili.
2399 1403 2498 1467 Qui
2523 1402 2656 1457 solet
2696 1418 2813 1457 esse
2836 1403 2978 1456 domi
3016 1411 3266 1456 constans
3297 1402 3632 1471 prudensque
3666 1403 3929 1467 decenter,

770 1495 919 1551 Unde
945 1509 1042 1548 nec
1082 1494 1135 1546 in
1168 1492 1321 1571 bellis
1344 1491 1621 1559 quisquam
1649 1491 1854 1545 felicior
1882 1480 2001 1571 illo,
2466 1493 2679 1548 Pcrficit
2711 1495 2755 1547 is
2787 1495 2973 1547 crebro
3001 1493 3140 1546 facta
3174 1494 3364 1547 decora
3391 1493 3540 1547 foris.

836 1582 1093 1649 Tempore
1125 1566 1394 1647 nec'paeis
1425 1578 1544 1645 plus
1580 1579 1883 1631 moderatus
1913 1566 2059 1640 erat;
2397 1581 2537 1635 Intra
2563 1598 2619 1636 se
2649 1582 2787 1635 vitiis
2816 1583 3106 1643 dominans,
3140 1581 3446 1650 rationeque
3482 1580 3684 1649 pollens

764 1671 829 1723 Et
856 1670 994 1737 quod
1027 1667 1257 1735 suscepit
1290 1664 1484 1718 ﬂorens
1508 1674 1562 1718 ct
1595 1665 1768 1719 nobile
1803 1681 2039 1735 regnum,
2466 1671 2740 1724 Exteriora
2767 1670 2865 1723 sibi
2900 1670 3041 1722 nulla
3083 1684 3274 1724 nocere
3307 1671 3450 1733 sinit,

833 1754 1338 1831 Ileddideratduplo
1383 1752 1539 1805 latius
1575 1762 1629 1805 et
1661 1753 1868 1807 melius.
2325 1820 2367 1831 _
2398 1758 2696 1813 Fortitcrin
2718 1759 2922 1812 cunctis
2947 1756 3157 1810 facienti
3185 1770 3278 1811 seu
3298 1758 3528 1826 pacienti

762 1848 956 1914 Sicque
987 1858 1128 1906 suos,
1160 1843 1285 1895 licet
1322 1841 1567 1904 invictos,
1595 1841 1783 1895 vicisse
1811 1848 2053 1909 parentes
2325 1820 2370 1876 Β
2464 1846 2568 1900 Pro
2594 1848 2797 1900 meritis
2831 1846 2990 1899 animi
3026 1846 3192 1915 gloria
3233 1848 3538 1914 proveniet;

832 1936 1094 1997 Noscitur,
1121 1934 1221 1986 hac
1242 1931 1405 1984 multo
1436 1945 1492 1984 rc
1517 1932 1685 1999 magis
1722 1932 1982 1999 egregius.
2396 1933 2464 1985 At
2491 1933 2572 1985 cui
2603 1948 2750 1986 mens
2775 1939 2966 2000 torpet,
2996 1947 3170 1986 mores
3198 1946 3368 2001 neque
3388 1934 3606 2002 corrigit
3628 1934 3680 1987 in
3716 1948 3795 1997 se,

757 2025 890 2077 Nam
923 2023 1101 2093 plures
1137 2036 1275 2075 unus
1302 2028 1473 2073 terras
1502 2018 1825 2088 populosque
1864 2018 2089 2087 subegit,
2466 2018 2614 2072 Illum
2644 2022 2756 2073 iure
2786 2029 2962 2072 manet
2996 2020 3225 2075 dedecus
3247 2023 3483 2075 exterius

830 2114 997 2179 Quam
1032 2118 1175 2164 totus
1204 2121 1387 2176 regum
1416 2109 1603 2162 vicerit
1636 2108 1766 2161 ordo
1796 2108 1963 2174 prior.
2398 2108 2486 2161 Sic
2506 2122 2722 2174 regnum
2747 2116 2912 2160 terret
2941 2115 3157 2160 cunctos
3176 2109 3507 2163 extrinsecus
3531 2112 3727 2171 hostes,

757 2202 1066 2269 Regnabant
1096 2200 1233 2251 inter
1260 2198 1504 2251 Rhenum
1532 2196 1876 2263 Ligeremque
1905 2193 2133 2262 priores,
2464 2200 2520 2253 In
2558 2213 2615 2252 se
2649 2198 2786 2266 quod
2813 2213 2994 2267 pacem
3019 2198 3386 2266 iustieiamque
3414 2208 3584 2261 tenet;

824 2291 905 2344 Ad
935 2291 1147 2343 boream
1174 2286 1347 2340 fuerat
1372 2286 1631 2338 terminus
1653 2299 1903 2346 oceanus,
2397 2286 2463 2337 At
2491 2293 2676 2338 contra
2696 2284 2738 2338 si
2776 2285 2915 2352 quod
2939 2284 3111 2337 scelus
3135 2295 3188 2338 et
3212 2286 3476 2340 discordia
3502 2286 3694 2349 foedat,

755 2376 1160 2444 Australemque
1188 2376 1383 2430 dabant
1409 2374 1673 2427 Balearica
1712 2372 1870 2426 litora
1904 2373 2090 2434 linem,
2465 2374 2726 2443 Raptores
2760 2373 2941 2427 avidos
2969 2372 3117 2427 clade
3146 2388 3241 2428 sua
3269 2372 3445 2428 faciat.

826 2468 983 2536 Alpes
1015 2474 1067 2520 et
1094 2474 1261 2520 tectae
1286 2466 1554 2535 perpetuis
1588 2464 1812 2527 nivibus,
2396 2463 2534 2531 l-lrgo
2563 2462 2703 2515 domi
2733 2459 2980 2514 Carolum
3011 2460 3231 2515 rationis
3273 2463 3389 2515 iura
3418 2474 3659 2520 secutum

757 2558 1087 2610 Etl‘rancos
1124 2555 1431 2618 orientales,
1461 2571 1557 2606 nec
1588 2569 1690 2606 non
1724 2550 2060 2615 Alamannos,
2114 2594 2119 2597 γ
2466 2548 2559 2601 Est
2597 2549 2850 2602 comitata
2878 2547 3007 2602 foris
3030 2549 3197 2617 gloria
3229 2566 3417 2620 magna
3454 2554 3603 2607 satis.

825 2648 901 2698 Ac
928 2645 1194 2698 Baioarios
1233 2645 1337 2697 iam
1374 2651 1591 2695 tenuere
1626 2642 1804 2710 prius;
2395 2644 2717 2696 Assuescens
2756 2642 2928 2710 potuit
2961 2641 3247 2697 virtutibus
3279 2657 3593 2712 exuperare,

753 2730 1017 2787 Fresones
1040 2733 1217 2794 etiam,
1248 2731 1401 2785 simul
1436 2739 1491 2784 et
1524 2745 1707 2783 rexere
1732 2729 2025 2800 Tboringos
2052 2748 2063 2781 :
2465 2730 2730 2796 Ferrequc
2757 2727 2976 2780 consilio
3002 2735 3192 2781 cuncta
3219 2730 3415 2798 pericla
3440 2745 3554 2783 sua.

825 2822 892 2875 Et
919 2837 1136 2891 regnum
1165 2820 1341 2875 Caroli
1376 2821 1477 2874 hoc
1498 2820 1736 2874 habuere
1778 2828 1976 2888 patres.
2395 2819 2462 2870 Et
2487 2818 2609 2886 quia
2635 2812 2843 2870 iusticia
2863 2824 3108 2883 pacatum
3132 2817 3361 2871 reddidit
3380 2818 3542 2880 intus,

751 2908 974 2978 Pippino
997 2917 1147 2978 patre
1172 2907 1441 2974 defuncto,
1464 2923 1585 2963 cum
1614 2905 1780 2959 fratre
1811 2907 2027 2975 regebat
2050 2906 2076 2944 ι
2465 2907 2708 2960 Externis
2743 2920 2962 2975 regnum
2998 2905 3237 2961 cladibus
3275 2907 3489 2976 eripuit.

706 2989 719 2999 ’
820 2999 875 3052 ld
897 2998 1303 3065 Carolomanuo,
1333 3006 1476 3050 sorte
1518 2994 1725 3049 fruente
1762 3010 1878 3049 sua.
2395 2995 2610 3047 Artibus
2636 2995 2751 3061 ipse
2770 2995 2982 3063 quidem
3009 2994 3214 3047 cunctis
3243 2996 3530 3049 instructus
3558 2996 3794 3051 honestis
3816 2996 3866 3069 ⁴,

749 3088 923 3154 Atque
947 3085 1242 3139 simultates
1268 3084 1413 3137 illum
1440 3084 1686 3152 rixasquc
1720 3093 2017 3137 moventem
2325 3136 2363 3154 η
2467 3081 2663 3133 llarum
2704 3082 2947 3134 doctores
2976 3080 3252 3150 magnifice
3288 3081 3469 3135 coluit.
3650 3088 3653 3089 ⁷

821 3177 918 3231 llic
944 3191 1153 3245 semper
1176 3175 1401 3229 multum
1435 3175 1729 3243 pertulerat
1767 3176 2013 3243 parit-us,
2323 3138 2366 3191 (λ
2399 3170 2441 3222 Α
2472 3184 2596 3222 sene
2627 3168 2782 3222 levita
2809 3169 3037 3237 quodam
3078 3170 3386 3238 cognomine
3413 3170 3573 3225 Petro

751 3268 822 3323 Ut
850 3267 1043 3320 mirum
1071 3265 1251 3321 multis
1288 3263 1467 3328 fuerit,
1488 3264 1628 3332 quod
1654 3264 1845 3317 viderit
1872 3264 1950 3316 ira
2468 3258 2685 3312 Curavit
2719 3259 2891 3326 primo
2915 3259 3120 3312 discere
3153 3260 3576 3326 grammaticam.

818 3354 1150 3409 Commotum
1174 3352 1348 3406 causis
1371 3365 1528 3405 nemo
1549 3351 1675 3405 licet
1696 3352 1964 3420 gravibus.
2064 3398 2067 3401 .
2401 3348 2546 3400 Artis
2585 3348 2907 3409 ret'noricae,
2941 3362 3033 3399 seu
3072 3348 3159 3400 cui
3191 3347 3465 3401 dialectica
3495 3363 3707 3411 nomen,

745 3445 915 3499 Annis
944 3443 1020 3498 sic
1041 3443 1262 3513 geminis
1287 3443 1586 3498 decesserat
1613 3442 1701 3496 ille
1729 3443 1977 3512 peractis,
2471 3420 2706 3512 Sumps’it
2728 3435 2795 3487 ab
2816 3435 3027 3504 Alquini
3057 3436 3298 3507 dogmate
3323 3437 3591 3492 noticiam.

821 3535 887 3589 Et
921 3548 1141 3604 regnum
1169 3533 1266 3588 soli
1295 3533 1409 3587 iure
1442 3533 1599 3587 datur
1637 3532 1845 3586 Carolo.
2402 3527 2497 3580 llic
2523 3528 2682 3579 etiam
2713 3526 2866 3579 levita
2892 3526 3057 3595 gradu
3081 3526 3407 3595 multumque
3438 3528 3663 3597 peritus,

746 3626 897 3692 Quod
936 3626 1106 3693 primo
1132 3624 1288 3678 victis
1306 3623 1587 3692 Aquitanis
1612 3624 1854 3692 gentibus
1884 3623 2031 3676 auxit
2053 3633 2073 3661 ε
2096 3663 2110 3686 ,
2469 3614 2545 3667 Ex
2570 3614 2748 3682 Anglis
2775 3615 2990 3668 veniens
3021 3613 3161 3668 Saxo
3188 3615 3285 3668 fuit
3311 3628 3522 3685 genere.

818 3713 1242 3780 Wasconumque
1272 3712 1427 3765 simul
1453 3713 1717 3766 subiciens
1752 3712 2019 3781 populum.
2399 3703 2443 3753 A
2464 3718 2569 3770 quo
2603 3703 2851 3770 precipue
2885 3701 3084 3777 studuit
3111 3710 3273 3756 totam
3312 3704 3571 3758 rationem
3662 3696 3666 3700 ’

748 3809 815 3862 lit
840 3808 958 3875 iuga
986 3812 1177 3859 cuncta
1203 3801 1425 3871 Pyrenei
1454 3802 1739 3871 superavit,
1769 3801 2023 3856 [liberum
2468 3791 2535 3843 Et
2561 3789 2727 3858 legem
2754 3804 2942 3842 cursus
2959 3804 3185 3849 noscere
3209 3790 3401 3875 siderei
3440 3804 3484 3844 ο.

820 3874 993 3948 Donec
1033 3892 1099 3946 ad
1124 3890 1340 3945 fluvium
1377 3890 1616 3960 tenderet
1640 3891 1936 3960 imperium.
2400 3881 2457 3933 In
2478 3877 2825 3934 eausisiudex
2855 3880 3192 3944 iustissimus,
3224 3874 3390 3934 audiit
3413 3880 3555 3950 ipsas

746 3985 1056 4051 ltalicasquc
1078 3981 1267 4036 dehinc
1309 3980 1549 4048 regiones
1575 3980 1806 4034 subdidit
1840 3994 2044 4043 omnes,

1785 3989 1806 4033 ι
1840 3994 2044 4043 omnes,
2471 3969 2678 4037 Sepius,
2714 3975 2767 4021 et
2812 3965 2970 4019 linem
2997 3966 3173 4020 litibus
3201 3968 3466 4037 imposuit.

823 4074 1006 4127 Dicere
1031 4085 1164 4140 quas
1203 4078 1350 4124 certo
1377 4070 1496 4138 quis
1515 4068 1687 4122 valeat
1710 4070 1966 4124 numero?
2053 4103 2060 4113 .
2401 4060 2457 4112 lu
2490 4072 2733 4111 sermone
2769 4056 2896 4110 satis
2920 4055 3109 4118 dulcis,
3138 4053 3415 4120 facundus,
3449 4057 3742 4122 abundans,

748 4164 805 4218 lu
837 4164 1049 4231 longum
1075 4160 1253 4213 decies
1285 4159 1523 4212 centenis
1556 4158 1766 4213 milibus
1807 4167 1965 4227 atque

1807 4167 1965 4227 atque
2469 4144 2578 4199 Nec
2614 4144 2793 4214 patrio
2810 4152 3011 4197 tantum
3048 4143 3238 4197 claruit
3262 4145 3487 4213 eloquio,

818 4251 1076 4320 Amplius,
1106 4255 1165 4302 ut
1191 4247 1378 4311 fertur,
1407 4248 1640 4301 tenditur
1667 4246 1835 4301 Italia.
2404 4233 2503 4289 Sed

2404 4233 2507 4289 Sed
2536 4235 2722 4289 solitus
2744 4234 2920 4303 lingua
2946 4248 3070 4303 sepe
3105 4241 3190 4287 est
3220 4248 3375 4288 orare
3405 4235 3591 4300 latina,

750 4348 904 4410 Tum,
932 4345 1122 4414 quibus
1143 4350 1226 4396 est
1251 4356 1316 4395 ex
1346 4355 1450 4395 non
1477 4341 1681 4394 modica
1708 4339 1991 4394 Germania
2015 4346 2165 4408 parte
2470 4325 2578 4380 Nec
2606 4338 2796 4393 81⁸³80⁸
2827 4338 3044 4414 Ρτίξιξευε
3069 4323 3279 4377 ηθεοίυε
3301 4323 3580 4414 extiterat;

822 4411 1066 4497 Subdita,
1097 4432 1333 4486 Saxones
1362 4430 1565 4507 addidit
1603 4431 1842 4499 imperio.
2330 4458 2379 4517 υ
2403 4414 2663 4517 ιηξςξξοκίι
2688 4427 2809 4517 eant
2832 4411 3039 4477 melius.
3063 4426 3222 4480 quam
3246 4412 3598 4481 proprietates

750 4524 827 4579 Ex
855 4522 1026 4576 hacin
1055 4520 1219 4573 latum
1240 4503 1396 4588 duplo
1423 4518 1541 4587 plus
1561 4518 1787 4586 denique
1812 4517 2051 4579 Francis,
2330 4503 2374 4517 ”

1646 4518 1787 4586 lique
1812 4517 2051 4579 Francis,
2330 4503 2374 4517 ”
2471 4503 2612 4559 Illius
2636 4510 2816 4571 posset
2837 4515 2964 4555 voce
2992 4514 3181 4555 sonare
3218 4515 3331 4554 sua.

820 4611 875 4663 In
905 4610 1116 4677 longum
1142 4615 1350 4663 partem
1384 4621 1517 4674 pene
1548 4620 1729 4675 parem
1760 4606 2006 4658 renitent.
2403 4592 2505 4660 L03

1938 4612 2006 4657 ut.
2403 4592 2624 4660 Legerat
2645 4590 2885 4655 assiduae
2906 4588 3209 4659 Scripturae
3234 4590 3375 4643 dicta
3400 4600 3623 4653 sacrate,

750 4698 1050 4755 Pannonias
1072 4696 1233 4750 etiam
1294 4694 1441 4748 "ctor
1466 4694 1693 4749 subiecit
1718 4698 1973 4760 utrasque
2471 4682 2716 4750 Quosque
2741 4682 2905 4737 libros
2931 4683 3099 4737 sancti
3131 4698 3474 4751 composuere
3502 4680 3720 4751 Patres;

822 4791 916 4844 llis
942 4804 1062 4842 cum
1088 4786 1279 4841 vicinis
1302 4786 1523 4839 urbibus
1548 4783 1859 4838 innumeris.
1962 4824 1975 4829 -
2403 4772 2507 4837 Quo

1962 4824 1975 4829 -
2403 4772 2545 4837 Quos
2565 4771 2887 4840 Augustinus
2922 4771 3053 4826 caeli
3077 4773 3141 4826 de
3175 4772 3378 4825 civibus
3411 4771 3564 4825 almis

751 4885 892 4936 Arva
914 4878 1291 4937 Liburnorum,
1315 4873 1395 4927 vel
1425 4888 1528 4941 quc
1550 4873 1847 4926 vocitantur
1866 4873 1932 4925 ab
1960 4871 2158 4931 llistro,
2472 4862 2713 4933 Scripsit,
2747 4872 2987 4917 amanter
3019 4878 3111 4918 eos
3145 4865 3385 4919 crebrius
3420 4865 3680 4919 audierat.

730 4942 735 4947 ’
822 4968 930 5023 Nec
968 4982 1072 5027 non
1100 4964 1414 5019 Dalmatiam
1441 4961 1673 5031 subdidit
1704 4969 1758 5015 et
1789 4961 2024 5015 Daciam.
2405 4955 2653 5008 Scribere
2695 4954 2989 5021 temptabat
3019 4970 3032 5003 :
3071 4968 3193 5006 nam
3228 4952 3574 5023 circumferre
3619 4952 3820 5008 solebat

755 5060 1063 5113 Selavorum
1090 5053 1309 5123 populos
1336 5065 1555 5106 censum
1596 5049 1695 5103 sibi
1726 5050 1929 5123 solvere
1959 5048 2082 5102 fecit
2474 5041 2664 5095 Secum
2686 5057 2806 5095 cum
2832 5043 3009 5109 parvis
3035 5041 3302 5095 codicibus
3340 5042 3566 5105 tabulas,

822 5149 1028 5209 Plures,
1064 5122 1224 5213 quam
1246 5143 1525 5210 quisquam
1546 5122 1883 5194 dinumerare
1915 5148 2090 5208 queat.
2404 5132 2479 5183 Ae
2504 5145 2707 5200 ponens
2735 5130 2875 5199 ipsas
2896 5132 2962 5184 ad
2999 5130 3272 5183 cervicalia
3302 5131 3429 5185 lecti

755 5236 994 5292 Grsserit
1028 5236 1128 5288 ista
1157 5232 1349 5300 quibus
1372 5232 1541 5293 bellis,
1587 5231 1842 5298 signando
1865 5232 2073 5299 priores

1865 5232 2073 5299 priores
2473 5218 2704 5288 Regalis,
2728 5217 3159 5286 numquam_fecit
3188 5220 3371 5273 abesse
3394 5220 3495 5272 sibi
3534 5238 3545 5271 :

824 5325 1084 5390 Quattuor
1108 5321 1321 5374 annales
1349 5322 1453 5373 iam
1484 5321 1711 5375 retulere
1737 5320 1878 5374 libri.
1949 5312 1975 5324 “
2405 5308 2509 5361 luto

1866 5359 1878 5371 ,
1949 5312 1975 5324 ⁸·
2405 5308 2545 5361 Inter
2570 5317 2648 5361 tot
2675 5322 2848 5369 curas,
2874 5304 3109 5374 tantique
3134 5308 3342 5376 negotia
3373 5308 3545 5377 regni,

757 5415 907 5469 Nunc
934 5413 1183 5474 studium,
1212 5427 1408 5477 mores,
1434 5426 1666 5480 ususque
1688 5413 2027 5475 domesticus,
2058 5415 2177 5466 eius
2475 5399 2586 5452 Πυκ
2614 5406 2929 5453 θΧθτουοΐίιῐ
2971 5398 3055 5452 his
3088 5398 3324 5452 animum
3350 5398 3558 5451 Studiis-

829 5573 851 5600 ο
881 5558 960 5611 Cf.
993 5558 1242 5627 Eiuliardi
1268 5559 1440 5612 Vitam
1466 5560 1658 5622 Caroli,
1685 5575 1799 5627 mp.
1843 5560 1922 5611 i3.
2475 5554 2498 5591 τ¹
2528 5554 2607 5607 (If.
2637 5552 3067 5627 Einhard.___ib_id.
3092 5590 3107 5613 ,
3153 5565 3202 5627 ς.
3250 5549 3319 5604 25
3343 5589 3358 5612 ,
3398 5557 3450 5600 et
3506 5549 3556 5600 iu
3604 5547 3854 5616 sequenti!
3876 5562 3928 5597 us

831 5628 858 5667 ι’
996 5626 1149 5696 ibid”
1181 5644 1296 5696 cap.
1337 5629 1417 5680 18,
1647 5620 1652 5622 ⁷
1750 5620 1764 5627 ’
2409 5639 2575 5696 usqu
2605 5621 2667 5696 :ul
2697 5621 2851 5696 fitirtn
2891 5620 3251 5696 lilu'iJiassim.
3360 5646 3391 5696 _~

835 5705 857 5733 c
888 5693 954 5738 t‘t‘
994 5695 1100 5743 ibid
1140 5684 1345 5745 'c.'l.'i.
2484 5684 2502 5723 θ
2538 5690 2685 5751 (Ich,
2721 5689 2984 5751 Μάνη-υς
3016 5684 3161 5742 llein.
3190 5686 3483 5755 emendatio
3521 5685 3808 5737 rctitu-nt‘ia.
3876 5684 3883 5687 ’

4043 694 4045 805 i

4048 1200 4049 1273 ι
