4266 6458
361 429 466 485 729
682 434 930 489 ANNAL.
972 438 1058 493 DE
1090 441 1329 498 GESTIS
1363 447 1423 501 Β.
1462 448 1703 504 CAROLl
1738 452 1950 507 MAGNI
1984 452 2160 507 LIBRI
2198 454 2255 508 V.
2292 485 2361 495 —
2397 457 2550 512 VITA
2585 458 2847 516 CAROLI.
2887 491 2955 503 —-
2991 463 3112 519 LIB.
3136 432 3216 519 ‘Y.
3268 472 3301 478 ”
3377 439 3388 455 λ
3425 424 3529 519 7έο
3627 418 3633 423 ”

198 11 481 179 ’⁷⁷

356 544 526 597 Cuius
550 552 611 595 ut
627 543 895 615 ingenium
926 548 1149 631 multum
1173 553 1495 621 resplenduit
1531 572 1654 612 acte
1845 595 1851 599 ›
1925 567 1976 621 Δ
2069 558 2291 613 Fecerat
2316 561 2553 631 ignarum
2586 562 2817 637 (Midiae
2844 567 3114 634 ροεηῑιιιες

430 628 523 683 Sic
544 631 717 685 omnis
752 641 927 688 motus
957 627 1156 704 optima
1196 642 1495 709 temperies.
2000 646 2099 700 Vix
2133 645 2205 700 illi
2231 627 2454 715 glatialis
2496 649 2701 718 hiemps
2743 627 2952 705 auferre
2984 627 3189 709 valebat

352 716 477 771 Non
512 732 761 787 umquam
787 719 1006 776 nimium
1034 724 1226 789 laetus,
1253 742 1354 782 non
1385 730 1535 784 valde
1574 730 1845 796 remissus,
2067 734 2204 788 Usus
2235 742 2531 791 castrenses
2559 716 2810 805 gestaque
2839 738 3079 794 militiae.

429 807 543 863 Non
574 810 799 864 multum
824 812 994 867 tristis
1019 821 1181 882 atque
1203 831 1420 872 severus
1446 828 1593 886 erat;
1997 820 2275 875 Praeterea
2315 821 2502 877 solitus
2546 822 2645 877 fuit
2669 839 2919 879 exercere
2951 834 3227 893 venatum,

352 894 474 948 Non
504 889 637 950 lenis
660 898 933 952 hominum
957 900 1118 964 vitiis,
1141 918 1244 956 non
1270 906 1509 960 turbidus
1534 909 1631 961 ira.
2064 908 2177 973 Qua
2205 917 2328 965 tunc
2355 919 2471 964 arte
2502 912 2667 978 magis
2702 926 2858 966 nemo
2886 914 3084 982 peritus
3108 889 3253 982 erat;

425 981 696 1037 Plectebat
736 984 874 1038 iusta
908 1001 1029 1040 cum
1056 988 1262 1057 ratione
1292 1006 1433 1046 reos.
1798 980 1811 989 ’
1996 995 2061 1048 Et
2093 997 2322 1049 naturali
2363 995 2536 1052 fontes
2562 998 2769 1053 fervore
2798 980 3030 1056 calentes
3138 1006 3141 1009 ’

352 1071 508 1136 Quod
534 1082 737 1127 terrore
766 1075 934 1144 magis
968 1075 1082 1130 fieri
1104 1092 1261 1146 quam
1288 1090 1459 1136 morte
1493 1083 1720 1149 volebat,
2060 1082 2137 1135 illi
2171 1082 2513 1151 praestabant
2546 1094 2696 1154 grata
2732 1086 2944 1142 lavacra
2972 1090 3153 1145 nimis.
3254 1129 3256 1134 ι

426 1158 492 1212 Ni
512 1175 633 1213 cum
662 1162 777 1215 dira
802 1163 880 1216 rei
910 1176 1124 1231 cogeret
1148 1167 1413 1236 impietas.
1995 1170 2142 1225 Unde
2178 1171 2350 1226 locum
2378 1172 2518 1227 sedis
2562 1175 2774 1229 sibimet
2797 1178 2989 1247 delegit
3015 1178 3300 1248 Aquensis,

348 1249 398 1303 Ο
423 1252 600 1319 qualis
621 1254 889 1321 probitas,
916 1268 1076 1322 quam
1109 1256 1570 1311 constantissimus
1594 1258 1724 1312 ordo
2062 1257 2293 1311 Plurima
2321 1274 2425 1327 quo
2461 1269 2642 1314 manat
2670 1263 2819 1331 copia
2859 1263 2978 1319 talis
3014 1281 3204 1335 aquae,

422 1341 481 1393 In
505 1344 709 1396 cunctis
733 1346 848 1398 eius
878 1345 1118 1419 moribus
1138 1345 1328 1399 enituit
1352 1348 1364 1399 ε
1482 1420 1486 1424 Α
1544 1340 1553 1347 ’
1993 1348 2185 1404 Balnea
2210 1368 2312 1420 qua
2352 1353 2516 1407 multo
2548 1355 2779 1409 condens
2804 1357 3029 1413 iucunda
3069 1361 3289 1427 decore,

344 1430 529 1484 Fortis
552 1432 603 1485 in
627 1432 860 1487 adversis
882 1436 1058 1498 rebus,
1081 1445 1370 1503 cautusque
1388 1435 1655 1502 secundis,
2060 1440 2226 1493 Annis
2263 1442 2514 1495 extremis
2540 1443 2731 1496 mansit
2758 1444 2829 1509 ibi
2869 1445 3077 1514 iugiter.

416 1519 715 1587 Perpetuac
744 1522 916 1575 tenuit
944 1523 1247 1577 sobrietatis
1277 1524 1399 1577 iter.
1989 1526 2066 1582 Ac
2090 1542 2269 1603 secum
2302 1528 2427 1582 fecit
2454 1538 2607 1583 natos
2639 1547 2992 1601 proceresque
3025 1536 3223 1603 lavari,

344 1608 581 1661 Tantum
612 1624 733 1663 cum
757 1620 910 1664 natos
937 1611 1034 1664 sibi
1059 1611 1334 1680 Pippinum
1368 1612 1719 1681 Carolumque
2059 1600 2313 1684 Quodque
2339 1618 2417 1671 sui
2446 1627 2624 1672 custos
2647 1621 2882 1687 corporis
2907 1600 3094 1693 agmen
3112 1600 3247 1681 erat.

414 1696 561 1750 Mors
581 1698 834 1764 auferret,
863 1701 932 1753 ob
954 1700 1055 1755 hoc
1091 1702 1200 1769 ipse
1225 1702 1385 1755 nimis
1413 1702 1597 1756 doluit.
1989 1704 2236 1759 Eiusdem
2259 1722 2378 1759 nam
2404 1709 2743 1775 commoditas
2771 1712 2995 1780 spetiosa
3020 1714 3216 1770 lavacri

340 1782 456 1837 Nec
488 1799 593 1839 non
624 1784 989 1847 Rhuottrudis,
1020 1787 1238 1855 reliquis
1262 1804 1396 1856 quae
1424 1789 1529 1842 filia
1557 1796 1684 1842 natu
1954 1832 1957 1833 ν
2056 1793 2315 1849 Centenos
2341 1794 2582 1851 homines
2601 1797 2824 1867 plusque
2846 1800 2986 1855 valet
3012 1817 3217 1872 capere.

411 1872 581 1925 Maior
602 1882 740 1937 erat,
778 1871 922 1927 ﬂevit
949 1874 1099 1929 valde
1129 1891 1344 1943 gemens
1370 1876 1591 1931 obitum.
1913 1873 1965 1930 -B
1989 1880 2224 1950 Corpore
2250 1884 2465 1936 robusto
2486 1882 2584 1936 fuit
2608 1885 2719 1953 ipse
2742 1887 2988 1943 decenter
3011 1898 3067 1944 et
3080 1871 3253 1963 amplo
3270 1934 3285 1958 ,

339 1960 495 2023 lianc
523 1968 579 2015 et
604 1961 896 2016 Grecorum
940 1963 1187 2018 luxerunt
1210 1965 1337 2044 ditia
1370 1980 1549 2035 regna,
2054 1967 2265 2022 lncessu
2287 1967 2490 2033 ﬁrmus,
2511 1970 2719 2024 vividus
2737 1970 2892 2041 atque
2908 1976 3085 2044 agilis,

408 2050 565 2115 Quod
592 2067 695 2104 non
723 2053 822 2106 hac
848 2054 939 2106 tali
965 2055 1120 2123 digna
1152 2038 1325 2109 forent
1366 2056 1599 2109 domina.
1985 2056 2205 2125 Egregie
2230 2070 2504 2123 procerus,
2528 2066 2584 2111 et
2609 2060 2711 2114 hoc
2733 2038 3093 2121 moderamine
3113 2068 3251 2124 iusto
3268 2109 3285 2133 ,

337 2136 550 2207 Sponsa
598 2138 699 2192 fuit
729 2139 1059 2194 Constantini
1093 2156 1236 2205 nam,
1263 2152 1467 2212 sceptra
1501 2146 1730 2214 regentis
2055 2143 2265 2212 Septem
2290 2160 2516 2213 namque
2544 2148 2652 2201 suis
2674 2148 2860 2219 longus
2878 2160 2992 2205 erat
3011 2154 3250 2222 pedibus.

405 2226 558 2281 lllius
590 2243 802 2298 semper
828 2230 1020 2285 nobilis
1041 2230 1269 2300 imperii.
1985 2234 2097 2301 Ipse
2120 2235 2374 2288 rotundus
2402 2250 2534 2305 apex
2561 2238 2767 2306 capitis,
2790 2242 2968 2295 cervix
2989 2252 3043 2297 et
3061 2247 3244 2311 obesa,

290 2324 299 2336 ί
333 2316 523 2370 inclita
548 2316 1032 2388 Constantinopolis
1071 2321 1136 2375 de
1160 2318 1396 2388 germine
1432 2324 1599 2376 nostri
2052 2322 2205 2377 Naris
2230 2323 2347 2392 plus
2382 2326 2538 2392 paulo
2565 2342 2721 2395 quam
2745 2330 3023 2391 mediocris
3044 2343 3194 2396 erat:

404 2404 640 2474 Optabat
660 2408 836 2477 Caroli
862 2409 1085 2462 nobilior
1110 2409 1244 2482 fieri.
1832 2416 1837 2420 '
1984 2411 2111 2464 Late
2139 2410 2397 2479 fulgentes
2418 2414 2573 2479 oculi,
2598 2414 2760 2471 facies
2780 2433 2987 2489 quoque
3008 2420 3141 2477 laeta
3161 2465 3176 2490 ,

333 2494 576 2547 Tantum
598 2496 930 2565 contigerant
957 2496 1089 2551 haec
1126 2497 1413 2551 infortunia
1445 2500 1570 2569 regi,
2046 2498 2116 2551 Et
2138 2514 2241 2552 vox
2278 2500 2421 2553 clara
2445 2503 2593 2567 satis,
2623 2505 2907 2575 pulcraque
2935 2511 3174 2567 canities.

402 2582 463 2635 In
494 2582 579 2636 his
601 2598 738 2650 quae
777 2584 955 2653 genuit
975 2584 1193 2654 pignora
1223 2585 1367 2640 clara
1393 2588 1544 2641 satis.
1599 2591 1605 2605 ‘
1667 2618 1670 2623 ~
1882 2642 1885 2645 .
1987 2588 2121 2644 Usus
2147 2591 2339 2644 vestitu
2366 2594 2558 2660 patrio,
2586 2609 2794 2665 semper
2820 2603 3149 2671 peregrinum

332 2672 473 2726 Tum
504 2675 848 2728 concertabat
888 2675 1184 2729 constantia
1225 2691 1347 2730 cum
1373 2677 1589 2746 pietate,
2049 2676 2362 2745 Respuerat,
2385 2683 2625 2748 quamvis
2644 2685 2864 2754 pulcher
2896 2698 2947 2742 et
2989 2690 3100 2760 ipse
3120 2692 3289 2749 ‘foret.

402 2762 461 2815 In
492 2762 685 2817 Carolo
712 2765 883 2818 virtus
906 2773 1129 2833 utraque
1151 2781 1255 2819 non
1296 2768 1524 2822 modica“.
1980 2765 2068 2819 Bis
2102 2776 2305 2820 tantum
2333 2768 2551 2833 Romae,
2583 2774 2803 2829 summis
2825 2778 3171 2847 rogitantibus
3191 2783 3359 2852 ipsum

332 2850 478 2905 llaec
498 2866 656 2905 casus
679 2866 865 2905 omnes
902 2852 1056 2906 iussit
1085 2852 1308 2911 tolerare
1331 2857 1596 2920 decenter,
2046 2853 2403 2921 Pl‘aesnlibus.
2427 2857 2580 2928 10088
2600 2876 2728 2916 usus
2758 2874 2874 2918 erat
2909 2868 3109 2936 tunica;
3170 2896 3183 2917 π

332 2994 341 2997 τ
401 2940 605 3009 illaque
630 2940 852 2993 dilectae
898 2945 1224 2997 commonuit
1267 2946 1496 3008 sobolis;
1980 2944 2129 3000 ’l‘unc
2155 2947 2312 3000 etiam
2342 2948 2581 3027 clamidis
2607 2954 2872 3022 speciosae
2897 2959 3117 3029 sumpsit
3139 2965 3408 3030 amictum,

326 3028 437 3080 Ista
469 3028 843 3095 magnanimus
869 3026 1016 3082 fulsit
1039 3030 1253 3096 virtute,
1298 3032 1388 3086 sed
1420 3032 1508 3085 illa
2048 3033 2296 3103 Moreque
2325 3026 2564 3092 Romano
2592 3042 2818 3111 trgmina
2839 3042 2976 3100 facta
3002 3026 3220 3116 pedum;

396 3114 519 3168 Non
549 3114 725 3204 minus
756 3115 976 3169 ardebat
1001 3116 1185 3184 plenus
1206 3133 1384 3172 amore
1402 3119 1509 3188 pio.
1909 3182 1948 3204 η
1981 3121 2190 3191 Regalis
2213 3119 2422 3179 habitus
2445 3133 2645 3182 tantum
2667 3133 2905 3199 gestabat
2925 3114 3175 3192 honorem
3190 3179 3207 3204 ,

322 3204 594 3270 Quocirca
614 3188 941 3272 (icit-pietas
967 3203 1021 3256 in
1064 3215 1234 3259 morte
1260 3223 1497 3271 suorum,
1907 3188 1952 3243 (ἶ
2049 3209 2179 3263 Cum
2202 3212 2560 3267 celebraretur
2584 3217 2731 3271 valde
2756 3228 2963 3275 sacrata
2986 3210 3119 3290 dies,

391 3294 460 3346 Et
485 3306 666 3361 regem
706 3291 881 3362 largas
905 3293 1159 3362 compulit
1184 3296 1252 3349 ad
1278 3295 1543 3351 lacrimas.
1960 3297 2085 3351 Aut
2109 3302 2351 3367 quotiens
2385 3304 2773 3360 aderant'missi
2803 3311 3043 3365 mandata
3073 3312 3303 3371 fet-entes

318 3383 433 3438 Nec
471 3398 581 3436 non
606 3382 833 3436 Romani
863 3392 1091 3438 mortem
1115 3384 1215 3439 sibi
1245 3384 1387 3439 flevit
1413 3386 1568 3440 amici
2046 3389 2122 3443 Ex
2154 3389 2307 3461 longe
2334 3394 2519 3460 positis
2553 3397 2797 3463 gentibus
2816 3407 2869 3453 et
2895 3399 3133 3456 ducibus.

387 3469 691 3534 Pontificis,
723 3485 914 3524 nomen
938 3471 1063 3525 huic
1087 3471 1348 3527 Adrianus
1374 3480 1508 3527 erat.
1979 3479 2130 3536 Tu'nc
2152 3496 2283 3535 auro
2304 3490 2497 3559 textam
2523 3487 2764 3540 nectebat
2788 3488 2946 3544 ﬁbula
2972 3480 3170 3549 vestem

317 3562 457 3615 Nam
489 3558 637 3614 velut
658 3558 711 3613 in
734 3558 953 3628 reliquis
976 3561 1155 3624 rebus,
1179 3562 1256 3614 sic
1284 3563 1513 3629 optimus
1539 3562 1654 3617 eius
2047 3568 2240 3631 Aurea,
2268 3571 2509 3624 comebat
2526 3586 2739 3641 gemma
2748 3578 2908 3642 pedes
2933 3580 3098 3645 varia,

391 3636 685 3704 Laudatur.
701 3648 895 3704 merito
930 3663 1047 3704 mos
1071 3650 1126 3703 in
1167 3650 1446 3715 amicitiis;
1975 3659 2287 3715 Distinctum
2308 3661 2465 3717 viridi
2484 3636 2646 3732 gessit
2675 3636 2911 3724 diadema
2932 3636 3232 3745 smaragdo,

312 3740 656 3795 Admittebat
688 3752 781 3809 eas
814 3747 989 3803 caute,
1019 3738 1113 3793 sed
1152 3738 1381 3794 ﬁrmiter
1410 3739 1573 3795 immo
2044 3747 2292 3803 Stellatus
2318 3751 2479 3805 radiis
2503 3752 2718 3821 iaspidis
2742 3757 2882 3831 ensis
2905 3769 3038 3831 erat.

384 3830 469 3883 Ex
494 3843 556 3882 se
581 3827 814 3899 servavit
848 3826 1060 3882 foedere
1089 3837 1363 3897 perpetuo.
1395 3838 1400 3843 '
1976 3834 2317 3905 Distabatque
2335 3852 2521 3905 parum
2555 3839 2769 3909 reliquis
2793 3822 2859 3897 ini
2871 3826 3017 3901 veste
3040 3850 3224 3908 diebus

316 3924 473 3979 Unde
495 3923 660 3981 decus
684 3922 833 3991 regni
871 3921 1104 4001 faetisiet
1138 3937 1328 3978 nomen
1359 3922 1545 3977 amicis
2042 3924 2088 3977 Α
2108 3926 2262 3979 solito
2288 3942 2565 3993 procerum
2587 3929 2671 3983 vel
2703 3933 2877 4001 populi
2907 3935 3107 3992 habitu.

382 4016 630 4067 Auxerat
655 4012 891 4066 externis
913 3996 1125 4081 regibus
1149 4020 1204 4065 et
1236 4012 1461 4081 populis.
1842 4086 1845 4089 _
1972 4008 2133 4065 Felici
2164 4026 2372 4081 semper
2393 4014 2680 4069 valitudine
2704 3996 2881 4074 laetus
2903 4021 2968 4075 ad
2994 4038 3161 4081 annos

211 4101 214 4105 ’
312 4103 390 4157 Ex
418 4103 623 4171 quibus
646 4115 783 4155 unus
802 4110 917 4154 erat
953 4099 1282 4155 Hadefonsus
1306 4102 1517 4156 nomine
1539 4100 1731 4166 dictus,
1806 4118 1809 4125 ·
1892 4158 1897 4163 ,
1950 4178 2017 4191 ,ῃ
2043 4098 2359 4168 Supraemos
2388 4102 2527 4157 vitae
2550 4118 2716 4191 poene
2735 4122 2863 4162 suae
2890 4107 3078 4178 fuerat,
3143 4178 3146 4181 Α

382 4192 490 4259 Qui
522 4206 620 4246 rex
647 4190 896 4245 Asturiae
921 4188 1277 4259 Galliciaeque
1301 4188 1421 4254 fuit,
1973 4184 2105 4239 Nam
2119 4189 2348 4242 servavit
2367 4203 2485 4243 eam
2505 4184 2647 4252 victu
2679 4209 2892 4252 sumens
2916 4201 3204 4271 moderato,

310 4286 416 4354 Qui
441 4286 574 4341 dum
602 4285 805 4354 legatos
827 4290 882 4336 et
903 4296 1122 4335 munera
1153 4282 1387 4336 mitteret
1417 4281 1525 4347 illi,
2042 4274 2222 4330 Solum
2248 4277 2574 4346 quod'sensit
2604 4284 2951 4341 esse-salubre
2972 4281 3099 4344 sibi.

385 4374 678 4445 Mandabat
702 4373 806 4428 dici
838 4387 896 4426 se
921 4360 1195 4441 preprium
1230 4370 1428 4426 Caroli.
1972 4359 2027 4415 Si
2052 4370 2229 4454 tamen
2250 4365 2527 4419 adversum
2557 4366 2743 4422 leviter
2771 4372 3052 4454 quicquam
3076 4386 3365 4450 pateretur,

292 4467 631 4520 Scottorum
652 4475 801 4531 reges
832 4460 1007 4530 ipsum
1031 4460 1302 4515 dominum
1328 4459 1648 4526 vocitabant,
1897 4492 2015 4550 υτ.⁹
2042 4449 2190 4550 QUO?
2215 4451 2603 4550 ifim_0fescellli
2626 4450 2920 4533 cpnligerat
2945 4465 3093 4538 senio
3109 4506 3126 4532 ,

377 4551 462 4606 Ac
487 4564 552 4605 se
574 4546 839 4601 subiectos
863 4546 1029 4614 ipsius
1059 4554 1113 4599 et
1140 4545 1365 4600 famulos
1758 4568 1764 4576 -
1971 4539 2085 4594 Non
2105 4542 2416 4623 admittebat
2437 4545 2686 4611 medicos,
2714 4549 2814 4603 sibi
2837 4566 3026 4622 nempe
3059 4571 3294 4626 perosos,

309 4640 426 4694 unc
449 4638 636 4707 apices
672 4635 740 4689 ab
771 4635 855 4690 eis‘
874 4634 1021 4707 missi
1047 4642 1308 4688 testantur
1331 4635 1398 4688 ad
1426 4634 1590 4699 illum,
1681 4650 1686 4656 ’
1850 4704 1851 4709 γ
1946 4670 1951 4673 ι
2038 4630 2163 4703 Plus
2187 4632 2441 4689 arbitratu
2466 4644 2653 4690 cuncta
2680 4652 2774 4693 suo
2794 4639 3010 4697 faciens.

363 4728 628 4794 'Quorum
653 4724 1007 4778 claretvamor
1028 4712 1289 4777 maximus
1318 4722 1564 4790 alloquio.
1969 4720 2342 4789 Cumreliquis
2362 4721 2503 4776 vitiis
2527 4725 2824 4792 specialiter
2840 4729 3025 4786 oderat
3051 4734 3198 4800 illud,

308 4817 607 4872 Persarum
645 4813 893 4889 princeps
921 4811 997 4865 illi
1025 4811 1300 4867 devinctus
1330 4828 1511 4868 arnore
2037 4808 2151 4874 QUO
2171 4817 2384 4864 νθῑωιιῑ
2417 4814 2606 4868 mentis
2633 4816 2819 4884 pocula
2839 4820 3003 4889 multa
3021 4829 3256 4889 statum;

378 4904 649 4972 Precipuo
680 4885 875 4967 fuerat,
915 4906 1121 4954 nom'en‘
1142 4896 1343 4981 habens
1367 4895 1563 4958 Aaron.
1965 4895 2101 4987 ilinc
2121 4898 2297 4969 vinum
2321 4913 2477 4967 parce
2503 4908 2684 4968 polum
2718 4918 2925 4983 quoque
2951 4885 3252 4980 sumpserat
3269 4932 3498 4987 omnem,

274 4969 286 4977 .
309 4993 503 5048 Gratia
527 4969 616 5045 cui
644 4989 818 5044 Caroli
845 4979 973 5061 prae
1001 4991 1206 5044 cunctis
1228 4972 1441 5061 regibus
1475 4999 1635 5060 atque
2031 4986 2202 5055 Αυῖυο
2227 4989 2366 5043 Cibis
2385 4990 2538 5057 Paulo
2558 4969 2766 5061 πετίυέ
2785 4969 3054 5062 alimmu-

366 5079 475 5135 ‘lllo
513 5076 847 5148 principibus
871 5086 1125 5157 tempore
1156 5078 1280 5133 cara
1310 5078 1407 5134 fuit
1435 5098 1447 5132 :
1510 5098 1520 5104 ί
1849 5155 1852 5160 _
1965 5075 2095 5131 Nam
2121 5077 2209 5129 vix
2233 5076 2373 5132 ferre
2395 5093 2547 5133 suum
2567 5090 2773 5148 poterat
2797 5085 2988 5141 ieiunia
3009 5102 3220 5160 corpus,

294 5170 572 5241 Augustis
598 5183 727 5222 cum
757 5152 1045 5223 Grecorum
1074 5169 1411 5241 poscentibus
1450 5169 1589 5224 ultro
1849 5155 1852 5160 ’
2033 5164 2179 5230 Quae
2211 5167 2310 5221 sibi
2331 5185 2719 5241 nonnumquam
2739 5175 2896 5249 noxia
2920 5152 3136 5247 questus
3152 5152 3289 5240 erat.
3382 5222 3387 5227 -
3457 5215 3464 5229 ι

366 5246 649 5328 malum”
680 5261 894 5324 pactum
935 5255 1083 5324 pacis
1116 5255 1252 5308 inire
1278 5250 1403 5309 fuit.
1628 5304 1631 5308 Α
1965 5250 2096 5306 Cum
2117 5254 2337 5311 numero
2355 5258 2537 5312 solitus
2564 5246 2835 5347 hominum
2860 5265 3097 5347 convivia
3123 5264 3329 5337 grandi,

310 5330 624 5398 Unde-suos
656 5341 723 5393 ad
754 5355 876 5393 eum
909 5340 1109 5409 legatos
1137 5342 1351 5401 mittere
1384 5340 1571 5398 crebro
1848 5360 1851 5363 π
1965 5428 1994 5432 _
2034 5341 2139 5395 Sed
2176 5348 2380 5401 tantum
2400 5343 2547 5399 festis
2571 5336 2886 5419 praecipuis,
2911 5330 3115 5432 agere”

377 5432 656 5487 aurave“,
680 5427 809 5491 Leo,
834 5427 1119 5493 Niciforus’
1146 5429 1453 5505 Michahcl,‘
1964 5428 2131 5484 Porro
2153 5440 2405 5501 quaterna
2433 5433 2608 5503 iugem
2634 5437 2955 5505 praebebant
2988 5427 3186 5499 fercula
3221 5454 3461 5514 caenam,

309 5518 764 5589 Transgredimur
791 5524 1010 5580 moetas,
1053 5519 1179 5574 dum
1211 5518 1547 5588 designamus
1576 5522 1793 5582 amicos,
1828 5550 1921 5600 λ
2032 5520 2250 5573 Praeter
2275 5530 2556 5576 venantum
2574 5539 2676 5592 que
2695 5523 2842 5587 labor
2860 5529 3128 5593 attulerat,

378 5606 765 5663 Monstrandus
793 5608 959 5677 magis
983 5614 1064 5662 cst
1098 5609 1209 5677 ipse
1246 5608 1368 5664 stilo
1396 5608 1636 5663 Carolus.
1969 5606 2153 5693 A‘s‘s‘am
2182 5608 2271 5679 qui
2299 5609 2525 5686 verubus
2544 5611 2714 5681 longis
2734 5614 2927 5670 inferre
2948 5618 3205 5693 solebant,

309 5696 421 5759 "1Q
436 5712 496 5754 sc
530 5690 727 5750 venatu
757 5708 852 5748 nec
883 5709 984 5749 nou
1022 5696 1305 5765 equitando
1340 5694 1648 5764 frequenter
1990 5688 2009 5693 “
2037 5693 2117 5781 illi
2144 5704 2323 5765 gratus
2347 5706 2457 5767 erat
2481 5697 2596 5767 plus
2627 5699 2743 5753 a‘liis
2768 5702 2913 5783 cibus
2935 5688 3039 5759 hic.

360 5776 379 5802 Χ
2107 5776 2114 5781 ⁷
2876 5776 2880 5783 γ
2994 5790 2999 5793 ,
