4266 6458
808 440 903 494 75:
1500 469 1507 474 ς
2113 437 2352 493 roma-3
2392 438 2678 493 SAXONS
3873 446 3972 502 πη
4052 424 4053 431 ‘

806 545 1060 599 Caenanti
1094 544 1259 598 lector
1280 546 1504 599 recitans
1539 560 1641 599 non
1664 546 1825 602 defuit
1862 561 2133 615 umquam,

877 633 1245 725 Perque‘vices
1265 633 1475 700 aliquod
1509 634 1674 687 audiit
1694 648 1933 688 acroama
1964 653 1976 687 :

810 721 913 772 Res
937 721 1268 787 antiquorum
1295 730 1467 790 gestas
1491 737 1777 791 regumque
1793 724 2001 791 piorum

776 813 779 816 ‘
878 808 988 874 [pse
1014 807 1113 877 legi
1141 809 1349 861 sibimet
1374 808 1570 863 fecerat
1596 812 1821 866 assidue.

810 892 1078 961 indulgere
1098 907 1282 960 parum
1303 909 1488 949 somno
1516 899 1825 965 permiserat
1852 900 1996 952 illum

877 978 1022 1032 Mens
1044 995 1251 1051 semper
1274 982 1478 1050 magnis
1508 984 1684 1053 dedita
1706 986 1959 1049 consiliis,

808 1065 874 1118 Et
907 1080 990 1121 res
1026 1069 1328 1137 magniﬁcas
1348 1072 1537 1139 iugiter
1561 1073 1830 1128 meditatio
1859 1076 2076 1130 volvens

752 1150 755 1155 ⁴
876 1158 1192 1214 Reddiderat
1212 1164 1354 1217 curis
1376 1164 1694 1220 multimodis
1714 1168 1941 1236 vigilem.

805 1247 884 1301 0b
922 1249 1020 1302 hoc
1043 1258 1193 1304 nocte
1228 1260 1416 1320 quater
1437 1252 1603 1307 fertur
1617 1255 1699 1310 vel
1738 1258 1933 1324 sepius,
1956 1257 2099 1310 omni

875 1336 1070 1394 Somno
1102 1341 1335 1411 depulso,
1358 1345 1593 1398 membra
1616 1345 1821 1400 levasse
1845 1357 1979 1401 toro.

802 1425 845 1480 Ο
866 1435 1116 1493 quantum
1138 1431 1280 1485 curis
1307 1433 1602 1501 respublica
1630 1443 1870 1489 creverat
1892 1436 2011 1500 illis,

870 1512 1038 1578 Quam
1060 1527 1425 1574 conservatum
1445 1518 1620 1575 ﬂoruit
1641 1522 1917 1590 imperium
1943 1524 1954 1575 !

800 1599 929 1653 Nam
956 1603 1087 1659 bene
1107 1607 1350 1673 previdit,
1373 1623 1470 1662 nec
1489 1624 1591 1677 qua
1621 1611 1825 1666 ratione
1851 1626 1914 1679 pa
1925 1621 2056 1667 teret

866 1689 920 1742 In
946 1706 1161 1759 regnum
1185 1695 1347 1753 variis
1370 1696 1610 1752 hostibus
1638 1700 1904 1753 introitus.

715 1786 723 1792 ·
798 1773 992 1831 Gallica
1012 1782 1333 1847 praestruxit
1351 1797 1448 1838 nec
1474 1788 1576 1837 non
1612 1785 1922 1840 Germanica
1952 1787 2119 1863 classe

866 1863 1064 1929 Litora,
1088 1882 1191 1935 qua
1216 1866 1401 1925 ﬂuvios
1423 1872 1638 1941 suscipit
1658 1880 1907 1937 oceanus,

799 1953 966 2020 Atque
989 1955 1127 2022 quod
1153 1956 1413 2028 Europam
1440 1961 1658 2031 pelagus
1683 1964 1910 2033 seiungit
1933 1967 1998 2023 ab
2020 1968 2238 2028 austris,

866 2040 932 2093 Et
949 2041 1149 2096 dirimit
1176 2054 1346 2101 terras
1373 2049 1665 2117 gurgitibus
1692 2054 1885 2116 media,

797 2124 907 2191 Qua
948 2131 1156 2197 rapidos
1183 2146 1246 2185 ex
1266 2132 1535 2189 Gallorum
1561 2138 1859 2205 regionibus
1881 2156 2061 2194 amnes

863 2214 968 2269 Aut
988 2220 1127 2287 capit
1158 2235 1222 2274 ex
1244 2238 1464 2292 magnae
1485 2226 1724 2291 partibus
1742 2227 1936 2290 Italiae,

798 2303 977 2357 llostia
1005 2322 1096 2360 seu
1116 2317 1320 2375 portus,
1341 2313 1525 2379 positis
1549 2314 1885 2379 stationibus,
1915 2330 2098 2369 omnes

867 2392 1012 2446 Fecit
1032 2396 1326 2453 inaccessos
1348 2399 1584 2457 hostibus
1604 2404 1937 2458 omnimodis.

798 2479 930 2535 llinc
956 2497 1051 2535 nec
1068 2498 1133 2537 eo
1158 2484 1319 2539 Mauri
1346 2489 1625 2559 quicquam
1655 2493 1861 2549 vivente
1885 2496 2164 2561 nocebant,

866 2569 971 2623 Nec
999 2571 1477 2631 Northmannorum
1510 2588 1631 2635 tunc
1662 2592 1832 2638 metus
1857 2586 1992 2643 ullus
2018 2596 2156 2650 erat,

796 2654 857 2723 Ni
883 2656 1266 2715 Ccntumcellae
1291 2694 1357 2702 -
1380 2665 1456 2719 sic
1480 2666 1606 2720 urbs
1633 2668 1889 2725 Hetrusca
1918 2682 2133 2727 vocatur
2156 2704 2223 2713 -

865 2744 1013 2809 Quod
1049 2755 1221 2801 tunca
1258 2749 1455 2805 Mauris
1491 2754 1803 2822 depopulata
1829 2758 1946 2823 fuit,

746 2898 752 2902 _
793 2831 857 2884 Et
883 2835 1021 2900 quod
1049 2832 1422 2894 Northmannis
1442 2843 1789 2909 vastantibus,
1817 2847 1986 2902 insula
2012 2850 2269 2920 quaedam

863 2919 1087 2973 Parvula
1115 2922 1405 2980 Fresonum
1432 2929 1655 2999 dampna
1675 2935 1795 2986 tulit
1813 2938 2014 3004 gravia.

797 3007 871 3062 Ve
901 3009 1011 3075 tibi,
1040 3025 1138 3065 vae
1162 3013 1251 3067 tali
1281 3017 1435 3070 modo
1460 3018 1734 3077 defensore
1765 3026 1967 3078 carenti

862 3098 1097 3163 Frantia,
1119 3101 1278 3169 quam
1301 3105 1463 3160 variis
1491 3106 1727 3164 cladibus
1752 3114 2104 3181 opprimeris?

797 3185 1050 3241 Gentibus
1075 3203 1198 3243 ecce
1224 3199 1371 3258 pales
1396 3194 1764 3263 populantibus
1802 3203 2032 3275 undique
2068 3207 2261 3269 saevis,

863 3275 930 3327 Et
950 3277 1209 3343 quondam
1237 3278 1362 3334 felix
1390 3296 1529 3338 nunc
1550 3287 1706 3341 nimis
1728 3303 1786 3342 es
1808 3292 1997 3345 misera
2022 3310 2037 3356 ;

795 3363 995 3437 Quippe
1016 3368 1118 3421 tuis
1140 3368 1334 3424 hilares
1358 3372 1595 3427 exultant
1615 3374 1822 3432 ﬂetibus
1851 3380 2030 3435 hostes
2045 3421 2060 3445 ,

848 3452 1215 3531 .Ditanturque
1240 3458 1343 3512 tuis
1377 3460 1584 3513 assidue
1613 3463 1814 3531 spoliis,

740 3536 751 3537 ί
797 3540 937 3592 Milia
967 3556 1208 3596 cesorum
1230 3547 1543 3617 captivaque
1563 3552 1716 3606 turba
1745 3562 1953 3609 tuorum

866 3629 1103 3698 Amplior
1126 3642 1205 3687 est
1232 3651 1469 3704 numero,
1498 3654 1656 3708 quam
1678 3642 1749 3696 sit
1771 3643 1969 3699 harena
1998 3650 2191 3708 maris.

799 3718 930 3772 Nam
958 3720 1144 3777 Carolo
1162 3725 1435 3793 moriente,
1462 3738 1607 3783 tuum
1628 3731 1788 3787 decus
1810 3742 1865 3789 et
1884 3717 2051 3791 honor
2068 3741 2237 3795 omnis

869 3814 943 3867 Ex
972 3814 1060 3869 illo
1083 3818 1277 3871 sensim
1304 3816 1447 3890 fugit
1468 3829 1523 3875 et
1549 3822 1769 3878 interiit.
2031 3878 2035 3881 .

799 3900 948 3965 Nunc
976 3912 1149 3959 tamen
1180 3905 1399 3963 Arnull‘o
1427 3912 1616 3965 merito
1645 3913 1743 3966 sub
1762 3914 1999 3985 principe
2018 3917 2255 3989 gaudes,

870 3989 968 4054 Qui
992 3993 1177 4048 similis
1212 4000 1358 4050 tanto
1378 3999 1612 4056 moribus
1637 4004 1719 4057 est
1738 4003 1924 4069 abavo,

801 4078 1036 4148 Denique
1076 4084 1455 4151 magnanimus,
1479 4086 1730 4157 clemens,
1756 4103 2135 4166 promptusque
2161 4097 2341 4153 labore

871 4167 1117 4237 Pervigili
1139 4171 1340 4240 lapsum
1363 4176 1578 4246 ‘oorrigit
1601 4176 1900 4247 imperium,

802 4254 1230 4328 Francorumque
1255 4270 1431 4317 movet
1448 4267 1616 4321 veteri
1640 4267 1835 4322 virtute
1854 4269 2099 4337 lacertos,
2135 4298 2140 4305 ›

869 4343 1039 4412 Atque
1058 4356 1211 4401 vocat
1235 4349 1433 4404 resides
1471 4367 1654 4407 rursus
1673 4353 1726 4408 in
1748 4370 1896 4426 arma
1914 4358 2075 4413 viros.

804 4433 905 4487 Sed
942 4435 1103 4489 moles
1124 4437 1395 4502 immensa,
1424 4441 1513 4494 diu
1539 4456 1672 4510 quae
1693 4446 1895 4499 corruit
1921 4456 2060 4515 ante,

870 4520 983 4575 Non
1010 4526 1375 4580 restaurari-se
1391 4527 1565 4582 subito
1585 4531 1800 4598 patitur.

740 4678 741 4683 χ
801 4608 879 4662 nu
911 4610 998 4663 det
1026 4612 1209 4676 vitam,
1233 4615 1320 4682 qui
1346 4616 1595 4671 virtutem
1625 4619 1767 4674 dedit
1795 4607 2043 4692 amplam,

852 4697 938 4752 .Et
973 4712 1160 4768 magne
1188 4700 1338 4754 nobis
1360 4716 1515 4756 causa
1534 4705 1718 4761 salutis
1737 4709 1857 4762 erit.

808 4787 910 4841 Vos
939 4802 1039 4855 que
1064 4783 1345 4843 de'Carolo
1365 4799 1567 4845 restant
1587 4790 1824 4861 dicenda,
1856 4797 2135 4862 Camenae,

876 4874 1111 4929 Strictim
1137 4878 1305 4955 veloci
1327 4881 1561 4935 carmine
1585 4884 1864 4938 concinite.

803 4968 935 5023 Cum
964 4964 1125 5019 fuerit
1151 4980 1312 5034 regno
1336 4976 1440 5021 tam
1466 4970 1639 5026 clarus
1656 4973 1711 5026 in
1730 4974 2115 5043 amplificando,

874 5052 1109 5108 Intentus
1132 5055 1287 5110 bellis
1312 5058 1580 5112 continuis
1599 5062 1797 5126 animo,

808 5143 1036 5198 Ornatus
1067 5161 1283 5215 operum
1316 5150 1491 5219 varios
1521 5158 1717 5217 tamen,
1744 5160 1798 5206 et
1829 5154 1990 5209 decus
2024 5156 2208 5226 ingens

877 5232 1114 5299 Fecerat,
1144 5243 1197 5289 et
1226 5236 1342 5290 visu
1370 5239 1575 5292 moenia
1608 5240 1790 5308 pulcra
1818 5242 2002 5308 nimis;

810 5318 886 5371 Ex
912 5320 1099 5386 quibus
1125 5320 1364 5390 inprimis
1385 5325 1573 5378 merito
1593 5326 1837 5382 laudatur
1857 5327 2116 5398 Aquepsis

881 5406 1033 5462 Sedis
1056 5408 1275 5465 miriﬁce
1295 5412 1505 5465 condita
1524 5411 1763 5479 basilica,

812 5497 978 5564 Quam
1002 5498 1087 5567 pie
1112 5498 1320 5557 Christe
1346 5503 1439 5558 tibi
1464 5512 1779 5574 sanctaeque
1808 5515 1929 5560 tuae
1957 5508 2207 5577 genetrici

882 5587 961 5639 Ad
986 5586 1191 5641 laudem
1221 5591 1420 5645 studuit
1441 5603 1751 5662 perpetuam
1773 5593 1966 5649 facere.

816 5675 1163 5746 lngylcmhcm
1192 5681 1362 5739 dictus
1390 5684 1534 5739 locus
1559 5692 1657 5749 est,
1681 5683 1770 5739 ubi
1797 5684 2025 5739 condidit
2050 5685 2241 5747 aulam,

2367 556 2414 606 Α
2512 546 2668 600 Aetas
2694 547 2777 600 cui
2801 548 2929 602 vidit
2952 557 3129 603 nostra
3157 565 3340 617 parem
3365 550 3598 605 minime.

2436 635 2669 700 Quorum
2691 636 3028 703 multiplicem
3063 638 3105 690 si
3128 640 3246 705 quis
3284 632 3584 693 describere
3600 640 3807 695 laudem

2504 724 2738 787 Curabit,
2760 724 2970 794 longum
2998 735 3138 779 texet
3161 742 3292 795 Opus
3312 728 3549 782 nimium.

2436 810 2513 864 Ad
2543 826 2677 877 quae
2699 827 3021 867 marmoreas
3041 816 3338 882 praestabat
3361 816 3525 871 Roma
3564 819 3867 886 columnas,

2505 901 2767 963 Quasdam
2792 902 3098 969 praecipuas
3127 902 3304 970 pulcra
3329 903 3577 958 Ravenna
3606 905 3770 959 dedit.

2438 986 2509 1037 De
2533 996 2634 1039 tam
2662 986 2941 1055 longinqua
2961 991 3131 1057 potuit
3160 992 3371 1059 regione
3398 1001 3630 1059 potestas

2504 1074 2644 1129 lllius
2664 1084 2910 1133 ornatum
2933 1078 3158 1132 Francia
3180 1079 3321 1140 ferre
3342 1081 3457 1135 tibi.

2436 1162 2679 1218 Preterea
2704 1165 2873 1219 Rheni
2892 1170 3180 1222 constravit
3205 1179 3364 1237 ponte
3386 1169 3603 1235 ﬂuenta,

2505 1252 2786 1319 Commoda
2811 1256 2942 1309 dans
2976 1257 3093 1310 urbi
3120 1268 3265 1313 tanta
3292 1258 3639 1329 Mogontiace.

2440 1340 2522 1391 Est
2549 1341 2737 1395 ibidem
2762 1338 2901 1398 latus
2921 1347 3221 1415 quingentis
3246 1348 3491 1416 passibus
3515 1349 3704 1413 amnis,

2510 1429 2575 1481 L‘t
2598 1432 2801 1496 pondus
2825 1434 2956 1485 tanti
2985 1434 3123 1487 scire
3150 1450 3313 1503 queas
3333 1437 3529 1505 operis.

2437 1515 2687 1585 Quodque
2715 1520 2884 1587 magis
2904 1528 3133 1588 stupeas,
3158 1522 3461 1577 ﬁrmaverat
3480 1524 3667 1580 ordine
3689 1534 3833 1583 recto

2456 1637 2462 1648 -
2506 1604 2675 1658 Colles
2705 1606 2941 1675 ingentes
2964 1605 3210 1673 ﬂuctibus
3238 1609 3292 1662 in
3317 1610 3536 1673 mediis;

2438 1693 2721 1759 Supposuit
2746 1694 2961 1749 basibus
2982 1696 3112 1750 haec
3136 1697 3472 1752 fundamenta
3493 1700 3754 1765 locandis,

2506 1779 2571 1831 Et
2591 1795 2747 1847 supra
2775 1782 2969 1835 celsam
3004 1791 3269 1839 struxerat
3296 1784 3416 1840 inde
3438 1787 3601 1841 viam.

2369 1854 2411 1911 Β
2442 1867 2549 1920 Hoc
2567 1883 2701 1936 opus
2719 1870 2969 1924 extremis
3000 1871 3138 1926 illius
3164 1887 3331 1940 poene
3366 1874 3464 1927 sub
3492 1875 3649 1929 annis

2505 1955 2843 2024 Consumpsit
2862 1957 3034 2040 subito
3060 1958 3269 2013 ﬂamma
3289 1975 3451 2014 vorax
3478 1963 3745 2031 poenitus.

2437 2045 2584 2109 Quod
2614 2060 2862 2113 reparare
2891 2037 3087 2111 volens,
3113 2048 3262 2102 ﬂeret
3282 2064 3387 2118 quo
3410 2065 3604 2105 saxeus
3630 2050 3736 2104 illic
3814 2037 3827 2053 ⁸

2507 2133 2663 2199 Pons,
2693 2135 2781 2187 ubi
2807 2144 3140 2191 constructus
3167 2136 3372 2206 ligneus
3400 2146 3523 2193 ante
3551 2137 3666 2203 fuit,
3896 2138 3917 2164 ‘

2438 2225 2539 2276 Pro
2564 2224 2714 2277 dolor
2738 2234 2819 2278 est
2845 2226 2990 2279 obitu
3011 2234 3596 2297 praeventus,opusque
3617 2230 3869 2283 remansit

2508 2311 2615 2364 Hoc
2635 2312 3021 2379 imperfectum,
3051 2315 3127 2367 sic
3149 2331 3357 2385 quoque
3379 2331 3589 2385 seraper
3612 2318 3736 2370 erit.

2441 2403 2664 2456 Virtutis
2692 2404 3013 2457 monimenta
3034 2414 3250 2459 manent
3275 2414 3449 2469 tamen
3471 2407 3586 2461 eius
3603 2407 3655 2462 in
3679 2393 3883 2472 aevum,

2504 2490 2559 2543 ln
2586 2491 2747 2544 vastis
2779 2500 2983 2546 stantes
3006 2492 3297 2562 gurgitibus
3328 2492 3533 2547 tumuli.

2438 2578 2727 2647 Congestae
2752 2580 2893 2632 saxis
2912 2579 3107 2633 etenim
3136 2578 3425 2648 tellureque
3451 2579 3619 2634 moles

2505 2665 2699 2719 Parent
2719 2665 2873 2720 elatis
2889 2666 3103 2719 ﬂumine
3128 2667 3432 2729 verticibus,

2438 2753 2833 2823 Aggeribusque
2855 2756 2964 2823 pari
2990 2754 3167 2823 spacio
3197 2754 3515 2810 disaantihus
3535 2756 3668 2810 ordo

2508 2842 2720 2897 Metitur
2748 2843 2839 2896 lati
2873 2855 3015 2912 terga
3047 2844 3238 2897 decens
3259 2843 3449 2914 pelagi.

2438 2932 2680 2986 Condidit
2706 2942 2759 2987 et
2791 2933 3012 2987 Domino
3031 2932 3353 3003 perplurima
3379 2932 3572 3003 templa
3602 2932 3844 2994 dicanda,

2507 3021 2781 3074 Exornans
2802 3022 2990 3077 eadem
3018 3021 3315 3090 sumptibus
3340 3036 3406 3075 ex
3434 3021 3681 3091 propriis.

2323 3116 2345 3124 ’
2372 3164 2407 3179 Α
2438 3108 2684 3177 Neglecta
2712 3109 2907 3178 dilapsa
2936 3111 3081 3179 prius
3102 3110 3185 3163 vel
3214 3117 3451 3177 tempore
3473 3109 3628 3178 longo

2506 3198 2561 3250 in
2599 3212 2760 3266 regno
2785 3212 3039 3266 reparans
3065 3204 3255 3252 cuncta
3283 3211 3380 3251 suo
3414 3198 3639 3251 noviter.

2438 3285 2725 3355 Religionis
2743 3287 2883 3340 enim
2906 3295 3122 3341 sanctae
3146 3287 3411 3342 studiosus
3434 3292 3658 3350 amator,

2508 3372 2855 3443 Sectatorque
2882 3372 2981 3428 fuit
3006 3375 3299 3431 catholicae
3333 3375 3487 3430 ﬁdei,

2440 3462 2697 3530 Tempore
2723 3477 2950 3532 namque
2983 3477 3080 3518 suo
3108 3464 3324 3518 hereses
3348 3462 3650 3518 extinxerat
3675 3470 3843 3527 ortas,

2508 3550 2655 3615 Quod
2681 3551 2786 3604 iam
2810 3552 3115 3618 praemissis
3136 3547 3506 3608 diximus‘ante
3534 3552 3707 3607 libris.

2438 3638 2761 3693 Aecclesiam
2786 3641 2949 3695 certis
2974 3640 3266 3694 intraverat
3284 3644 3509 3711 impiger
3530 3639 3697 3704 horis,

2507 3725 2752 3779 Fundens
2768 3727 2987 3779 devotas
3013 3735 3167 3780 nocte
3184 3726 3373 3793 dieque
3399 3741 3606 3794 preces,

2438 3817 2567 3871 Eius
2593 3822 2647 3868 et
2664 3828 2819 3868 omne
2838 3813 3189 3868 ministerium
3215 3828 3339 3867 cum
3362 3812 3600 3869 vestibus
3625 3820 3786 3884 atque

2508 3903 2661 3957 Vasis
2680 3911 2869 3957 ornatu
2893 3903 3193 3971 composuit
3217 3902 3403 3957 nimio.

2440 3992 2611 4046 Verus
2639 3990 2831 4059 quippe
2859 3989 2953 4043 Dei
2975 3989 3148 4044 cultor
3167 4000 3496 4059 psaeponere
3527 3997 3713 4043 sancto

2507 4079 2633 4133 Eius
2653 4078 2726 4132 nil
2751 4092 2999 4147 umquam
3021 4078 3240 4134 servitio
3257 4077 3443 4132 Voluit.

2438 4169 2571 4223 Nam
2600 4182 2817 4238 regnum
2842 4175 3095 4223 terrestre
3115 4162 3317 4232 tenens,
3340 4167 3585 4222 caelestis
3602 4162 3799 4222 'amore

2507 4256 2632 4310 Plus
2654 4256 2818 4310 multo
2843 4254 3075 4325 ﬂagrans
3097 4255 3274 4309 extitit
3294 4263 3348 4309 et
3375 4255 3616 4323 cupidus.

2440 4346 2588 4412 Quod
2606 4344 2727 4409 sibi,
2756 4359 2885 4414 prae
2909 4345 3114 4399 cunctis
3148 4343 3401 4407 clemens,
3436 4353 3490 4399 et
3517 4344 3696 4414 largus
3715 4345 3913 4414 egenis,

2509 4434 2727 4489 Curavit
2747 4434 2898 4488 donis
2925 4433 3151 4487 assiduis
3179 4445 3377 4486 emere.
3800 4446 3805 4451 '

2439 4523 2606 4578 Nemo
2628 4522 2933 4590 peregrinos
2953 4520 3041 4575 illo
3060 4520 3177 4590 plus
3202 4519 3372 4574 fertur
3393 4527 3623 4585 amasse,

2506 4612 2673 4665 Nemo
2702 4610 2816 4679 pari
2842 4617 2971 4663 cura
2996 4608 3317 4678 suscipiebat
3339 4622 3435 4662 eos
3468 4625 3482 4660 :

2439 4703 2493 4756 In
2518 4716 2622 4770 quo
2647 4714 2814 4769 paene
2837 4700 3051 4755 modum
3078 4699 3245 4768 pietas
3271 4703 3575 4752 excesserat
3608 4697 3742 4761 eius,

2509 4788 2566 4841 Si
2590 4789 2719 4855 Quid
2747 4789 2800 4841 in
2838 4788 2941 4841 hoc
2963 4786 3183 4839 nimium
3210 4785 3431 4856 quisque
3458 4793 3631 4856 potest
3649 4785 3845 4850 facere,

2440 4878 2569 4931 Cum
2600 4891 2703 4930 non
2727 4860 2888 4945 regali
2910 4874 3077 4928 solum
3108 4873 3245 4929 foret
3267 4876 3471 4930 advena
3499 4874 3656 4929 turba

2508 4965 2690 5029 Aulac,
2714 4965 2805 5019 sed
2834 4972 2944 5019 toto
2968 4965 3070 5018 iam
3100 4965 3276 5035 gravis
3292 4965 3533 5035 imperio,

2440 5057 2555 5125 Ipse
2591 5056 2707 5125 pius
2726 5055 3099 5123 compensabat
3116 5055 3396 5125 dispendia
3410 5070 3611 5122 rerum,

2512 5147 2766 5200 Mercedis
2793 5146 2934 5200 laeto
2956 5147 3189 5215 perpetis
3218 5146 3431 5202 intuitu.

2445 5236 2555 5289 Hac
2574 5235 2779 5289 invitati
2805 5220 2947 5288 fama
2971 5224 3091 5289 cum
3112 5236 3350 5304 partibus
3373 5236 3515 5290 orbis
3884 5250 3907 5287 κ

2512 5326 2586 5380 De
2611 5324 2812 5379 cunctis
2836 5323 2904 5377 ad
2930 5339 3050 5379 eum
3069 5324 3393 5380 conﬂuerent
3416 5322 3618 5395 inopes,

2446 5414 2556 5468 Non
2583 5424 2758 5467 tamen
2781 5413 2837 5465 in
2864 5414 3075 5482 proprio
3102 5413 3232 5468 satis
3254 5427 3504 5469 exercere
3519 5414 3742 5485 putabat

2512 5503 2693 5572 Βρεηο
2719 5502 2944 5571 gratuite
2966 5500 3258 5571 largitionis
3280 5516 3431 5572 opus,

2447 5592 2550 5646 Sed
2574 5606 2668 5661 per
2686 5590 2884 5659 legatos
2909 5589 3152 5644 mittebat
3174 5592 3238 5645 ad
3268 5599 3450 5675 extera
3470 5605 3634 5682 pegma

2515 5678 2841 5734 Christicolis
2864 5677 3049 5735 crebro
3071 5674 3287 5736 munera
3314 5674 3663 5751 pauperibus;
