  <div class='ocr_page' id='page_1' title='image "/cluster/home/n/w/nwhite01/storage/ocr_20150623/99-100/uc1.31175006946845/376.png"; bbox 0 0 4266 6416; ppageno 0'>
   <div class='ocr_carea' id='block_1_1' title="bbox 285 394 3456 472">
    <p class='ocr_par' dir='ltr' id='par_1_1' title="bbox 285 394 3456 472">
     <span class='ocr_line' id='line_1_1' title="bbox 285 394 3456 472; baseline 0.001 -6"><span class='ocrx_word' id='word_1_1' title='bbox 285 413 385 466; x_wconf 80' lang='grc'><strong>7⁸53</strong></span> <span class='ocrx_word' id='word_1_2' title='bbox 594 407 838 462; x_wconf 74' lang='lat' dir='ltr'><strong>ANNAL.</strong></span> <span class='ocrx_word' id='word_1_3' title='bbox 879 408 965 461; x_wconf 81' lang='lat' dir='ltr'><strong>DE</strong></span> <span class='ocrx_word' id='word_1_4' title='bbox 999 402 1236 462; x_wconf 75' lang='lat' dir='ltr'><strong>GESTIS</strong></span> <span class='ocrx_word' id='word_1_5' title='bbox 1274 410 1333 462; x_wconf 91' lang='grc' dir='ltr'><strong>Β.</strong></span> <span class='ocrx_word' id='word_1_6' title='bbox 1373 399 1865 464; x_wconf 75' lang='lat' dir='ltr'><strong>CAROLl-MAGNI</strong></span> <span class='ocrx_word' id='word_1_7' title='bbox 1902 410 2075 464; x_wconf 82' lang='lat' dir='ltr'><strong>LIBRI</strong></span> <span class='ocrx_word' id='word_1_8' title='bbox 2114 414 2175 467; x_wconf 71' lang='grc' dir='ltr'><strong>ν.</strong></span> <span class='ocrx_word' id='word_1_9' title='bbox 2212 443 2277 451; x_wconf 92' lang='lat'><strong>-—</strong></span> <span class='ocrx_word' id='word_1_10' title='bbox 2314 415 2469 469; x_wconf 81' lang='lat' dir='ltr'><strong>VITA</strong></span> <span class='ocrx_word' id='word_1_11' title='bbox 2516 416 2780 472; x_wconf 78' lang='lat' dir='ltr'><strong>CAROLI.</strong></span> <span class='ocrx_word' id='word_1_12' title='bbox 2822 449 2888 457; x_wconf 92' lang='lat'><strong>-——</strong></span> <span class='ocrx_word' id='word_1_13' title='bbox 2924 420 3047 472; x_wconf 79' lang='lat' dir='ltr'><strong>LIB.</strong></span> <span class='ocrx_word' id='word_1_14' title='bbox 3095 418 3152 470; x_wconf 79' lang='lat' dir='ltr'><strong>V.</strong></span> <span class='ocrx_word' id='word_1_15' title='bbox 3255 394 3287 431; x_wconf 29' lang='grc' dir='ltr'><strong>’Χ</strong></span> <span class='ocrx_word' id='word_1_16' title='bbox 3356 418 3456 472; x_wconf 66' lang='grc'><strong>754</strong></span> 
     </span>
    </p>
   </div>
   <div class='ocr_carea' id='block_1_2' title="bbox 284 515 1611 588">
    <p class='ocr_par' dir='ltr' id='par_1_2' title="bbox 284 515 1611 588">
     <span class='ocr_line' id='line_1_2' title="bbox 284 515 1611 588; baseline -0.004 -13"><span class='ocrx_word' id='word_1_17' title='bbox 284 524 429 586; x_wconf 84' lang='lat' dir='ltr'><strong>Quos</strong></span> <span class='ocrx_word' id='word_1_18' title='bbox 456 521 722 588; x_wconf 76' lang='lat' dir='ltr'><strong>Aegyptus</strong></span> <span class='ocrx_word' id='word_1_19' title='bbox 745 515 1135 585; x_wconf 81' lang='lat' dir='ltr'><strong>Alexandrique</strong></span> <span class='ocrx_word' id='word_1_20' title='bbox 1155 532 1217 570; x_wconf 76' lang='lat' dir='ltr'><strong>ex</strong></span> <span class='ocrx_word' id='word_1_21' title='bbox 1235 519 1448 570; x_wconf 84' lang='lat' dir='ltr'><strong>nomine</strong></span> <span class='ocrx_word' id='word_1_22' title='bbox 1469 516 1611 572; x_wconf 79' lang='lat' dir='ltr'><strong>dicta</strong></span> 
     </span>
    </p>
   </div>
   <div class='ocr_carea' id='block_1_3' title="bbox 355 604 1427 674">
    <p class='ocr_par' dir='ltr' id='par_1_3' title="bbox 355 604 1427 674">
     <span class='ocr_line' id='line_1_3' title="bbox 355 604 1427 674; baseline -0.005 -11"><span class='ocrx_word' id='word_1_23' title='bbox 355 609 496 663; x_wconf 89' lang='lat' dir='ltr'><strong>Urbs</strong></span> <span class='ocrx_word' id='word_1_24' title='bbox 513 606 698 674; x_wconf 85' lang='lat' dir='ltr'><strong>inopes</strong></span> <span class='ocrx_word' id='word_1_25' title='bbox 720 604 936 669; x_wconf 74' lang='lat' dir='ltr'><strong>habuit,&quot;</strong></span> <span class='ocrx_word' id='word_1_26' title='bbox 951 606 1083 659; x_wconf 90' lang='lat' dir='ltr'><strong>iuvit</strong></span> <span class='ocrx_word' id='word_1_27' title='bbox 1103 620 1196 660; x_wconf 91' lang='lat' dir='ltr'><strong>eos</strong></span> <span class='ocrx_word' id='word_1_28' title='bbox 1221 605 1427 674; x_wconf 84' lang='lat' dir='ltr'><strong>apibus.</strong></span> 
     </span>
    </p>
   </div>
   <div class='ocr_carea' id='block_1_4' title="bbox 284 680 1623 765">
    <p class='ocr_par' dir='ltr' id='par_1_4' title="bbox 284 680 1623 765">
     <span class='ocr_line' id='line_1_4' title="bbox 284 680 1623 765; baseline -0.004 -13"><span class='ocrx_word' id='word_1_29' title='bbox 284 697 464 752; x_wconf 87' lang='lat' dir='ltr'><strong>Africa</strong></span> <span class='ocrx_word' id='word_1_30' title='bbox 498 696 806 749; x_wconf 82' lang='lat' dir='ltr'><strong>muniﬁcum</strong></span> <span class='ocrx_word' id='word_1_31' title='bbox 831 680 1164 765; x_wconf 75' lang='lat' dir='ltr'><strong>cartagoque</strong></span> <span class='ocrx_word' id='word_1_32' title='bbox 1190 703 1429 749; x_wconf 76' lang='lat' dir='ltr'><strong>senserat</strong></span> <span class='ocrx_word' id='word_1_33' title='bbox 1456 696 1623 758; x_wconf 89' lang='lat' dir='ltr'><strong>illum,</strong></span> 
     </span>
    </p>
   </div>
   <div class='ocr_carea' id='block_1_5' title="bbox 354 780 1371 853">
    <p class='ocr_par' dir='ltr' id='par_1_5' title="bbox 354 780 1371 853">
     <span class='ocr_line' id='line_1_5' title="bbox 354 780 1371 853; baseline -0.002 -16"><span class='ocrx_word' id='word_1_34' title='bbox 354 784 448 838; x_wconf 89' lang='lat' dir='ltr'><strong>Est</strong></span> <span class='ocrx_word' id='word_1_35' title='bbox 472 791 691 851; x_wconf 81' lang='lat' dir='ltr'><strong>experta</strong></span> <span class='ocrx_word' id='word_1_36' title='bbox 717 783 848 836; x_wconf 88' lang='lat' dir='ltr'><strong>satis</strong></span> <span class='ocrx_word' id='word_1_37' title='bbox 872 781 1166 853; x_wconf 77' lang='lat' dir='ltr'><strong>largiﬂuum</strong></span> <span class='ocrx_word' id='word_1_38' title='bbox 1198 780 1371 851; x_wconf 77' lang='lat' dir='ltr'><strong>Syria.</strong></span> 
     </span>
    </p>
   </div>
   <div class='ocr_carea' id='block_1_6' title="bbox 286 869 1624 938">
    <p class='ocr_par' dir='ltr' id='par_1_6' title="bbox 286 869 1624 938">
     <span class='ocr_line' id='line_1_6' title="bbox 286 869 1624 938; baseline 0.001 -17"><span class='ocrx_word' id='word_1_39' title='bbox 286 871 361 923; x_wconf 88' lang='lat' dir='ltr'><strong>Ad</strong></span> <span class='ocrx_word' id='word_1_40' title='bbox 390 869 792 931; x_wconf 71' lang='lat' dir='ltr'><strong>“ierosolimam</strong></span> <span class='ocrx_word' id='word_1_41' title='bbox 814 884 906 923; x_wconf 84' lang='lat' dir='ltr'><strong>seu</strong></span> <span class='ocrx_word' id='word_1_42' title='bbox 927 878 1102 924; x_wconf 88' lang='lat' dir='ltr'><strong>cetera</strong></span> <span class='ocrx_word' id='word_1_43' title='bbox 1125 884 1259 938; x_wconf 88' lang='lat' dir='ltr'><strong>quae</strong></span> <span class='ocrx_word' id='word_1_44' title='bbox 1288 870 1400 923; x_wconf 87' lang='lat' dir='ltr'><strong>loca</strong></span> <span class='ocrx_word' id='word_1_45' title='bbox 1428 870 1624 924; x_wconf 80' lang='lat' dir='ltr'><strong>Christi</strong></span> 
     </span>
    </p>
   </div>
   <div class='ocr_carea' id='block_1_7' title="bbox 352 954 1447 1024">
    <p class='ocr_par' dir='ltr' id='par_1_7' title="bbox 352 954 1447 1024">
     <span class='ocr_line' id='line_1_7' title="bbox 352 954 1447 1024; baseline -0.002 -15"><span class='ocrx_word' id='word_1_46' title='bbox 352 954 529 1009; x_wconf 84' lang='lat' dir='ltr'><strong>Gestis</strong></span> <span class='ocrx_word' id='word_1_47' title='bbox 550 956 819 1024; x_wconf 84' lang='lat' dir='ltr'><strong>corporeis</strong></span> <span class='ocrx_word' id='word_1_48' title='bbox 846 956 1171 1009; x_wconf 81' lang='lat' dir='ltr'><strong>sanctiﬁcata</strong></span> <span class='ocrx_word' id='word_1_49' title='bbox 1200 964 1447 1019; x_wconf 83' lang='lat' dir='ltr'><strong>manent,</strong></span> 
     </span>
    </p>
   </div>
   <div class='ocr_carea' id='block_1_8' title="bbox 286 1042 1548 1112">
    <p class='ocr_par' dir='ltr' id='par_1_8' title="bbox 286 1042 1548 1112">
     <span class='ocr_line' id='line_1_8' title="bbox 286 1042 1548 1112; baseline 0 -17"><span class='ocrx_word' id='word_1_50' title='bbox 286 1042 508 1111; x_wconf 77' lang='lat' dir='ltr'><strong>Saepius</strong></span> <span class='ocrx_word' id='word_1_51' title='bbox 532 1042 761 1112; x_wconf 87' lang='lat' dir='ltr'><strong>indignis</strong></span> <span class='ocrx_word' id='word_1_52' title='bbox 797 1042 1037 1097; x_wconf 87' lang='lat' dir='ltr'><strong>donanda</strong></span> <span class='ocrx_word' id='word_1_53' title='bbox 1061 1043 1304 1097; x_wconf 72' lang='lat' dir='ltr'><strong>fidelibus</strong></span> <span class='ocrx_word' id='word_1_54' title='bbox 1330 1044 1445 1096; x_wconf 83' lang='lat' dir='ltr'><strong>auri</strong></span> <span class='ocrx_word' id='word_1_55' title='bbox 1540 1102 1548 1109; x_wconf 38' lang='grc' dir='ltr'><strong><em>ο</em></strong></span> 
     </span>
    </p>
   </div>
   <div class='ocr_carea' id='block_1_9' title="bbox 354 1132 1446 1202">
    <p class='ocr_par' dir='ltr' id='par_1_9' title="bbox 354 1132 1446 1202">
     <span class='ocr_line' id='line_1_9' title="bbox 354 1132 1446 1202; baseline 0.002 -18"><span class='ocrx_word' id='word_1_56' title='bbox 354 1132 495 1185; x_wconf 77' lang='lat' dir='ltr'><strong>Misit</strong></span> <span class='ocrx_word' id='word_1_57' title='bbox 516 1141 572 1185; x_wconf 88' lang='lat' dir='ltr'><strong>et</strong></span> <span class='ocrx_word' id='word_1_58' title='bbox 594 1133 797 1202; x_wconf 80' lang='lat' dir='ltr'><strong>argenti</strong></span> <span class='ocrx_word' id='word_1_59' title='bbox 821 1132 1057 1200; x_wconf 80' lang='lat' dir='ltr'><strong>pondera</strong></span> <span class='ocrx_word' id='word_1_60' title='bbox 1082 1147 1185 1186; x_wconf 92' lang='lat' dir='ltr'><strong>non</strong></span> <span class='ocrx_word' id='word_1_61' title='bbox 1220 1134 1446 1188; x_wconf 88' lang='lat' dir='ltr'><strong>modica.</strong></span> 
     </span>
    </p>
   </div>
   <div class='ocr_carea' id='block_1_10' title="bbox 284 1216 1583 1292">
    <p class='ocr_par' dir='ltr' id='par_1_10' title="bbox 284 1216 1583 1292">
     <span class='ocr_line' id='line_1_10' title="bbox 284 1216 1583 1292; baseline 0.002 -19"><span class='ocrx_word' id='word_1_62' title='bbox 284 1219 455 1274; x_wconf 85' lang='lat' dir='ltr'><strong>Trans</strong></span> <span class='ocrx_word' id='word_1_63' title='bbox 484 1237 630 1276; x_wconf 89' lang='lat' dir='ltr'><strong>mare</strong></span> <span class='ocrx_word' id='word_1_64' title='bbox 650 1216 871 1291; x_wconf 77' lang='lat' dir='ltr'><strong>gentiles</strong></span> <span class='ocrx_word' id='word_1_65' title='bbox 894 1223 1097 1290; x_wconf 88' lang='lat' dir='ltr'><strong>positos</strong></span> <span class='ocrx_word' id='word_1_66' title='bbox 1120 1223 1289 1277; x_wconf 86' lang='lat' dir='ltr'><strong>solum</strong></span> <span class='ocrx_word' id='word_1_67' title='bbox 1310 1224 1407 1278; x_wconf 80' lang='lat' dir='ltr'><strong>sibi</strong></span> <span class='ocrx_word' id='word_1_68' title='bbox 1434 1238 1583 1292; x_wconf 82' lang='lat' dir='ltr'><strong>reges</strong></span> 
     </span>
    </p>
   </div>
   <div class='ocr_carea' id='block_1_11' title="bbox 350 1310 1267 1378">
    <p class='ocr_par' dir='ltr' id='par_1_11' title="bbox 350 1310 1267 1378">
     <span class='ocr_line' id='line_1_11' title="bbox 350 1310 1267 1378; baseline 0.012 -15"><span class='ocrx_word' id='word_1_69' title='bbox 350 1310 430 1363; x_wconf 90' lang='lat' dir='ltr'><strong>Ad</strong></span> <span class='ocrx_word' id='word_1_70' title='bbox 450 1312 552 1365; x_wconf 88' lang='lat' dir='ltr'><strong>hoc</strong></span> <span class='ocrx_word' id='word_1_71' title='bbox 581 1311 787 1365; x_wconf 82' lang='lat' dir='ltr'><strong>ﬁrmata</strong></span> <span class='ocrx_word' id='word_1_72' title='bbox 811 1312 984 1366; x_wconf 77' lang='lat' dir='ltr'><strong>iunxit</strong></span> <span class='ocrx_word' id='word_1_73' title='bbox 1016 1314 1267 1378; x_wconf 76' lang='lat' dir='ltr'><strong>amicitia,</strong></span> 
     </span>
    </p>
   </div>
   <div class='ocr_carea' id='block_1_12' title="bbox 279 1401 1460 1470">
    <p class='ocr_par' dir='ltr' id='par_1_12' title="bbox 279 1401 1460 1470">
     <span class='ocr_line' id='line_1_12' title="bbox 279 1401 1460 1470; baseline 0.007 -19"><span class='ocrx_word' id='word_1_74' title='bbox 279 1401 539 1466; x_wconf 86' lang='lat' dir='ltr'><strong>Quatinus</strong></span> <span class='ocrx_word' id='word_1_75' title='bbox 569 1401 797 1466; x_wconf 88' lang='lat' dir='ltr'><strong>illorum,</strong></span> <span class='ocrx_word' id='word_1_76' title='bbox 825 1403 912 1470; x_wconf 88' lang='lat' dir='ltr'><strong>qui</strong></span> <span class='ocrx_word' id='word_1_77' title='bbox 928 1402 1033 1456; x_wconf 82' lang='lat' dir='ltr'><strong>‘sub</strong></span> <span class='ocrx_word' id='word_1_78' title='bbox 1060 1404 1257 1458; x_wconf 90' lang='lat' dir='ltr'><strong>ditione</strong></span> <span class='ocrx_word' id='word_1_79' title='bbox 1279 1404 1460 1459; x_wconf 84' lang='lat' dir='ltr'><strong>ﬁdeles</strong></span> 
     </span>
    </p>
   </div>
   <div class='ocr_carea' id='block_1_13' title="bbox 347 1490 1443 1562">
    <p class='ocr_par' dir='ltr' id='par_1_13' title="bbox 347 1490 1443 1562">
     <span class='ocr_line' id='line_1_13' title="bbox 347 1490 1443 1562; baseline 0.003 -20"><span class='ocrx_word' id='word_1_80' title='bbox 347 1490 561 1552; x_wconf 83' lang='lat' dir='ltr'><strong>Essent,</strong></span> <span class='ocrx_word' id='word_1_81' title='bbox 590 1490 922 1559; x_wconf 83' lang='lat' dir='ltr'><strong>perciperent</strong></span> <span class='ocrx_word' id='word_1_82' title='bbox 947 1492 1068 1555; x_wconf 84' lang='lat' dir='ltr'><strong>inde</strong></span> <span class='ocrx_word' id='word_1_83' title='bbox 1086 1491 1443 1562; x_wconf 84' lang='lat' dir='ltr'><strong>refrigerium.</strong></span> 
     </span>
    </p>
   </div>
   <div class='ocr_carea' id='block_1_14' title="bbox 280 1576 1510 1655">
    <p class='ocr_par' dir='ltr' id='par_1_14' title="bbox 280 1576 1510 1655">
     <span class='ocr_line' id='line_1_14' title="bbox 280 1576 1510 1655; baseline 0.004 -27"><span class='ocrx_word' id='word_1_84' title='bbox 280 1577 519 1645; x_wconf 80' lang='lat' dir='ltr'><strong>Praeque</strong></span> <span class='ocrx_word' id='word_1_85' title='bbox 546 1576 673 1630; x_wconf 90' lang='lat' dir='ltr'><strong>locis</strong></span> <span class='ocrx_word' id='word_1_86' title='bbox 697 1577 895 1630; x_wconf 81' lang='lat' dir='ltr'><strong>sanctis</strong></span> <span class='ocrx_word' id='word_1_87' title='bbox 907 1577 1045 1641; x_wconf 89' lang='lat' dir='ltr'><strong>aliis,</strong></span> <span class='ocrx_word' id='word_1_88' title='bbox 1071 1578 1373 1655; x_wconf 71' lang='lat' dir='ltr'><strong>specialiter</strong></span> <span class='ocrx_word' id='word_1_89' title='bbox 1395 1580 1510 1634; x_wconf 89' lang='lat' dir='ltr'><strong>eius</strong></span> 
     </span>
    </p>
   </div>
   <div class='ocr_carea' id='block_1_15' title="bbox 346 1667 1420 1735">
    <p class='ocr_par' dir='ltr' id='par_1_15' title="bbox 346 1667 1420 1735">
     <span class='ocr_line' id='line_1_15' title="bbox 346 1667 1420 1735; baseline 0.005 -15"><span class='ocrx_word' id='word_1_90' title='bbox 346 1667 508 1721; x_wconf 71' lang='lat' dir='ltr'><strong>Menti</strong></span> <span class='ocrx_word' id='word_1_91' title='bbox 533 1667 803 1723; x_wconf 82' lang='lat' dir='ltr'><strong>Romanae</strong></span> <span class='ocrx_word' id='word_1_92' title='bbox 830 1668 969 1723; x_wconf 88' lang='lat' dir='ltr'><strong>sedis</strong></span> <span class='ocrx_word' id='word_1_93' title='bbox 989 1667 1215 1724; x_wconf 89' lang='lat' dir='ltr'><strong>inhaesit</strong></span> <span class='ocrx_word' id='word_1_94' title='bbox 1238 1686 1420 1735; x_wconf 90' lang='lat' dir='ltr'><strong>amor;</strong></span> 
     </span>
    </p>
   </div>
   <div class='ocr_carea' id='block_1_16' title="bbox 276 1756 1777 1829">
    <p class='ocr_par' dir='ltr' id='par_1_16' title="bbox 276 1756 1777 1829">
     <span class='ocr_line' id='line_1_16' title="bbox 276 1756 1777 1829; baseline 0.003 -21"><span class='ocrx_word' id='word_1_95' title='bbox 276 1758 407 1809; x_wconf 79' lang='lat' dir='ltr'><strong>Nam</strong></span> <span class='ocrx_word' id='word_1_96' title='bbox 442 1766 687 1810; x_wconf 88' lang='lat' dir='ltr'><strong>sanctum</strong></span> <span class='ocrx_word' id='word_1_97' title='bbox 712 1770 972 1811; x_wconf 88' lang='lat' dir='ltr'><strong>venerans</strong></span> <span class='ocrx_word' id='word_1_98' title='bbox 996 1756 1234 1822; x_wconf 84' lang='lat' dir='ltr'><strong>Petrum,</strong></span> <span class='ocrx_word' id='word_1_99' title='bbox 1264 1760 1354 1827; x_wconf 86' lang='lat' dir='ltr'><strong>qui</strong></span> <span class='ocrx_word' id='word_1_100' title='bbox 1381 1759 1610 1829; x_wconf 80' lang='lat' dir='ltr'><strong>claviger</strong></span> <span class='ocrx_word' id='word_1_101' title='bbox 1633 1769 1777 1814; x_wconf 79' lang='lat' dir='ltr'><strong>extat</strong></span> 
     </span>
    </p>
   </div>
   <div class='ocr_carea' id='block_1_17' title="bbox 343 1847 1535 1918">
    <p class='ocr_par' dir='ltr' id='par_1_17' title="bbox 343 1847 1535 1918">
     <span class='ocr_line' id='line_1_17' title="bbox 343 1847 1535 1918; baseline 0.002 -16"><span class='ocrx_word' id='word_1_102' title='bbox 343 1847 510 1911; x_wconf 85' lang='lat' dir='ltr'><strong>Caeli,</strong></span> <span class='ocrx_word' id='word_1_103' title='bbox 538 1849 732 1918; x_wconf 83' lang='lat' dir='ltr'><strong>quique</strong></span> <span class='ocrx_word' id='word_1_104' title='bbox 752 1848 901 1902; x_wconf 93' lang='lat' dir='ltr'><strong>chori</strong></span> <span class='ocrx_word' id='word_1_105' title='bbox 921 1848 1126 1917; x_wconf 90' lang='lat' dir='ltr'><strong>primus</strong></span> <span class='ocrx_word' id='word_1_106' title='bbox 1152 1848 1445 1918; x_wconf 85' lang='lat' dir='ltr'><strong>apostolici.</strong></span> <span class='ocrx_word' id='word_1_107' title='bbox 1534 1884 1535 1887; x_wconf 60' lang='grc' dir='ltr'><strong>η</strong></span> 
     </span>
    </p>
   </div>
   <div class='ocr_carea' id='block_1_18' title="bbox 276 1936 1519 2006">
    <p class='ocr_par' dir='ltr' id='par_1_18' title="bbox 276 1936 1519 2006">
     <span class='ocr_line' id='line_1_18' title="bbox 276 1936 1519 2006; baseline 0.004 -18"><span class='ocrx_word' id='word_1_108' title='bbox 276 1937 400 1990; x_wconf 65' lang='grc' dir='ltr'><strong>Ιῦῖυς</strong></span> <span class='ocrx_word' id='word_1_109' title='bbox 428 1938 497 1990; x_wconf 91' lang='lat' dir='ltr'><strong>ad</strong></span> <span class='ocrx_word' id='word_1_110' title='bbox 532 1936 845 1991; x_wconf 89' lang='lat' dir='ltr'><strong>aecciesiam</strong></span> <span class='ocrx_word' id='word_1_111' title='bbox 880 1936 1101 1991; x_wconf 89' lang='lat' dir='ltr'><strong>donaria</strong></span> <span class='ocrx_word' id='word_1_112' title='bbox 1140 1939 1369 1992; x_wconf 81' lang='lat' dir='ltr'><strong>maxima</strong></span> <span class='ocrx_word' id='word_1_113' title='bbox 1396 1952 1519 2006; x_wconf 82' lang='lat' dir='ltr'><strong>sepe</strong></span> 
     </span>
    </p>
   </div>
   <div class='ocr_carea' id='block_1_19' title="bbox 343 2025 1478 2091">
    <p class='ocr_par' dir='ltr' id='par_1_19' title="bbox 343 2025 1478 2091">
     <span class='ocr_line' id='line_1_19' title="bbox 343 2025 1478 2091; baseline 0.002 -14"><span class='ocrx_word' id='word_1_114' title='bbox 343 2025 578 2089; x_wconf 82' lang='lat' dir='ltr'><strong>Mittens,</strong></span> <span class='ocrx_word' id='word_1_115' title='bbox 608 2026 882 2080; x_wconf 86' lang='lat' dir='ltr'><strong>thesauros</strong></span> <span class='ocrx_word' id='word_1_116' title='bbox 908 2025 1128 2079; x_wconf 87' lang='lat' dir='ltr'><strong>contulit</strong></span> <span class='ocrx_word' id='word_1_117' title='bbox 1155 2026 1478 2091; x_wconf 87' lang='lat' dir='ltr'><strong>innumeros,</strong></span> 
     </span>
    </p>
   </div>
   <div class='ocr_carea' id='block_1_20' title="bbox 273 2113 1519 2183">
    <p class='ocr_par' dir='ltr' id='par_1_20' title="bbox 273 2113 1519 2183">
     <span class='ocr_line' id='line_1_20' title="bbox 273 2113 1519 2183; baseline 0.003 -18"><span class='ocrx_word' id='word_1_118' title='bbox 273 2114 449 2181; x_wconf 85' lang='lat' dir='ltr'><strong>Atque</strong></span> <span class='ocrx_word' id='word_1_119' title='bbox 476 2114 557 2167; x_wconf 90' lang='lat' dir='ltr'><strong>sui</strong></span> <span class='ocrx_word' id='word_1_120' title='bbox 584 2113 753 2182; x_wconf 87' lang='lat' dir='ltr'><strong>magis</strong></span> <span class='ocrx_word' id='word_1_121' title='bbox 780 2113 832 2166; x_wconf 91' lang='lat' dir='ltr'><strong>in</strong></span> <span class='ocrx_word' id='word_1_122' title='bbox 858 2120 969 2167; x_wconf 84' lang='lat' dir='ltr'><strong>toto</strong></span> <span class='ocrx_word' id='word_1_123' title='bbox 997 2113 1071 2167; x_wconf 90' lang='lat' dir='ltr'><strong>nil</strong></span> <span class='ocrx_word' id='word_1_124' title='bbox 1100 2119 1341 2182; x_wconf 87' lang='lat' dir='ltr'><strong>tempore</strong></span> <span class='ocrx_word' id='word_1_125' title='bbox 1368 2114 1519 2183; x_wconf 87' lang='lat' dir='ltr'><strong>regni</strong></span> 
     </span>
    </p>
   </div>
   <div class='ocr_carea' id='block_1_21' title="bbox 344 2202 1393 2281">
    <p class='ocr_par' dir='ltr' id='par_1_21' title="bbox 344 2202 1393 2281">
     <span class='ocr_line' id='line_1_21' title="bbox 344 2202 1393 2281; baseline 0.002 -25"><span class='ocrx_word' id='word_1_126' title='bbox 344 2202 585 2266; x_wconf 88' lang='lat' dir='ltr'><strong>Curavit,</strong></span> <span class='ocrx_word' id='word_1_127' title='bbox 609 2203 778 2256; x_wconf 89' lang='lat' dir='ltr'><strong>maius</strong></span> <span class='ocrx_word' id='word_1_128' title='bbox 807 2216 910 2256; x_wconf 90' lang='lat' dir='ltr'><strong>non</strong></span> <span class='ocrx_word' id='word_1_129' title='bbox 936 2203 1121 2281; x_wconf 88' lang='lat' dir='ltr'><strong>habuit</strong></span> <span class='ocrx_word' id='word_1_130' title='bbox 1143 2204 1393 2269; x_wconf 86' lang='lat' dir='ltr'><strong>studium,</strong></span> 
     </span>
    </p>
   </div>
   <div class='ocr_carea' id='block_1_22' title="bbox 275 2292 1514 2358">
    <p class='ocr_par' dir='ltr' id='par_1_22' title="bbox 275 2292 1514 2358">
     <span class='ocr_line' id='line_1_22' title="bbox 275 2292 1514 2358; baseline 0.002 -14"><span class='ocrx_word' id='word_1_131' title='bbox 275 2294 451 2358; x_wconf 71' lang='lat' dir='ltr'><strong>Quam</strong></span> <span class='ocrx_word' id='word_1_132' title='bbox 483 2293 634 2347; x_wconf 86' lang='lat' dir='ltr'><strong>sedes</strong></span> <span class='ocrx_word' id='word_1_133' title='bbox 657 2292 897 2347; x_wconf 81' lang='lat' dir='ltr'><strong>Romana</strong></span> <span class='ocrx_word' id='word_1_134' title='bbox 920 2307 1015 2347; x_wconf 88' lang='lat' dir='ltr'><strong>suo</strong></span> <span class='ocrx_word' id='word_1_135' title='bbox 1047 2293 1337 2347; x_wconf 89' lang='lat' dir='ltr'><strong>munimine</strong></span> <span class='ocrx_word' id='word_1_136' title='bbox 1362 2292 1514 2358; x_wconf 85' lang='lat' dir='ltr'><strong>fulta,</strong></span> 
     </span>
    </p>
   </div>
   <div class='ocr_carea' id='block_1_23' title="bbox 345 2377 1327 2448">
    <p class='ocr_par' dir='ltr' id='par_1_23' title="bbox 345 2377 1327 2448">
     <span class='ocr_line' id='line_1_23' title="bbox 345 2377 1327 2448; baseline -0.001 -14"><span class='ocrx_word' id='word_1_137' title='bbox 345 2380 416 2434; x_wconf 90' lang='lat' dir='ltr'><strong>Ut</strong></span> <span class='ocrx_word' id='word_1_138' title='bbox 439 2380 609 2433; x_wconf 88' lang='lat' dir='ltr'><strong>veteri</strong></span> <span class='ocrx_word' id='word_1_139' title='bbox 632 2379 833 2448; x_wconf 86' lang='lat' dir='ltr'><strong>pollens</strong></span> <span class='ocrx_word' id='word_1_140' title='bbox 861 2379 1132 2435; x_wconf 87' lang='lat' dir='ltr'><strong>nobilitate</strong></span> <span class='ocrx_word' id='word_1_141' title='bbox 1159 2377 1327 2434; x_wconf 63' lang='lat' dir='ltr'><strong>foret;</strong></span> 
     </span>
    </p>
   </div>
   <div class='ocr_carea' id='block_1_24' title="bbox 274 2469 1616 2538">
    <p class='ocr_par' dir='ltr' id='par_1_24' title="bbox 274 2469 1616 2538">
     <span class='ocr_line' id='line_1_24' title="bbox 274 2469 1616 2538; baseline 0 -16"><span class='ocrx_word' id='word_1_142' title='bbox 274 2470 341 2522; x_wconf 82' lang='lat' dir='ltr'><strong>Et</strong></span> <span class='ocrx_word' id='word_1_143' title='bbox 376 2478 558 2522; x_wconf 89' lang='lat' dir='ltr'><strong>tamen</strong></span> <span class='ocrx_word' id='word_1_144' title='bbox 593 2469 705 2537; x_wconf 91' lang='lat' dir='ltr'><strong>ipse</strong></span> <span class='ocrx_word' id='word_1_145' title='bbox 730 2476 917 2538; x_wconf 85' lang='lat' dir='ltr'><strong>quater</strong></span> <span class='ocrx_word' id='word_1_146' title='bbox 945 2475 1147 2522; x_wconf 90' lang='lat' dir='ltr'><strong>tantum</strong></span> <span class='ocrx_word' id='word_1_147' title='bbox 1172 2478 1485 2538; x_wconf 73' lang='lat' dir='ltr'><strong>pervenerat</strong></span> <span class='ocrx_word' id='word_1_148' title='bbox 1510 2470 1616 2531; x_wconf 74' lang='lat' dir='ltr'><strong>illo,</strong></span> 
     </span>
    </p>
   </div>
   <div class='ocr_carea' id='block_1_25' title="bbox 346 2558 1548 2649">
    <p class='ocr_par' dir='ltr' id='par_1_25' title="bbox 346 2558 1548 2649">
     <span class='ocr_line' id='line_1_25' title="bbox 346 2558 1548 2649; baseline 0.002 -36"><span class='ocrx_word' id='word_1_149' title='bbox 346 2562 483 2614; x_wconf 87' lang='lat' dir='ltr'><strong>Vota</strong></span> <span class='ocrx_word' id='word_1_150' title='bbox 505 2573 795 2629; x_wconf 86' lang='lat' dir='ltr'><strong>precesque</strong></span> <span class='ocrx_word' id='word_1_151' title='bbox 819 2559 905 2627; x_wconf 90' lang='lat' dir='ltr'><strong>pia</strong></span> <span class='ocrx_word' id='word_1_152' title='bbox 932 2558 1138 2614; x_wconf 90' lang='lat' dir='ltr'><strong>solvere</strong></span> <span class='ocrx_word' id='word_1_153' title='bbox 1150 2568 1326 2613; x_wconf 87' lang='lat' dir='ltr'><strong>mente</strong></span> <span class='ocrx_word' id='word_1_154' title='bbox 1335 2560 1548 2649; x_wconf 49' lang='lat' dir='ltr'><strong>folens,</strong></span> 
     </span>
    </p>
   </div>
   <div class='ocr_carea' id='block_1_26' title="bbox 276 2648 1488 2723">
    <p class='ocr_par' dir='ltr' id='par_1_26' title="bbox 276 2648 1488 2723">
     <span class='ocr_line' id='line_1_26' title="bbox 276 2648 1488 2723; baseline 0 -19"><span class='ocrx_word' id='word_1_155' title='bbox 276 2650 506 2704; x_wconf 63' lang='lat' dir='ltr'><strong>lfltimus</strong></span> <span class='ocrx_word' id='word_1_156' title='bbox 529 2648 785 2703; x_wconf 82' lang='lat' dir='ltr'><strong>adventus</strong></span> <span class='ocrx_word' id='word_1_157' title='bbox 803 2649 904 2703; x_wconf 85' lang='lat' dir='ltr'><strong>bac</strong></span> <span class='ocrx_word' id='word_1_158' title='bbox 930 2663 1088 2723; x_wconf 66' lang='lat' dir='ltr'><strong>causa</strong></span> <span class='ocrx_word' id='word_1_159' title='bbox 1114 2650 1333 2720; x_wconf 78' lang='lat' dir='ltr'><strong>contigit</strong></span> <span class='ocrx_word' id='word_1_160' title='bbox 1353 2651 1488 2714; x_wconf 90' lang='lat' dir='ltr'><strong>eius,</strong></span> 
     </span>
    </p>
   </div>
   <div class='ocr_carea' id='block_1_27' title="bbox 342 2737 1558 2805">
    <p class='ocr_par' dir='ltr' id='par_1_27' title="bbox 342 2737 1558 2805">
     <span class='ocr_line' id='line_1_27' title="bbox 342 2737 1558 2805; baseline 0.001 -13"><span class='ocrx_word' id='word_1_161' title='bbox 342 2738 499 2805; x_wconf 85' lang='lat' dir='ltr'><strong>Quod</strong></span> <span class='ocrx_word' id='word_1_162' title='bbox 527 2737 777 2792; x_wconf 86' lang='lat' dir='ltr'><strong>turbatus</strong></span> <span class='ocrx_word' id='word_1_163' title='bbox 792 2746 909 2792; x_wconf 86' lang='lat' dir='ltr'><strong>erat</strong></span> <span class='ocrx_word' id='word_1_164' title='bbox 935 2745 1061 2792; x_wconf 90' lang='lat' dir='ltr'><strong>tunc</strong></span> <span class='ocrx_word' id='word_1_165' title='bbox 1088 2745 1257 2793; x_wconf 89' lang='lat' dir='ltr'><strong>status</strong></span> <span class='ocrx_word' id='word_1_166' title='bbox 1283 2740 1558 2804; x_wconf 88' lang='lat' dir='ltr'><strong>ecclesiae,</strong></span> 
     </span>
    </p>
   </div>
   <div class='ocr_carea' id='block_1_28' title="bbox 274 2829 1447 2885">
    <p class='ocr_par' dir='ltr' id='par_1_28' title="bbox 274 2829 1447 2885">
     <span class='ocr_line' id='line_1_28' title="bbox 274 2829 1447 2885; baseline 0.001 -2"><span class='ocrx_word' id='word_1_167' title='bbox 274 2829 495 2884; x_wconf 87' lang='lat' dir='ltr'><strong>Scilicet</strong></span> <span class='ocrx_word' id='word_1_168' title='bbox 514 2829 683 2883; x_wconf 88' lang='lat' dir='ltr'><strong>eiecto</strong></span> <span class='ocrx_word' id='word_1_169' title='bbox 708 2829 863 2883; x_wconf 88' lang='lat' dir='ltr'><strong>simul</strong></span> <span class='ocrx_word' id='word_1_170' title='bbox 898 2837 952 2884; x_wconf 92' lang='lat' dir='ltr'><strong>et</strong></span> <span class='ocrx_word' id='word_1_171' title='bbox 980 2836 1243 2885; x_wconf 88' lang='lat' dir='ltr'><strong>tormenta</strong></span> <span class='ocrx_word' id='word_1_172' title='bbox 1271 2829 1447 2884; x_wconf 88' lang='lat' dir='ltr'><strong>Leone</strong></span> 
     </span>
    </p>
   </div>
   <div class='ocr_carea' id='block_1_29' title="bbox 339 2904 1435 2989">
    <p class='ocr_par' dir='ltr' id='par_1_29' title="bbox 339 2904 1435 2989">
     <span class='ocr_line' id='line_1_29' title="bbox 339 2904 1435 2989; baseline 0.001 -18"><span class='ocrx_word' id='word_1_173' title='bbox 339 2917 595 2972; x_wconf 86' lang='lat' dir='ltr'><strong>Praesule</strong></span> <span class='ocrx_word' id='word_1_174' title='bbox 617 2933 870 2986; x_wconf 83' lang='lat' dir='ltr'><strong>perpesso</strong></span> <span class='ocrx_word' id='word_1_175' title='bbox 894 2918 1097 2973; x_wconf 89' lang='lat' dir='ltr'><strong>civibus</strong></span> <span class='ocrx_word' id='word_1_176' title='bbox 1118 2934 1147 2971; x_wconf 89' lang='lat' dir='ltr'><strong>a</strong></span> <span class='ocrx_word' id='word_1_177' title='bbox 1184 2904 1435 2989; x_wconf 83' lang='lat' dir='ltr'><strong>propriis.</strong></span> 
     </span>
    </p>
   </div>
   <div class='ocr_carea' id='block_1_30' title="bbox 272 3003 1617 3077">
    <p class='ocr_par' dir='ltr' id='par_1_30' title="bbox 272 3003 1617 3077">
     <span class='ocr_line' id='line_1_30' title="bbox 272 3003 1617 3077; baseline 0.001 -18"><span class='ocrx_word' id='word_1_178' title='bbox 272 3006 383 3061; x_wconf 91' lang='lat' dir='ltr'><strong>lloc</strong></span> <span class='ocrx_word' id='word_1_179' title='bbox 402 3004 557 3074; x_wconf 88' lang='lat' dir='ltr'><strong>quasi</strong></span> <span class='ocrx_word' id='word_1_180' title='bbox 584 3003 860 3076; x_wconf 87' lang='lat' dir='ltr'><strong>naufragio</strong></span> <span class='ocrx_word' id='word_1_181' title='bbox 887 3020 1132 3075; x_wconf 90' lang='lat' dir='ltr'><strong>suprema</strong></span> <span class='ocrx_word' id='word_1_182' title='bbox 1153 3008 1385 3075; x_wconf 90' lang='lat' dir='ltr'><strong>pericula</strong></span> <span class='ocrx_word' id='word_1_183' title='bbox 1406 3023 1617 3077; x_wconf 88' lang='lat' dir='ltr'><strong>passum</strong></span> 
     </span>
    </p>
   </div>
   <div class='ocr_carea' id='block_1_31' title="bbox 342 3097 1448 3166">
    <p class='ocr_par' dir='ltr' id='par_1_31' title="bbox 342 3097 1448 3166">
     <span class='ocr_line' id='line_1_31' title="bbox 342 3097 1448 3166; baseline -0.001 -13"><span class='ocrx_word' id='word_1_184' title='bbox 342 3098 715 3166; x_wconf 78' lang='lat' dir='ltr'><strong>Vexatumque</strong></span> <span class='ocrx_word' id='word_1_185' title='bbox 736 3097 836 3152; x_wconf 91' lang='lat' dir='ltr'><strong>loci</strong></span> <span class='ocrx_word' id='word_1_186' title='bbox 860 3097 1124 3154; x_wconf 90' lang='lat' dir='ltr'><strong>sedicione</strong></span> <span class='ocrx_word' id='word_1_187' title='bbox 1143 3106 1357 3164; x_wconf 89' lang='lat' dir='ltr'><strong>statum,</strong></span> <span class='ocrx_word' id='word_1_188' title='bbox 1444 3138 1448 3142; x_wconf 26' lang='grc' dir='ltr'><strong>Α</strong></span> 
     </span>
    </p>
   </div>
   <div class='ocr_carea' id='block_1_32' title="bbox 269 3186 1584 3257">
    <p class='ocr_par' dir='ltr' id='par_1_32' title="bbox 269 3186 1584 3257">
     <span class='ocr_line' id='line_1_32' title="bbox 269 3186 1584 3257; baseline 0 -15"><span class='ocrx_word' id='word_1_189' title='bbox 269 3188 350 3242; x_wconf 78' lang='lat' dir='ltr'><strong>Ad</strong></span> <span class='ocrx_word' id='word_1_190' title='bbox 375 3195 594 3256; x_wconf 90' lang='lat' dir='ltr'><strong>portum</strong></span> <span class='ocrx_word' id='word_1_191' title='bbox 618 3186 854 3256; x_wconf 79' lang='lat' dir='ltr'><strong>placidae</strong></span> <span class='ocrx_word' id='word_1_192' title='bbox 875 3189 1061 3240; x_wconf 85' lang='lat' dir='ltr'><strong>statuit</strong></span> <span class='ocrx_word' id='word_1_193' title='bbox 1091 3202 1340 3242; x_wconf 88' lang='lat' dir='ltr'><strong>revocare</strong></span> <span class='ocrx_word' id='word_1_194' title='bbox 1373 3190 1584 3257; x_wconf 89' lang='lat' dir='ltr'><strong>quietis,</strong></span> 
     </span>
    </p>
   </div>
   <div class='ocr_carea' id='block_1_33' title="bbox 338 3272 1479 3342">
    <p class='ocr_par' dir='ltr' id='par_1_33' title="bbox 338 3272 1479 3342">
     <span class='ocr_line' id='line_1_33' title="bbox 338 3272 1479 3342; baseline 0.003 -16"><span class='ocrx_word' id='word_1_195' title='bbox 338 3273 457 3327; x_wconf 86' lang='lat' dir='ltr'><strong>lilic</strong></span> <span class='ocrx_word' id='word_1_196' title='bbox 477 3288 577 3342; x_wconf 89' lang='lat' dir='ltr'><strong>per</strong></span> <span class='ocrx_word' id='word_1_197' title='bbox 598 3280 761 3326; x_wconf 89' lang='lat' dir='ltr'><strong>totam</strong></span> <span class='ocrx_word' id='word_1_198' title='bbox 788 3287 957 3341; x_wconf 88' lang='lat' dir='ltr'><strong>poene</strong></span> <span class='ocrx_word' id='word_1_199' title='bbox 982 3289 1200 3328; x_wconf 89' lang='lat' dir='ltr'><strong>manens</strong></span> <span class='ocrx_word' id='word_1_200' title='bbox 1230 3272 1479 3331; x_wconf 85' lang='lat' dir='ltr'><strong>hiemem.</strong></span> 
     </span>
    </p>
   </div>
   <div class='ocr_carea' id='block_1_34' title="bbox 272 3360 1521 3433">
    <p class='ocr_par' dir='ltr' id='par_1_34' title="bbox 272 3360 1521 3433">
     <span class='ocr_line' id='line_1_34' title="bbox 272 3360 1521 3433; baseline 0.003 -19"><span class='ocrx_word' id='word_1_201' title='bbox 272 3362 423 3416; x_wconf 88' lang='lat' dir='ltr'><strong>&#39;i‘unc</strong></span> <span class='ocrx_word' id='word_1_202' title='bbox 448 3360 647 3415; x_wconf 88' lang='lat' dir='ltr'><strong>ibidem</strong></span> <span class='ocrx_word' id='word_1_203' title='bbox 668 3360 876 3415; x_wconf 90' lang='lat' dir='ltr'><strong>culmen</strong></span> <span class='ocrx_word' id='word_1_204' title='bbox 897 3369 1203 3431; x_wconf 87' lang='lat' dir='ltr'><strong>susceperat</strong></span> <span class='ocrx_word' id='word_1_205' title='bbox 1231 3362 1521 3433; x_wconf 87' lang='lat' dir='ltr'><strong>imperiale,</strong></span> 
     </span>
    </p>
   </div>
   <div class='ocr_carea' id='block_1_35' title="bbox 338 3450 1481 3518">
    <p class='ocr_par' dir='ltr' id='par_1_35' title="bbox 338 3450 1481 3518">
     <span class='ocr_line' id='line_1_35' title="bbox 338 3450 1481 3518; baseline 0.001 -12"><span class='ocrx_word' id='word_1_206' title='bbox 338 3450 545 3507; x_wconf 88' lang='lat' dir='ltr'><strong>Ordine</strong></span> <span class='ocrx_word' id='word_1_207' title='bbox 573 3466 679 3518; x_wconf 89' lang='lat' dir='ltr'><strong>quo</strong></span> <span class='ocrx_word' id='word_1_208' title='bbox 714 3458 902 3518; x_wconf 83' lang='lat' dir='ltr'><strong>quarto</strong></span> <span class='ocrx_word' id='word_1_209' title='bbox 930 3452 1157 3507; x_wconf 77' lang='lat' dir='ltr'><strong>diximus</strong></span> <span class='ocrx_word' id='word_1_210' title='bbox 1181 3462 1302 3507; x_wconf 87' lang='lat' dir='ltr'><strong>ante</strong></span> <span class='ocrx_word' id='word_1_211' title='bbox 1328 3453 1481 3508; x_wconf 90' lang='lat' dir='ltr'><strong>libro.</strong></span> 
     </span>
    </p>
   </div>
   <div class='ocr_carea' id='block_1_36' title="bbox 270 3524 1595 3615">
    <p class='ocr_par' dir='ltr' id='par_1_36' title="bbox 270 3524 1595 3615">
     <span class='ocr_line' id='line_1_36' title="bbox 270 3524 1595 3615; baseline 0.002 -23"><span class='ocrx_word' id='word_1_212' title='bbox 270 3541 424 3605; x_wconf 85' lang='lat' dir='ltr'><strong>Quod</strong></span> <span class='ocrx_word' id='word_1_213' title='bbox 445 3548 628 3593; x_wconf 90' lang='lat' dir='ltr'><strong>tamen</strong></span> <span class='ocrx_word' id='word_1_214' title='bbox 655 3525 1001 3615; x_wconf 71' lang='lat' dir='ltr'><strong>invituspapa</strong></span> <span class='ocrx_word' id='word_1_215' title='bbox 1026 3550 1244 3609; x_wconf 78' lang='lat' dir='ltr'><strong>cogente</strong></span> <span class='ocrx_word' id='word_1_216' title='bbox 1281 3542 1495 3609; x_wconf 87' lang='lat' dir='ltr'><strong>recepit,</strong></span> <span class='ocrx_word' id='word_1_217' title='bbox 1585 3524 1595 3533; x_wconf 71' lang='grc'><em>’</em></span> 
     </span>
    </p>
   </div>
   <div class='ocr_carea' id='block_1_37' title="bbox 340 3614 1385 3709">
    <p class='ocr_par' dir='ltr' id='par_1_37' title="bbox 340 3614 1385 3709">
     <span class='ocr_line' id='line_1_37' title="bbox 340 3614 1385 3709; baseline -0.003 -26"><span class='ocrx_word' id='word_1_218' title='bbox 340 3629 407 3683; x_wconf 86' lang='lat' dir='ltr'><strong>Et</strong></span> <span class='ocrx_word' id='word_1_219' title='bbox 436 3627 623 3683; x_wconf 90' lang='lat' dir='ltr'><strong>multis</strong></span> <span class='ocrx_word' id='word_1_220' title='bbox 643 3614 826 3697; x_wconf 81' lang='lat' dir='ltr'><strong>populi</strong></span> <span class='ocrx_word' id='word_1_221' title='bbox 842 3624 1084 3709; x_wconf 60' lang='lat' dir='ltr'><strong>itomulei</strong></span> <span class='ocrx_word' id='word_1_222' title='bbox 1121 3628 1385 3698; x_wconf 86' lang='lat' dir='ltr'><strong>precibus.</strong></span> 
     </span>
    </p>
   </div>
   <div class='ocr_carea' id='block_1_38' title="bbox 270 3715 1563 3785">
    <p class='ocr_par' dir='ltr' id='par_1_38' title="bbox 270 3715 1563 3785">
     <span class='ocr_line' id='line_1_38' title="bbox 270 3715 1563 3785; baseline 0 -14"><span class='ocrx_word' id='word_1_223' title='bbox 270 3718 370 3784; x_wconf 86' lang='lat' dir='ltr'><strong>Qui</strong></span> <span class='ocrx_word' id='word_1_224' title='bbox 409 3719 458 3772; x_wconf 90' lang='lat' dir='ltr'><strong>si</strong></span> <span class='ocrx_word' id='word_1_225' title='bbox 489 3716 769 3773; x_wconf 85' lang='lat' dir='ltr'><strong>consilium</strong></span> <span class='ocrx_word' id='word_1_226' title='bbox 797 3717 1114 3784; x_wconf 84' lang='lat' dir='ltr'><strong>praescisset</strong></span> <span class='ocrx_word' id='word_1_227' title='bbox 1137 3715 1397 3785; x_wconf 87' lang='lat' dir='ltr'><strong>praesulis</strong></span> <span class='ocrx_word' id='word_1_228' title='bbox 1422 3725 1563 3780; x_wconf 89' lang='lat' dir='ltr'><strong>ante,</strong></span> 
     </span>
    </p>
   </div>
   <div class='ocr_carea' id='block_1_39' title="bbox 340 3806 1592 3876">
    <p class='ocr_par' dir='ltr' id='par_1_39' title="bbox 340 3806 1592 3876">
     <span class='ocr_line' id='line_1_39' title="bbox 340 3806 1592 3876; baseline -0.006 -13"><span class='ocrx_word' id='word_1_229' title='bbox 340 3810 497 3863; x_wconf 85' lang='lat' dir='ltr'><strong>Tunc</strong></span> <span class='ocrx_word' id='word_1_230' title='bbox 532 3822 592 3861; x_wconf 89' lang='lat' dir='ltr'><strong>se</strong></span> <span class='ocrx_word' id='word_1_231' title='bbox 612 3807 953 3876; x_wconf 74' lang='lat' dir='ltr'><strong>subtraheret&quot;</strong></span> <span class='ocrx_word' id='word_1_232' title='bbox 974 3822 1191 3875; x_wconf 85' lang='lat' dir='ltr'><strong>prorsus</strong></span> <span class='ocrx_word' id='word_1_233' title='bbox 1223 3806 1291 3860; x_wconf 88' lang='lat' dir='ltr'><strong>ab</strong></span> <span class='ocrx_word' id='word_1_234' title='bbox 1317 3808 1592 3870; x_wconf 77' lang='lat' dir='ltr'><strong>aecelesia,</strong></span> 
     </span>
    </p>
   </div>
   <div class='ocr_carea' id='block_1_40' title="bbox 271 3898 1481 3970">
    <p class='ocr_par' dir='ltr' id='par_1_40' title="bbox 271 3898 1481 3970">
     <span class='ocr_line' id='line_1_40' title="bbox 271 3898 1481 3970; baseline -0.001 -15"><span class='ocrx_word' id='word_1_235' title='bbox 271 3901 513 3970; x_wconf 83' lang='lat' dir='ltr'><strong>Denique</strong></span> <span class='ocrx_word' id='word_1_236' title='bbox 546 3899 625 3953; x_wconf 86' lang='lat' dir='ltr'><strong>sic</strong></span> <span class='ocrx_word' id='word_1_237' title='bbox 653 3898 830 3952; x_wconf 89' lang='lat' dir='ltr'><strong>multis</strong></span> <span class='ocrx_word' id='word_1_238' title='bbox 857 3912 1034 3953; x_wconf 89' lang='lat' dir='ltr'><strong>coram</strong></span> <span class='ocrx_word' id='word_1_239' title='bbox 1069 3898 1335 3952; x_wconf 86' lang='lat' dir='ltr'><strong>iuraverat</strong></span> <span class='ocrx_word' id='word_1_240' title='bbox 1351 3898 1481 3967; x_wconf 91' lang='lat' dir='ltr'><strong>ipse,</strong></span> 
     </span>
    </p>
   </div>
   <div class='ocr_carea' id='block_1_41' title="bbox 340 3984 1453 4054">
    <p class='ocr_par' dir='ltr' id='par_1_41' title="bbox 340 3984 1453 4054">
     <span class='ocr_line' id='line_1_41' title="bbox 340 3984 1453 4054; baseline -0.004 -13"><span class='ocrx_word' id='word_1_241' title='bbox 340 3987 603 4054; x_wconf 79' lang='lat' dir='ltr'><strong>Quamvis</strong></span> <span class='ocrx_word' id='word_1_242' title='bbox 630 3985 718 4039; x_wconf 90' lang='lat' dir='ltr'><strong>illa</strong></span> <span class='ocrx_word' id='word_1_243' title='bbox 740 3986 852 4039; x_wconf 88' lang='lat' dir='ltr'><strong>dies</strong></span> <span class='ocrx_word' id='word_1_244' title='bbox 872 3985 1025 4039; x_wconf 86' lang='lat' dir='ltr'><strong>valde</strong></span> <span class='ocrx_word' id='word_1_245' title='bbox 1050 3984 1189 4040; x_wconf 88' lang='lat' dir='ltr'><strong>foret</strong></span> <span class='ocrx_word' id='word_1_246' title='bbox 1209 3986 1453 4054; x_wconf 87' lang='lat' dir='ltr'><strong>celebris.</strong></span> 
     </span>
    </p>
   </div>
   <div class='ocr_carea' id='block_1_42' title="bbox 272 4053 1469 4143">
    <p class='ocr_par' dir='ltr' id='par_1_42' title="bbox 272 4053 1469 4143">
     <span class='ocr_line' id='line_1_42' title="bbox 272 4053 1469 4143; baseline -0.005 -9"><span class='ocrx_word' id='word_1_247' title='bbox 272 4053 485 4134; x_wconf 63' lang='lat' dir='ltr'><strong>Videris</strong></span> <span class='ocrx_word' id='word_1_248' title='bbox 512 4078 615 4132; x_wconf 86' lang='lat' dir='ltr'><strong>hoc</strong></span> <span class='ocrx_word' id='word_1_249' title='bbox 635 4075 707 4130; x_wconf 91' lang='lat' dir='ltr'><strong>illi</strong></span> <span class='ocrx_word' id='word_1_250' title='bbox 736 4082 939 4129; x_wconf 87' lang='lat' dir='ltr'><strong>tantum</strong></span> <span class='ocrx_word' id='word_1_251' title='bbox 974 4090 1072 4129; x_wconf 90' lang='lat' dir='ltr'><strong>cur</strong></span> <span class='ocrx_word' id='word_1_252' title='bbox 1097 4053 1469 4143; x_wconf 67' lang='lat' dir='ltr'><strong>displicuisset,</strong></span> 
     </span>
    </p>
   </div>
   <div class='ocr_carea' id='block_1_43' title="bbox 339 4160 1483 4243">
    <p class='ocr_par' dir='ltr' id='par_1_43' title="bbox 339 4160 1483 4243">
     <span class='ocr_line' id='line_1_43' title="bbox 339 4160 1483 4243; baseline -0.004 -21"><span class='ocrx_word' id='word_1_253' title='bbox 339 4168 496 4236; x_wconf 87' lang='lat' dir='ltr'><strong>Quod</strong></span> <span class='ocrx_word' id='word_1_254' title='bbox 520 4181 636 4222; x_wconf 86' lang='lat' dir='ltr'><strong>mos</strong></span> <span class='ocrx_word' id='word_1_255' title='bbox 658 4173 742 4220; x_wconf 90' lang='lat' dir='ltr'><strong>est</strong></span> <span class='ocrx_word' id='word_1_256' title='bbox 761 4164 879 4219; x_wconf 89' lang='lat' dir='ltr'><strong>aliis</strong></span> <span class='ocrx_word' id='word_1_257' title='bbox 909 4164 1119 4235; x_wconf 86' lang='lat' dir='ltr'><strong>regibus</strong></span> <span class='ocrx_word' id='word_1_258' title='bbox 1142 4173 1409 4234; x_wconf 89' lang='lat' dir='ltr'><strong>appetere.</strong></span> <span class='ocrx_word' id='word_1_259' title='bbox 1448 4160 1483 4243; x_wconf 32' lang='grc' dir='ltr'><em>λ</em></span> 
     </span>
    </p>
   </div>
   <div class='ocr_carea' id='block_1_44' title="bbox 271 4252 1606 4327">
    <p class='ocr_par' dir='ltr' id='par_1_44' title="bbox 271 4252 1606 4327">
     <span class='ocr_line' id='line_1_44' title="bbox 271 4252 1606 4327; baseline -0.004 -16"><span class='ocrx_word' id='word_1_260' title='bbox 271 4258 385 4327; x_wconf 88' lang='lat' dir='ltr'><strong>ipse</strong></span> <span class='ocrx_word' id='word_1_261' title='bbox 413 4258 617 4312; x_wconf 79' lang='lat' dir='ltr'><strong>decem‘</strong></span> <span class='ocrx_word' id='word_1_262' title='bbox 641 4254 894 4323; x_wconf 87' lang='lat' dir='ltr'><strong>posthaec</strong></span> <span class='ocrx_word' id='word_1_263' title='bbox 917 4259 971 4305; x_wconf 93' lang='lat' dir='ltr'><strong>et</strong></span> <span class='ocrx_word' id='word_1_264' title='bbox 999 4260 1178 4305; x_wconf 88' lang='lat' dir='ltr'><strong>ternos</strong></span> <span class='ocrx_word' id='word_1_265' title='bbox 1204 4252 1420 4306; x_wconf 88' lang='lat' dir='ltr'><strong>circiter</strong></span> <span class='ocrx_word' id='word_1_266' title='bbox 1443 4266 1606 4311; x_wconf 86' lang='lat' dir='ltr'><strong>annos</strong></span> 
     </span>
    </p>
   </div>
   <div class='ocr_carea' id='block_1_45' title="bbox 338 4342 1284 4416">
    <p class='ocr_par' dir='ltr' id='par_1_45' title="bbox 338 4342 1284 4416">
     <span class='ocr_line' id='line_1_45' title="bbox 338 4342 1284 4416; baseline -0.006 -16"><span class='ocrx_word' id='word_1_267' title='bbox 338 4346 587 4416; x_wconf 86' lang='lat' dir='ltr'><strong>Augusto</strong></span> <span class='ocrx_word' id='word_1_268' title='bbox 607 4343 777 4397; x_wconf 86' lang='lat' dir='ltr'><strong>laetus</strong></span> <span class='ocrx_word' id='word_1_269' title='bbox 799 4342 933 4395; x_wconf 72' lang='lat' dir='ltr'><strong>vixit</strong></span> <span class='ocrx_word' id='word_1_270' title='bbox 963 4342 1014 4396; x_wconf 91' lang='lat' dir='ltr'><strong>in</strong></span> <span class='ocrx_word' id='word_1_271' title='bbox 1044 4342 1284 4409; x_wconf 86' lang='lat' dir='ltr'><strong>imperio.</strong></span> 
     </span>
    </p>
   </div>
   <div class='ocr_carea' id='block_1_46' title="bbox 270 4430 1479 4504">
    <p class='ocr_par' dir='ltr' id='par_1_46' title="bbox 270 4430 1479 4504">
     <span class='ocr_line' id='line_1_46' title="bbox 270 4430 1479 4504; baseline -0.005 -15"><span class='ocrx_word' id='word_1_272' title='bbox 270 4436 325 4490; x_wconf 87' lang='lat' dir='ltr'><strong>lu</strong></span> <span class='ocrx_word' id='word_1_273' title='bbox 350 4436 549 4504; x_wconf 82' lang='lat' dir='ltr'><strong>quibus</strong></span> <span class='ocrx_word' id='word_1_274' title='bbox 571 4432 813 4499; x_wconf 84' lang='lat' dir='ltr'><strong>antiquas</strong></span> <span class='ocrx_word' id='word_1_275' title='bbox 838 4430 978 4501; x_wconf 84' lang='lat' dir='ltr'><strong>leges</strong></span> <span class='ocrx_word' id='word_1_276' title='bbox 1002 4430 1251 4494; x_wconf 84' lang='lat' dir='ltr'><strong>correxit,</strong></span> <span class='ocrx_word' id='word_1_277' title='bbox 1277 4432 1330 4484; x_wconf 91' lang='lat' dir='ltr'><strong>in</strong></span> <span class='ocrx_word' id='word_1_278' title='bbox 1351 4430 1479 4500; x_wconf 89' lang='lat' dir='ltr'><strong>ipsis</strong></span> 
     </span>
    </p>
   </div>
   <div class='ocr_carea' id='block_1_47' title="bbox 340 4519 1411 4589">
    <p class='ocr_par' dir='ltr' id='par_1_47' title="bbox 340 4519 1411 4589">
     <span class='ocr_line' id='line_1_47' title="bbox 340 4519 1411 4589; baseline -0.005 -11"><span class='ocrx_word' id='word_1_279' title='bbox 340 4522 497 4578; x_wconf 86' lang='lat' dir='ltr'><strong>Uniri</strong></span> <span class='ocrx_word' id='word_1_280' title='bbox 526 4521 786 4574; x_wconf 86' lang='lat' dir='ltr'><strong>mandans</strong></span> <span class='ocrx_word' id='word_1_281' title='bbox 807 4520 1018 4574; x_wconf 89' lang='lat' dir='ltr'><strong>dissona</strong></span> <span class='ocrx_word' id='word_1_282' title='bbox 1051 4535 1152 4589; x_wconf 91' lang='lat' dir='ltr'><strong>que</strong></span> <span class='ocrx_word' id='word_1_283' title='bbox 1182 4519 1411 4575; x_wconf 89' lang='lat' dir='ltr'><strong>fuerant.</strong></span> 
     </span>
    </p>
   </div>
   <div class='ocr_carea' id='block_1_48' title="bbox 271 4610 1609 4680">
    <p class='ocr_par' dir='ltr' id='par_1_48' title="bbox 271 4610 1609 4680">
     <span class='ocr_line' id='line_1_48' title="bbox 271 4610 1609 4680; baseline -0.004 -13"><span class='ocrx_word' id='word_1_284' title='bbox 271 4614 488 4668; x_wconf 82' lang='lat' dir='ltr'><strong>Addidit</strong></span> <span class='ocrx_word' id='word_1_285' title='bbox 509 4611 598 4667; x_wconf 88' lang='lat' dir='ltr'><strong>his</strong></span> <span class='ocrx_word' id='word_1_286' title='bbox 626 4611 787 4665; x_wconf 87' lang='lat' dir='ltr'><strong>etiam</strong></span> <span class='ocrx_word' id='word_1_287' title='bbox 799 4610 1003 4665; x_wconf 90' lang='lat' dir='ltr'><strong>noviter</strong></span> <span class='ocrx_word' id='word_1_288' title='bbox 1025 4626 1160 4680; x_wconf 89' lang='lat' dir='ltr'><strong>quae</strong></span> <span class='ocrx_word' id='word_1_289' title='bbox 1180 4627 1410 4680; x_wconf 88' lang='lat' dir='ltr'><strong>congrua</strong></span> <span class='ocrx_word' id='word_1_290' title='bbox 1448 4610 1609 4668; x_wconf 75' lang='lat' dir='ltr'><strong>duxit,</strong></span> 
     </span>
    </p>
   </div>
   <div class='ocr_carea' id='block_1_49' title="bbox 340 4699 1494 4768">
    <p class='ocr_par' dir='ltr' id='par_1_49' title="bbox 340 4699 1494 4768">
     <span class='ocr_line' id='line_1_49' title="bbox 340 4699 1494 4768; baseline -0.003 -12"><span class='ocrx_word' id='word_1_291' title='bbox 340 4703 521 4757; x_wconf 80' lang='lat' dir='ltr'><strong>Pauca</strong></span> <span class='ocrx_word' id='word_1_292' title='bbox 550 4699 764 4768; x_wconf 87' lang='lat' dir='ltr'><strong>quidem</strong></span> <span class='ocrx_word' id='word_1_293' title='bbox 788 4714 1008 4755; x_wconf 89' lang='lat' dir='ltr'><strong>numero</strong></span> <span class='ocrx_word' id='word_1_294' title='bbox 1026 4699 1178 4754; x_wconf 82' lang='lat' dir='ltr'><strong>valde</strong></span> <span class='ocrx_word' id='word_1_295' title='bbox 1209 4702 1300 4754; x_wconf 86' lang='lat' dir='ltr'><strong>sed</strong></span> <span class='ocrx_word' id='word_1_296' title='bbox 1326 4700 1494 4761; x_wconf 84' lang='lat' dir='ltr'><strong>utilia,</strong></span> 
     </span>
    </p>
   </div>
   <div class='ocr_carea' id='block_1_50' title="bbox 272 4787 1492 4858">
    <p class='ocr_par' dir='ltr' id='par_1_50' title="bbox 272 4787 1492 4858">
     <span class='ocr_line' id='line_1_50' title="bbox 272 4787 1492 4858; baseline -0.002 -15"><span class='ocrx_word' id='word_1_297' title='bbox 272 4792 709 4858; x_wconf 76' lang='lat' dir='ltr'><strong>Cunctorumque</strong></span> <span class='ocrx_word' id='word_1_298' title='bbox 731 4788 812 4841; x_wconf 88' lang='lat' dir='ltr'><strong>sui</strong></span> <span class='ocrx_word' id='word_1_299' title='bbox 836 4790 979 4857; x_wconf 86' lang='lat' dir='ltr'><strong>regni</strong></span> <span class='ocrx_word' id='word_1_300' title='bbox 1010 4787 1151 4856; x_wconf 89' lang='lat' dir='ltr'><strong>leges</strong></span> <span class='ocrx_word' id='word_1_301' title='bbox 1182 4789 1492 4856; x_wconf 90' lang='lat' dir='ltr'><strong>populorum</strong></span> 
     </span>
    </p>
   </div>
   <div class='ocr_carea' id='block_1_51' title="bbox 338 4877 1391 4949">
    <p class='ocr_par' dir='ltr' id='par_1_51' title="bbox 338 4877 1391 4949">
     <span class='ocr_line' id='line_1_51' title="bbox 338 4877 1391 4949; baseline -0.008 -13"><span class='ocrx_word' id='word_1_302' title='bbox 338 4880 590 4949; x_wconf 85' lang='lat' dir='ltr'><strong>Collegit,</strong></span> <span class='ocrx_word' id='word_1_303' title='bbox 618 4878 797 4947; x_wconf 88' lang='lat' dir='ltr'><strong>plures</strong></span> <span class='ocrx_word' id='word_1_304' title='bbox 824 4877 943 4931; x_wconf 88' lang='lat' dir='ltr'><strong>inde</strong></span> <span class='ocrx_word' id='word_1_305' title='bbox 968 4877 1130 4932; x_wconf 89' lang='lat' dir='ltr'><strong>libros</strong></span> <span class='ocrx_word' id='word_1_306' title='bbox 1158 4878 1391 4932; x_wconf 70' lang='lat' dir='ltr'><strong>faciens.</strong></span> 
     </span>
    </p>
   </div>
   <div class='ocr_carea' id='block_1_52' title="bbox 274 4966 1753 5039">
    <p class='ocr_par' dir='ltr' id='par_1_52' title="bbox 274 4966 1753 5039">
     <span class='ocr_line' id='line_1_52' title="bbox 274 4966 1753 5039; baseline -0.003 -16"><span class='ocrx_word' id='word_1_307' title='bbox 274 4971 380 5025; x_wconf 67' lang='lat' dir='ltr'><strong>Nec</strong></span> <span class='ocrx_word' id='word_1_308' title='bbox 416 4986 525 5026; x_wconf 91' lang='lat' dir='ltr'><strong>non</strong></span> <span class='ocrx_word' id='word_1_309' title='bbox 549 4982 690 5039; x_wconf 88' lang='lat' dir='ltr'><strong>quae</strong></span> <span class='ocrx_word' id='word_1_310' title='bbox 716 4976 953 5022; x_wconf 88' lang='lat' dir='ltr'><strong>veterum</strong></span> <span class='ocrx_word' id='word_1_311' title='bbox 975 4967 1294 5037; x_wconf 89' lang='lat' dir='ltr'><strong>depromunt</strong></span> <span class='ocrx_word' id='word_1_312' title='bbox 1320 4966 1520 5037; x_wconf 90' lang='lat' dir='ltr'><strong>proelia</strong></span> <span class='ocrx_word' id='word_1_313' title='bbox 1549 4982 1753 5037; x_wconf 85' lang='lat' dir='ltr'><strong>regum,</strong></span> 
     </span>
    </p>
   </div>
   <div class='ocr_carea' id='block_1_53' title="bbox 342 5051 1432 5115">
    <p class='ocr_par' dir='ltr' id='par_1_53' title="bbox 342 5051 1432 5115">
     <span class='ocr_line' id='line_1_53' title="bbox 342 5051 1432 5115; baseline -0.002 -1"><span class='ocrx_word' id='word_1_314' title='bbox 342 5062 586 5115; x_wconf 86' lang='lat' dir='ltr'><strong>Barbara</strong></span> <span class='ocrx_word' id='word_1_315' title='bbox 612 5058 881 5112; x_wconf 87' lang='lat' dir='ltr'><strong>mandavit</strong></span> <span class='ocrx_word' id='word_1_316' title='bbox 906 5059 1138 5113; x_wconf 84' lang='lat' dir='ltr'><strong>carmina</strong></span> <span class='ocrx_word' id='word_1_317' title='bbox 1165 5051 1432 5114; x_wconf 73' lang='lat' dir='ltr'><strong>litterulis.</strong></span> 
     </span>
    </p>
   </div>
   <div class='ocr_carea' id='block_1_54' title="bbox 274 5144 1457 5218">
    <p class='ocr_par' dir='ltr' id='par_1_54' title="bbox 274 5144 1457 5218">
     <span class='ocr_line' id='line_1_54' title="bbox 274 5144 1457 5218; baseline -0.003 -14"><span class='ocrx_word' id='word_1_318' title='bbox 274 5150 460 5218; x_wconf 86' lang='lat' dir='ltr'><strong>Coepit</strong></span> <span class='ocrx_word' id='word_1_319' title='bbox 486 5155 543 5203; x_wconf 90' lang='lat' dir='ltr'><strong>et</strong></span> <span class='ocrx_word' id='word_1_320' title='bbox 571 5146 768 5216; x_wconf 81' lang='lat' dir='ltr'><strong>ingenii</strong></span> <span class='ocrx_word' id='word_1_321' title='bbox 796 5144 920 5199; x_wconf 89' lang='lat' dir='ltr'><strong>totis</strong></span> <span class='ocrx_word' id='word_1_322' title='bbox 948 5161 1069 5200; x_wconf 90' lang='lat' dir='ltr'><strong>cum</strong></span> <span class='ocrx_word' id='word_1_323' title='bbox 1094 5146 1295 5201; x_wconf 90' lang='lat' dir='ltr'><strong>viribus</strong></span> <span class='ocrx_word' id='word_1_324' title='bbox 1319 5146 1457 5200; x_wconf 88' lang='lat' dir='ltr'><strong>acris</strong></span> 
     </span>
    </p>
   </div>
   <div class='ocr_carea' id='block_1_55' title="bbox 340 5234 1637 5307">
    <p class='ocr_par' dir='ltr' id='par_1_55' title="bbox 340 5234 1637 5307">
     <span class='ocr_line' id='line_1_55' title="bbox 340 5234 1637 5307; baseline -0.005 -14"><span class='ocrx_word' id='word_1_325' title='bbox 340 5239 397 5293; x_wconf 87' lang='lat' dir='ltr'><strong>ln</strong></span> <span class='ocrx_word' id='word_1_326' title='bbox 423 5238 662 5307; x_wconf 84' lang='lat' dir='ltr'><strong>linguam</strong></span> <span class='ocrx_word' id='word_1_327' title='bbox 689 5234 954 5303; x_wconf 88' lang='lat' dir='ltr'><strong>prepriam</strong></span> <span class='ocrx_word' id='word_1_328' title='bbox 982 5242 1191 5288; x_wconf 90' lang='lat' dir='ltr'><strong>vertere</strong></span> <span class='ocrx_word' id='word_1_329' title='bbox 1220 5236 1637 5303; x_wconf 78' lang='lat' dir='ltr'><strong>grammaticam.</strong></span> 
     </span>
    </p>
   </div>
   <div class='ocr_carea' id='block_1_56' title="bbox 275 5324 1652 5396">
    <p class='ocr_par' dir='ltr' id='par_1_56' title="bbox 275 5324 1652 5396">
     <span class='ocr_line' id='line_1_56' title="bbox 275 5324 1652 5396; baseline -0.002 -15"><span class='ocrx_word' id='word_1_330' title='bbox 275 5328 450 5381; x_wconf 80' lang='lat' dir='ltr'><strong>Ardua</strong></span> <span class='ocrx_word' id='word_1_331' title='bbox 474 5324 821 5396; x_wconf 85' lang='lat' dir='ltr'><strong>pbylosophis</strong></span> <span class='ocrx_word' id='word_1_332' title='bbox 846 5324 1002 5379; x_wconf 85' lang='lat' dir='ltr'><strong>etiam</strong></span> <span class='ocrx_word' id='word_1_333' title='bbox 1033 5337 1119 5377; x_wconf 89' lang='lat' dir='ltr'><strong>res</strong></span> <span class='ocrx_word' id='word_1_334' title='bbox 1145 5324 1277 5377; x_wconf 87' lang='lat' dir='ltr'><strong>haec</strong></span> <span class='ocrx_word' id='word_1_335' title='bbox 1304 5325 1457 5388; x_wconf 87' lang='lat' dir='ltr'><strong>foret,</strong></span> <span class='ocrx_word' id='word_1_336' title='bbox 1487 5331 1652 5378; x_wconf 85' lang='lat' dir='ltr'><strong>artem</strong></span> 
     </span>
    </p>
   </div>
   <div class='ocr_carea' id='block_1_57' title="bbox 341 5411 1513 5482">
    <p class='ocr_par' dir='ltr' id='par_1_57' title="bbox 341 5411 1513 5482">
     <span class='ocr_line' id='line_1_57' title="bbox 341 5411 1513 5482; baseline -0.003 -13"><span class='ocrx_word' id='word_1_337' title='bbox 341 5414 420 5470; x_wconf 83' lang='lat' dir='ltr'><strong>Ad</strong></span> <span class='ocrx_word' id='word_1_338' title='bbox 449 5416 595 5470; x_wconf 85' lang='lat' dir='ltr'><strong>hanc</strong></span> <span class='ocrx_word' id='word_1_339' title='bbox 620 5426 921 5468; x_wconf 88' lang='lat' dir='ltr'><strong>sermonem</strong></span> <span class='ocrx_word' id='word_1_340' title='bbox 948 5426 1136 5482; x_wconf 86' lang='lat' dir='ltr'><strong>cogere</strong></span> <span class='ocrx_word' id='word_1_341' title='bbox 1158 5411 1513 5467; x_wconf 87' lang='lat' dir='ltr'><strong>barbaricum.</strong></span> 
     </span>
    </p>
   </div>
   <div class='ocr_carea' id='block_1_58' title="bbox 277 5505 1508 5574">
    <p class='ocr_par' dir='ltr' id='par_1_58' title="bbox 277 5505 1508 5574">
     <span class='ocr_line' id='line_1_58' title="bbox 277 5505 1508 5574; baseline -0.006 -11"><span class='ocrx_word' id='word_1_342' title='bbox 277 5510 495 5565; x_wconf 83' lang='lat' dir='ltr'><strong>Talibus</strong></span> <span class='ocrx_word' id='word_1_343' title='bbox 523 5524 557 5563; x_wconf 91' lang='lat' dir='ltr'><strong>a</strong></span> <span class='ocrx_word' id='word_1_344' title='bbox 584 5506 778 5563; x_wconf 86' lang='lat' dir='ltr'><strong>studiis</strong></span> <span class='ocrx_word' id='word_1_345' title='bbox 802 5521 905 5560; x_wconf 89' lang='lat' dir='ltr'><strong>non</strong></span> <span class='ocrx_word' id='word_1_346' title='bbox 933 5507 1079 5574; x_wconf 87' lang='lat' dir='ltr'><strong>regni</strong></span> <span class='ocrx_word' id='word_1_347' title='bbox 1108 5505 1335 5560; x_wconf 78' lang='lat' dir='ltr'><strong>maxima</strong></span> <span class='ocrx_word' id='word_1_348' title='bbox 1363 5519 1508 5566; x_wconf 90' lang='lat' dir='ltr'><strong>cura,</strong></span> 
     </span>
    </p>
   </div>
   <div class='ocr_carea' id='block_1_59' title="bbox 343 5596 1479 5668">
    <p class='ocr_par' dir='ltr' id='par_1_59' title="bbox 343 5596 1479 5668">
     <span class='ocr_line' id='line_1_59' title="bbox 343 5596 1479 5668; baseline -0.007 -15"><span class='ocrx_word' id='word_1_349' title='bbox 343 5600 458 5655; x_wconf 85' lang='lat' dir='ltr'><strong>Non</strong></span> <span class='ocrx_word' id='word_1_350' title='bbox 484 5608 639 5654; x_wconf 89' lang='lat' dir='ltr'><strong>aetas</strong></span> <span class='ocrx_word' id='word_1_351' title='bbox 665 5596 879 5668; x_wconf 85' lang='lat' dir='ltr'><strong>gravior</strong></span> <span class='ocrx_word' id='word_1_352' title='bbox 906 5604 1013 5650; x_wconf 89' lang='lat' dir='ltr'><strong>tum</strong></span> <span class='ocrx_word' id='word_1_353' title='bbox 1046 5596 1311 5651; x_wconf 87' lang='lat' dir='ltr'><strong>revocavit</strong></span> <span class='ocrx_word' id='word_1_354' title='bbox 1336 5607 1479 5648; x_wconf 92' lang='lat' dir='ltr'><strong>eum.</strong></span> 
     </span>
    </p>
   </div>
   <div class='ocr_carea' id='block_1_60' title="bbox 281 5685 1462 5764">
    <p class='ocr_par' dir='ltr' id='par_1_60' title="bbox 281 5685 1462 5764">
     <span class='ocr_line' id='line_1_60' title="bbox 281 5685 1462 5764; baseline -0.009 -18"><span class='ocrx_word' id='word_1_355' title='bbox 281 5696 567 5764; x_wconf 68' lang='lat' dir='ltr'><strong>(Zmnpotus</strong></span> <span class='ocrx_word' id='word_1_356' title='bbox 598 5690 803 5747; x_wconf 75' lang='lat' dir='ltr'><strong>annalis</strong></span> <span class='ocrx_word' id='word_1_357' title='bbox 832 5689 993 5742; x_wconf 65' lang='grc' dir='ltr'><strong>τίν-ΓΜ</strong></span> <span class='ocrx_word' id='word_1_358' title='bbox 1030 5687 1334 5742; x_wconf 76' lang='lat' dir='ltr'><strong>notissimus</strong></span> <span class='ocrx_word' id='word_1_359' title='bbox 1369 5685 1462 5746; x_wconf 89' lang='lat' dir='ltr'><strong>illi,</strong></span> 
     </span>
    </p>
   </div>
   <div class='ocr_carea' id='block_1_61' title="bbox 1857 519 3056 591">
    <p class='ocr_par' dir='ltr' id='par_1_61' title="bbox 1857 519 3056 591">
     <span class='ocr_line' id='line_1_61' title="bbox 1857 519 3056 591; baseline 0.006 -21"><span class='ocrx_word' id='word_1_360' title='bbox 1857 520 1904 577; x_wconf 83' lang='grc' dir='ltr'><strong>Α</strong></span> <span class='ocrx_word' id='word_1_361' title='bbox 1998 519 2163 582; x_wconf 86' lang='lat' dir='ltr'><strong>Quem</strong></span> <span class='ocrx_word' id='word_1_362' title='bbox 2198 521 2488 575; x_wconf 85' lang='lat' dir='ltr'><strong>rimabatur</strong></span> <span class='ocrx_word' id='word_1_363' title='bbox 2521 532 2697 579; x_wconf 87' lang='lat' dir='ltr'><strong>mente</strong></span> <span class='ocrx_word' id='word_1_364' title='bbox 2733 526 2862 577; x_wconf 88' lang='lat' dir='ltr'><strong>satis</strong></span> <span class='ocrx_word' id='word_1_365' title='bbox 2890 525 3056 591; x_wconf 88' lang='lat' dir='ltr'><strong>vigili.</strong></span> 
     </span>
    </p>
   </div>
   <div class='ocr_carea' id='block_1_62' title="bbox 1929 608 3169 684">
    <p class='ocr_par' dir='ltr' id='par_1_62' title="bbox 1929 608 3169 684">
     <span class='ocr_line' id='line_1_62' title="bbox 1929 608 3169 684; baseline 0.006 -23"><span class='ocrx_word' id='word_1_366' title='bbox 1929 608 2169 663; x_wconf 88' lang='lat' dir='ltr'><strong>Sidereos</strong></span> <span class='ocrx_word' id='word_1_367' title='bbox 2198 619 2363 674; x_wconf 91' lang='lat' dir='ltr'><strong>ortus,</strong></span> <span class='ocrx_word' id='word_1_368' title='bbox 2394 628 2599 675; x_wconf 84' lang='lat' dir='ltr'><strong>cursus,</strong></span> <span class='ocrx_word' id='word_1_369' title='bbox 2632 616 2907 684; x_wconf 89' lang='lat' dir='ltr'><strong>obitusque</strong></span> <span class='ocrx_word' id='word_1_370' title='bbox 2934 616 3169 679; x_wconf 88' lang='lat' dir='ltr'><strong>notabat,</strong></span> 
     </span>
    </p>
   </div>
   <div class='ocr_carea' id='block_1_63' title="bbox 1996 696 2998 767">
    <p class='ocr_par' dir='ltr' id='par_1_63' title="bbox 1996 696 2998 767">
     <span class='ocr_line' id='line_1_63' title="bbox 1996 696 2998 767; baseline 0.01 -20"><span class='ocrx_word' id='word_1_371' title='bbox 1996 696 2177 751; x_wconf 81' lang='lat' dir='ltr'><strong>Nullus</strong></span> <span class='ocrx_word' id='word_1_372' title='bbox 2200 714 2319 752; x_wconf 91' lang='lat' dir='ltr'><strong>eum</strong></span> <span class='ocrx_word' id='word_1_373' title='bbox 2345 709 2567 767; x_wconf 89' lang='lat' dir='ltr'><strong>punctus</strong></span> <span class='ocrx_word' id='word_1_374' title='bbox 2599 703 2796 756; x_wconf 84' lang='lat' dir='ltr'><strong>zodiaci</strong></span> <span class='ocrx_word' id='word_1_375' title='bbox 2825 704 2998 757; x_wconf 87' lang='lat' dir='ltr'><strong>latuit.</strong></span> 
     </span>
    </p>
   </div>
   <div class='ocr_carea' id='block_1_64' title="bbox 1928 785 3328 863">
    <p class='ocr_par' dir='ltr' id='par_1_64' title="bbox 1928 785 3328 863">
     <span class='ocr_line' id='line_1_64' title="bbox 1928 785 3328 863; baseline 0.009 -26"><span class='ocrx_word' id='word_1_376' title='bbox 1928 785 1994 837; x_wconf 86' lang='lat' dir='ltr'><strong>Et</strong></span> <span class='ocrx_word' id='word_1_377' title='bbox 2018 788 2186 840; x_wconf 88' lang='lat' dir='ltr'><strong>ventis</strong></span> <span class='ocrx_word' id='word_1_378' title='bbox 2211 788 2293 842; x_wconf 90' lang='lat' dir='ltr'><strong>bis</strong></span> <span class='ocrx_word' id='word_1_379' title='bbox 2320 804 2410 843; x_wconf 84' lang='lat' dir='ltr'><strong>sex</strong></span> <span class='ocrx_word' id='word_1_380' title='bbox 2427 790 2657 844; x_wconf 88' lang='lat' dir='ltr'><strong>.totidem</strong></span> <span class='ocrx_word' id='word_1_381' title='bbox 2687 807 2895 859; x_wconf 88' lang='lat' dir='ltr'><strong>quoque</strong></span> <span class='ocrx_word' id='word_1_382' title='bbox 2924 794 3201 849; x_wconf 86' lang='lat' dir='ltr'><strong>mensibus</strong></span> <span class='ocrx_word' id='word_1_383' title='bbox 3218 794 3328 863; x_wconf 87' lang='lat' dir='ltr'><strong>ipse</strong></span> 
     </span>
    </p>
   </div>
   <div class='ocr_carea' id='block_1_65' title="bbox 1994 873 3099 955">
    <p class='ocr_par' dir='ltr' id='par_1_65' title="bbox 1994 873 3099 955">
     <span class='ocr_line' id='line_1_65' title="bbox 1994 873 3099 955; baseline 0.009 -29"><span class='ocrx_word' id='word_1_384' title='bbox 1994 873 2317 930; x_wconf 85' lang='lat' dir='ltr'><strong>Francorum</strong></span> <span class='ocrx_word' id='word_1_385' title='bbox 2345 877 2519 947; x_wconf 83' lang='lat' dir='ltr'><strong>lingua</strong></span> <span class='ocrx_word' id='word_1_386' title='bbox 2550 881 2756 955; x_wconf 84' lang='lat' dir='ltr'><strong>nomina</strong></span> <span class='ocrx_word' id='word_1_387' title='bbox 2785 882 3099 950; x_wconf 79' lang='lat' dir='ltr'><strong>Composuit.</strong></span> 
     </span>
    </p>
   </div>
   <div class='ocr_carea' id='block_1_66' title="bbox 1925 962 3075 1034">
    <p class='ocr_par' dir='ltr' id='par_1_66' title="bbox 1925 962 3075 1034">
     <span class='ocr_line' id='line_1_66' title="bbox 1925 962 3075 1034; baseline 0.008 -19"><span class='ocrx_word' id='word_1_388' title='bbox 1925 962 2000 1015; x_wconf 93' lang='lat' dir='ltr'><strong>llli</strong></span> <span class='ocrx_word' id='word_1_389' title='bbox 2028 979 2253 1031; x_wconf 88' lang='lat' dir='ltr'><strong>namque</strong></span> <span class='ocrx_word' id='word_1_390' title='bbox 2279 967 2425 1034; x_wconf 88' lang='lat' dir='ltr'><strong>prius</strong></span> <span class='ocrx_word' id='word_1_391' title='bbox 2455 982 2663 1022; x_wconf 89' lang='lat' dir='ltr'><strong>menses</strong></span> <span class='ocrx_word' id='word_1_392' title='bbox 2689 968 2869 1023; x_wconf 84' lang='lat' dir='ltr'><strong>dixere</strong></span> <span class='ocrx_word' id='word_1_393' title='bbox 2896 971 3075 1025; x_wconf 88' lang='lat' dir='ltr'><strong>latinis</strong></span> 
     </span>
    </p>
   </div>
   <div class='ocr_carea' id='block_1_67' title="bbox 1994 1051 3187 1127">
    <p class='ocr_par' dir='ltr' id='par_1_67' title="bbox 1994 1051 3187 1127">
     <span class='ocr_line' id='line_1_67' title="bbox 1994 1051 3187 1127; baseline 0.009 -24"><span class='ocrx_word' id='word_1_394' title='bbox 1994 1051 2059 1103; x_wconf 87' lang='lat' dir='ltr'><strong>Et</strong></span> <span class='ocrx_word' id='word_1_395' title='bbox 2083 1053 2277 1119; x_wconf 91' lang='lat' dir='ltr'><strong>partim</strong></span> <span class='ocrx_word' id='word_1_396' title='bbox 2302 1054 2507 1122; x_wconf 80' lang='lat' dir='ltr'><strong>linguae</strong></span> <span class='ocrx_word' id='word_1_397' title='bbox 2534 1056 2832 1111; x_wconf 89' lang='lat' dir='ltr'><strong>nominibus</strong></span> <span class='ocrx_word' id='word_1_398' title='bbox 2853 1061 3128 1127; x_wconf 88' lang='lat' dir='ltr'><strong>propriae;</strong></span> <span class='ocrx_word' id='word_1_399' title='bbox 3182 1102 3187 1106; x_wconf 81' lang='lat'><strong>.</strong></span> 
     </span>
    </p>
   </div>
   <div class='ocr_carea' id='block_1_68' title="bbox 1924 1141 3143 1213">
    <p class='ocr_par' dir='ltr' id='par_1_68' title="bbox 1924 1141 3143 1213">
     <span class='ocr_line' id='line_1_68' title="bbox 1924 1141 3143 1213; baseline 0.009 -21"><span class='ocrx_word' id='word_1_400' title='bbox 1924 1141 2209 1195; x_wconf 79' lang='lat' dir='ltr'><strong>Ventorum</strong></span> <span class='ocrx_word' id='word_1_401' title='bbox 2239 1161 2365 1198; x_wconf 87' lang='lat' dir='ltr'><strong>vero</strong></span> <span class='ocrx_word' id='word_1_402' title='bbox 2391 1146 2627 1213; x_wconf 86' lang='lat' dir='ltr'><strong>proferre</strong></span> <span class='ocrx_word' id='word_1_403' title='bbox 2654 1149 2909 1201; x_wconf 85' lang='lat' dir='ltr'><strong>vocabula</strong></span> <span class='ocrx_word' id='word_1_404' title='bbox 2937 1158 3143 1203; x_wconf 86' lang='lat' dir='ltr'><strong>tantum</strong></span> 
     </span>
    </p>
   </div>
   <div class='ocr_carea' id='block_1_69' title="bbox 1994 1228 3021 1304">
    <p class='ocr_par' dir='ltr' id='par_1_69' title="bbox 1994 1228 3021 1304">
     <span class='ocr_line' id='line_1_69' title="bbox 1994 1228 3021 1304; baseline 0.006 -19"><span class='ocrx_word' id='word_1_405' title='bbox 1994 1233 2192 1287; x_wconf 86' lang='lat' dir='ltr'><strong>Norant</strong></span> <span class='ocrx_word' id='word_1_406' title='bbox 2227 1236 2434 1304; x_wconf 89' lang='lat' dir='ltr'><strong>eloquio</strong></span> <span class='ocrx_word' id='word_1_407' title='bbox 2469 1244 2718 1304; x_wconf 84' lang='lat' dir='ltr'><strong>quattuor</strong></span> <span class='ocrx_word' id='word_1_408' title='bbox 2751 1228 2873 1291; x_wconf 83' lang='lat' dir='ltr'><strong>ante</strong></span> <span class='ocrx_word' id='word_1_409' title='bbox 2908 1254 3021 1293; x_wconf 90' lang='lat' dir='ltr'><strong>suo.</strong></span> 
     </span>
    </p>
   </div>
   <div class='ocr_carea' id='block_1_70' title="bbox 1926 1321 3293 1392">
    <p class='ocr_par' dir='ltr' id='par_1_70' title="bbox 1926 1321 3293 1392">
     <span class='ocr_line' id='line_1_70' title="bbox 1926 1321 3293 1392; baseline 0.007 -19"><span class='ocrx_word' id='word_1_410' title='bbox 1926 1321 2105 1375; x_wconf 70' lang='lat' dir='ltr'><strong>Nonne.</strong></span> <span class='ocrx_word' id='word_1_411' title='bbox 2130 1324 2312 1376; x_wconf 76' lang='lat' dir='ltr'><strong>videns</strong></span> <span class='ocrx_word' id='word_1_412' title='bbox 2342 1332 2595 1391; x_wconf 87' lang='lat' dir='ltr'><strong>quantum</strong></span> <span class='ocrx_word' id='word_1_413' title='bbox 2622 1325 2825 1378; x_wconf 91' lang='lat' dir='ltr'><strong>sudarit</strong></span> <span class='ocrx_word' id='word_1_414' title='bbox 2851 1326 2903 1378; x_wconf 92' lang='lat' dir='ltr'><strong>in</strong></span> <span class='ocrx_word' id='word_1_415' title='bbox 2927 1327 3131 1384; x_wconf 83' lang='lat' dir='ltr'><strong>artibus</strong></span> <span class='ocrx_word' id='word_1_416' title='bbox 3157 1327 3293 1392; x_wconf 83' lang='lat' dir='ltr'><strong>istis,</strong></span> 
     </span>
    </p>
   </div>
   <div class='ocr_carea' id='block_1_71' title="bbox 1992 1398 3149 1484">
    <p class='ocr_par' dir='ltr' id='par_1_71' title="bbox 1992 1398 3149 1484">
     <span class='ocr_line' id='line_1_71' title="bbox 1992 1398 3149 1484; baseline 0.006 -22"><span class='ocrx_word' id='word_1_417' title='bbox 1992 1398 2193 1464; x_wconf 76' lang='lat' dir='ltr'><strong>Proelia</strong></span> <span class='ocrx_word' id='word_1_418' title='bbox 2223 1413 2305 1464; x_wconf 81' lang='lat' dir='ltr'><strong>vix</strong></span> <span class='ocrx_word' id='word_1_419' title='bbox 2338 1413 2404 1466; x_wconf 87' lang='lat' dir='ltr'><strong>ab</strong></span> <span class='ocrx_word' id='word_1_420' title='bbox 2431 1428 2494 1466; x_wconf 91' lang='lat' dir='ltr'><strong>eo</strong></span> <span class='ocrx_word' id='word_1_421' title='bbox 2520 1414 2786 1481; x_wconf 87' lang='lat' dir='ltr'><strong>quaelibet</strong></span> <span class='ocrx_word' id='word_1_422' title='bbox 2812 1403 2928 1469; x_wconf 87' lang='lat' dir='ltr'><strong>acta</strong></span> <span class='ocrx_word' id='word_1_423' title='bbox 2954 1417 3149 1484; x_wconf 79' lang='lat' dir='ltr'><strong>putes?</strong></span> 
     </span>
    </p>
   </div>
   <div class='ocr_carea' id='block_1_72' title="bbox 1924 1500 3262 1573">
    <p class='ocr_par' dir='ltr' id='par_1_72' title="bbox 1924 1500 3262 1573">
     <span class='ocr_line' id='line_1_72' title="bbox 1924 1500 3262 1573; baseline 0.004 -21"><span class='ocrx_word' id='word_1_424' title='bbox 1924 1501 2124 1552; x_wconf 67' lang='lat' dir='ltr'><strong>Rursus</strong></span> <span class='ocrx_word' id='word_1_425' title='bbox 2156 1500 2200 1552; x_wconf 91' lang='lat' dir='ltr'><strong>si</strong></span> <span class='ocrx_word' id='word_1_426' title='bbox 2230 1514 2476 1553; x_wconf 88' lang='lat' dir='ltr'><strong>numeres</strong></span> <span class='ocrx_word' id='word_1_427' title='bbox 2500 1502 2734 1573; x_wconf 87' lang='lat' dir='ltr'><strong>eiusdem</strong></span> <span class='ocrx_word' id='word_1_428' title='bbox 2760 1502 2916 1568; x_wconf 84' lang='lat' dir='ltr'><strong>bella,</strong></span> <span class='ocrx_word' id='word_1_429' title='bbox 2946 1504 3262 1573; x_wconf 83' lang='lat' dir='ltr'><strong>triumphos,</strong></span> 
     </span>
    </p>
   </div>
   <div class='ocr_carea' id='block_1_73' title="bbox 1989 1577 3083 1661">
    <p class='ocr_par' dir='ltr' id='par_1_73' title="bbox 1989 1577 3083 1661">
     <span class='ocr_line' id='line_1_73' title="bbox 1989 1577 3083 1661; baseline 0.005 -21"><span class='ocrx_word' id='word_1_430' title='bbox 1989 1587 2163 1642; x_wconf 86' lang='lat' dir='ltr'><strong>Armis</strong></span> <span class='ocrx_word' id='word_1_431' title='bbox 2192 1596 2272 1642; x_wconf 90' lang='lat' dir='ltr'><strong>tot</strong></span> <span class='ocrx_word' id='word_1_432' title='bbox 2300 1603 2460 1658; x_wconf 88' lang='lat' dir='ltr'><strong>regna</strong></span> <span class='ocrx_word' id='word_1_433' title='bbox 2485 1577 2714 1654; x_wconf 80' lang='lat' dir='ltr'><strong>subdita,</strong></span> <span class='ocrx_word' id='word_1_434' title='bbox 2744 1598 2821 1644; x_wconf 89' lang='lat' dir='ltr'><strong>tot</strong></span> <span class='ocrx_word' id='word_1_435' title='bbox 2843 1592 3083 1661; x_wconf 85' lang='lat' dir='ltr'><strong>populos,</strong></span> 
     </span>
    </p>
   </div>
   <div class='ocr_carea' id='block_1_74' title="bbox 1923 1674 3113 1751">
    <p class='ocr_par' dir='ltr' id='par_1_74' title="bbox 1923 1674 3113 1751">
     <span class='ocr_line' id='line_1_74' title="bbox 1923 1674 3113 1751; baseline 0.005 -22"><span class='ocrx_word' id='word_1_436' title='bbox 1923 1674 2041 1729; x_wconf 90' lang='lat' dir='ltr'><strong>Otia</strong></span> <span class='ocrx_word' id='word_1_437' title='bbox 2074 1677 2306 1739; x_wconf 84' lang='lat' dir='ltr'><strong>mireris,</strong></span> <span class='ocrx_word' id='word_1_438' title='bbox 2336 1678 2547 1745; x_wconf 89' lang='lat' dir='ltr'><strong>quando</strong></span> <span class='ocrx_word' id='word_1_439' title='bbox 2574 1678 2657 1732; x_wconf 88' lang='lat' dir='ltr'><strong>vel</strong></span> <span class='ocrx_word' id='word_1_440' title='bbox 2688 1695 2848 1748; x_wconf 87' lang='lat' dir='ltr'><strong>parva</strong></span> <span class='ocrx_word' id='word_1_441' title='bbox 2879 1680 3113 1751; x_wconf 88' lang='lat' dir='ltr'><strong>legendi,</strong></span> 
     </span>
    </p>
   </div>
   <div class='ocr_carea' id='block_1_75' title="bbox 1997 1767 3119 1838">
    <p class='ocr_par' dir='ltr' id='par_1_75' title="bbox 1997 1767 3119 1838">
     <span class='ocr_line' id='line_1_75' title="bbox 1997 1767 3119 1838; baseline 0.001 -17"><span class='ocrx_word' id='word_1_442' title='bbox 1997 1767 2089 1821; x_wconf 88' lang='lat' dir='ltr'><strong>Vel</strong></span> <span class='ocrx_word' id='word_1_443' title='bbox 2116 1767 2241 1833; x_wconf 89' lang='lat' dir='ltr'><strong>quid</strong></span> <span class='ocrx_word' id='word_1_444' title='bbox 2270 1767 2502 1821; x_wconf 89' lang='lat' dir='ltr'><strong>discendi</strong></span> <span class='ocrx_word' id='word_1_445' title='bbox 2532 1768 2813 1836; x_wconf 78' lang='lat' dir='ltr'><strong>contigerit</strong></span> <span class='ocrx_word' id='word_1_446' title='bbox 2840 1771 3119 1838; x_wconf 84' lang='lat' dir='ltr'><strong>spacium?</strong></span> 
     </span>
    </p>
   </div>
   <div class='ocr_carea' id='block_1_76' title="bbox 1925 1854 3144 1923">
    <p class='ocr_par' dir='ltr' id='par_1_76' title="bbox 1925 1854 3144 1923">
     <span class='ocr_line' id='line_1_76' title="bbox 1925 1854 3144 1923; baseline 0.003 -15"><span class='ocrx_word' id='word_1_447' title='bbox 1925 1854 2054 1908; x_wconf 87' lang='lat' dir='ltr'><strong>Cum</strong></span> <span class='ocrx_word' id='word_1_448' title='bbox 2087 1855 2263 1922; x_wconf 89' lang='lat' dir='ltr'><strong>operis</strong></span> <span class='ocrx_word' id='word_1_449' title='bbox 2296 1854 2474 1908; x_wconf 69' lang='lat' dir='ltr'><strong>differs</strong></span> <span class='ocrx_word' id='word_1_450' title='bbox 2509 1856 2665 1911; x_wconf 90' lang='lat' dir='ltr'><strong>huius</strong></span> <span class='ocrx_word' id='word_1_451' title='bbox 2700 1856 2855 1911; x_wconf 80' lang='lat' dir='ltr'><strong>ﬁnire</strong></span> <span class='ocrx_word' id='word_1_452' title='bbox 2890 1857 3144 1923; x_wconf 83' lang='lat' dir='ltr'><strong>laborem,</strong></span> 
     </span>
    </p>
   </div>
   <div class='ocr_carea' id='block_1_77' title="bbox 1991 1941 3213 2012">
    <p class='ocr_par' dir='ltr' id='par_1_77' title="bbox 1991 1941 3213 2012">
     <span class='ocr_line' id='line_1_77' title="bbox 1991 1941 3213 2012; baseline 0.008 -19"><span class='ocrx_word' id='word_1_453' title='bbox 1991 1941 2121 1993; x_wconf 91' lang='lat' dir='ltr'><strong>Dum</strong></span> <span class='ocrx_word' id='word_1_454' title='bbox 2148 1942 2323 1995; x_wconf 88' lang='lat' dir='ltr'><strong>Caroli</strong></span> <span class='ocrx_word' id='word_1_455' title='bbox 2350 1944 2581 2011; x_wconf 76' lang='lat' dir='ltr'><strong>trepidas</strong></span> <span class='ocrx_word' id='word_1_456' title='bbox 2608 1946 2783 1999; x_wconf 87' lang='lat' dir='ltr'><strong>dicere</strong></span> <span class='ocrx_word' id='word_1_457' title='bbox 2811 1962 2964 2001; x_wconf 88' lang='lat' dir='ltr'><strong>mens</strong></span> <span class='ocrx_word' id='word_1_458' title='bbox 2990 1948 3213 2012; x_wconf 89' lang='lat' dir='ltr'><strong>obitum,</strong></span> 
     </span>
    </p>
   </div>
   <div class='ocr_carea' id='block_1_78' title="bbox 1925 2029 3308 2099">
    <p class='ocr_par' dir='ltr' id='par_1_78' title="bbox 1925 2029 3308 2099">
     <span class='ocr_line' id='line_1_78' title="bbox 1925 2029 3308 2099; baseline 0.005 -17"><span class='ocrx_word' id='word_1_459' title='bbox 1925 2029 2006 2097; x_wconf 67' lang='lat' dir='ltr'><strong>Sil,</strong></span> <span class='ocrx_word' id='word_1_460' title='bbox 2033 2030 2157 2083; x_wconf 91' lang='lat' dir='ltr'><strong>licet</strong></span> <span class='ocrx_word' id='word_1_461' title='bbox 2186 2030 2284 2083; x_wconf 87' lang='lat' dir='ltr'><strong>hoc</strong></span> <span class='ocrx_word' id='word_1_462' title='bbox 2314 2032 2463 2085; x_wconf 89' lang='lat' dir='ltr'><strong>nobis</strong></span> <span class='ocrx_word' id='word_1_463' title='bbox 2491 2042 2736 2095; x_wconf 88' lang='lat' dir='ltr'><strong>mestum,</strong></span> <span class='ocrx_word' id='word_1_464' title='bbox 2766 2034 2836 2087; x_wconf 92' lang='lat' dir='ltr'><strong>sit</strong></span> <span class='ocrx_word' id='word_1_465' title='bbox 2865 2034 3037 2099; x_wconf 81' lang='lat' dir='ltr'><strong>triste,</strong></span> <span class='ocrx_word' id='word_1_466' title='bbox 3064 2036 3157 2090; x_wconf 89' lang='lat' dir='ltr'><strong>sed</strong></span> <span class='ocrx_word' id='word_1_467' title='bbox 3179 2037 3308 2092; x_wconf 86' lang='lat' dir='ltr'><strong>ordo</strong></span> 
     </span>
    </p>
   </div>
   <div class='ocr_carea' id='block_1_79' title="bbox 1992 2119 3081 2187">
    <p class='ocr_par' dir='ltr' id='par_1_79' title="bbox 1992 2119 3081 2187">
     <span class='ocr_line' id='line_1_79' title="bbox 1992 2119 3081 2187; baseline 0.005 -17"><span class='ocrx_word' id='word_1_468' title='bbox 1992 2119 2184 2187; x_wconf 80' lang='lat' dir='ltr'><strong>Exigit,</strong></span> <span class='ocrx_word' id='word_1_469' title='bbox 2213 2119 2366 2187; x_wconf 88' lang='lat' dir='ltr'><strong>idque</strong></span> <span class='ocrx_word' id='word_1_470' title='bbox 2392 2121 2520 2173; x_wconf 91' lang='lat' dir='ltr'><strong>nihil</strong></span> <span class='ocrx_word' id='word_1_471' title='bbox 2548 2136 2643 2174; x_wconf 89' lang='lat' dir='ltr'><strong>nos</strong></span> <span class='ocrx_word' id='word_1_472' title='bbox 2670 2122 2892 2175; x_wconf 83' lang='lat' dir='ltr'><strong>reticere</strong></span> <span class='ocrx_word' id='word_1_473' title='bbox 2918 2124 3081 2187; x_wconf 80' lang='lat' dir='ltr'><strong>iuvat.</strong></span> 
     </span>
    </p>
   </div>
   <div class='ocr_carea' id='block_1_80' title="bbox 1924 2202 3234 2279">
    <p class='ocr_par' dir='ltr' id='par_1_80' title="bbox 1924 2202 3234 2279">
     <span class='ocr_line' id='line_1_80' title="bbox 1924 2202 3234 2279; baseline 0.008 -21"><span class='ocrx_word' id='word_1_474' title='bbox 1924 2208 2059 2272; x_wconf 89' lang='lat' dir='ltr'><strong>Quin</strong></span> <span class='ocrx_word' id='word_1_475' title='bbox 2089 2202 2263 2275; x_wconf 88' lang='lat' dir='ltr'><strong>potius</strong></span> <span class='ocrx_word' id='word_1_476' title='bbox 2288 2208 2467 2261; x_wconf 89' lang='lat' dir='ltr'><strong>dulces</strong></span> <span class='ocrx_word' id='word_1_477' title='bbox 2493 2208 2744 2263; x_wconf 89' lang='lat' dir='ltr'><strong>lacrimae</strong></span> <span class='ocrx_word' id='word_1_478' title='bbox 2771 2211 3072 2279; x_wconf 84' lang='lat' dir='ltr'><strong>lugentibus</strong></span> <span class='ocrx_word' id='word_1_479' title='bbox 3097 2228 3234 2277; x_wconf 86' lang='lat' dir='ltr'><strong>esse,</strong></span> 
     </span>
    </p>
   </div>
   <div class='ocr_carea' id='block_1_81' title="bbox 1989 2294 3117 2367">
    <p class='ocr_par' dir='ltr' id='par_1_81' title="bbox 1989 2294 3117 2367">
     <span class='ocr_line' id='line_1_81' title="bbox 1989 2294 3117 2367; baseline 0.005 -19"><span class='ocrx_word' id='word_1_480' title='bbox 1989 2294 2161 2364; x_wconf 82' lang='lat' dir='ltr'><strong>Atque</strong></span> <span class='ocrx_word' id='word_1_481' title='bbox 2191 2297 2270 2349; x_wconf 90' lang='lat' dir='ltr'><strong>sui</strong></span> <span class='ocrx_word' id='word_1_482' title='bbox 2305 2297 2533 2365; x_wconf 89' lang='lat' dir='ltr'><strong>gemitus</strong></span> <span class='ocrx_word' id='word_1_483' title='bbox 2570 2297 2687 2367; x_wconf 83' lang='lat' dir='ltr'><strong>ipsa</strong></span> <span class='ocrx_word' id='word_1_484' title='bbox 2713 2299 2928 2367; x_wconf 84' lang='lat' dir='ltr'><strong>querela</strong></span> <span class='ocrx_word' id='word_1_485' title='bbox 2966 2300 3117 2355; x_wconf 87' lang='lat' dir='ltr'><strong>solet.</strong></span> 
     </span>
    </p>
   </div>
   <div class='ocr_carea' id='block_1_82' title="bbox 1925 2384 3046 2452">
    <p class='ocr_par' dir='ltr' id='par_1_82' title="bbox 1925 2384 3046 2452">
     <span class='ocr_line' id='line_1_82' title="bbox 1925 2384 3046 2452; baseline 0.006 -16"><span class='ocrx_word' id='word_1_486' title='bbox 1925 2384 2091 2451; x_wconf 87' lang='lat' dir='ltr'><strong>ipsius</strong></span> <span class='ocrx_word' id='word_1_487' title='bbox 2120 2391 2177 2437; x_wconf 93' lang='lat' dir='ltr'><strong>ut</strong></span> <span class='ocrx_word' id='word_1_488' title='bbox 2206 2386 2349 2452; x_wconf 90' lang='lat' dir='ltr'><strong>regni</strong></span> <span class='ocrx_word' id='word_1_489' title='bbox 2380 2384 2699 2443; x_wconf 83' lang='lat' dir='ltr'><strong>ﬂludovicus</strong></span> <span class='ocrx_word' id='word_1_490' title='bbox 2727 2388 2865 2442; x_wconf 86' lang='lat' dir='ltr'><strong>filius</strong></span> <span class='ocrx_word' id='word_1_491' title='bbox 2891 2390 3046 2443; x_wconf 75' lang='lat' dir='ltr'><strong>lieres</strong></span> 
     </span>
    </p>
   </div>
   <div class='ocr_carea' id='block_1_83' title="bbox 1992 2463 3174 2543">
    <p class='ocr_par' dir='ltr' id='par_1_83' title="bbox 1992 2463 3174 2543">
     <span class='ocr_line' id='line_1_83' title="bbox 1992 2463 3174 2543; baseline 0.005 -18"><span class='ocrx_word' id='word_1_492' title='bbox 1992 2471 2056 2525; x_wconf 86' lang='lat' dir='ltr'><strong>Et</strong></span> <span class='ocrx_word' id='word_1_493' title='bbox 2086 2486 2304 2525; x_wconf 86' lang='lat' dir='ltr'><strong>consors</strong></span> <span class='ocrx_word' id='word_1_494' title='bbox 2330 2463 2520 2537; x_wconf 86' lang='lat' dir='ltr'><strong>factus,</strong></span> <span class='ocrx_word' id='word_1_495' title='bbox 2548 2484 2701 2543; x_wconf 89' lang='lat' dir='ltr'><strong>patre</strong></span> <span class='ocrx_word' id='word_1_496' title='bbox 2730 2477 2959 2541; x_wconf 85' lang='lat' dir='ltr'><strong>iubente,</strong></span> <span class='ocrx_word' id='word_1_497' title='bbox 2988 2477 3087 2531; x_wconf 90' lang='lat' dir='ltr'><strong>fuit</strong></span> <span class='ocrx_word' id='word_1_498' title='bbox 3105 2508 3174 2517; x_wconf 87' lang='lat'><strong>-——</strong></span> 
     </span>
    </p>
   </div>
   <div class='ocr_carea' id='block_1_84' title="bbox 1927 2561 3435 2635">
    <p class='ocr_par' dir='ltr' id='par_1_84' title="bbox 1927 2561 3435 2635">
     <span class='ocr_line' id='line_1_84' title="bbox 1927 2561 3435 2635; baseline 0.007 -23"><span class='ocrx_word' id='word_1_499' title='bbox 1927 2561 2160 2630; x_wconf 68' lang='lat' dir='ltr'><strong>iiamque</strong></span> <span class='ocrx_word' id='word_1_500' title='bbox 2187 2564 2328 2616; x_wconf 89' lang='lat' dir='ltr'><strong>hunc</strong></span> <span class='ocrx_word' id='word_1_501' title='bbox 2350 2563 2643 2631; x_wconf 85' lang='lat' dir='ltr'><strong>Augustum</strong></span> <span class='ocrx_word' id='word_1_502' title='bbox 2671 2575 2880 2635; x_wconf 90' lang='lat' dir='ltr'><strong>sumpto</strong></span> <span class='ocrx_word' id='word_1_503' title='bbox 2905 2566 3198 2622; x_wconf 79' lang='lat' dir='ltr'><strong>diademate</strong></span> <span class='ocrx_word' id='word_1_504' title='bbox 3223 2570 3323 2624; x_wconf 90' lang='lat' dir='ltr'><strong>diei</strong></span> <span class='ocrx_word' id='word_1_505' title='bbox 3340 2608 3354 2631; x_wconf 94' lang='lat'><strong>,</strong></span> <span class='ocrx_word' id='word_1_506' title='bbox 3431 2608 3435 2612; x_wconf 91' lang='grc'><strong><em>-</em></strong></span> 
     </span>
    </p>
   </div>
   <div class='ocr_carea' id='block_1_85' title="bbox 1994 2650 3157 2724">
    <p class='ocr_par' dir='ltr' id='par_1_85' title="bbox 1994 2650 3157 2724">
     <span class='ocr_line' id='line_1_85' title="bbox 1994 2650 3157 2724; baseline 0.003 -19"><span class='ocrx_word' id='word_1_507' title='bbox 1994 2650 2063 2705; x_wconf 87' lang='lat' dir='ltr'><strong>Ut</strong></span> <span class='ocrx_word' id='word_1_508' title='bbox 2094 2659 2299 2719; x_wconf 84' lang='lat' dir='ltr'><strong>regeret</strong></span> <span class='ocrx_word' id='word_1_509' title='bbox 2327 2662 2506 2706; x_wconf 86' lang='lat' dir='ltr'><strong>secum</strong></span> <span class='ocrx_word' id='word_1_510' title='bbox 2538 2654 3068 2724; x_wconf 81' lang='lat' dir='ltr'><strong>insseratimperium</strong></span> <span class='ocrx_word' id='word_1_511' title='bbox 3089 2685 3157 2695; x_wconf 80' lang='lat'><strong>~—</strong></span> 
     </span>
    </p>
   </div>
   <div class='ocr_carea' id='block_1_86' title="bbox 1926 2736 3214 2807">
    <p class='ocr_par' dir='ltr' id='par_1_86' title="bbox 1926 2736 3214 2807">
     <span class='ocr_line' id='line_1_86' title="bbox 1926 2736 3214 2807; baseline 0.008 -20"><span class='ocrx_word' id='word_1_512' title='bbox 1926 2736 2038 2802; x_wconf 91' lang='lat' dir='ltr'><strong>lpse</strong></span> <span class='ocrx_word' id='word_1_513' title='bbox 2063 2737 2252 2790; x_wconf 90' lang='lat' dir='ltr'><strong>dehinc</strong></span> <span class='ocrx_word' id='word_1_514' title='bbox 2284 2740 2470 2791; x_wconf 91' lang='lat' dir='ltr'><strong>morbo</strong></span> <span class='ocrx_word' id='word_1_515' title='bbox 2497 2740 2697 2806; x_wconf 88' lang='lat' dir='ltr'><strong>pariter</strong></span> <span class='ocrx_word' id='word_1_516' title='bbox 2724 2740 2960 2795; x_wconf 88' lang='lat' dir='ltr'><strong>defessus</strong></span> <span class='ocrx_word' id='word_1_517' title='bbox 2989 2749 3041 2794; x_wconf 89' lang='lat' dir='ltr'><strong>et</strong></span> <span class='ocrx_word' id='word_1_518' title='bbox 3068 2756 3214 2807; x_wconf 85' lang='lat' dir='ltr'><strong>aevo,</strong></span> 
     </span>
    </p>
   </div>
   <div class='ocr_carea' id='block_1_87' title="bbox 1991 2823 2993 2884">
    <p class='ocr_par' dir='ltr' id='par_1_87' title="bbox 1991 2823 2993 2884">
     <span class='ocr_line' id='line_1_87' title="bbox 1991 2823 2993 2884; baseline 0.007 -7"><span class='ocrx_word' id='word_1_519' title='bbox 1991 2823 2222 2879; x_wconf 86' lang='lat' dir='ltr'><strong>Alterius</strong></span> <span class='ocrx_word' id='word_1_520' title='bbox 2246 2825 2385 2879; x_wconf 88' lang='lat' dir='ltr'><strong>vitae</strong></span> <span class='ocrx_word' id='word_1_521' title='bbox 2413 2827 2581 2879; x_wconf 75' lang='lat' dir='ltr'><strong>tendit</strong></span> <span class='ocrx_word' id='word_1_522' title='bbox 2608 2829 2674 2881; x_wconf 91' lang='lat' dir='ltr'><strong>ad</strong></span> <span class='ocrx_word' id='word_1_523' title='bbox 2700 2830 2993 2884; x_wconf 88' lang='lat' dir='ltr'><strong>introitum.</strong></span> 
     </span>
    </p>
   </div>
   <div class='ocr_carea' id='block_1_88' title="bbox 1927 2915 3151 2989">
    <p class='ocr_par' dir='ltr' id='par_1_88' title="bbox 1927 2915 3151 2989">
     <span class='ocr_line' id='line_1_88' title="bbox 1927 2915 3151 2989; baseline 0.006 -20"><span class='ocrx_word' id='word_1_524' title='bbox 1927 2915 2182 2969; x_wconf 76' lang='lat' dir='ltr'><strong>Venatum</strong></span> <span class='ocrx_word' id='word_1_525' title='bbox 2210 2924 2385 2968; x_wconf 87' lang='lat' dir='ltr'><strong>tamen</strong></span> <span class='ocrx_word' id='word_1_526' title='bbox 2412 2930 2476 2969; x_wconf 76' lang='lat' dir='ltr'><strong>ex</strong></span> <span class='ocrx_word' id='word_1_527' title='bbox 2502 2916 2618 2969; x_wconf 88' lang='lat' dir='ltr'><strong>aula</strong></span> <span class='ocrx_word' id='word_1_528' title='bbox 2647 2921 2879 2985; x_wconf 73' lang='lat' dir='ltr'><strong>perrexit</strong></span> <span class='ocrx_word' id='word_1_529' title='bbox 2898 2920 3151 2989; x_wconf 84' lang='lat' dir='ltr'><strong>Aquensi,</strong></span> 
     </span>
    </p>
   </div>
   <div class='ocr_carea' id='block_1_89' title="bbox 1991 3002 3030 3073">
    <p class='ocr_par' dir='ltr' id='par_1_89' title="bbox 1991 3002 3030 3073">
     <span class='ocr_line' id='line_1_89' title="bbox 1991 3002 3030 3073; baseline 0.012 -20"><span class='ocrx_word' id='word_1_530' title='bbox 1991 3002 2241 3055; x_wconf 89' lang='lat' dir='ltr'><strong>Autumni</strong></span> <span class='ocrx_word' id='word_1_531' title='bbox 2272 3002 2420 3071; x_wconf 82' lang='lat' dir='ltr'><strong>lapso</strong></span> <span class='ocrx_word' id='word_1_532' title='bbox 2445 3011 2679 3073; x_wconf 85' lang='lat' dir='ltr'><strong>tempore</strong></span> <span class='ocrx_word' id='word_1_533' title='bbox 2709 3008 2811 3062; x_wconf 90' lang='lat' dir='ltr'><strong>iam</strong></span> <span class='ocrx_word' id='word_1_534' title='bbox 2838 3009 3030 3065; x_wconf 85' lang='lat' dir='ltr'><strong>medio.</strong></span> 
     </span>
    </p>
   </div>
   <div class='ocr_carea' id='block_1_90' title="bbox 1928 3092 3271 3168">
    <p class='ocr_par' dir='ltr' id='par_1_90' title="bbox 1928 3092 3271 3168">
     <span class='ocr_line' id='line_1_90' title="bbox 1928 3092 3271 3168; baseline 0.01 -24"><span class='ocrx_word' id='word_1_535' title='bbox 1928 3092 2059 3145; x_wconf 91' lang='lat' dir='ltr'><strong>llinc</strong></span> <span class='ocrx_word' id='word_1_536' title='bbox 2086 3094 2140 3145; x_wconf 90' lang='lat' dir='ltr'><strong>in</strong></span> <span class='ocrx_word' id='word_1_537' title='bbox 2168 3094 2486 3161; x_wconf 88' lang='lat' dir='ltr'><strong>praedictam</strong></span> <span class='ocrx_word' id='word_1_538' title='bbox 2516 3096 2724 3151; x_wconf 89' lang='lat' dir='ltr'><strong>rediens</strong></span> <span class='ocrx_word' id='word_1_539' title='bbox 2751 3114 2809 3152; x_wconf 90' lang='lat' dir='ltr'><strong>se</strong></span> <span class='ocrx_word' id='word_1_540' title='bbox 2834 3103 3057 3156; x_wconf 87' lang='lat' dir='ltr'><strong>contulit</strong></span> <span class='ocrx_word' id='word_1_541' title='bbox 3081 3104 3271 3168; x_wconf 86' lang='lat' dir='ltr'><strong>aulam,</strong></span> 
     </span>
    </p>
   </div>
   <div class='ocr_carea' id='block_1_91' title="bbox 1853 3166 3038 3254">
    <p class='ocr_par' dir='ltr' id='par_1_91' title="bbox 1853 3166 3038 3254">
     <span class='ocr_line' id='line_1_91' title="bbox 1853 3166 3038 3254; baseline 0.014 -25"><span class='ocrx_word' id='word_1_542' title='bbox 1853 3166 1898 3229; x_wconf 87' lang='lat' dir='ltr'><strong>C</strong></span> <span class='ocrx_word' id='word_1_543' title='bbox 1994 3181 2284 3251; x_wconf 88' lang='lat' dir='ltr'><strong>Disponens</strong></span> <span class='ocrx_word' id='word_1_544' title='bbox 2314 3182 2367 3236; x_wconf 91' lang='lat' dir='ltr'><strong>in</strong></span> <span class='ocrx_word' id='word_1_545' title='bbox 2396 3198 2459 3237; x_wconf 91' lang='lat' dir='ltr'><strong>eo</strong></span> <span class='ocrx_word' id='word_1_546' title='bbox 2493 3192 2616 3239; x_wconf 91' lang='lat' dir='ltr'><strong>tunc</strong></span> <span class='ocrx_word' id='word_1_547' title='bbox 2646 3186 2877 3243; x_wconf 86' lang='lat' dir='ltr'><strong>hiemare</strong></span> <span class='ocrx_word' id='word_1_548' title='bbox 2903 3190 3038 3254; x_wconf 88' lang='lat' dir='ltr'><strong>loco,</strong></span> 
     </span>
    </p>
   </div>
   <div class='ocr_carea' id='block_1_92' title="bbox 1925 3270 3119 3336">
    <p class='ocr_par' dir='ltr' id='par_1_92' title="bbox 1925 3270 3119 3336">
     <span class='ocr_line' id='line_1_92' title="bbox 1925 3270 3119 3336; baseline 0.012 -15"><span class='ocrx_word' id='word_1_549' title='bbox 1925 3270 1994 3321; x_wconf 87' lang='lat' dir='ltr'><strong>At</strong></span> <span class='ocrx_word' id='word_1_550' title='bbox 2020 3272 2217 3324; x_wconf 89' lang='lat' dir='ltr'><strong>mensis</strong></span> <span class='ocrx_word' id='word_1_551' title='bbox 2242 3272 2455 3327; x_wconf 88' lang='lat' dir='ltr'><strong>veniens</strong></span> <span class='ocrx_word' id='word_1_552' title='bbox 2480 3273 2589 3327; x_wconf 90' lang='lat' dir='ltr'><strong>lani</strong></span> <span class='ocrx_word' id='word_1_553' title='bbox 2616 3276 2681 3331; x_wconf 90' lang='lat' dir='ltr'><strong>de</strong></span> <span class='ocrx_word' id='word_1_554' title='bbox 2708 3279 2919 3333; x_wconf 89' lang='lat' dir='ltr'><strong>nomine</strong></span> <span class='ocrx_word' id='word_1_555' title='bbox 2945 3280 3119 3336; x_wconf 89' lang='lat' dir='ltr'><strong>dictus</strong></span> 
     </span>
    </p>
   </div>
   <div class='ocr_carea' id='block_1_93' title="bbox 1994 3360 3134 3439">
    <p class='ocr_par' dir='ltr' id='par_1_93' title="bbox 1994 3360 3134 3439">
     <span class='ocr_line' id='line_1_93' title="bbox 1994 3360 3134 3439; baseline 0.011 -26"><span class='ocrx_word' id='word_1_556' title='bbox 1994 3360 2219 3415; x_wconf 85' lang='lat' dir='ltr'><strong>Acrihus</strong></span> <span class='ocrx_word' id='word_1_557' title='bbox 2244 3362 2386 3417; x_wconf 87' lang='lat' dir='ltr'><strong>hunc</strong></span> <span class='ocrx_word' id='word_1_558' title='bbox 2412 3365 2586 3419; x_wconf 88' lang='lat' dir='ltr'><strong>subito</strong></span> <span class='ocrx_word' id='word_1_559' title='bbox 2611 3365 2847 3424; x_wconf 83' lang='lat' dir='ltr'><strong>febribus</strong></span> <span class='ocrx_word' id='word_1_560' title='bbox 2877 3370 3134 3439; x_wconf 88' lang='lat' dir='ltr'><strong>inplicuit.</strong></span> 
     </span>
    </p>
   </div>
   <div class='ocr_carea' id='block_1_94' title="bbox 1925 3449 3373 3528">
    <p class='ocr_par' dir='ltr' id='par_1_94' title="bbox 1925 3449 3373 3528">
     <span class='ocr_line' id='line_1_94' title="bbox 1925 3449 3373 3528; baseline 0.012 -27"><span class='ocrx_word' id='word_1_561' title='bbox 1925 3449 2297 3519; x_wconf 85' lang='lat' dir='ltr'><strong>Abstinuitque</strong></span> <span class='ocrx_word' id='word_1_562' title='bbox 2324 3453 2473 3515; x_wconf 88' lang='lat' dir='ltr'><strong>cibis,</strong></span> <span class='ocrx_word' id='word_1_563' title='bbox 2506 3456 2685 3508; x_wconf 84' lang='lat' dir='ltr'><strong>statim</strong></span> <span class='ocrx_word' id='word_1_564' title='bbox 2717 3459 2793 3511; x_wconf 90' lang='lat' dir='ltr'><strong>sic</strong></span> <span class='ocrx_word' id='word_1_565' title='bbox 2818 3459 3013 3528; x_wconf 88' lang='lat' dir='ltr'><strong>pellere</strong></span> <span class='ocrx_word' id='word_1_566' title='bbox 3041 3463 3253 3517; x_wconf 84' lang='lat' dir='ltr'><strong>merbos</strong></span> <span class='ocrx_word' id='word_1_567' title='bbox 3346 3504 3373 3525; x_wconf 59' lang='grc' dir='ltr'><strong>,ι</strong></span> 
     </span>
    </p>
   </div>
   <div class='ocr_carea' id='block_1_95' title="bbox 1994 3538 3028 3608">
    <p class='ocr_par' dir='ltr' id='par_1_95' title="bbox 1994 3538 3028 3608">
     <span class='ocr_line' id='line_1_95' title="bbox 1994 3538 3028 3608; baseline 0.011 -19"><span class='ocrx_word' id='word_1_568' title='bbox 1994 3538 2088 3590; x_wconf 88' lang='lat' dir='ltr'><strong>Vel</strong></span> <span class='ocrx_word' id='word_1_569' title='bbox 2114 3538 2286 3608; x_wconf 82' lang='lat' dir='ltr'><strong>saltim</strong></span> <span class='ocrx_word' id='word_1_570' title='bbox 2317 3540 2484 3595; x_wconf 86' lang='lat' dir='ltr'><strong>levius</strong></span> <span class='ocrx_word' id='word_1_571' title='bbox 2507 3540 2647 3597; x_wconf 88' lang='lat' dir='ltr'><strong>ferre</strong></span> <span class='ocrx_word' id='word_1_572' title='bbox 2675 3558 2798 3599; x_wconf 89' lang='lat' dir='ltr'><strong>suos</strong></span> <span class='ocrx_word' id='word_1_573' title='bbox 2825 3545 3028 3600; x_wconf 90' lang='lat' dir='ltr'><strong>solitus.</strong></span> 
     </span>
    </p>
   </div>
   <div class='ocr_carea' id='block_1_96' title="bbox 1928 3616 3299 3704">
    <p class='ocr_par' dir='ltr' id='par_1_96' title="bbox 1928 3616 3299 3704">
     <span class='ocr_line' id='line_1_96' title="bbox 1928 3616 3299 3704; baseline 0.007 -24"><span class='ocrx_word' id='word_1_574' title='bbox 1928 3616 2031 3680; x_wconf 87' lang='lat' dir='ltr'><strong>Sed</strong></span> <span class='ocrx_word' id='word_1_575' title='bbox 2059 3628 2208 3681; x_wconf 88' lang='lat' dir='ltr'><strong>dolor</strong></span> <span class='ocrx_word' id='word_1_576' title='bbox 2234 3629 2489 3684; x_wconf 89' lang='lat' dir='ltr'><strong>accedens</strong></span> <span class='ocrx_word' id='word_1_577' title='bbox 2515 3629 2715 3694; x_wconf 87' lang='lat' dir='ltr'><strong>lateris,</strong></span> <span class='ocrx_word' id='word_1_578' title='bbox 2744 3632 2849 3686; x_wconf 89' lang='lat' dir='ltr'><strong>iam</strong></span> <span class='ocrx_word' id='word_1_579' title='bbox 2880 3643 3087 3704; x_wconf 83' lang='lat' dir='ltr'><strong>tempus</strong></span> <span class='ocrx_word' id='word_1_580' title='bbox 3115 3637 3299 3690; x_wconf 84' lang='lat' dir='ltr'><strong>adesse</strong></span> 
     </span>
    </p>
   </div>
   <div class='ocr_carea' id='block_1_97' title="bbox 1992 3716 3060 3778">
    <p class='ocr_par' dir='ltr' id='par_1_97' title="bbox 1992 3716 3060 3778">
     <span class='ocr_line' id='line_1_97' title="bbox 1992 3716 3060 3778; baseline 0.007 -8"><span class='ocrx_word' id='word_1_581' title='bbox 1992 3718 2116 3772; x_wconf 88' lang='lat' dir='ltr'><strong>Eius</strong></span> <span class='ocrx_word' id='word_1_582' title='bbox 2142 3716 2390 3772; x_wconf 75' lang='lat' dir='ltr'><strong>decessus</strong></span> <span class='ocrx_word' id='word_1_583' title='bbox 2416 3718 2614 3773; x_wconf 90' lang='lat' dir='ltr'><strong>fecerat</strong></span> <span class='ocrx_word' id='word_1_584' title='bbox 2640 3722 2781 3777; x_wconf 89' lang='lat' dir='ltr'><strong>haud</strong></span> <span class='ocrx_word' id='word_1_585' title='bbox 2803 3724 3022 3778; x_wconf 88' lang='lat' dir='ltr'><strong>dubium</strong></span> <span class='ocrx_word' id='word_1_586' title='bbox 3048 3743 3060 3777; x_wconf 91' lang='lat'>:</span> 
     </span>
    </p>
   </div>
   <div class='ocr_carea' id='block_1_98' title="bbox 1925 3807 3247 3879">
    <p class='ocr_par' dir='ltr' id='par_1_98' title="bbox 1925 3807 3247 3879">
     <span class='ocr_line' id='line_1_98' title="bbox 1925 3807 3247 3879; baseline 0.007 -19"><span class='ocrx_word' id='word_1_587' title='bbox 1925 3809 2160 3879; x_wconf 79' lang='lat' dir='ltr'><strong>Cumque</strong></span> <span class='ocrx_word' id='word_1_588' title='bbox 2183 3807 2297 3861; x_wconf 90' lang='lat' dir='ltr'><strong>dies</strong></span> <span class='ocrx_word' id='word_1_589' title='bbox 2323 3821 2478 3862; x_wconf 89' lang='lat' dir='ltr'><strong>senos</strong></span> <span class='ocrx_word' id='word_1_590' title='bbox 2504 3808 2860 3873; x_wconf 89' lang='lat' dir='ltr'><strong>decumberet,</strong></span> <span class='ocrx_word' id='word_1_591' title='bbox 2888 3811 3009 3866; x_wconf 89' lang='lat' dir='ltr'><strong>inde</strong></span> <span class='ocrx_word' id='word_1_592' title='bbox 3036 3823 3247 3869; x_wconf 85' lang='lat' dir='ltr'><strong>secutus</strong></span> 
     </span>
    </p>
   </div>
   <div class='ocr_carea' id='block_1_99' title="bbox 1995 3893 3110 3962">
    <p class='ocr_par' dir='ltr' id='par_1_99' title="bbox 1995 3893 3110 3962">
     <span class='ocr_line' id='line_1_99' title="bbox 1995 3893 3110 3962; baseline 0.006 -15"><span class='ocrx_word' id='word_1_593' title='bbox 1995 3893 2261 3962; x_wconf 89' lang='lat' dir='ltr'><strong>Septimus</strong></span> <span class='ocrx_word' id='word_1_594' title='bbox 2286 3895 2411 3949; x_wconf 89' lang='lat' dir='ltr'><strong>huic</strong></span> <span class='ocrx_word' id='word_1_595' title='bbox 2435 3896 2575 3951; x_wconf 91' lang='lat' dir='ltr'><strong>vitae</strong></span> <span class='ocrx_word' id='word_1_596' title='bbox 2600 3897 2817 3952; x_wconf 89' lang='lat' dir='ltr'><strong>ultimus</strong></span> <span class='ocrx_word' id='word_1_597' title='bbox 2842 3900 3110 3954; x_wconf 85' lang='lat' dir='ltr'><strong>extiterat.</strong></span> 
     </span>
    </p>
   </div>
   <div class='ocr_carea' id='block_1_100' title="bbox 1924 3986 3202 4057">
    <p class='ocr_par' dir='ltr' id='par_1_100' title="bbox 1924 3986 3202 4057">
     <span class='ocr_line' id='line_1_100' title="bbox 1924 3986 3202 4057; baseline 0.005 -19"><span class='ocrx_word' id='word_1_598' title='bbox 1924 3986 1980 4039; x_wconf 88' lang='lat' dir='ltr'><strong>in</strong></span> <span class='ocrx_word' id='word_1_599' title='bbox 2010 4000 2113 4053; x_wconf 93' lang='lat' dir='ltr'><strong>quo</strong></span> <span class='ocrx_word' id='word_1_600' title='bbox 2137 3992 2385 4054; x_wconf 89' lang='lat' dir='ltr'><strong>percepto</strong></span> <span class='ocrx_word' id='word_1_601' title='bbox 2410 3988 2710 4041; x_wconf 88' lang='lat' dir='ltr'><strong>venerando</strong></span> <span class='ocrx_word' id='word_1_602' title='bbox 2738 4003 2961 4057; x_wconf 87' lang='lat' dir='ltr'><strong>corpore</strong></span> <span class='ocrx_word' id='word_1_603' title='bbox 2984 3989 3202 4056; x_wconf 89' lang='lat' dir='ltr'><strong>Christi,</strong></span> 
     </span>
    </p>
   </div>
   <div class='ocr_carea' id='block_1_101' title="bbox 1990 4075 2970 4143">
    <p class='ocr_par' dir='ltr' id='par_1_101' title="bbox 1990 4075 2970 4143">
     <span class='ocr_line' id='line_1_101' title="bbox 1990 4075 2970 4143; baseline 0.004 -16"><span class='ocrx_word' id='word_1_604' title='bbox 1990 4075 2215 4143; x_wconf 84' lang='lat' dir='ltr'><strong>Adiungi</strong></span> <span class='ocrx_word' id='word_1_605' title='bbox 2240 4077 2433 4129; x_wconf 89' lang='lat' dir='ltr'><strong>meruit</strong></span> <span class='ocrx_word' id='word_1_606' title='bbox 2459 4075 2662 4131; x_wconf 90' lang='lat' dir='ltr'><strong>civibus</strong></span> <span class='ocrx_word' id='word_1_607' title='bbox 2689 4077 2970 4133; x_wconf 89' lang='lat' dir='ltr'><strong>aethereis.</strong></span> 
     </span>
    </p>
   </div>
   <div class='ocr_carea' id='block_1_102' title="bbox 1925 4166 3306 4241">
    <p class='ocr_par' dir='ltr' id='par_1_102' title="bbox 1925 4166 3306 4241">
     <span class='ocr_line' id='line_1_102' title="bbox 1925 4166 3306 4241; baseline 0.005 -21"><span class='ocrx_word' id='word_1_608' title='bbox 1925 4167 1980 4220; x_wconf 89' lang='lat' dir='ltr'><strong>ln</strong></span> <span class='ocrx_word' id='word_1_609' title='bbox 2010 4167 2204 4235; x_wconf 90' lang='lat' dir='ltr'><strong>templo</strong></span> <span class='ocrx_word' id='word_1_610' title='bbox 2233 4166 2367 4221; x_wconf 91' lang='lat' dir='ltr'><strong>situs</strong></span> <span class='ocrx_word' id='word_1_611' title='bbox 2394 4173 2495 4231; x_wconf 90' lang='lat' dir='ltr'><strong>est,</strong></span> <span class='ocrx_word' id='word_1_612' title='bbox 2523 4166 2716 4222; x_wconf 88' lang='lat' dir='ltr'><strong>ibidem</strong></span> <span class='ocrx_word' id='word_1_613' title='bbox 2743 4169 2883 4236; x_wconf 90' lang='lat' dir='ltr'><strong>quod</strong></span> <span class='ocrx_word' id='word_1_614' title='bbox 2910 4171 3148 4225; x_wconf 91' lang='lat' dir='ltr'><strong>condidit</strong></span> <span class='ocrx_word' id='word_1_615' title='bbox 3174 4171 3306 4241; x_wconf 88' lang='lat' dir='ltr'><strong>ipse,</strong></span> 
     </span>
    </p>
   </div>
   <div class='ocr_carea' id='block_1_103' title="bbox 1994 4256 3067 4321">
    <p class='ocr_par' dir='ltr' id='par_1_103' title="bbox 1994 4256 3067 4321">
     <span class='ocr_line' id='line_1_103' title="bbox 1994 4256 3067 4321; baseline 0.003 -12"><span class='ocrx_word' id='word_1_616' title='bbox 1994 4256 2147 4321; x_wconf 88' lang='lat' dir='ltr'><strong>Quali</strong></span> <span class='ocrx_word' id='word_1_617' title='bbox 2176 4271 2295 4310; x_wconf 91' lang='lat' dir='ltr'><strong>cum</strong></span> <span class='ocrx_word' id='word_1_618' title='bbox 2324 4256 2469 4310; x_wconf 92' lang='lat' dir='ltr'><strong>luctu</strong></span> <span class='ocrx_word' id='word_1_619' title='bbox 2499 4271 2653 4310; x_wconf 91' lang='lat' dir='ltr'><strong>nemo</strong></span> <span class='ocrx_word' id='word_1_620' title='bbox 2679 4256 2882 4311; x_wconf 89' lang='lat' dir='ltr'><strong>referre</strong></span> <span class='ocrx_word' id='word_1_621' title='bbox 2908 4258 3067 4312; x_wconf 89' lang='lat' dir='ltr'><strong>valet.</strong></span> 
     </span>
    </p>
   </div>
   <div class='ocr_carea' id='block_1_104' title="bbox 1924 4344 3167 4413">
    <p class='ocr_par' dir='ltr' id='par_1_104' title="bbox 1924 4344 3167 4413">
     <span class='ocr_line' id='line_1_104' title="bbox 1924 4344 3167 4413; baseline 0.005 -14"><span class='ocrx_word' id='word_1_622' title='bbox 1924 4347 2048 4413; x_wconf 84' lang='lat' dir='ltr'><strong>Post</strong></span> <span class='ocrx_word' id='word_1_623' title='bbox 2073 4348 2400 4413; x_wconf 83' lang='lat' dir='ltr'><strong>octingentos</strong></span> <span class='ocrx_word' id='word_1_624' title='bbox 2426 4344 2625 4401; x_wconf 89' lang='lat' dir='ltr'><strong>Christi</strong></span> <span class='ocrx_word' id='word_1_625' title='bbox 2657 4349 2923 4402; x_wconf 90' lang='lat' dir='ltr'><strong>nascentis</strong></span> <span class='ocrx_word' id='word_1_626' title='bbox 2950 4349 3017 4403; x_wconf 87' lang='lat' dir='ltr'><strong>ab</strong></span> <span class='ocrx_word' id='word_1_627' title='bbox 3044 4359 3167 4405; x_wconf 91' lang='lat' dir='ltr'><strong>ortu</strong></span> 
     </span>
    </p>
   </div>
   <div class='ocr_carea' id='block_1_105' title="bbox 1994 4436 3100 4514">
    <p class='ocr_par' dir='ltr' id='par_1_105' title="bbox 1994 4436 3100 4514">
     <span class='ocr_line' id='line_1_105' title="bbox 1994 4436 3100 4514; baseline 0.004 -24"><span class='ocrx_word' id='word_1_628' title='bbox 1994 4436 2090 4492; x_wconf 87' lang='lat' dir='ltr'><strong>llic</strong></span> <span class='ocrx_word' id='word_1_629' title='bbox 2118 4452 2285 4490; x_wconf 90' lang='lat' dir='ltr'><strong>annus</strong></span> <span class='ocrx_word' id='word_1_630' title='bbox 2310 4445 2531 4506; x_wconf 88' lang='lat' dir='ltr'><strong>quartus</strong></span> <span class='ocrx_word' id='word_1_631' title='bbox 2558 4437 2730 4491; x_wconf 80' lang='lat' dir='ltr'><strong>extitit</strong></span> <span class='ocrx_word' id='word_1_632' title='bbox 2758 4446 2811 4491; x_wconf 91' lang='lat' dir='ltr'><strong>et</strong></span> <span class='ocrx_word' id='word_1_633' title='bbox 2835 4438 3100 4514; x_wconf 86' lang='lat' dir='ltr'><strong>decimus;</strong></span> 
     </span>
    </p>
   </div>
   <div class='ocr_carea' id='block_1_106' title="bbox 1852 4500 3147 4607">
    <p class='ocr_par' dir='ltr' id='par_1_106' title="bbox 1852 4500 3147 4607">
     <span class='ocr_line' id='line_1_106' title="bbox 1852 4500 3147 4607; baseline 0.004 -28"><span class='ocrx_word' id='word_1_634' title='bbox 1852 4500 1900 4556; x_wconf 75' lang='grc' dir='ltr'><strong>θ</strong></span> <span class='ocrx_word' id='word_1_635' title='bbox 1926 4526 2039 4594; x_wconf 84' lang='lat' dir='ltr'><strong>ipse</strong></span> <span class='ocrx_word' id='word_1_636' title='bbox 2066 4525 2150 4579; x_wconf 90' lang='lat' dir='ltr'><strong>die</strong></span> <span class='ocrx_word' id='word_1_637' title='bbox 2175 4500 2358 4593; x_wconf 76' lang='lat' dir='ltr'><strong>quinta</strong></span> <span class='ocrx_word' id='word_1_638' title='bbox 2385 4526 2683 4579; x_wconf 87' lang='lat' dir='ltr'><strong>decesserat</strong></span> <span class='ocrx_word' id='word_1_639' title='bbox 2709 4536 2832 4580; x_wconf 91' lang='lat' dir='ltr'><strong>ante</strong></span> <span class='ocrx_word' id='word_1_640' title='bbox 2857 4500 3119 4607; x_wconf 78' lang='lat' dir='ltr'><strong>Kalendas</strong></span> <span class='ocrx_word' id='word_1_641' title='bbox 3146 4586 3147 4589; x_wconf 35' lang='grc' dir='ltr'><strong>η</strong></span> 
     </span>
    </p>
   </div>
   <div class='ocr_carea' id='block_1_107' title="bbox 1998 4613 3211 4683">
    <p class='ocr_par' dir='ltr' id='par_1_107' title="bbox 1998 4613 3211 4683">
     <span class='ocr_line' id='line_1_107' title="bbox 1998 4613 3211 4683; baseline 0.002 -14"><span class='ocrx_word' id='word_1_642' title='bbox 1998 4614 2210 4678; x_wconf 84' lang='lat' dir='ltr'><strong>Mensis,</strong></span> <span class='ocrx_word' id='word_1_643' title='bbox 2237 4629 2341 4683; x_wconf 90' lang='lat' dir='ltr'><strong>quo</strong></span> <span class='ocrx_word' id='word_1_644' title='bbox 2368 4613 2535 4667; x_wconf 86' lang='lat' dir='ltr'><strong>Numa</strong></span> <span class='ocrx_word' id='word_1_645' title='bbox 2564 4628 2658 4667; x_wconf 80' lang='lat' dir='ltr'><strong>rex</strong></span> <span class='ocrx_word' id='word_1_646' title='bbox 2683 4614 2891 4671; x_wconf 87' lang='lat' dir='ltr'><strong>Februa</strong></span> <span class='ocrx_word' id='word_1_647' title='bbox 2920 4618 3211 4673; x_wconf 88' lang='lat' dir='ltr'><strong>constituit.</strong></span> 
     </span>
    </p>
   </div>
   <div class='ocr_carea' id='block_1_108' title="bbox 1928 4701 3219 4774">
    <p class='ocr_par' dir='ltr' id='par_1_108' title="bbox 1928 4701 3219 4774">
     <span class='ocr_line' id='line_1_108' title="bbox 1928 4701 3219 4774; baseline 0.003 -16"><span class='ocrx_word' id='word_1_648' title='bbox 1928 4704 2086 4758; x_wconf 77' lang='lat' dir='ltr'><strong>Multa</strong></span> <span class='ocrx_word' id='word_1_649' title='bbox 2116 4704 2515 4771; x_wconf 87' lang='lat' dir='ltr'><strong>propinquantis</strong></span> <span class='ocrx_word' id='word_1_650' title='bbox 2543 4701 2749 4757; x_wconf 86' lang='lat' dir='ltr'><strong>fuerant</strong></span> <span class='ocrx_word' id='word_1_651' title='bbox 2782 4707 3052 4774; x_wconf 81' lang='lat' dir='ltr'><strong>praesagia</strong></span> <span class='ocrx_word' id='word_1_652' title='bbox 3082 4706 3219 4769; x_wconf 78' lang='lat' dir='ltr'><strong>ﬁnis,</strong></span> 
     </span>
    </p>
   </div>
   <div class='ocr_carea' id='block_1_109' title="bbox 1994 4791 3014 4865">
    <p class='ocr_par' dir='ltr' id='par_1_109' title="bbox 1994 4791 3014 4865">
     <span class='ocr_line' id='line_1_109' title="bbox 1994 4791 3014 4865; baseline 0.001 -19"><span class='ocrx_word' id='word_1_653' title='bbox 1994 4793 2165 4861; x_wconf 85' lang='lat' dir='ltr'><strong>Atque</strong></span> <span class='ocrx_word' id='word_1_654' title='bbox 2195 4791 2269 4845; x_wconf 88' lang='lat' dir='ltr'><strong>rei</strong></span> <span class='ocrx_word' id='word_1_655' title='bbox 2299 4799 2477 4846; x_wconf 87' lang='lat' dir='ltr'><strong>tantae</strong></span> <span class='ocrx_word' id='word_1_656' title='bbox 2504 4807 2734 4861; x_wconf 87' lang='lat' dir='ltr'><strong>congrua</strong></span> <span class='ocrx_word' id='word_1_657' title='bbox 2759 4793 3014 4865; x_wconf 86' lang='lat' dir='ltr'><strong>prodigia.</strong></span> 
     </span>
    </p>
   </div>
   <div class='ocr_carea' id='block_1_110' title="bbox 1929 4879 3155 4953">
    <p class='ocr_par' dir='ltr' id='par_1_110' title="bbox 1929 4879 3155 4953">
     <span class='ocr_line' id='line_1_110' title="bbox 1929 4879 3155 4953; baseline 0.005 -19"><span class='ocrx_word' id='word_1_658' title='bbox 1929 4882 2161 4950; x_wconf 90' lang='lat' dir='ltr'><strong>Denique</strong></span> <span class='ocrx_word' id='word_1_659' title='bbox 2187 4879 2421 4936; x_wconf 89' lang='lat' dir='ltr'><strong>defectus</strong></span> <span class='ocrx_word' id='word_1_660' title='bbox 2447 4881 2573 4935; x_wconf 88' lang='lat' dir='ltr'><strong>solis</strong></span> <span class='ocrx_word' id='word_1_661' title='bbox 2601 4881 2827 4951; x_wconf 89' lang='lat' dir='ltr'><strong>luneqne</strong></span> <span class='ocrx_word' id='word_1_662' title='bbox 2852 4882 3155 4953; x_wconf 89' lang='lat' dir='ltr'><strong>frequenter</strong></span> 
     </span>
    </p>
   </div>
   <div class='ocr_carea' id='block_1_111' title="bbox 1995 4955 3060 5037">
    <p class='ocr_par' dir='ltr' id='par_1_111' title="bbox 1995 4955 3060 5037">
     <span class='ocr_line' id='line_1_111' title="bbox 1995 4955 3060 5037; baseline 0 -14"><span class='ocrx_word' id='word_1_663' title='bbox 1995 4970 2162 5024; x_wconf 81' lang='lat' dir='ltr'><strong>Annis</strong></span> <span class='ocrx_word' id='word_1_664' title='bbox 2187 4970 2449 5024; x_wconf 89' lang='lat' dir='ltr'><strong>continuis</strong></span> <span class='ocrx_word' id='word_1_665' title='bbox 2477 4955 2698 5037; x_wconf 80' lang='lat' dir='ltr'><strong>contigit</strong></span> <span class='ocrx_word' id='word_1_666' title='bbox 2725 4978 2846 5023; x_wconf 87' lang='lat' dir='ltr'><strong>ante</strong></span> <span class='ocrx_word' id='word_1_667' title='bbox 2872 4970 3060 5025; x_wconf 90' lang='lat' dir='ltr'><strong>tribus.</strong></span> 
     </span>
    </p>
   </div>
   <div class='ocr_carea' id='block_1_112' title="bbox 1930 5046 3013 5129">
    <p class='ocr_par' dir='ltr' id='par_1_112' title="bbox 1930 5046 3013 5129">
     <span class='ocr_line' id='line_1_112' title="bbox 1930 5046 3013 5129; baseline -0.001 -15"><span class='ocrx_word' id='word_1_668' title='bbox 1930 5058 2170 5129; x_wconf 89' lang='lat' dir='ltr'><strong>Septenis</strong></span> <span class='ocrx_word' id='word_1_669' title='bbox 2196 5063 2312 5111; x_wconf 90' lang='lat' dir='ltr'><strong>ater</strong></span> <span class='ocrx_word' id='word_1_670' title='bbox 2337 5056 2479 5111; x_wconf 92' lang='lat' dir='ltr'><strong>color</strong></span> <span class='ocrx_word' id='word_1_671' title='bbox 2503 5064 2582 5111; x_wconf 89' lang='lat' dir='ltr'><strong>est</strong></span> <span class='ocrx_word' id='word_1_672' title='bbox 2610 5058 2664 5110; x_wconf 89' lang='lat' dir='ltr'><strong>in</strong></span> <span class='ocrx_word' id='word_1_673' title='bbox 2690 5057 2801 5111; x_wconf 88' lang='lat' dir='ltr'><strong>sole</strong></span> <span class='ocrx_word' id='word_1_674' title='bbox 2828 5046 3013 5113; x_wconf 84' lang='lat' dir='ltr'><strong>diebus</strong></span> 
     </span>
    </p>
   </div>
   <div class='ocr_carea' id='block_1_113' title="bbox 1998 5144 3132 5213">
    <p class='ocr_par' dir='ltr' id='par_1_113' title="bbox 1998 5144 3132 5213">
     <span class='ocr_line' id='line_1_113' title="bbox 1998 5144 3132 5213; baseline 0 -11"><span class='ocrx_word' id='word_1_675' title='bbox 1998 5149 2153 5202; x_wconf 89' lang='lat' dir='ltr'><strong>Visus</strong></span> <span class='ocrx_word' id='word_1_676' title='bbox 2181 5146 2471 5213; x_wconf 82' lang='lat' dir='ltr'><strong>lucigenam</strong></span> <span class='ocrx_word' id='word_1_677' title='bbox 2498 5144 2887 5208; x_wconf 84' lang='lat' dir='ltr'><strong>commaculans</strong></span> <span class='ocrx_word' id='word_1_678' title='bbox 2913 5145 3132 5211; x_wconf 85' lang='lat' dir='ltr'><strong>faciem;</strong></span> 
     </span>
    </p>
   </div>
   <div class='ocr_carea' id='block_1_114' title="bbox 1930 5233 3176 5303">
    <p class='ocr_par' dir='ltr' id='par_1_114' title="bbox 1930 5233 3176 5303">
     <span class='ocr_line' id='line_1_114' title="bbox 1930 5233 3176 5303; baseline -0.001 -12"><span class='ocrx_word' id='word_1_679' title='bbox 1930 5236 2170 5294; x_wconf 82' lang='lat' dir='ltr'><strong>Porticus</strong></span> <span class='ocrx_word' id='word_1_680' title='bbox 2195 5237 2481 5290; x_wconf 88' lang='lat' dir='ltr'><strong>immensae</strong></span> <span class='ocrx_word' id='word_1_681' title='bbox 2508 5234 2661 5287; x_wconf 89' lang='lat' dir='ltr'><strong>molis</strong></span> <span class='ocrx_word' id='word_1_682' title='bbox 2685 5233 2933 5303; x_wconf 86' lang='lat' dir='ltr'><strong>collapsa,</strong></span> <span class='ocrx_word' id='word_1_683' title='bbox 2960 5242 3176 5303; x_wconf 84' lang='lat' dir='ltr'><strong>repente</strong></span> 
     </span>
    </p>
   </div>
   <div class='ocr_carea' id='block_1_115' title="bbox 1998 5320 3105 5388">
    <p class='ocr_par' dir='ltr' id='par_1_115' title="bbox 1998 5320 3105 5388">
     <span class='ocr_line' id='line_1_115' title="bbox 1998 5320 3105 5388; baseline -0.004 -9"><span class='ocrx_word' id='word_1_684' title='bbox 1998 5325 2163 5379; x_wconf 83' lang='lat' dir='ltr'><strong>Aulae</strong></span> <span class='ocrx_word' id='word_1_685' title='bbox 2190 5324 2295 5377; x_wconf 82' lang='lat' dir='ltr'><strong>iam</strong></span> <span class='ocrx_word' id='word_1_686' title='bbox 2321 5323 2490 5376; x_wconf 89' lang='lat' dir='ltr'><strong>dictae</strong></span> <span class='ocrx_word' id='word_1_687' title='bbox 2518 5335 2673 5375; x_wconf 87' lang='lat' dir='ltr'><strong>omne</strong></span> <span class='ocrx_word' id='word_1_688' title='bbox 2700 5321 2859 5375; x_wconf 83' lang='lat' dir='ltr'><strong>decus</strong></span> <span class='ocrx_word' id='word_1_689' title='bbox 2885 5320 3105 5388; x_wconf 85' lang='lat' dir='ltr'><strong>minuit;</strong></span> 
     </span>
    </p>
   </div>
   <div class='ocr_carea' id='block_1_116' title="bbox 1922 5407 3421 5481">
    <p class='ocr_par' dir='ltr' id='par_1_116' title="bbox 1922 5407 3421 5481">
     <span class='ocr_line' id='line_1_116' title="bbox 1922 5407 3421 5481; baseline -0.002 -17"><span class='ocrx_word' id='word_1_690' title='bbox 1922 5414 2190 5481; x_wconf 83' lang='lat' dir='ltr'><strong>Quemque</strong></span> <span class='ocrx_word' id='word_1_691' title='bbox 2218 5411 2396 5466; x_wconf 88' lang='lat' dir='ltr'><strong>decem</strong></span> <span class='ocrx_word' id='word_1_692' title='bbox 2421 5407 2593 5462; x_wconf 71' lang='lat' dir='ltr'><strong>Rheni</strong></span> <span class='ocrx_word' id='word_1_693' title='bbox 2619 5415 2834 5475; x_wconf 88' lang='lat' dir='ltr'><strong>pontem</strong></span> <span class='ocrx_word' id='word_1_694' title='bbox 2857 5416 3226 5467; x_wconf 80' lang='lat' dir='ltr'><strong>construxerat</strong></span> <span class='ocrx_word' id='word_1_695' title='bbox 3252 5416 3421 5475; x_wconf 53' lang='lat' dir='ltr'><strong>anniq,</strong></span> 
     </span>
    </p>
   </div>
   <div class='ocr_carea' id='block_1_117' title="bbox 1994 5497 3243 5569">
    <p class='ocr_par' dir='ltr' id='par_1_117' title="bbox 1994 5497 3243 5569">
     <span class='ocr_line' id='line_1_117' title="bbox 1994 5497 3243 5569; baseline -0.003 -11"><span class='ocrx_word' id='word_1_696' title='bbox 1994 5504 2149 5559; x_wconf 82' lang='lat' dir='ltr'><strong>Horis</strong></span> <span class='ocrx_word' id='word_1_697' title='bbox 2176 5499 2499 5569; x_wconf 88' lang='lat' dir='ltr'><strong>consumpsit</strong></span> <span class='ocrx_word' id='word_1_698' title='bbox 2527 5497 2738 5552; x_wconf 83' lang='lat' dir='ltr'><strong>ﬂamma</strong></span> <span class='ocrx_word' id='word_1_699' title='bbox 2766 5498 2936 5553; x_wconf 90' lang='lat' dir='ltr'><strong>tribus</strong></span> <span class='ocrx_word' id='word_1_700' title='bbox 2962 5501 3207 5568; x_wconf 88' lang='lat' dir='ltr'><strong>poenitus</strong></span> <span class='ocrx_word' id='word_1_701' title='bbox 3234 5521 3243 5554; x_wconf 86' lang='lat'>:</span> 
     </span>
    </p>
   </div>
   <div class='ocr_carea' id='block_1_118' title="bbox 1926 5585 3291 5659">
    <p class='ocr_par' dir='ltr' id='par_1_118' title="bbox 1926 5585 3291 5659">
     <span class='ocr_line' id='line_1_118' title="bbox 1926 5585 3291 5659; baseline -0.002 -14"><span class='ocrx_word' id='word_1_702' title='bbox 1926 5593 2055 5647; x_wconf 82' lang='lat' dir='ltr'><strong>Nam</strong></span> <span class='ocrx_word' id='word_1_703' title='bbox 2084 5591 2182 5645; x_wconf 91' lang='lat' dir='ltr'><strong>nisi</strong></span> <span class='ocrx_word' id='word_1_704' title='bbox 2208 5604 2345 5659; x_wconf 88' lang='lat' dir='ltr'><strong>quae</strong></span> <span class='ocrx_word' id='word_1_705' title='bbox 2371 5587 2553 5643; x_wconf 85' lang='lat' dir='ltr'><strong>labens</strong></span> <span class='ocrx_word' id='word_1_706' title='bbox 2578 5585 2763 5639; x_wconf 82' lang='lat' dir='ltr'><strong>ﬂuvius</strong></span> <span class='ocrx_word' id='word_1_707' title='bbox 2790 5588 3124 5643; x_wconf 83' lang='lat' dir='ltr'><strong>subtraxerat</strong></span> <span class='ocrx_word' id='word_1_708' title='bbox 3154 5590 3256 5659; x_wconf 82' lang='lat' dir='ltr'><strong>igni</strong></span> <span class='ocrx_word' id='word_1_709' title='bbox 3278 5633 3291 5649; x_wconf 84' lang='lat'><strong>.</strong></span> 
     </span>
    </p>
   </div>
   <div class='ocr_carea' id='block_1_119' title="bbox 2000 5675 3077 5745">
    <p class='ocr_par' dir='ltr' id='par_1_119' title="bbox 2000 5675 3077 5745">
     <span class='ocr_line' id='line_1_119' title="bbox 2000 5675 3077 5745; baseline -0.006 -11"><span class='ocrx_word' id='word_1_710' title='bbox 2000 5680 2180 5735; x_wconf 78' lang='lat' dir='ltr'><strong>Astula</strong></span> <span class='ocrx_word' id='word_1_711' title='bbox 2211 5696 2304 5734; x_wconf 71' lang='lat' dir='ltr'><strong>nec</strong></span> <span class='ocrx_word' id='word_1_712' title='bbox 2333 5678 2516 5731; x_wconf 76' lang='lat' dir='ltr'><strong>saltem</strong></span> <span class='ocrx_word' id='word_1_713' title='bbox 2547 5691 2703 5745; x_wconf 82' lang='lat' dir='ltr'><strong>parva</strong></span> <span class='ocrx_word' id='word_1_714' title='bbox 2733 5675 3077 5743; x_wconf 65' lang='lat' dir='ltr'><strong>superfuerat.</strong></span> 
     </span>
    </p>
   </div>
  </div>
