4266 6490
887 487 987 540 735
1595 472 1599 477 ’
2183 486 2419 541 poem
2452 487 2572 540 su

2399 486 2419 539 Ξ
2452 487 2734 540 SAXONlS
3947 484 4084 535 7.36

886 602 1101 669 Ipseque
1128 601 1387 654 Danorum
1416 611 1599 655 contra
1627 617 1803 672 regem
1830 603 2167 659 Godefridum

959 688 1146 741 Ultima
1176 688 1457 756 disponens
1480 689 1616 742 bella
1646 706 1803 744 senex
1832 707 1988 760 agere

883 775 995 827 ibat
1026 789 1118 842 per
1143 775 1369 842 patriam
1394 791 1512 828 cum
1544 777 1710 830 milite
1736 787 1994 842 nostram,

951 862 1091 915 Exiit
1117 871 1169 914 et
1195 864 1386 915 castris
1413 865 1684 917 exoriente
1710 865 1813 918 die.

883 949 1010 1002 Nam
1041 959 1150 1003 tum
1177 951 1394 1018 pallenti
1424 953 1702 1019 spargebat
1730 953 1846 1005 luce
1874 968 2116 1006 serenum

947 1038 1082 1090 Aéra
1112 1039 1188 1090 sol
1211 1040 1414 1105 superis
1440 1040 1681 1107 partibus
1705 1041 2039 1107 appropians.

878 1125 1125 1179 Cernitur
1151 1142 1180 1178 a
1206 1127 1409 1179 cunctis
1438 1128 1611 1179 subito
1639 1127 1848 1196 delapsa
1880 1129 2048 1181 ruisse

946 1213 1020 1266 De
1048 1214 1193 1267 coelo
1222 1216 1424 1281 species
1450 1216 1637 1268 sideris
1663 1217 1932 1283 ignivomi,

878 1302 1251 1370 Vibratamque
1280 1303 1446 1356 facem
1473 1304 1629 1372 longo
1659 1305 1884 1358 traxisse
1911 1305 2102 1367 volatu,

945 1391 1120 1445 Donec
1149 1393 1200 1443 in
1229 1391 1432 1444 laevam
1461 1391 1656 1444 decidit
1687 1393 1796 1459 ipsa
1824 1394 2054 1461 plagam.

787 1526 793 1532 .
877 1481 984 1534 Hoc
1013 1481 1362 1533 admirantem
1395 1481 1625 1546 sonipes,
1655 1496 1758 1548 quo
1783 1492 1964 1535 vectus
1991 1483 2185 1545 abibat,

946 1567 1100 1619 Elisit
1123 1583 1246 1620 casu
1275 1568 1548 1634 praecipiti
1579 1567 1838 1635 graviter;

877 1655 1109 1722 Denique
1139 1656 1327 1724 regalis
1352 1656 1590 1710 clamidis
1619 1657 1741 1710 hinc
1767 1656 1923 1711 ﬁbula
1954 1667 2136 1726 rupta,

897 1739 900 1741 Α
944 1745 1323 1810 Disruptusque
1352 1743 1507 1794 simul
1537 1743 1740 1796 balteus
1768 1753 1849 1797 est
1875 1745 2064 1813 gladii,

877 1835 1269 1898 Excussumque
1299 1846 1456 1883 manu
1489 1831 1668 1895 telum,
1698 1834 1834 1898 quod
1863 1831 1998 1886 forte
2026 1833 2270 1901 gerebat,

941 1922 1135 1973 Invitus
1164 1921 1374 1986 longum
1403 1920 1599 1971 iecerat
1624 1921 1675 1972 in
1707 1921 1960 1987 spacium.

874 2011 1115 2062 Preterea
1147 2019 1343 2062 tremor
1369 2011 1468 2062 hoc
1496 2009 1645 2062 aulae
1670 2011 1931 2077 praedixit
1951 2012 2231 2080 Aquensis,

941 2098 1258 2151 Terrificans
1285 2106 1502 2150 cunctos
1529 2099 1754 2152 motibus
1783 2100 2025 2162 insolitis,

873 2188 1028 2254 quue
1057 2187 1240 2239 domus
1268 2186 1408 2254 regis
1435 2187 1639 2252 crepitu
1668 2187 1935 2254 laquearia
1964 2190 2151 2242 crebro

940 2273 1203 2340 'l‘actaque
1231 2272 1473 2340 signabat
1497 2271 1712 2325 fulmine
1742 2275 1976 2338 basilica,

868 2365 924 2418 In
952 2379 1053 2432 qua
1085 2378 1176 2431 per
1203 2377 1388 2431 gyrum
1417 2360 1596 2415 lucens
1621 2379 1956 2432 epygramma
1981 2367 2228 2428 canebat,

937 2451 1132 2505 Aedem
1163 2453 1282 2518 quis
1309 2461 1507 2507 tantam
1538 2455 1832 2508 condiderit
1857 2455 2098 2517 Domino,

868 2539 1064 2594 Idcirco
1091 2539 1306 2594 Carolus
1334 2543 1578 2610 princeps
1605 2544 1676 2596 ibi
1702 2552 2148 2598 commemoratus

935 2627 1170 2680 Extremi
1194 2643 1379 2681 versus
1407 2629 1458 2681 in
1486 2629 1623 2682 serie
1650 2628 1850 2693 fuerat;

869 2715 970 2770 Sed
996 2718 1186 2784 quibus
1214 2725 1297 2770 est
1322 2717 1597 2784 scriptum,
1626 2731 1885 2778 PRINCEPS,
1916 2718 2156 2772 mirabile
2181 2717 2344 2781 dictu,

936 2805 1132 2874 Sponte
1159 2820 1253 2858 sua
1281 2807 1523 2874 poenitus
1553 2806 1854 2874 dispereunt
1879 2807 2075 2874 apices,

867 2895 1138 2962 Deletique
1165 2894 1246 2947 sui
1271 2894 1488 2962 vestigia
1521 2894 1661 2946 nulla
1691 2893 2022 2962 relinquunt,

936 2983 1198 3038 Mensibus
1225 2984 1364 3037 haud
1389 2983 1568 3037 multis
1599 2984 1761 3052 ipsius
1788 2993 1910 3036 ante
1933 2985 2151 3038 obitum.

866 3073 1012 3139 Quod
1036 3074 1158 3142 quia
1182 3073 1263 3125 vis
1286 3071 1544 3139 quaedam
1573 3072 1778 3124 cunctis
1805 3072 2067 3141 incognita
2095 3072 2236 3136 fecit,

935 3160 1228 3214 Tristiciam
1257 3157 1434 3212 multis
1459 3173 1613 3212 omen
1638 3160 1738 3213 hoc
1765 3159 2031 3213 intulerat.

865 3251 980 3304 lure
1007 3263 1152 3302 more
1180 3247 1344 3301 doluit
1371 3248 1533 3317 signis
1560 3249 1843 3302 exterritus
1869 3248 2012 3302 orbis

933 3338 1100 3400 Hunc,
1129 3337 1212 3404 cui
1240 3344 1360 3404 post
1385 3335 1612 3390 similem
1638 3351 1740 3389 non
1769 3337 2048 3390 habiturus
2072 3346 2204 3392 erat.

863 3427 965 3481 Sed
995 3442 1093 3481 nec
1117 3427 1169 3482 in
1197 3426 1425 3493 antiquis
1449 3419 1669 3506 ducibus
1696 3441 1788 3480 seu
1816 3428 2026 3494 regibus
2055 3428 2144 3482 illo

893 3531 900 3534 '
929 3514 1254 3570 Omnimodis
1278 3514 1554 3583 quisquam
1582 3513 1776 3568 clarior
1803 3517 1993 3570 enituit
2018 3535 2030 3568 :

863 3602 1083 3656 Romani
1110 3601 1287 3656 multis
1312 3602 1532 3657 ducibus
1557 3604 1840 3672 multisque
1867 3607 1964 3660 sub
1990 3607 2142 3661 annis

930 3690 1105 3744 Italiae
1131 3689 1347 3758 populos
1369 3691 1455 3744 vix
1485 3692 1583 3745 sibi
1612 3692 1974 3758 subdiderant,

864 3779 1008 3833 Unus
1035 3779 1120 3831 hic
1147 3779 1200 3830 in
1229 3780 1406 3846 spacio
1432 3781 1679 3848 perpauci
1709 3781 1960 3850 temporis
1987 3797 2195 3837 omnem

931 3867 1165 3920 Subiecit
1188 3866 1372 3932 victor,
1402 3868 1656 3935 disposuit
1679 3869 1920 3925 dominus
1935 3888 1962 3941 ;.

859 3956 1006 4020 Adde
1035 3964 1112 4008 tot
1139 3956 1376 4026 Eur0pae
1401 3959 1636 4026 populos,
1666 3974 1799 4027 quos
1824 3961 1935 4029 ipse
1959 3963 2192 4036 subegit,

928 4045 1159 4110 Quorum
1187 4044 1407 4099 Romani
1437 4047 1646 4101 nomina
1676 4049 2009 4105 nescieram:
2253 4046 2262 4051 ⁷

857 4136 938 4193 01)
963 4135 1061 4189 hoc
1087 4135 1336 4189 miriﬁcos
1362 4135 1534 4189 Caroli
1561 4137 1649 4204 qui
1680 4137 1871 4206 legeris
1894 4147 2063 4203 actus,

2439 605 2487 658 Α
2583 598 2771 654 Desine
2798 598 2981 651 mirari
3007 598 3255 654 historias
3279 607 3534 653 veterum.

2515 686 2628 758 Non
2655 687 2818 750 Decii,
2846 701 2950 740 non
2981 685 3274 756 Scipiadae,
3301 702 3406 741 non
3433 687 3546 756 ipse
3570 685 3840 750 Camillus,

2582 773 2695 827 Non
2720 774 2871 839 Cato,
2901 789 3007 829 non
3030 774 3224 828 Caesar
3247 775 3416 829 maior
3441 788 3504 827 eo
3531 771 3738 837 fuerat;

2516 863 2628 916 Non
2653 864 2932 933 Pompeius
2957 866 3080 919 huic
3104 865 3312 928 merito,
3339 864 3423 918 vel
3451 878 3579 932 gens
3605 863 3888 919 Fabiorum

2581 953 2898 1017 Praefertur,
2929 955 3126 1023 pariter
3153 962 3359 1007 mortua
3387 969 3482 1023 pro
3504 946 3698 1021 patria,

2513 1039 2706 1093 Terrea
2734 1039 2909 1093 forsan
2937 1041 3003 1094 iis
3028 1039 3188 1094 fuerit
3215 1056 3311 1109 par
3334 1041 3529 1110 gloria;
3547 1040 3640 1094 sed
3668 1055 3810 1094 nunc

2580 1127 2832 1182 Caelestis
2857 1127 3079 1183 Carolus
3102 1129 3311 1184 culmen
3335 1129 3552 1183 honoris
3579 1127 3756 1183 habet.

2511 1215 2618 1268 lllic
2643 1215 2910 1269 Daviticae
2936 1215 3097 1284 pollet
3120 1217 3330 1269 virtutis
3356 1217 3555 1270 honore

2579 1303 2708 1354 Cum
2736 1302 3079 1356 Constantino
3110 1310 3268 1370 atque
3294 1303 3619 1367 Theodosio;

2511 1393 2620 1445 lllic
2647 1393 2920 1461 antiquum
2949 1392 3143 1462 gaudet
3167 1393 3306 1461 quod
3330 1395 3518 1447 vicerit
3544 1396 3751 1450 hostem

2579 1482 2819 1550 Eripiens
2847 1482 3038 1536 multos
3065 1482 3230 1550 ipsius
3256 1497 3284 1535 a
3315 1481 3533 1550 laqueis,

2510 1569 2620 1622 lllic
2646 1570 2977 1638 congaudent
3003 1569 3076 1622 illi
3104 1569 3305 1629 salvata
3331 1585 3426 1638 per
3451 1571 3622 1639 ipsum

2579 1656 2792 1710 Munere
2816 1655 3028 1710 Christe
3056 1664 3145 1710 tuo
3170 1657 3314 1709 milia
3343 1657 3644 1725 spirituum.

2510 1742 2638 1807 Quis
2662 1752 3176 1812 numeret,.quantas
3200 1744 3422 1808 animas,
3448 1744 3572 1798 dum
3601 1746 3821 1801 credere
3847 1748 3973 1801 fecit

2581 1829 2848 1883 Saxonum
2873 1831 3110 1900 populos,
3138 1831 3426 1886 reddiderit
3451 1832 3714 1886 Domino?

2437 1907 2478 1965 Β
2505 1919 2641 1984 Quot
2664 1900 2808 1972 hunc
2833 1920 3118 1974 aecclesiae
3146 1919 3364 1988 fulgent,
3394 1922 3482 1976 ubi
3505 1922 3628 1975 fana
3652 1924 3900 1978 colebant

2568 2010 2803 2078 Antiqui,
2831 2019 2961 2078 quot
2987 2019 3109 2063 sunt
3133 2018 3334 2064 structa
3361 2013 3725 2066 monasteria?

2503 2097 2640 2160 Quot
2666 2096 2846 2150 laudes
2874 2097 2926 2176 in
2955 2098 3050 2160 eis,
3079 2098 3164 2150 vel
3187 2104 3315 2166 quot
3343 2099 3437 2152 tibi
3463 2108 3583 2153 vota
3612 2098 3797 2155 fideles

2573 2186 2834 2250 lteddunt,
2865 2195 2942 2240 tot
2965 2187 3154 2241 Carolo
3180 2189 3434 2256 praemia,
3464 2187 3690 2254 Christe,
3720 2191 3903 2251 dabis;

2503 2277 2784 2343 ludiciique
2808 2276 2922 2330 dies
2947 2291 3065 2329 cum
3091 2273 3295 2330 venerit
3319 2277 3503 2330 ultima
3527 2282 3734 2348 magni,

2571 2365 2682 2428 Qua
2712 2365 2898 2418 reddes
2925 2364 3067 2418 omni
3093 2363 3229 2431 quod
3259 2366 3451 2418 meruit
3477 2367 3699 2430 homini,

2503 2451 2546 2504 Ο
2569 2466 2730 2519 quam
2755 2451 2922 2504 laetus
2948 2453 3069 2515 erit,
3097 2452 3309 2506 sibimet
3332 2454 3612 2508 commissa
3644 2457 3846 2512 talenta

2572 2539 2923 2592 Praesentans
2948 2537 3132 2607 grandi
3161 2539 3507 2608 multiplicata
3535 2541 3682 2597 lucro
3699 2545 3724 2597 ?

2504 2628 2684 2681 Nullus
2710 2627 3010 2696 apostolicis
3038 2635 3164 2681 tunc
3189 2628 3305 2690 iure
3331 2631 3672 2699 propinquior
3697 2633 3808 2698 illo,

2576 2715 2640 2768 Ut
2667 2729 2753 2767 res
2779 2715 2891 2782 ipsa
2917 2715 3088 2778 docet,
3119 2717 3352 2769 caetibus
3378 2731 3496 2772 esse
3521 2720 3676 2772 valet.

2501 2800 2634 2854 Nam
2660 2816 2781 2854 cum
2809 2800 3018 2856 ludaico
3041 2803 3360 2871 processerit
3383 2807 3590 2874 agmine
3612 2806 3805 2863 Petrus

2570 2890 2824 2959 Stipatus,
2853 2890 3002 2945 cuius
3026 2891 3272 2960 dogmate
3296 2893 3624 2959 crediderat,

2497 2978 2690 3032 Paulus
2718 2981 2983 3048 totiusque
3003 2992 3051 3047 ι,
3081 2979 3204 3034 licet
3233 2981 3279 3035 si
3305 2984 3500 3048 dicere,
3529 2987 3710 3040 mundi

2564 3066 2770 3128 Gentes,
2787 3067 3016 3122 salvatas
3039 3068 3250 3123 duxerit
3275 3085 3368 3125 ore
3396 3087 3493 3127 suo
3520 3090 3532 3125 :
3715 3139 3728 3147 ί

2495 3157 2730 3210 Andreas
2755 3156 2972 3225 populos
3002 3165 3120 3225 post
3147 3171 3204 3210 se
3229 3160 3485 3226 producet
3511 3159 3768 3228 Achivos.

2421 3214 2468 3276 ο
2564 3214 3018 3298 Iohannes-Asiae-
3037 3214 3271 3314 proferet
3298 3246 3618 3303 aecclesias:

2497 3333 2736 3387 Matheus
2757 3332 3041 3402 Aethiopes
3067 3334 3249 3389 niveos
3275 3336 3590 3405 baptismate
3617 3339 3810 3406 factos,

2565 3425 2810 3478 Indorum
2837 3425 3066 3478 Thomas
3091 3424 3248 3480 ducet
3272 3426 3340 3480 ad
3367 3435 3511 3481 astra
3535 3444 3762 3500 greges:

2499 3514 2629 3567 Tum
2663 3513 2908 3568 Carolum
2943 3515 3176 3582 gaudens
3209 3513 3475 3570 Saxonum
3510 3525 3685 3572 turma
3715 3533 4003 3591 sequetur,

2565 3603 2642 3658 llli
2674 3614 2957 3674 perpetuae
2989 3605 3155 3674 gloria
3187 3605 3447 3683 laeticiae,

2494 3694 2537 3748 Ο
2564 3695 2762 3747 utinam
2789 3693 2871 3747 vel
2901 3701 3207 3747 cunctorum
3236 3692 3672 3764 seqnafiultimus
3703 3700 3902 3755 horum
3921 3744 3938 3768 ,

2563 3782 2663 3846 Qui
2699 3781 2865 3836 nostri
2899 3781 3029 3834 salvi
3062 3783 3126 3835 de
3160 3782 3351 3852 populo
3384 3781 3616 3839 fuerint!

2493 3871 2536 3926 Ο
2565 3871 2609 3924 si
2633 3870 2842 3923 Christe
2869 3869 2996 3924 velis
3023 3871 3248 3924 hoedum
3277 3870 3564 3926 transferre
3588 3874 3869 3931 sinistrum
3891 3921 3907 3943 ,

2563 3959 2642 4012 Me
2665 3960 2782 4028 pius
2808 3966 2866 4012 ut
2890 3960 3089 4013 dextris
3113 3961 3385 4013 consocies
3408 3957 3614 4026 ovibus,

2495 4050 2608 4115 Quo
2635 4063 2740 4102 non
2769 4048 3004 4102 mortalis
3026 4046 3243 4116 psallam
3271 4048 3364 4110 tibi
3393 4049 3644 4104 carminis
3670 4053 3826 4118 odas,

2565 4138 2670 4194 Sed
2697 4136 2905 4193 laudem
2930 4137 3132 4192 valeam
3157 4138 3334 4192 dicere
3356 4148 3664 4207 perpetuam
3689 4143 3704 4195 !
3741 4143 3942 4201 Amen.

929 4300 952 4329 ⁸
979 4285 1128 4353 Cod.,
1148 4286 1302 4342 totius
1315 4301 1337 4355 ;
1364 4303 1459 4357 que
1481 4289 1632 4343 metri
1659 4305 1818 4344 causa
1847 4289 2040 4358 adjeci;
2073 4292 2362 4349 Leibuitius
2397 4296 2544 4351 liceat
2573 4292 2798 4348 fortasse
2824 4289 3100 4360 legendum
3124 4303 3242 4344 esse
3263 4289 3680 4347 existimaverat.
