4266 6430
31 463 112 512 737
366 468 368 470 '
655 455 711 508 S.
752 454 1084 516 SIMPERTI,
1122 451 1268 505 ᾹΒΒ.
1309 451 1715 529 ΜυΒΒᾼΟΕΝΒ

858 454 1084 516 ΡΕΒΤΙ,
1122 451 1268 505 ᾹΒΒ.
1309 451 1733 529 ΜυΒΒᾼΟΕΝΞ.
1785 451 2175 505 REGELARIA
2214 450 2543 506 STATUTA.

2991 407 2994 409 Α
3092 445 3198 498 738

31 594 3194 650 Μ

1243 710 1409 780 anno
1453 737 1673 801 DQMINI
1720 738 1962 779 occcrx.

483 932 1414 1074 SANCTUS
1502 933 2748 1073 SIMPERTUS
2856 946 2928 1142 λ

1237 1209 1453 1261 ABBAS
1493 1207 1980 1264 MURBACENSIS.

404 1438 836 1520 ΝΟΤΙΤΙΑ
910 1437 1441 1514 HISTORICA
1498 1437 1604 1512 IN
1684 1437 2152 1513 SANCTUM
2211 1437 2826 1548 SIMPERT‘UM.

986 1593 1078 1657 (Ex
1101 1593 1337 1654 Fabricio,
1361 1593 1587 1642 Biblioth.
1615 1594 1742 1641 meti.
1769 1602 1818 1642 et
1840 1591 1919 1640 inf.
1943 1571 2258 1655 Latinitatis.)

1519 1725 1706 1740 —

95 1834 416 1902 Sindpertus
445 1831 867 1902 velSimpertus,
899 1829 1449 1902 a_bbas_Murbacensi_s
1473 1836 1525 1881 et
1554 1829 1849 1895 episcopus.
1882 1829 2196 1902 Expungunt
2218 1847 2338 1902 eum
2363 1831 2593 1902 exiserier
2615 1832 2862 1891 abbatum
2896 1832 3211 1887 Murbacen-

34 1904 162 1956 sium
191 1897 356 1955 G'abr.
395 1897 750 1954 Bucclinuset
774 1900 896 1952 Car.
925 1898 971 1950 le
994 1897 1178 1952 Cointe
1195 1897 1383 1952 Annal.
1412 1897 1764 1960 Francorum;
1799 1900 2028 1950 restituit
2049 1907 2223 1952 autem
2254 1900 2394 1952 illum
2427 1900 2770 1954 Mabillonius.

93 1971 164 2022 De
193 1971 502 2036 episcopatu
529 1967 640 2036 ejus
669 1983 772 2019 non
794 1968 969 2019 omnia
999 1967 1100 2036 huc
1137 1981 1314 2036 usque
1341 1966 1552 2017 fuerunt
1584 1965 1754 2036 clara.
1780 1965 2106 2036 Mabillonius
2133 1967 2310 2020 sedem
2347 1969 2446 2036 ipsi
2492 1969 2720 2036 ignotam
2767 1970 2912 2024 dicit.
2954 1971 3230 2024 Auctorcs'

27 2033 266 2091 llistoriie
290 2033 564 2090 litterarize
587 2035 789 2097 Galliae,
833 2044 959 2088 tom.
1005 2035 1090 2096 IV,
1136 2049 1189 2099 p.
1220 2033 1341 2095 569.,
1385 2048 1502 2084 eum
1536 2034 1835 2098 episcopum
1863 2033 2221 2102 Augustanum
2249 2050 2335 2088 an.
2367 2033 2470 2090 809
2507 2033 2770 2089 mortuum
2799 2039 2995 2092 dicunt.
3027 2039 3216 2090 Melius

28 2108 288 2158 Eccardus
313 2105 512 2158 Rerum
551 2104 921 2157 Francicarum
949 2117 1075 2165 xxv,
1103 2102 1190 2164 46,
1231 2102 1318 2162 47,
1354 2116 1418 2152 ex
1449 2103 1610 2152 variis
1641 2102 1970 2154 documentis
2014 2103 2184 2171 ipsum
2207 2101 2663 2167 Ratisbonensem,
2689 2114 2743 2157 et
2783 2121 2869 2158 an.
2902 2107 2996 2158 791
3029 2107 3212 2159 defun-

26 2183 161 2226 ctum
189 2188 328 2234 esse,
357 2174 570 2225 asserit.

97 2241 221 2306 Ejus
267 2240 572 2310 Epistolam
607 2237 938 2310 Encyclicam
999 2237 1276 2310 admodum
1323 2238 1547 2310 brevem
1597 2237 2157 2310 edidit__-M_abi_l_lonius,
2180 2238 2368 2292 Annal.
2415 2240 2673 2310 p.7ibi8,’
2721 2241 2805 2294 cui
2859 2241 3062 2295 accedit
3109 2240 3213 2294 alia

31 2305 358 2361 salutatoris.
411 2306 690 2369 Regularia
722 2305 932 2358 'statuta
968 2306 1274 2358 monasterii
1322 2305 1681 2358 Murbacensis
1715 2305 1880 2358 edi-uit
1925 2305 2080 2369 Bern.
2127 2307 2250 2360 Pez.
2293 2305 2437 2362 ιοωό
2478 2309 2519 2362 ll
2548 2310 2800 2364 Thesauri
2826 2310 3214 2364 Anccdotorutn

33 2377 329 2441 novissimi,
368 2390 424 2447 p.
455 2377 538 2428 72.

834 2564 1485 2735 sanie-r1
1557 2623 2423 2792 smn:an

339 2824 905 2949 REGULARIA
969 2823 1433 2946 STATUTA
1513 2825 2135 3020 MQNASTERII
2176 2828 2928 2956 'lelllBACENSlS.

997 3068 1156 3128 (Apud
1180 3068 1394 3130 Peziuni,
1416 3069 1698 3144 Theisaurus
1719 3070 1900 3119 Auecd.
1927 3083 2055 3132 nov.,
2081 3075 2118 3119 t.
2143 3071 2229 3130 ll.)

91 3291 148 3345 ln
186 3285 408 3344 nomine
431 3281 638 3337 Domini
672 3281 859 3336 amen;
885 3269 1138 3334 Noverint
1169 3281 1398 3334 universi
1434 3295 1571 3348 pne—
1598 3286 1644 3340 Α
1675 3280 2005 3334 dcstinarunt
2031 3283 2383 3341 venerabilem
2411 3293 2462 3340 et
2491 3288 2758 3356 egregium
2798 3287 2968 3346 virum
2997 3291 3219 3352 fratrem

27 3393 144 3432 sens
185 3375 462 3445 publicum
498 3373 924 3431 instrumentum,
955 3367 1090 3421 infra
1138 3370 1452 3435 scriptorum
1494 3383 1576 3421 re-

28 3464 290 3532 gularium
358 3467 673 3513 statutorum
731 3466 786 3511 et
846 3455 1277 3511 cmremoniarum
1344 3463 1578 3523 tempore

27 3550 196 3604 sancti
237 3546 492 3616 Simperti
525 3543 754 3612 episcopi
782 3543 1127 3610 Augustensis
1151 3557 1213 3596 ac
1238 3542 1440 3594 abbatis
1469 3557 1578 3594 mo-

34 3636 254 3692 nasterii
297 3631 657 3687 Murbacensis
686 3629 1130 3698 promulgatorum
1166 3631 1360 3696 pariter
1396 3637 1449 3682 et
1487 3629 1578 3681 ob—

29 3735 366 3780 servatorum
411 3721 798 3786 transumptum
844 3732 938 3770 seu
992 3718 1362 3784 transcriptum
1408 3717 1576 3770 conti-

28 3830 191 3877 nens,
245 3810 559 3878 inspecturi,
602 3809 745 3876 quod
788 3822 926 3860 anno
969 3821 999 3858 a
1048 3807 1331 3860 Nativitate
1376 3808 1579 3860 Domini

29 3897 420 3953 incarnationis
473 3895 748 3948 millesimo
801 3894 1242 3961 quingentesimo,
1299 3896 1580 3949 indictione

31 3990 205 4049 tertia,
247 3987 338 4040 die
362 3985 532 4052 prima
574 3982 768 4036 mensis
797 3982 940 4044 Maii,
977 3983 1104 4034 hora
1149 3983 1314 4048 ipsius
1360 3983 1463 4035 dici
1492 3997 1581 4036 oc-

32 4085 149 4128 tava
173 4074 256 4126 vel
284 4072 438 4140 quasi
463 4077 584 4123 ante
613 4069 904 4130 meridiem,
935 4069 985 4120 in
1015 4069 1131 4121 loco
1158 4070 1433 4136 capitulari
1466 4086 1580 4123 mo-

31 4163 250 4216 nasterii
279 4158 661 4221 Murbacensis,
688 4157 1022 4232 serenissimo
1042 4159 1278 4225 principe
1301 4167 1351 4210 et
1372 4159 1582 4213 domino

31 4253 246 4307 domino
295 4249 653 4302 Maximiliano
694 4247 1051 4301 Romanorum
1092 4263 1214 4316 rege
1252 4248 1473 4302 feliciter
1502 4263 1583 4302 re-

31 4350 247 4409 gnante,
278 4340 337 4392 in
365 4337 467 4390 mei
511 4337 702 4390 notarii
729 4337 922 4404 publici
951 4337 1268 4405 testiumque
1293 4337 1424 4389 iul'ra
1455 4339 1585 4391 scri-

32 4445 267 4500 ptorum,
296 4431 366 4484 ad
391 4430 492 4483 hoc
518 4426 812 4497 specialiter
839 4436 1141 4479 vocatorum
1171 4435 1224 4479 et
1259 4437 1581 4495 rogatorum,

34 4519 317 4587 prazscntia
344 4515 692 4584 personaliter
739 4514 1005 4568 constituti
1042 4513 1332 4574 reverendi;
1362 4515 1585 4566 honora-

1672 3368 1926 3422 Joannem
1952 3369 2165 3441 Naburg
2190 3387 2353 3428 sacra:
2375 3374 2647 3446 theologia;
2672 3377 3020 3447 professorem
3048 3393 3102 3438 et
3127 3388 3221 3440 de-

1676 3465 1939 3510 cretorum
1974 3459 2262 3523 doctiorem,
2296 3463 2609 3517 monachum
2636 3468 2871 3534 praedicti
2910 3474 3220 3528 monasterii

1675 3555 1727 3599 et
1760 3548 2096 3613 prmpositum
2125 3551 2360 3605 ecclesia!
2402 3553 2569 3606 beata:
2597 3555 2824 3624 Virginis
2857 3558 2910 3611 in
2950 3559 3218 3626 Mur-baca.

1676 3635 1764 3701 qui
1804 3636 1871 3689 ob
1912 3638 2080 3690 sancti
2132 3637 2380 3706 Simperti
2426 3650 2480 3695 et
2518 3644 2724 3698 abbatis
2763 3647 3220 3704 honoriﬁcentiam

1677 3724 1805 3777 adiit
1823 3726 2200 3780 monasterium
2225 3730 2394 3783 sancti
2417 3730 2644 3785 Udalrici
2681 3735 2733 3787 in
2759 3735 2992 3802 Augusta
3019 3741 3222 3794 ordinis

1677 3811 1931 3877 ejusdem,
1961 3820 2032 3874 ct,
2063 3823 2120 3866 ut
2149 3816 2285 3868 idem
2316 3820 2603 3882 asserebat,
2643 3821 2781 3887 quod
2815 3821 2932 3876 ιω
2963 3825 3088 3880 inibi
3121 3828 3220 3881 hu-

1679 3901 1916 3954 militatis
1937 3901 2109 3971 fronte
2138 3903 2298 3957 fuerit
2324 3914 2614 3973 susceptus.
2647 3908 2788 3965 later
2819 3912 3220 3981 colloquendum
3246 3910 3250 3914 λ

1680 3990 1841 4072 abbas
1863 3992 2028 4044 sancti
2056 3991 2306 4047 Uldalrici
2325 4002 2378 4048 et
2399 3997 2634 4050 nonnulli
2658 3999 2744 4050 alii
2779 3998 2964 4054 Patres
2993 4005 3221 4072 regulari

1680 4073 1932 4141 pollentes
1961 4076 2289 4131 institutione
2311 4083 2473 4134 sancti
2502 4081 2751 4150 Simperti
2780 4086 2859 4154 (ut
2883 4087 3052 4157 decet)
3075 4091 3222 4145 debi-

1684 4170 1792 4214 tum
1819 4163 2227 4219 honorificentia!
2252 4167 2447 4221 cultum
2483 4172 2736 4238 ampliare
2767 4175 3057 4241 cupientes,
3085 4181 3220 4245 pra:-

1681 4251 1842 4304 libato
1876 4252 2076 4306 doctori
2123 4269 2185 4306 ac
2225 4258 2480 4310 monacho
2530 4258 2796 4313 humiliter
2839 4264 3218 4331 supplicarunt,

1682 4347 1939 4405 quatenus
1957 4340 2219 4408 regularia
2243 4342 2482 4396 instituta
2517 4353 2749 4412 tempore
2775 4351 2942 4402 sancti
2970 4350 3222 4421 Simperti

1683 4426 1960 4491 custodita,
1981 4436 2035 4480 et
2060 4429 2126 4480 ab
2149 4431 2332 4484 eodem
2357 4432 2681 4502 promulgata
2701 4438 2956 4491 transumi
2977 4447 3028 4492 et
3049 4449 3223 4494 trans-

1685 4513 1813 4566 ferri
1841 4513 2054 4594 faceret,
2085 4525 2139 4570 et
2165 4519 2232 4571 ab
2259 4519 2446 4573 abbate
2473 4519 2797 4577 Murbacensi
2828 4524 2944 4580 fieri
2971 4527 3218 4596 impetra-

35 4609 167 4660 biles
193 4621 259 4660 ac
288 4604 522 4672 religiosi
551 4603 650 4656 viri
673 4603 870 4655 domini
892 4602 1194 4655 Walthcrns
1221 4601 1285 4654 de
1301 4601 1586 4671 Wiltsperg
1618 4594 1660 4651 Β
1687 4609 1788 4655 ret.

36 4698 218 4758 abbas,
235 4692 584 4748 Leonhardus
610 4690 673 4743 de
693 4689 1062 4742 Reichenstain
1091 4690 1343 4751 decanus,
1368 4698 1419 4740 et
1445 4691 1585 4756 capi—

37 4788 223 4849 tulum,
257 4799 356 4838 seu
378 4790 668 4836 conventus
689 4779 944 4842 ecclesiae,
977 4793 1069 4831 seu
1093 4780 1396 4832 monasterii
1421 4781 1585 4844 impe-

45 4875 189 4927 rialis
232 4869 410 4926 sancti
447 4868 755 4937 Leodegarii
795 4867 849 4919 in
886 4863 1151 4929 Murhaco,
1195 4867 1260 4917 ad
1296 4865 1587 4918 Romanam

40 4961 333 5015 Ecclesium
381 4957 525 5010 nullo
553 4933 746 5010 /medio
791 4955 1132 5024 pertinentis,
1181 4954 1379 5007 ordinis
1420 4954 1585 5006 sancti

40 5048 308 5102 Benedicti
351 5044 656 5101 Basiliensis
703 5046 962 5107 diecesis,
1006 5054 1390 5112 proposuerunt
1415 5051 1469 5096 et
1497 5058 1585 5096 ve-

42 5151 158 5187 rum
177 5149 299 5188 esse
315 5143 676 5194 asseruerunt,
692 5133 830 5200 quod
841 5147 977 5185 anno
997 5133 1314 5196 indictionis,
1331 5141 1388 5185 ut
1404 5147 1578 5199 supra,

43 5224 124 5276 die
160 5223 332 5290 prima
368 5222 567 5275 mensis
601 5219 809 5288 Aprilis,
852 5230 1065 5289 propter
1097 5221 1361 5274 evidentes
1397 5228 1450 5274 et
1492 5237 1584 5272 ur-

44 5321 225 5379 gentes
277 5309 626 5363 necessitates
669 5309 793 5362 dicti
847 5308 1151 5361 monasterii
1198 5308 1583 5371 Murbacensis,

45 5412 139 5451 nec
169 5413 273 5450 non
303 5398 376 5450 ob
401 5405 722 5463 praeceptum
755 5394 927 5463 regale
951 5395 1125 5450 abbati
1150 5393 1366 5462 praefato
1391 5394 1586 5447 factum

47 5485 108 5535 ad
136 5485 333 5537 dictam
363 5483 503 5536 sacri
541 5482 745 5549 imperii
773 5482 1092 5551 principibus
1125 5483 1177 5535 in
1199 5481 1432 5550 Augusta
1456 5497 1588 5548 prm-

49 5571 221 5635 ﬁxam,
256 5571 685 5626 ministerialium
717 5573 879 5638 ipsius
913 5573 1214 5627 monasterii
1244 5581 1386 5627 certa
1420 5574 1587 5626 scien-

50 5663 115 5711 tia
160 5670 214 5714 et
255 5674 512 5728 expressa
561 5659 826 5713 voluntate
867 5661 1144 5718 accedente
1195 5663 1260 5716 ad
1304 5661 1586 5730 Augustam

1754 4689 1901 4744 Unde
1928 4693 2160 4758 praedicti
2192 4695 2481 4759 reverendi,
2509 4696 2842 4754 honorabiles
2880 4714 2945 4754 ac
2987 4701 3217 4771 religiosi

1680 4779 1780 4831 viri
1823 4779 2018 4833 domini
2051 4783 2230 4845 abbas,
2281 4784 2508 4839 decanus
2542 4795 2594 4840 et
2638 4798 2926 4843 conventus
2968 4794 3216 4847 antedicti

1683 4868 2366 4926 monasterii'Murbacensis
2392 4873 2494 4942 piis
2519 4889 2751 4932 annuere
2770 4881 2908 4934 votis
2931 4888 2986 4934 et
3015 4883 3220 4936 veritati

1683 4969 1785 5007 non
1821 4957 2021 5019 deesse,
2047 4965 2101 5010 et
2125 4961 2456 5028 magniﬁcum
2477 4964 2597 5018 vitae
2624 4981 2686 5020 ac
2712 4967 2866 5021 fatua:
2899 4969 3060 5024 decus
3095 4986 3218 5024 san-

1687 5043 1757 5094 cti
1785 5040 2031 5110 Simperti
2056 5043 2147 5097 Dei
2173 5047 2382 5111 intuitu,
2414 5049 2502 5115 qui
2535 5051 2792 5119 gloriosus
2818 5063 2899 5108 est
2936 5056 2987 5108 in
3024 5061 3220 5112 sanctis
3259 5097 3263 5101 ι

1687 5130 1814 5192 suis,
1846 5146 2132 5201 propagare
2159 5133 2446 5200 cupientes,
2476 5145 2691 5201 statuta,
2732 5145 3070 5198 caeremonias
3101 5160 3220 5198 san-

1687 5219 1754 5276 cti
1783 5219 2050 5287 Simperti,
2080 5221 2331 5277 illibatam
2357 5225 2515 5278 vitam
2546 5227 2746 5296 piarum
2769 5232 2972 5284 aurium
2995 5232 3221 5287 aediﬁca—

1688 5308 1881 5358 tionem
1909 5309 2171 5373 docentes,
2218 5311 2272 5363 in
2313 5328 2412 5367 una
2459 5323 2660 5370 vetusta
2696 5319 2864 5372 rotula
2902 5335 2993 5374 seu
3035 5323 3219 5376 charta

1689 5407 2000 5460 pergamena
2051 5405 2284 5460 exarata,
2314 5409 2652 5465 certa,.sana,
2685 5405 2906 5476 integra,
2946 5409 3124 5473 ill-.esa,
3167 5410 3220 5463 in

1691 5483 1848 5536 nullis
1873 5485 2264 5540 characteribus
2291 5503 2409 5544 rasa
2439 5500 2530 5542 aut
2561 5494 2772 5556 caduca,
2818 5505 2937 5548 tunc
2965 5497 3089 5548 mihi
3122 5511 3221 5550 no-

1690 5573 1824 5624 tario
1874 5575 2166 5642 subscripto
2219 5579 2589 5643 ostenderunt,
2641 5571 3020 5648 praesentarurtt
3065 5593 3223 5653 atque

1690 5661 1960 5726 dederunt,
1979 5678 2164 5731 meque
2193 5665 2243 5717 in
2270 5667 2546 5733 pmsentia
2574 5672 2782 5723 testium
2809 5671 3219 5741 subscriptorum
