4266 6426
784 521 884 575 739

1747 497 1803 549 S.
1844 488 2154 548 SlMPEllTl
2193 484 2474 538 ABBATIS
2515 478 2988 536 MURBACENSIS

3837 474 3951 525 ’Ζιοκ

780 632 951 689 debita
976 639 1093 679 cum
1130 618 1375 675 instantia
1420 580 1788 681 requisierunt,
1831 612 2086 672 quatenus
2132 598 2305 651 abbati
2335 605 2380 658 Α
2407 594 2854 662 prmtermittatnr,
2896 587 3078 689 quinin
3118 586 3290 653 aliqua
3326 580 3936 689 meditationedcction‘if

780 730 832 771 et
858 712 1129 771 conventui
1163 706 1332 760 sancti
1374 698 1599 755 lldalrici
1626 698 1677 749 in
1699 695 1950 760 Augusta,
1978 689 2064 742 ubi
2096 693 2308 771 sanctus

782 768 1070 871 ginipertus
1094 792 1381 851 tumulatus
1405 802 1520 841 esse
1540 782 1875 851 dignoscitur,
1903 776 2139 871 eamdem
2164 768 2309 871 rotu-

785 864 1227 953 lam-regularium
1263 882 1577 929 statutorum
1623 877 1674 920 et
1697 864 2124 953 caeremoniarum
2163 866 2307 953 tran-

783 943 1009 1029 scribere
1039 978 1092 1024 et
1114 971 1168 1022 in
1202 963 1463 1033 publicam
1499 956 1716 1011 formam
1760 952 1994 1018 redigere
2020 946 2221 1006 vellem,
2246 943 2310 1033 in

784 1067 956 1121 ﬁnem,
987 1068 1045 1112 ut
1070 1031 1264 1111 eisdem
1305 1050 1473 1118 copiis
1510 1042 1824 1098 authenticis
1853 1048 2099 1104 tanquam
2129 1031 2311 1086 rotula:

781 1147 1016 1216 originali
1051 1157 1227 1197 coram
1258 1139 1657 1207 quibuscunque
1699 1126 1931 1196 personis
1961 1121 2311 1216 cujuscunque
2352 1144 2363 1153 ι

780 1209 947 1291 status
972 1235 1083 1286 sive
1105 1230 1280 1300 [Cod.,
1309 1234 1474 1278 status
1507 1220 1611 1291 sui]
1657 1216 2056 1285 praeemineutim
2099 1209 2312 1261 exstite-

782 1325 906 1382 rint,
936 1327 1104 1372 stctur
1129 1324 1179 1367 et
1206 1312 1467 1366 credatur.

848 1408 1013 1474 Quam
1036 1404 1241 1471 quidem
1280 1398 1503 1453 rotulam
1528 1396 1637 1447 sive
1674 1391 1913 1444 chartam
1948 1396 2310 1474 pergamenatn

780 1468 984 1549 vetusta
1010 1468 1183 1545 littera
1207 1494 1475 1541 exaratam
1499 1480 1816 1547 recepimus,
1842 1473 1943 1526 vidi
1975 1486 2037 1525 ac
2063 1471 2127 1523 de
2154 1468 2314 1520 verbo

782 1583 848 1634 ad
868 1582 1082 1633 verbum
1108 1572 1442 1641 transumpsi,
1469 1567 1794 1633 transcripsi,
1823 1570 1873 1616 et
1901 1558 2117 1626 copiari,
2140 1555 2312 1641 debita

782 1685 900 1724 cum
930 1666 1202 1720 collatione
1229 1676 1323 1730 per
1352 1640 1448 1712 me
1475 1671 1592 1709 cum
1616 1655 1819 1707 eisdem
1851 1647 2009 1707 facta,
2038 1644 2155 1704 fuci,
2187 1640 2315 1694 nihil

786 1759 962 1812 addito
1008 1754 1087 1807 vel
1114 1760 1313 1806 mutato
1339 1747 1475 1815 quod
1510 1744 1632 1796 facti
1660 1748 1826 1794 mutet
1855 1733 2196 1788 substantiam
2226 1736 2316 1781 aut

785 1846 951 1899 variet
986 1841 1326 1899 intellectum,
1355 1836 1623 1901 ipsamque
1667 1832 1904 1883 chartam
1946 1824 2054 1877 sive
2092 1821 2313 1873 rotulam

2404 682 2594 733 divina:
2638 687 2869 745 tempore
2910 676 3151 729 ordinato
3193 666 3476 739 occupatus
3511 687 3616 724 non
3651 672 3752 737 sit,
3794 671 3932 722 veru

2406 770 2603 837 gratia,
2652 775 2710 820 ut
2746 764 3074 827 scholastici,
3126 771 3401 830 postquam
3447 760 3664 835 psalmi,
3709 760 3933 818 cantica,

2406 869 2457 911 et
2480 857 2658 926 hymni
2684 855 2947 910 memorim
2973 853 3336 907 commendata
3365 850 3579 914 fuerint,
3621 848 3799 916 regula
3824 856 3939 914 post

2409 950 2599 1018 regula:
2626 956 2823 1000 textum
2860 945 3138 1007 committi,
3165 944 3375 1018 interim
3394 958 3523 997 vero
3555 942 3830 997 historiam
3866 942 3942 995 di-

2410 1015 2542 1088 vinze
2564 1034 2891 1089 auctoritatis
2915 1042 2968 1085 et
2992 1015 3319 1101 expositores
3346 1030 3477 1098 eius.
3501 1046 3599 1085 nec
3621 1046 3725 1084 non
3761 1038 3817 1083 et
3840 1029 3942 1083 col-

2408 1121 2629 1173 lationes
2655 1120 2871 1172 Patrum
2905 1128 2959 1171 et
3006 1120 3141 1173 vitas
3178 1133 3361 1172 eorum
3398 1116 3636 1185 legendo,
3680 1117 3945 1185 magistris
4028 1128 4029 1139 ‘

2409 1220 2591 1259 eorum
2628 1207 2958 1261 audienlibus
3000 1214 3330 1275 percurrant.
3383 1205 3665 1274 Postquam
3713 1220 3842 1257 vero
3894 1205 3948 1256 in

2410 1297 2523 1349 istis
2546 1297 2888 1365 probabiliter
2924 1295 3128 1349 educati
3168 1295 3380 1357 fuerint,
3428 1294 3491 1347 ad
3537 1304 3705 1347 artem
3749 1294 3946 1347 littera—

2410 1391 2541 1436 tura:
2567 1392 2620 1435 et
2648 1380 2910 1450 spiritales
2938 1394 2995 1433 se
3031 1379 3351 1433 transferant
3388 1380 3558 1433 liores.
3590 1380 3689 1445 Qui
3727 1395 3855 1433 vero
3887 1380 3948 1432 de

2411 1474 2593 1546 habitu
2631 1458 2865 1526 saeculari
2902 1471 3139 1524 conversi
3165 1471 3348 1524 notitia
3379 1470 3670 1524 litterarum
3697 1469 3946 1538 indigent,

2410 1569 2530 1627 post
2573 1575 2753 1613 earum
2797 1559 3148 1626 cognitionem
3194 1558 3483 1612 orationem
3531 1559 3858 1612 Dominicam
3900 1568 3950 1610 et

2412 1648 2733 1715 symbolum,
2782 1655 2836 1699 et
2875 1648 2953 1700 sic
3009 1646 3254 1713 deinceps
3299 1634 3661 1713 pmnitentium
3699 1646 3948 1713 psalmos,

2411 1742 2527 1803 post
2548 1736 2659 1787 haec
2678 1733 2909 1802 reliquos
2939 1773 2953 1797 ,
2981 1747 3148 1802 usque
3166 1735 3287 1787 dum
3311 1734 3417 1786 vita
3442 1740 3494 1787 et
3515 1733 3682 1786 virtus
3703 1724 3948 1801 suppetit,

2415 1822 2618 1875 diSCerc
2647 1838 2750 1876 non
2778 1821 3037 1875 desin'ant.
3098 1868 3113 1877 .

786 1930 1046 2000 regularia
1092 1926 1283 1980 statuta
1336 1921 1501 1975 sancti
1555 1917 1801 1985 Simperti
1850 1913 2203 1969 continentem
2259 1906 2320 1959 dc
2353 1902 2395 1959 Β
2444 1908 2686 2000 ‘Tertio,
2716 1908 3226 2000 utomnesotlicium
3254 1910 3421 1964 sancti
3450 1909 3712 1993 Benedicti
3742 1908 3951 1962 faciant.
4046 1912 4047 1925 ‘

789 1997 950 2078 verbo
973 2020 1037 2073 ad
1060 2018 1277 2071 verbum
1303 2013 1432 2067 satis
1457 2011 1580 2072 alta,
1608 2008 1749 2061 clara
1777 2013 1830 2057 et
1856 1997 2165 2067 intelligibili
2196 2010 2322 2048 voce

794 2109 1013 2163 testibus
1053 2103 1344 2159 astantibus
1384 2096 1615 2167 perlegi,
1659 2102 1913 2153 tenorem,
1954 2087 2045 2155 qui
2088 2084 2324 2151 sequitur

786 2195 1157 2247 continentem.
2295 2257 2310 2270 .

791 2299 1289 2369 Regularia_gtecreta
1330 2302 1574 2369 augusta
1602 2287 1794 2369 syngdo
1828 2286 1882 2337 in

1242 2346 1450 2433 patricii
1469 2369 1515 2411 et
1539 2346 1666 2433 regis
1688 2354 2031 2433 Romanorum
2052 2346 2322 2433 celebrata,

863 2413 952 2489 ad-
966 2413 1272 2487 inﬁniti;
1285 2429 1430 2481 τενὺο
1451 2437 1495 2478 et
1520 2413 1704 2493 scripto
1722 2418 2058 2493 prasentibus
2066 2413 2325 2493 fratribus

863 2440 929 2489 ad
966 2440 1259 2487 memoriam
1285 2440 1430 2481 terno
1451 2440 1495 2478 et
1520 2440 1704 2493 scnpto
1760 2440 2054 2473 ra-semwus
2079 2440 2324 2483 'runruua

862 2501 1152 2555 monasterii
1196 2496 1543 2549 Mnrbarensis
1588 2440 1841 2561 pate/(icta
1886 2503 1976 2561 per
2022 2483 2326 2560 Simpertunt

861 2572 1091 2623 abbatem
1126 2568 1350 2635 ejusdem
1386 2564 1486 2615 loci
1533 2556 1597 2635 et:
1626 2556 1841 2627 episcopi
1872 2556 2215 2621 Augusteusis,
2244 2556 2326 2599 cui

863 2637 1057 2705 synodo
1080 2628 1310 2700 interfuit
1339 2628 1693 2707 personaliter.

848 2720 941 2801 ’Λᾶ
975 2745 1282 2799 memoriam
1307 2747 1560 2799 vestram,
1600 2735 1792 2790 fratres
1816 2726 2135 2788 charissitni,
2160 2739 2336 2790 ’γενος

788 2850 911 2889 care
949 2833 1145 2899 scripto
1186 2827 1512 2883 decrevimus
1540 2839 1601 2877 ea
1628 2837 1745 2890 quae
1772 2818 1947 2873 verbis
1981 2824 2034 2868 et
2065 2812 2325 2895 capitulis,

788 2940 904 2994 qum
924 2922 995 2978 ibi
1016 2922 1215 2990 digesta
1236 2924 1376 2979 sunt,
1398 2915 1549 2984 quasi
1569 2906 2049 2981 recapitulationem
2077 2905 2328 2994 facientes

790 2991 1149 3079 possibilitatis
1189 3012 1244 3057 et
1268 3002 1608 3083 necessitatis
1632 3000 1684 3056 in
1708 2999 1785 3054 eis
1810 2994 2083 3048 commoda
2112 2991 2331 3058 requisi—

791 3099 993 3155 vimus,
1049 3093 1172 3161 quia
1219 3079 1457 3158 quaedam
1502 3086 1573 3140 ibi
1622 3083 1911 3139 secundum
1962 3079 2328 3132 auctoritatem

791 3184 1002 3253 regulze,
1043 3179 1277 3250 quadam
1318 3192 1442 3232 vero
1476 3191 1575 3229 usu
1620 3182 1671 3228 et
1710 3170 2083 3227 consuetudine
2125 3168 2323 3235 prolata
2349 3189 2394 3251 ο

793 3282 935 3335 sunt,
972 3286 1087 3339 qua:
1114 3268 1453 3329 consuetudo,
1484 3266 1526 3319 si
1552 3264 1727 3332 aliquo
1758 3262 1888 3314 vitio
1931 3266 2174 3324 corrupta
2220 3271 2324 3309 non

795 3361 969 3422 fuerit,
988 3373 1086 3424 pro
1107 3358 1216 3424 lege
1241 3353 1463 3423 regulari
1485 3352 1744 3419 inculpate
1770 3347 1985 3402 retineri
2009 3346 2220 3413 poterit.

861 3446 1039 3499 Primo
1083 3444 1223 3497 enim
1266 3441 1492 3508 capitulo
1528 3437 1891 3492 denuntiatum
1929 3442 2033 3497 est,
2079 3441 2158 3494 ut,
2207 3445 2325 3486 cum

742 3534 759 3551 ‘
796 3535 1029 3588 abbates'
1062 3531 1126 3585 ad
1163 3529 1375 3598 propria
1415 3528 1529 3581 loca
1572 3530 1912 3586 remeassem,
1961 3519 2194 3589 regulam
2234 3536 2328 3587 per

796 3623 996 3692 singula
1022 3619 1360 3692 discutientes
1390 3617 1682 3681 relegerent
1708 3622 1763 3668 et
1800 3610 2166 3679 adimplerent,
2188 3610 2328 3677 quod

797 3728 827 3764 a
854 3711 1005 3765 nobis
1044 3710 1097 3761 in
1122 3706 1445 3761 discussione
1471 3705 1749 3757 verborum
1783 3702 1931 3769 juxta
1959 3698 2227 3751 modulum
2249 3698 2326 3750 in-

798 3794 1095 3875 telligentiae
1137 3801 1331 3846 nostra!
1375 3798 1549 3843 actum
1590 3796 1688 3842 est.
1735 3788 1829 3840 illa
1860 3800 1986 3840 vero
2029 3784 2329 3851 adimpletio

799 3899 900 3937 non
926 3883 977 3934 in
999 3882 1166 3949 spatio
1185 3878 1434 3946 temporis
1452 3874 1591 3929 sicut
1619 3876 1706 3928 illa
1744 3873 2126 3941 interpretatio,
2158 3873 2249 3926 sed
2276 3873 2328 3925 in

798 3984 955 4023 cursu
977 3969 1136 4024 totius
1171 3967 1293 4020 vitae
1318 3973 1509 4016 nostra:
1532 3964 1767 4030 ponenda
1795 3972 1875 4016 est
1902 3963 2103 4016 duobus
2139 3962 2326 4022 modis,

800 4063 891 4107 aut
931 4051 1280 4119 adimplendo,
1309 4050 1528 4103 Domino
1553 4048 1846 4114 adiuvante,
1874 4048 2205 4115 sponsionem
2232 4063 2328 4101 no-

801 4151 994 4203 stram;
1029 4147 1118 4191 aut
1139 4140 1183 4192 si
1205 4138 1434 4206 peccatis
1460 4138 1859 4205 surripientibus
1900 4137 2331 4205 praevaricatores

804 4234 1002 4280 sancta:
1042 4224 1234 4293 regulae
1279 4222 1552 4276 existimus
1574 4262 1589 4287 ,
1639 4222 1964 4278 emendando
2006 4224 2332 4291 regularibus

804 4310 1109 4379 disciplinis.
1580 4370 1585 4373 ι
1934 4316 1955 4335 ι’

877 4398 1138 4459 Secundo,
1166 4404 1242 4457 ut,
1276 4397 1363 4463 qui
1383 4402 1623 4464 possunt,
1651 4394 1882 4463 regulam
1913 4396 2214 4449 memoriter
2253 4395 2332 4449 di-

2422 1992 2569 2057 Quod
2621 1987 2903 2060 capitulum
2966 1993 3068 2045 illis
3125 1993 3507 2047 observandum
3557 1985 3823 2069 convenit,
3869 1995 3953 2060 qui
4048 2028 4049 2039 η

2421 2082 2675 2135 hactenus
2717 2080 2966 2139 Romana:
3011 2081 3256 2135 Ecclesia:
3301 2081 3471 2136 ollicio
3509 2083 3606 2137 sub
3649 2085 3956 2138 monachico

2421 2170 2603 2223 habitu
2628 2170 2875 2239 degentes
2901 2171 2984 2224 usi
3004 2181 3143 2224 sunt.
3176 2171 3280 2225 Nos
3303 2187 3448 2235 vero,
3473 2173 3560 2240 qui
3585 2173 3651 2225 ab
3678 2173 3807 2241 ipsis
3828 2188 3955 2241 pene

2422 2257 2694 2319 cunabulis
2728 2273 2757 2311 a
2792 2258 3075 2326 majoribus
3112 2261 3304 2314 nostris
3336 2261 3524 2314 eruditi
3560 2261 3612 2313 in
3642 2262 3828 2315 eadem
3855 2262 3957 2318 dis-

2421 2349 2680 2415 positione
2714 2342 2971 2413 viximus,
3019 2350 3271 2417 quidquid
3309 2351 3470 2403 menti
3517 2350 3782 2413 occurrit,
3821 2351 3958 2417 quod

2424 2436 2734 2505 negligentia
2758 2421 3110 2504 praetermisit,
3139 2439 3435 2493 emendatio
3463 2438 3703 2505 supplere
3729 2437 3955 2495 debebit.

2424 2526 2475 2577 id
2509 2532 2608 2589 est,
2642 2540 2823 2579 omnes
2852 2528 2994 2579 hora:
3031 2526 3298 2579 canonica:
3328 2534 3433 2578 tam
3470 2527 3535 2579 ad
3571 2535 3860 2579 nocturnas
3887 2527 3955 2577 vi-

2422 2613 2592 2679 gilias,
2622 2627 2778 2681 quam
2815 2613 2880 2666 ad
2920 2613 3137 2667 diurnas
3178 2615 3335 2667 horas
3377 2622 3595 2682 excepto
3620 2614 3957 2681 completoric

2423 2699 2723 2767 antiphonis
2765 2702 3135 2755 terminentur.
3182 2701 3582 2756 liebdomadarii
3627 2702 3865 2772 legentes
3910 2702 3960 2755 in

2424 2787 2707 2842 refectorio
2757 2789 3009 2842 lectiones
3053 2804 3149 2856 per
3194 2791 3427 2859 singulas
3480 2792 3638 2845 horas
3682 2792 3962 2846 canonicas

2424 2878 2704 2958 unicuique
2733 2879 2956 2947 tempori
2980 2885 3345 2946 congruentes,
3368 2881 3427 2933 .in
3465 2879 3689 2935 ecclesia
3713 2882 3959 2957 recitant,

2424 2982 2556 3036 quas
2581 2983 2677 3036 per
2713 2969 2953 3021 ordinem
2982 2968 3249 3021 memoria:
3281 2970 3666 3023 commendent.
3709 2968 3962 3023 Similiter

2423 3063 2477 3107 et
2504 3069 2612 3119 eas,
2641 3070 2757 3123 qua:
2784 3063 3017 3122 tempore
3043 3055 3226 3109 aestivo
3266 3071 3330 3109 ex
3359 3058 3627 3124 prophetis
3656 3059 3721 3111 ad
3753 3066 3963 3111 noctur-

2427 3158 2521 3197 nas
2566 3144 2905 3199 decantanda:
2941 3152 3084 3209 sunt,
3114 3145 3562 3211 pronuntiationes
3596 3146 3649 3197 in
3686 3146 3853 3199 choro
3873 3159 3962 3213 per

2425 3241 2533 3286 tres
2560 3234 2717 3287 horas
2741 3232 3039 3294 canonicas,
3067 3232 3118 3285 id
3150 3241 3251 3294 est,
3276 3232 3339 3286 ad
3360 3241 3663 3296 nocturnos,
3694 3235 3962 3287 matutinis

2424 3333 2479 3376 et
2501 3323 2812 3391 vespertinis
2852 3323 3197 3397 conventibus
3240 3324 3355 3378 sine
3393 3325 3781 3381 intermissione
3816 3325 3959 3379 ﬁant.

2426 3409 2617 3463 Psalmi
2637 3410 2875 3465 ordinate
2899 3412 3094 3479 absque
3122 3410 3223 3466 ulla
3260 3410 3595 3467 festinatione
3620 3413 3961 3469 divisionibus

2427 3497 2480 3550 in
2504 3497 2744 3551 versibus
2782 3498 3059 3552 custoditis
3095 3480 3413 3565 psallantur:
3456 3499 3724 3553 orationes
3769 3515 3886 3568 qua:
3931 3514 3960 3552 a

2427 3587 2696 3639 sacerdote
2727 3586 3034 3648 recitantur,
3069 3598 3233 3653 usque
3277 3586 3346 3651 ad
3382 3577 3692 3640 divisionem
3717 3603 3958 3642 versuum

2430 3673 2494 3726 ab
2517 3673 2701 3727 eodem
2727 3672 2998 3727 sacerdote
3034 3674 3597 3739 dicantuyacdeinde
3642 3675 3961 3745 subsequen-

2430 3758 2500 3810 tia
2549 3760 2885 3826 congregatio
2934 3762 3261 3827 respondeat.
3321 3760 3796 3829 Quinquagesimus
3851 3766 3958 3817 sine

2429 3843 2735 3899 confusione
2775 3844 2996 3911 alicujus
3040 3847 3468 3914 praecipitationis
3494 3847 3670 3901 choris
3703 3849 3960 3903 alternan-

2429 3933 2570 3988 tibus
2616 3935 2865 3988 dicatur:
2905 3934 3062 4002 Κριτία
3103 3935 3304 4003 eleyson
3350 3936 3403 3989 in
3438 3936 3622 3990 ordine
3662 3952 3760 3991 suo
3808 3939 3957 3991 simul

2430 4021 2625 4074 stando-
2638 4020 2878 4074 ordinate
2906 4021 3202 4075 decantent.
3236 4021 3309 4074 Ea
3346 4037 3473 4076 vero
3494 4036 3611 4090 qum
3648 4025 3700 4077 in
3739 4025 3955 4094 regulari

2431 4108 2800 4163 distributione
2835 4109 3152 4178 psalmorum
3187 4109 3253 4163 de
3297 4124 3393 4164 usu
3431 4109 3676 4165 Romana:
3718 4112 3958 4166 Ecclesia

2429 4198 2603 4251 addita
2635 4208 2777 4262 sunt,
2815 4209 2869 4252 et
2910 4199 2962 4252 in
2991 4199 3300 4266 quibusdam
3333 4199 3586 4253 coenobiis
3629 4200 3684 4253 in
3731 4216 3828 4254 usu
3858 4215 3955 4254 non

2431 4287 2707 4348 habentur,
2740 4287 2910 4339 adhuc
2950 4286 3100 4339 nobis
3124 4286 3393 4340 retinenda
3433 4286 3753 4351 censuimus,
3801 4288 3960 4342 donec

2432 4374 2671 4428 consultu
2703 4373 2976 4428 meliorum
3021 4382 3111 4427 aut
3162 4373 3508 4439 dimittantur,
3551 4381 3642 4427 aut
3683 4375 3955 4428 tenendum

807 4493 1033 4538 soerent.
1051 4483 1147 4537 Ubi
1167 4459 1483 4550 jungendum
1507 4459 1818 4549 putavimus,
1846 4490 1924 4544 ut,
1946 4496 2065 4536 cum
2092 4497 2155 4535 ex
2175 4483 2331 4539 corde
2362 4492 2410 4550 ι)
2434 4459 2655 4513 Oculo”
2686 4459 2985 4521 reddam“-

809 4572 1073 4626 recitanda
1091 4571 1301 4633 dicitur,
1327 4585 1357 4622 a
1383 4571 1719 4624 dictatoribus
1742 4570 1997 4623 ordinatis
2022 4571 2333 4626 distantibus

812 4661 1200 4725 interpretetur.
1228 4656 1486 4721 Quosdam
1510 4672 1636 4709 vero
1668 4665 1831 4710 totam
1853 4672 1949 4723 per
1968 4659 2202 4711 ordinem
2229 4676 2337 4713 me-

812 4745 993 4800 moria:
1020 4743 1387 4799 commendare
1402 4742 1672 4809 iussimus,
1692 4736 1785 4811 qui
1804 4743 2050 4811 descripti
2079 4746 2132 4798 in
2156 4755 2335 4821 nostro

812 4834 1049 4901 catalogo
1069 4833 1418 4895 continentur,
1443 4847 1664 4900 quorum
1688 4846 1935 4886 numerus
1961 4848 2128 4900 usque
2150 4836 2216 4887 ad
2243 4834 2336 4886 tri-

813 4924 955 4992 ginta
984 4936 1075 4976 sex
1110 4914 1383 4973 excrescit.
1411 4918 1729 4982 Quibusdam
1753 4933 1878 4972 vero
1908 4921 2133 4986 capitula
2157 4922 2335 4975 decem

815 5025 878 5064 ex
903 5010 1084 5062 eadem
1124 5006 1301 5075 regula
1351 5004 1678 5058 denominata
1719 5006 1963 5061 discenda
1997 5007 2334 5074 iniunximus,

814 5098 907 5167 qui
944 5097 1099 5149 simili
1128 5096 1283 5150 modo
1316 5094 1561 5162 descripti
1589 5088 1893 5158 noscuntur;
1929 5097 2029 5149 nisi
2054 5097 2187 5151 forte
2212 5106 2339 5152 teta-

817 5188 884 5239 tis
905 5193 996 5238 aut
1018 5184 1162 5236 visus
1183 5184 1604 5251 impedimentum
1624 5185 1691 5237 ad
1712 5185 2013 5239 discendum
2039 5187 2297 5240 obstiterit
2323 5204 2336 5239 :

817 5272 990 5326 saltim
1016 5272 1129 5324 hinc
1164 5269 1340 5323 clauso
1366 5272 1545 5325 codice
1572 5284 1637 5324 ex
1662 5271 1819 5326 corde
1844 5281 2060 5340 possunt
2080 5274 2334 5341 proferre.

818 5359 919 5423 Qui
954 5373 1077 5411 vero
1109 5372 1207 5411 nec
1230 5374 1295 5412 ex
1329 5358 1533 5427 integro
1572 5374 1668 5413 nec
1694 5373 1759 5412 ex
1797 5368 1945 5427 parte
1987 5361 2086 5413 ista
2125 5376 2339 5428 percur-

819 5462 937 5500 rere
993 5447 1317 5512 nequierint,
1372 5447 1639 5501 audiendzn
1698 5449 1966 5501 sententiae
2019 5448 2337 5517 singulorum
2389 5449 2397 5455 ’

819 5539 1094 5597 penetrent
1121 5539 1173 5586 et
1213 5536 1370 5589 menti
1415 5541 1684 5601 reponant,
1733 5535 1785 5587 in
1824 5550 1927 5601 quo
1965 5550 2021 5588 se
2063 5537 2341 5603 participes

822 5618 1044 5681 caeteris,
1069 5620 1113 5672 si
1135 5634 1292 5688 opere
1324 5621 1496 5674 audita
1523 5622 1878 5689 probaverim,
1905 5637 2021 5676 esse
2066 5636 2166 5674 non
2193 5622 2343 5676 dubi-

825 5712 956 5757 tent.
995 5706 1094 5761 Ubi
1133 5708 1288 5761 etiam
1332 5710 1621 5764 addendum
1666 5717 1765 5778 est,
1807 5718 1863 5762 ut
1910 5708 2079 5762 nullus
2120 5708 2339 5763 fratrum

2497 4567 2712 4633 Quarto,
2762 4578 2820 4621 ut
2858 4569 3073 4621 abbates
3112 4581 3413 4621 communes
3451 4582 3567 4623 esse
3593 4570 3816 4624 debeant
3851 4570 3957 4637 eius
4000 4604 4005 4609 -

2430 4658 2700 4710 monachis
2725 4658 2776 4707 in
2806 4657 3184 4719 manducando,
3208 4658 3260 4710 in
3286 4657 3528 4716 bibendo.
3554 4657 3607 4710 in
3636 4659 3954 4724 dormienda,

2430 4760 2524 4799 seu
2551 4745 2604 4797 in
2629 4744 2833 4797 caneris
2859 4744 3174 4811 quibuslibet
3215 4746 3405 4798 causis.
3435 4745 3492 4797 In
3531 4734 3631 4799 hoc
3656 4746 3848 4815 quippe
3875 4756 3957 4800 n6-

2432 4836 2572 4902 gotio
2604 4835 2680 4887 uti
2704 4834 2931 4903 regulari
2950 4842 3209 4901 potestate
3230 4833 3370 4896 volo,
3407 4835 3490 4887 cui
3518 4849 3620 4903 nou
3657 4834 3957 4901 prtejudicat

2432 4923 2651 4989 alicujus
2708 4936 2857 4975 novae
2907 4923 3294 4976 constitutionis
3349 4934 3591 4977 censura.
3643 4921 3767 4977 Sive
3821 4926 3953 4978 enim

2432 5011 2695 5064 communi
2720 5010 2879 5072 victu,
2910 5024 3002 5064 seu
3027 5011 3080 5062 in
3108 5008 3424 5062 abstinentia
3449 5009 3723 5079 singulari,
3744 5012 3955 5078 quilibet

2434 5114 2642 5154 rumore
2666 5099 2805 5167 vulgi
2829 5098 3059 5166 respergi
3088 5097 3299 5164 poterit,
3332 5097 3472 5164 quod
3497 5105 3551 5150 et
3579 5098 3819 5164 exemplo
3846 5096 3955 5150 Sal-

2434 5188 2630 5240 vatoris
2663 5194 2716 5240 et
2740 5187 2853 5254 ejus
2875 5184 3215 5252 praecursoris
3243 5182 3437 5237 factum
3476 5184 3815 5251 dignoscitur.
3855 5185 3954 5237 Nos

2435 5287 2559 5325 vero
2584 5273 2719 5325 sicut
2743 5273 2795 5323 in
2828 5278 3083 5323 conventu
3114 5270 3694 5323 fratrumiulirmitates
3727 5254 3954 5337 corporis

2435 5359 2600 5411 nostri
2642 5358 3008 5425 exposuimus,
3055 5372 3158 5410 non
3204 5358 3259 5410 in
3311 5363 3511 5409 tantum
3554 5358 3953 5424 obtemperantio

2437 5448 2568 5515 gula:
2609 5446 2884 5507 illiscebris,
2923 5453 3174 5511 quantum
3215 5443 3530 5515 consulendo
3563 5446 3953 5500 necessitatibus

2438 5513 2689 5599 corporis,
2713 5531 3007 5583 sic‘victum
3032 5538 3265 5583 nostrum
3296 5513 3514 5584 Domino
3535 5531 3836 5587 moderante
3860 5534 3954 5585 dis-

2438 5634 2632 5687 ponere
2656 5619 2911 5685 cupimus,
2949 5627 3008 5671 ut
3055 5626 3108 5672 et
3144 5619 3396 5673 sustineat
3442 5617 3507 5671 ad
3556 5618 3726 5683 utilia,
3767 5630 3822 5673 et
3856 5635 3952 5673 non

2441 5719 2625 5762 noceat
2651 5707 2713 5761 ad
2748 5709 2982 5761 adversa.

4032 1330 4037 1415 φ

4036 1422 4039 1521 Ἰ
