4266 6432
170 11 409 179 r
573 0 944 97 *θ
1508 13 1553 19 θ’

282 446 344 498 τι
358 446 374 501 Ι

1495 452 1886 506 REGULABIA
1931 453 2265 510 STATUTA.

3375 474 3484 535 749.

344 557 561 617 υυίυιο,
592 564 649 609 ιη
682 556 873 610 fratres
899 558 951 610 in
979 558 1225 625 coquina,
1278 560 1329 612 in
1367 560 1610 628 pistrino,
1650 571 1703 615 et
1734 578 1829 616 cac-
1858 569 1904 625 A
1930 564 2226 628 nullatenus
2255 567 2367 620 ﬁcri
2407 577 2580 636 potest
2610 581 2825 640 propter
2861 577 3099 633 notitiam
3142 581 3395 650 locorum,
3422 591 3474 643 in

282 646 408 699 teris
442 644 630 699 olﬁciis
674 648 867 698 artium
913 646 1143 714 propriis
1181 646 1424 701 manibus
1470 648 1726 714 laborent,
1775 660 1829 704 et

281 733 595 787 vestimenta
621 747 718 786 sua
742 733 948 785 lavent:
981 734 1034 786 in
1074 733 1335 787 lavationc
1362 737 1587 789 vestium
1613 739 1827 803 antiqua

282 821 607 875 consuetudo
630 828 886 882 teneatur,
912 828 988 885 ut,
1017 822 1107 890 qui
1130 836 1224 890 per
1250 838 1307 876 se
1331 833 1569 890 possunt,
1595 824 1787 878 faciant
1811 841 1824 889 ;

283 911 372 979 qui
400 926 528 966 vero
559 913 706 967 senio
742 918 835 965 aut
872 911 1178 967 inﬁrmitate
1224 915 1492 980 deficiunt,
1535 933 1660 970 cura
1684 934 1830 985 prae—

282 1000 439 1065 positi
471 1001 538 1054 ab
563 999 679 1053 aliis
721 999 884 1067 adiuti
910 1015 1093 1054 eorum
1134 1004 1423 1056 necessitas
1450 1005 1743 1070 expleatur.
1774 1005 1828 1056 in

282 1086 653 1141 calceamentis
681 1103 806 1141 vero
844 1097 898 1142 et
934 1090 1262 1143 vestimentis
1302 1092 1618 1144 consuendis
1658 1093 1831 1145 adhuc

281 1176 547 1230 ordinatio
573 1185 756 1231 nostra
803 1186 1059 1240 teneatur,
1104 1178 1174 1230 ita
1199 1187 1259 1230 ut
1293 1180 1383 1247 qui
1409 1194 1505 1247 per
1532 1195 1589 1232 se
1628 1182 1728 1233 hoc
1754 1180 1831 1232 fa—

281 1277 401 1317 cere
428 1264 718 1330 potuerint,
758 1263 954 1319 faciant
980 1282 993 1317 :
1017 1265 1207 1333 quibus
1246 1282 1371 1322 vero
1401 1283 1560 1321 causa
1590 1269 1832 1336 impossi-

281 1349 503 1406 bilitatis
530 1368 690 1421 supra
726 1353 990 1421 descripta
1017 1354 1299 1416 obstiterit,
1329 1371 1456 1408 cura
1487 1357 1752 1423 praepositi
1775 1364 1831 1409 et

279 1441 772 1495 camerariicorum
812 1442 1097 1494 necessitas
1139 1451 1481 1505 sustentetur,
1511 1459 1577 1496 ne
1619 1444 1685 1496 ab
1714 1444 1831 1496 aliis

279 1527 423 1580 intus
450 1528 645 1582 forisve
666 1528 855 1582 solatio
886 1529 965 1582 eis
1006 1528 1071 1581 ad
1111 1530 1208 1581 hoc
1233 1531 1499 1596 qnmrendi
1544 1534 1832 1585 necessitas

280 1616 573 1669 incumbat.
620 1616 833 1669 interim
876 1630 1024 1679 vero,
1063 1630 1168 1684 quo
1206 1617 1317 1670 lucc
1363 1617 1533 1673 taliter
1558 1628 1829 1686 geruntur,

278 1702 576 1757 instruendi
599 1712 721 1758 sunt
745 1703 988 1769 fullones,
1021 1714 1270 1770 sartores,
1302 1715 1507 1760 sutores
1530 1721 1633 1760 non
1666 1707 1830 1761 forin-

276 1806 434 1847 secus
471 1793 608 1846 sicut
635 1794 909 1856 hactenus,
941 1795 1032 1847 sed
1070 1795 1415 1858 intrinsecus,
1454 1797 1545 1865 qui
1584 1796 1681 1849 ista
1717 1796 1827 1848 fra-

1927 655 2119 721 qnibus
2139 669 2389 721 prensum.
2415 659 2627 713 interim
2652 678 2779 716 vero
2798 672 3005 720 actores
3025 668 3145 721 boni
3170 675 3475 737 providendi

1927 750 2066 801 sunt,
2098 745 2184 811 qui
2213 746 2460 810 praedicta
2491 749 2602 801 loca
2632 750 2683 802 in
2715 762 2985 818 posterum
3022 761 3348 824 provideant.

1999 829 2288 886 Undecimo
2325 852 2336 886 :
2375 845 2431 888 ut
2482 852 2633 905 poma
2671 849 2725 893 et
2764 842 3002 909 lactucae,
3049 828 3306 903 nisi.cum
3343 852 3479 907 alius

1927 916 2076 970 cibus
2121 921 2367 985 sumitur,
2422 940 2524 977 non
2576 930 2938 996 comedantur,
2976 937 3115 1000 quod
3160 940 3339 993 statim
3383 941 3479 994 ad-

1928 1005 2200 1071 impletum
2230 1020 2327 1075 est.

1997 1096 2315 1151 Duodecimn
2337 1117 2462 1157 vero
2483 1106 2713 1172 capitulo
2742 1122 2835 1166 :ut
2869 1123 3071 1182 tempus
3105 1119 3475 1185 phlebotomia!

1928 1193 2132 1236 certum
2161 1201 2263 1239 non
2302 1190 2613 1246 terminetur
2641 1213 2653 1247 :
2682 1198 2783 1251 nisi
2824 1206 3034 1268 quando
3059 1208 3348 1263 necessitas
3386 1226 3449 1265 ex

1928 1273 2114 1337 poscit,
2147 1277 2486 1330 concedatur.
2526 1280 2623 1335 Ubi
2644 1281 2968 1354 jungendum
3001 1302 3104 1356 est,
3124 1302 3210 1358 ut,
3241 1298 3330 1363 qui
3361 1294 3477 1352 tanl

1928 1363 2203 1414 tummodo
2245 1364 2734 1436 phlebotomantur,
2764 1376 3199 1447 quadragesimali
3244 1385 3362 1437 cibo
3389 1401 3475 1439 re-

1927 1454 2175 1499 creentur
2200 1466 2213 1499 :
2238 1451 2327 1515 qui
2354 1468 2480 1507 vero
2504 1458 2769 1523 potionem
2792 1478 2895 1529 pro
2926 1467 3086 1521 certis
3116 1478 3206 1523 aut
3245 1471 3479 1525 denomi-

1930 1532 2068 1585 natis
2098 1536 2433 1600 passionibus
2474 1541 2733 1609 biberint,
2770 1564 2861 1602 esu
2911 1553 3200 1610 volatilium
3233 1574 3479 1627 reparen-

1930 1629 2035 1672 tur.
2087 1623 2153 1675 Et
2180 1625 2297 1679 ideo
2323 1628 2585 1697 volatilia,
2616 1650 2733 1702 qua:
2771 1637 2836 1691 de
2871 1643 3036 1695 curtis
3071 1647 3267 1700 nostris
3288 1623 3473 1702 venire

1930 1726 2103 1767 annuo
2150 1724 2383 1786 tempore
2431 1724 2573 1779 soliti
2622 1727 2847 1793 fuerant,
2879 1734 2943 1786 ad
2968 1735 3067 1789 hoc
3102 1750 3471 1795 reserventur:

1930 1815 2051 1867 quae
2072 1817 2198 1857 vero
2227 1820 2290 1860 ex
2316 1819 2436 1864 acto
2462 1811 2632 1882 [ϐοείη
2661 1820 2865 1890 exacte]
2897 1839 3057 1878 censu
3084 1827 3149 1880 ab
3176 1827 3477 1885 hominibus

276 1883 454 1935 tribus
480 1882 845 1936 necessitatem
876 1883 1190 1936 trahentibus
1217 1882 1434 1948 faciant,
1457 1899 1575 1952 quae
1608 1885 1830 1938 induciae
1862 1874 1905 1930 Β
1931 1894 2128 1946 nostris
2153 1907 2424 1964 venerant,
2448 1907 2776 1969 pensandum
2802 1874 3031 1977 qualiter
3059 1913 3111 1967 in
3141 1914 3360 1971 fratrum
3385 1934 3478 1973 ne-

275 1984 448 2038 usque
480 1970 743 2025 Kalendas
779 1970 1117 2039 Septembres
1151 1973 1422 2039 proximas
1462 1973 1648 2027 danda:
1682 1981 1825 2027 sunt.

273 2055 329 2110 In
377 2058 698 2127 coquinandi
740 2073 867 2112 vero
894 2065 947 2112 et
982 2059 1293 2126 pistrinaudi
1320 2068 1436 2115 arte
1463 2059 1516 2113 in
1551 2074 1829 2114 commune
1896 2070 1902 2075 ‘

272 2149 339 2203 ab
369 2135 626 2202 omnibus
653 2149 947 2216 adjuvetur,
975 2157 1082 2201 tam
1113 2161 1143 2202 a
1174 2151 1571 2217 septemauariis
1613 2166 1770 2218 quam
1798 2166 1829 2203 a

271 2239 499 2307 reliquis
531 2239 797 2301 omnibus,
822 2239 1012 2306 quibus
1045 2239 1233 2292 solatio
1274 2241 1381 2293 sint
1422 2240 1604 2304 novitii
1634 2249 1689 2313 et
1719 2240 1827 2309 pul-

270 2335 457 2379 santes
501 2328 666 2379 nostri
696 2326 763 2378 ad
800 2326 903 2379 hoc
947 2327 1201 2395 deputati,
1243 2328 1407 2382 donec
1436 2330 1503 2382 in.
1527 2329 1830 2408 supradicto

269 2416 448 2484 spatio
492 2416 743 2484 temporis
786 2414 981 2471 fratres
1019 2421 1084 2471 ad
1136 2419 1237 2473 hoc
1278 2420 1556 2488 eligantur,
1595 2422 1686 2488 qui
1729 2422 1830 2476 hoc

268 2503 464 2557 annuis
494 2505 818 2573 temporibus
855 2506 1093 2559 excursis
1122 2506 1351 2559 vicissim
1379 2507 1648 2576 expleant,
1672 2518 1828 2564 caete-

268 2608 458 2649 rorum
487 2594 726 2647 omnium
749 2594 960 2657 solatio,
991 2595 1127 2647 sicut
1147 2594 1422 2657 hactenus,
1450 2595 1636 2663 adjuti.

338 2680 530 2746 Sexto,
556 2681 635 2736 de
666 2682 831 2736 modo
856 2682 1156 2751 vigiliarum
1199 2684 1550 2749 observando,
1594 2686 1731 2740 sicut
1774 2688 1826 2740 in

264 2772 362 2826 illo
390 2771 684 2840 capitulare
721 2773 1045 2836 continetur,
1091 2773 1282 2827 sullicit
1321 2776 1493 2839 nobis,
1536 2776 1589 2830 id
1629 2784 1731 2839 est,
1772 2785 1829 2829 ut

265 2874 406 2928 opus
433 2859 732 2929 vigiliarum
757 2875 967 2929 semper
990 2862 1221 2916 cumdie
1264 2860 1496 2926 ﬁniatur,
1544 2864 1646 2917 nisi
1692 2863 1827 2919 forte

265 2947 535 3001 maturius
571 2949 845 3017 contingat
871 2962 1108 3018 surgere,
1136 2951 1223 3005 ubi
1252 2965 1472 3007 necesse
1514 2960 1597 3006 est
1640 2961 1700 3006 ut
1728 2954 1827 3006 im-

262 3036 531 3092 becillitas
549 3052 834 3108 corporum
852 3053 1038 3095 somno
1062 3038 1405 3093 refocilletur.
1779 3091 1787 3103 ,

334 3124 598 3193 Septimo,
617 3134 681 3180 ut
697 3141 729 3179 a
748 3126 1050 3181 volatilibus
1068 3128 1211 3180 omni
1235 3134 1469 3194 tempore
1489 3127 1559 3182 ab
1576 3128 1822 3182 omnibus

261 3215 623 3281 abstineatur,
648 3224 869 3284 excepta
902 3230 1061 3273 causa
1086 3216 1428 3281 infirmitatis,
1461 3212 1585 3272 licet
1615 3218 1716 3272 hoc
1740 3234 1822 3272 re-

258 3295 403 3373 gulis:
436 3303 731 3357 auctoritas
758 3317 863 3356 non
891 3304 1191 3369 interdicat,
1214 3305 1307 3359 sed
1327 3306 1477 3373 quasi
1518 3307 1574 3360 in
1600 3307 1824 3362 arbitrio

258 3394 457 3449 edendi
499 3402 593 3458 aut
627 3394 925 3449 abstinendi
962 3394 1310 3463 derelinquat.
1361 3394 1719 3453 Decreverunt
1766 3398 1821 3451 in

258 3483 488 3554 praefata
516 3485 718 3553 synodo
739 3485 908 3540 sancti
934 3484 1117 3539 Patres
1145 3485 1268 3554 quia
1294 3486 1492 3555 optioni
1521 3498 1712 3544 nostrae
1737 3504 1822 3545 re-

259 3574 450 3629 lictum
490 3581 606 3637 est,
649 3573 993 3643 religiosioris
1036 3574 1159 3629 vita».
1203 3589 1413 3630 sumere
1453 3577 1819 3645 disciplinam,
1854 3612 1898 3653 χ

1928 1983 2154 2035 cessaria
2186 1985 2369 2041 utilius
2396 1998 2689 2047 vertantur.

2000 2068 2180 2124 Tertio
2208 2066 2413 2129 decimo
2455 2094 2467 2128 :
2520 2089 2579 2133 ut
2628 2085 2933 2141 mandatum
2963 2101 3082 2159 post
3109 2108 3317 2149 canam
3362 2095 3473 2162 ﬁat,

1930 2157 2069 2224 quod
2096 2166 2150 2211 et
2176 2172 2330 2215 antea
2360 2164 2604 2221 similiter
2629 2169 2867 2228 fecimus.

1998 2242 2199 2307 Quarto
2243 2248 2450 2306 decimo
2482 2270 2494 2304 :
2527 2254 2679 2320 Quod
2705 2259 2771 2313 de
2795 2276 3018 2318 numero
3042 2270 3472 2331 vestimentorum
3550 2308 3558 2317 ς

1928 2343 2020 2382 seu
2051 2331 2529 2393 calceamentorum
2568 2341 2768 2399 dictum
2807 2358 2906 2412 est,
2935 2354 3072 2407 etde
3095 2355 3308 2412 datione
3333 2363 3477 2415 uncti

1926 2596 2290 2664 praebeantur,
2333 2606 2600 2661 veteribus
2646 2609 2699 2662 in
2743 2618 2989 2678 praesenti
3037 2621 3255 2676 redditis
3298 2603 3325 2676 ε¹
3355 2640 3473 2694 quae

1926 2698 2053 2738 vero
2080 2689 2510 2754 superabundant
2532 2696 2701 2761 priori
2734 2700 3023 2757 reddantur
3046 2718 3258 2776 propter
3280 2689 3474 2780 paupe-

1927 2787 2013 2825 res
2051 2776 2418 2832 consolandos.
2455 2780 2675 2837 Corium
2712 2801 2837 2841 vero
2878 2791 3177 2847 contectum
3223 2776 3475 2853 fratribus

1924 2858 2079 2913 detur
2124 2862 2193 2921 ad
2230 2879 2429 2919 annum
2481 2869 2618 2924 sicut
2676 2883 2829 2938 ante,
2879 2893 3043 2945 usque
3092 2882 3214 2935 dum
3264 2895 3473 2943 sutores
3526 2924 3532 2929 -

1924 2948 2244 3004 nutriantur.
2285 2953 2434 3009 Tunc
2467 2957 2823 3016 calceamenta
2849 2969 3205 3035 praebeantur,
3240 2973 3376 3028 sient
3413 2977 3468 3031 in

1922 3039 2126 3105 synodo
2147 3041 2421 3131 deﬁnitum
2451 3056 2550 3101 est.
2583 3049 2821 3107 Radendi
2850 3071 2977 3111 vero
3011 3075 3157 3126 usus,
3184 3066 3272 3131 qui
3299 3066 3471 3121 media

1921 3129 2323 3197 quadragesima
2361 3133 2565 3190 solebat
2589 3137 2723 3202 ﬁeri,
2761 3141 2815 3195 in
2850 3144 3130 3200 sabbatum
3174 3129 3342 3205 sancti
3368 3151 3471 3207 Pa-

1900 3215 2064 3270 scha:
2091 3217 2382 3273 differatur.

1992 3300 2154 3358 Sexto
2194 3304 2417 3361 decimo
2439 3323 2565 3364 vero
2619 3321 2674 3367 et
2718 3314 2923 3372 decimo
2974 3322 3199 3389 septimo
3245 3328 3474 3395 capitulo

1921 3390 2051 3444 nihil
2089 3392 2386 3449 addendum
2419 3405 2531 3464 est,
2562 3402 2861 3468 quiasicut
2889 3418 3011 3462 ante
3045 3426 3076 3464 a
3115 3415 3268 3469 nobis
3289 3390 3475 3471 obser-

1919 3487 2100 3533 vatum
2126 3490 2229 3547 est,
2253 3485 2331 3538 sic
2360 3484 2569 3542 inantea
2598 3491 2983 3549 observabitur.

1992 3566 2208 3622 Decimo
2241 3579 2431 3627 octavo
2469 3577 2704 3645 capitulo
2740 3582 2795 3635 in
2833 3597 2940 3651 quo
2972 3599 3157 3641 carcer
3196 3588 3317 3645 talis
3354 3589 3470 3647 fieri

257 3677 469 3730 suoque
493 3668 758 3731 mpm
782 3660 1145 3727 ﬁrmaverunt,
1173 3670 1226 3716 ιι(
1254 3678 1286 3716 α
1316 3663 1406 3716 εει-ί
1430 3664 1604 3719 edulio
1632 3680 1818 3719 ωοιη-
1886 3652 1891 3653 “
1912 3652 2145 3721 jubetur,
2174 3667 2232 3713 ut
2258 3659 2406 3716 focus
2435 3664 2486 3717 in
2515 3681 2579 3721 eo
2605 3667 2717 3722 fieri
2744 3674 2946 3739 possit;
2978 3676 3077 3730 iste
3102 3693 3257 3747 quem
3282 3682 3468 3738 hacte-

256 3754 346 3805 chi
381 3752 720 3806 abstinentia:
764 3749 916 3807 freno
960 3753 1105 3808 omni
1150 3761 1383 3823 tempore
1414 3755 1816 3821 cohiberentur,

257 3847 485 3907 excepta
512 3853 675 3893 causa
701 3824 1033 3894 necessitatis
1060 3843 1460 3909 suprascripta.’

329 3925 537 3982 Octavo
574 3936 629 3981 et
654 3930 805 3981 nono
850 3928 1111 3997 capitulis,
1150 3930 1206 3983 in
1244 3933 1435 3999 quibus
1469 3934 1669 3989 lavatio
1718 3950 1817 4001 pe—

257 4015 388 4067 dum
420 4014 473 4066 in
499 4012 913 4083 Quadragcsima
945 4023 1001 4069 ct
1041 4015 1202 4070 Coena
1242 4018 1450 4073 Domini
1480 4021 1817 4086 describitur,

259 4101 404 4158 facili
426 4102 615 4156 ordine
638 4102 835 4169 poterit
865 4103 1155 4168 observari,
1185 4104 1229 4159 si
1253 4104 1419 4159 abbas
1449 4122 1680 4175 praesens
1705 4108 1817 4164 fue-

260 4191 373 4242 rit:
403 4189 608 4253 sinon,
633 4190 966 4260 praepositus,
1012 4191 1104 4262 qui
1151 4192 1205 4247 in
1246 4194 1361 4249 vice
1399 4193 1513 4263 eius
1552 4205 1656 4261 est,
1678 4198 1815 4253 sicut

258 4277 461 4340 locum,
490 4276 566 4330 ita
594 4275 829 4332 cilicium“
848 4278 1125 4347 compleat.

326 4381 585 4436 Decimo:
611 4390 671 4436 ut
692 4382 911 4438 abbates
938 4383 1240 4453 frequenter
1272 4388 1426 4443 villas
1449 4406 1553 4445 non
1585 4394 1811 4449 circum-

1920 3760 2021 3798 nus
2059 3747 2341 3804 habuimus
2372 3751 2618 3821 sulliciat,
2647 3772 2817 3826 usque
2857 3762 2980 3815 dum
3010 3765 3126 3832 plus
3170 3772 3467 3825 necessaria

1918 3834 2161 3899 aedilicia,
2201 3852 2320 3904 quae
2354 3840 2476 3909 igne
2499 3856 2812 3917 consumpta
2840 3858 2984 3915 sunt,
3014 3861 3395 3911 restaurentur.

1989 3921 2213 3978 Decimo
2248 3940 2387 3980 nono
2433 3930 2676 3998 capitulo-
2708 3933 2771 3989 de
2822 3936 3041 4007 Alleluia
3099 3942 3469 3999 decantatione
3564 3942 3567 3947 ’

1917 4012 2055 4067 sicut
2088 4014 2146 4066 in
2188 4016 2372 4070 eadem
2415 4021 2619 4087 synodo
2654 4023 2924 4087 deﬁnitum
2955 4038 3056 4093 est,
3083 4030 3334 4088 Romana:
3359 4034 3461 4089 Ec-

1916 4101 2090 4156 clesia:
2147 4105 2483 4160 concorditer
2511 4116 2570 4161 ut
2603 4109 2657 4164 in
2683 4110 3085 4185 Septuagesima
3145 4120 3461 4176 dimittatur.

1986 4189 2249 4246 Vicesimo
2302 4194 2536 4262 capitulo
2594 4198 2659 4252 de
2716 4206 3050 4271 susceptione
3112 4209 3460 4277 novitiorum,

1915 4279 2051 4333 sicut
2084 4280 2263 4348 regula
2288 4282 2462 4348 docet,
2491 4285 2562 4340 ita
2604 4296 2810 4356 agatur.
2863 4292 3101 4348 Tonsura
3126 4310 3253 4351 vero
3275 4313 3463 4353 comm

1913 4374 1968 4419 et
2004 4370 2227 4423 mutatio
2250 4372 2686 4451 vestimentum
2732 4387 3013 4447 postquam
3055 4386 3460 4451 promissionem

254 4476 383 4523 eam
400 4468 506 4523 ubi
538 4484 697 4524 causa
724 4447 1076 4537 ηωεεεὶωίέ,
1100 4489 1197 4528 nec
1217 4472 1469 4531 fratribus
1496 4478 1611 4533 nhs
1636 4447 1813 4537 δυέῶ,
1839 4480 1895 4539 η
1914 4471 2065 4511 suam
2107 4447 2439 4515 firmaverint
2478 4472 2684 4533 agatur.
2734 4467 2810 4521 De
2837 4472 3200 4527 sacerdotibus
3222 4490 3351 4529 vero
3377 4477 3460 4532 vel

253 4556 484 4610 diendas
522 4556 893 4610 committant:
922 4560 1009 4613 ubi
1037 4569 1231 4615 nostrae
1265 4563 1581 4620 visitationis
1622 4560 1811 4624 raritas

254 4645 467 4697 utinam
496 4651 701 4698 noceat.
730 4641 862 4697 Nam
898 4644 1332 4715 frequentationis
1356 4652 1652 4709 circumitio
1675 4656 1812 4711 inter

254 4731 411 4786 villas
441 4729 563 4784 ideo
588 4742 855 4800 nunquam
882 4732 942 4786 ﬁt
982 4749 1012 4788 a
1050 4737 1221 4801 nobis,
1248 4740 1371 4806 quia
1413 4741 1553 4797 aliud
1591 4744 1811 4813 impedi-4

254 4825 499 4872 mentum
527 4825 722 4873 nostra:
767 4820 1125 4897 ogupationis
1149 4837 1245 4878 nos
1266 4825 1479 4897 fatigat,
1506 4830 1628 4884 dum
1670 4833 1811 4887 inter

254 4920 417 4961 curas
440 4906 779 4975 episcopatus
797 4906 853 4963 'et
889 4910 1150 4978 palatinas
1188 4913 1547 4972 ordinationes
1573 4920 1715 4974 nulla
1741 4921 1808 4975 ad

252 4993 612 5061 providendas
637 4997 995 5062 possessiones
1022 5008 1232 5055 nostras
1256 5001 1406 5058 nobis
1441 5004 1652 5061 licentia
1684 5023 1809 5077 sup-

253 5078 408 5147 petit.
450 5078 555 5135 Sed
592 5080 732 5136 Deus
767 5091 841 5137 ut
874 5087 1038 5151 testis,
1080 5087 1171 5155 qui
1211 5091 1455 5147 conscius
1494 5102 1576 5149 est
1610 5099 1804 5163 cordis,

252 5168 399 5236 quod
421 5168 475 5221 in
498 5171 725 5226 terrenis
741 5173 1172 5241 occupationibus
1198 5164 1303 5234 non
1330 5190 1533 5249 sponte,
1550 5185 1641 5239 sed
1670 5184 1805 5239 invi;

254 5264 343 5309 tus
368 5254 628 5323 inber-eo,
662 5261 756 5328 qui
784 5261 1099 5332 quandoque
1130 5280 1161 5319 a
1203 5266 1666 5326 tributtsCaesaris
1707 5290 1805 5330 nos

254 5343 519 5409 absolvat,
566 5346 758 5414 quibus
804 5350 1020 5407 obnoxii
1064 5365 1264 5421 sumus,
1296 5364 1357 5410 ut
1393 5358 1649 5424 securius,
1688 5377 1804 5429 quae

253 5433 350 5486 Dei
376 5443 520 5498 sunt,
544 5435 857 5505 quandoque
878 5439 1031 5494 nobis
1053 5454 1209 5510 agere
1227 5441 1401 5499 liceat.
1426 5446 1637 5504 Fratres
1654 5466 1800 5517 vero,

251 5521 346 5591 qui
373 5522 429 5574 in
447 5522 675 5578 diversis
696 5525 1003 5582 ministeriis
1028 5528 1158 5584 foris
1176 5534 1424 5600 occupati,
1444 5534 1671 5601 fuerant,
1699 5555 1802 5595 me-

250 5610 341 5663 dio
365 5608 627 5678 Angusto,
657 5627 779 5667 cum
804 5615 1024 5670 mutatio
1047 5616 1285 5674 facienda
1321 5621 1441 5685 erit,
1469 5623 1579 5678 sive
1608 5626 1803 5682 decei-

250 5696 314 5751 lis
357 5712 452 5752 seu
493 5698 560 5752 de
596 5697 735 5753 villis
780 5702 846 5756 ad
884 5704 1181 5760 emnobium
1226 5707 1464 5772 redeant,
1496 5711 1635 5788 quod
1679 5724 1800 5770 ante

1913 4546 2245 4602 scholasticis
2274 4551 2622 4619 suscipiendis
2646 4567 2964 4624 praeceptum
3000 4563 3184 4630 synodi
3226 4577 3331 4617 non
3358 4564 3456 4618 ha-

1910 4633 2114 4699 bemus,
2146 4645 2200 4689 et
2226 4638 2347 4693 ideo
2382 4642 2648 4711 susceptio
2678 4660 2862 4701 eorum
2900 4650 3178 4718 regularis,
3200 4661 3454 4720 quantum

1908 4723 2230 4790 possibilitas
2270 4726 2435 4791 sinit,
2477 4728 2766 4796 habeatur,
2817 4749 2986 4804 usque
3024 4738 3148 4791 dum
3186 4740 3455 4795 decretum

1909 4810 2238 4867 manifestius
2266 4815 2387 4869 inde
2413 4817 2678 4872 audiatur.
2838 4840 2845 4841 ν
3396 4864 3407 4871 .
3516 4813 3528 4825 ’

1978 4921 2240 4975 Vicesimo
2280 4924 2450 4989 primo
2498 4928 2728 4995 capitulo
2771 4947 2901 4986 usus
2926 4932 3099 4987 balnei
3141 4935 3455 4995 interdictus

1906 5009 2122 5061 omnino
2159 5016 2260 5071 est,
2303 5019 2524 5080 excepto
2564 5016 2756 5083 quibus
2800 5021 3086 5073 necessitas
3128 5021 3453 5080 infirmitatis

1908 5092 2122 5151 insistit:
2170 5100 2320 5155 Unde
2356 5112 2452 5156 nos
2487 5106 2882 5162 considerantes
2923 5109 3251 5165 infirmorum
3284 5114 3451 5169 imbe-

1904 5185 2150 5239 cillitates
2191 5201 2359 5255 usque
2401 5190 2467 5242 ad
2510 5190 2719 5245 initium
2749 5193 3173 5267 Quadragesima:
3225 5202 3449 5268 scaphas

1898 5270 2148 5326 balneum
2183 5274 2539 5329 concedimus.
2583 5277 2797 5332 Interim
2830 5294 2956 5336 vero
2986 5284 3115 5337 ﬁant
3150 5301 3295 5353 cepte
3336 5289 3449 5342 bal-

1904 5359 2097 5412 nearia:
2118 5361 2448 5417 abundanter
2466 5368 2735 5432 praepositi
2758 5378 2813 5424 et
2836 5372 3095 5426 cellerarii
3117 5376 3451 5437 ordinatione

1906 5448 2076 5511 factm,
2106 5448 2159 5501 in
2199 5451 2391 5519 quibus
2422 5451 2614 5510 fratres
2639 5457 2964 5526 singillatim,
2993 5464 3048 5516 et
3079 5478 3184 5517 non
3213 5478 3449 5519 commu-

1903 5541 2062 5602 niter,
2107 5555 2228 5594 eum
2274 5545 2564 5599 necessitas
2610 5548 2873 5614 exposcit,
2925 5552 3288 5607 benedictione
3324 5564 3449 5611 ante

1901 5630 2363 5697 percepta,lavare
2381 5634 2604 5702 possint,
2621 5635 2845 5691 invicem
2874 5640 2974 5692 sibi
2994 5639 3180 5694 solatia
3206 5642 3448 5708 praeben-

1904 5719 2044 5773 tibus
2086 5720 2200 5773 sine
2241 5735 2455 5776 accessu
2503 5735 2892 5783 extraneorum.
2944 5729 3001 5783 ιη
3048 5729 3147 5785 hac
3190 5730 3444 5788 dilatione
