4266 6466
766 524 868 578 745

763 716 985 773 induciis
1021 718 1189 782 factis,
1215 734 1378 786 usque
1408 720 1530 773 dum
1558 720 1853 773 necessitas
1869 727 2200 788 procuretur.
2227 726 2286 771 ut

765 804 1005 859 illicitum
1039 807 1243 861 cautius
1268 806 1532 859 aﬂ’eratur.
2138 793 2142 797 ’

832 894 1092 949 Vicesimo
1120 897 1347 950 secundo
1385 895 1631 963 capitulo,
1662 896 1717 949 in
1758 910 1862 963 quo
1904 896 2203 963 praecipitur
2228 904 2286 948 ut

764 977 926 1035 abbas
949 982 1012 1036 ad
1041 970 1383 1053 portamceum
1408 984 1702 1052 hospitibus
1737 999 1840 1036 non
1865 983 2122 1045 convivet,
2147 985 2285 1049 quod

764 1082 864 1122 nos
898 1069 953 1121 in
985 1086 1080 1123 usu
1104 1085 1369 1137 nunquam
1412 1070 1707 1123 habuimus.
1753 1071 1807 1122 lu
1844 1071 2102 1124 auditorio
2140 1085 2282 1133 vero,

734 1156 850 1213 ,ubi
888 1156 1049 1210 abbas
1073 1157 1246 1225 legere
1279 1157 1411 1210 solet
1437 1165 1633 1210 etcum
1673 1156 1923 1209 fratribus
1954 1165 2007 1208 ct
2043 1171 2160 1210 cum
2193 1157 2286 1209 ho-
2319 1200 2329 1206 .

672 1250 683 1267 ‘
764 1244 987 1310 spitibus
1007 1244 1235 1299 vicissim
1260 1260 1351 1299 seu
1378 1246 1725 1300 communiter
1749 1245 2063 1313 colloquium
2091 1246 2287 1298 habere

764 1336 947 1390 solitus
975 1343 1075 1399 est,
1103 1330 1373 1401 co'medere
1409 1349 1527 1388 cum
1551 1334 1843 1401 hospitibus
1868 1333 2021 1386 valde
2058 1347 2177 1386 raro
2204 1334 2287 1386 usi

762 1441 962 1480 sumus.
998 1425 1164 1490 Quem
1199 1441 1372 1488 usum,
1405 1425 1505 1477 nisi
1549 1424 1744 1477 certius
1784 1423 2141 1483 interdicatur,
2190 1424 2285 1475 ha-

762 1512 889 1565 bere
912 1511 1168 1564 volumus.
1183 1509 1281 1574 Qui
1306 1510 1450 1563 locus
1474 1509 1526 1561 in
1555 1509 1781 1562 coutinio
1799 1508 2011 1560 claustri
2038 1516 2089 1559 ct
2112 1505 2286 1572 ianum

764 1600 1067 1655 monasterii
1094 1600 1225 1653 situs
1247 1599 1446 1661 est,.ita
1471 1607 1528 1650 ut
1556 1597 1745 1673 fratres
1774 1596 1886 1650 sine
1913 1595 2287 1663 impedimento

762 1689 1044 1757 hospitum,
1073 1696 1125 1742 et
1148 1688 1380 1756 hospites
1423 1687 1536 1740 sine
1576 1685 1827 1742 fratribus
1865 1685 1931 1737 ad
1969 1683 2285 1751 colloquium

764 1777 997 1843 recipere
1022 1776 1205 1843 possit.
1554 1769 1563 1779 ’

832 1866 1091 1919 Vicesimo
1134 1864 1293 1918 tertio
1333 1863 1598 1932 capitulo:
1627 1870 1697 1916 ut
1739 1862 2056 1929 hospitibus,
2093 1862 2282 1928 quibus

764 1953 973 2007 licentia
1016 1953 1244 2006 intrandi
1283 1958 1364 2006 est
1398 1928 1461 2005 in
1502 1928 1857 2013 refectorium,
1883 1951 2038 2018 digne
2064 1950 2287 2003 admini-
2312 1928 2359 1986 Β

762 2050 994 2094 strctur:
1027 2041 1159 2094 abba
1184 2054 1310 2103 vero
1336 2049 1610 2095 contentus
1637 2041 1706 2094 sit
1731 2041 1849 2093 cibo
1876 2038 2118 2102 fratrum,
2149 2040 2287 2106 quod

757 2129 915 2185 facile
967 2115 1347 2193 observabitur,
1382 2137 1441 2183 ut
1479 2137 1534 2183 et
1565 2130 1740 2184 abbati
1763 2129 1918 2198 digne
1954 2129 2288 2182 administre-

764 2223 850 2267 tur
873 2224 928 2269 et
956 2216 1265 2294 hospitibus.
1305 2215 1517 2293 Fratres
1541 2216 1699 2268 etiam
1729 2210 1788 2268 in
1813 2216 2038 2268 adventu
2065 2214 2285 2267 fratrum

689 2375 693 2380 ν
763 2289 1111 2375 aliquatenus
1135 2289 1495 2371 congaudeant
1521 2312 1575 2356 et
1606 2302 1934 2357 abstinentiae
1974 2300 2121 2354 frena
2155 2302 2289 2354 rela-

735 2390 739 2399 ’
762 2401 889 2446 xcnt
1639 2379 1648 2389 ’

834 2481 1091 2535 Vicesimo
1131 2489 1317 2549 quarto
1343 2488 1398 2534 et
1422 2480 1619 2548 quinto,
1647 2478 1909 2547 capitulis,
1941 2494 2059 2546 quas
2102 2479 2168 2533 de
2211 2478 2288 2532 le-

762 2561 926 2624 ctoris
949 2570 1066 2623 cibo
1090 2579 1142 2623 et
1164 2570 1521 2623 ministrorum
1548 2568 1833 2622 refectione
1859 2567 2121 2635 descripta
2146 2576 2285 2631 sunt,

765 2656 943 2713 statim
976 2657 1249 2709 observata
1285 2662 1425 2707 sunt.
1508 2692 1517 2697 -

837 2742 1029 2796 Ultima
1070 2756 1196 2794 vero
1239 2742 1341 2794 duo
1382 2740 1636 2807 capitula,
1679 2754 1797 2807 quae
1834 2740 1899 2793 de
1938 2739 2291 2807 prohibitione

765 2810 929 2882 osculi
970 2826 1281 2881 feminarum
1319 2834 1373 2879 et
1410 2834 1466 2880 ut
1512 2826 1752 2880 monachi
1795 2825 1919 2878 nudi
1962 2839 2067 2877 non
2107 2826 2292 2878 verbe-

767 2923 964 2979 rentur,
991 2915 1142 2968 istius
1167 2915 1307 2968 modi
1332 2929 1457 2967 usus
1483 2914 1617 2982 apud
1640 2928 1736 2967 nos
1759 2926 2026 2981 nunquam
2053 2912 2168 2972 fuit,
2192 2927 2293 2966 nec

766 3003 988 3057 Doniino
1035 3002 1312 3068 adiuvante
1357 3002 1563 3053 inantea
1608 3002 1725 3053 erit.
1768 3000 1842 3054 De
1880 3001 2291 3068 compatratione
2340 3018 2341 3021 η

765 3098 820 3143 ct
845 3088 1275 3143 commatratione
1298 3088 1509 3141 omnino
1534 3095 1801 3150 caveatur,
1836 3101 1903 3140 ne
1931 3089 1997 3142 ab
2031 3088 2142 3143 ullo
2173 3101 2291 3142 mo-

767 3177 1054 3230 nachorum
1078 3176 1247 3244 aliqua
1276 3175 1549 3229 occasione
1573 3186 1937 3242 prmsumatur,
1966 3176 2088 3243 quia
2115 3175 2170 3229 in
2199 3189 2290 3229 ve-

767 3263 923 3315 ritate
950 3276 1052 3321 non
1076 3262 1585 3337 expeditanimabus
1611 3275 1813 3325 eorum,
1840 3268 1891 3315 et
1926 3263 2138 3315 omnino
2165 3263 2293 3316 alie—

768 3366 895 3403 num
926 3356 1008 3403 est
1043 3365 1073 3401 a
1100 3349 1363 3416 proposito
1389 3365 1593 3404 eorum.
1625 3351 1888 3405 Hactenus
1911 3353 2174 3420 explicitis
2199 3369 2292 3409 ca-

770 3437 966 3523 pitulis,
1001 3450 1116 3504 qum
1138 3438 1375 3505 proxime
1401 3438 1456 3489 in
1484 3452 1577 3491 sua
1610 3439 1809 3506 synodo
1838 3448 1981 3505 gesta
2011 3449 2154 3523 sunt,
2183 3448 2236 3494 et
2264 3458 2295 3494 a

770 3519 921 3579 nobis
950 3524 1323 3593 recapitulatis,
1340 3533 1618 3592 supersunt
1645 3524 1838 3592 aliqua,
1862 3542 1978 3593 qum
2007 3519 2093 3581 illa
2115 3528 2294 3582 schola

770 3613 1145 3665 monachorum
1185 3613 1238 3665 in
1281 3629 1378 3666 usu
1417 3614 1571 3667 habet
1601 3613 1749 3681 juxta
1789 3630 2011 3682 quorum
2058 3618 2295 3686 exempla

720 3718 740 3755 ,·
775 3714 869 3774 nos
898 3699 1213 3763 inforipandi
1238 3714 1436 3752 sumus.
1478 3756 1488 3761 ,
2012 3738 2016 3741 Α

842 3788 981 3840 Duas
1019 3786 1210 3843 etenim
1265 3787 1459 3841 silentii
1509 3788 1716 3854 regulas
1760 3790 2097 3853 custodiunt,
2138 3806 2297 3844 unam

776 3885 1105 3940 nocturnam,
1133 3876 1360 3929 .alteram
1384 3877 1663 3935 diurnam.
1706 3876 1797 3930 llla
1824 3893 1942 3931 cum
1976 3889 2228 3933 nocturna
2268 3897 2297 3934 a

774 3965 1052 4019 collatiOne
1112 3964 1447 4031 vespertinali
1492 3980 1658 4032 usque
1709 3966 1775 4018 ad
1820 3980 2030 4019 versum
2086 3955 2297 4035 capituli

776 4038 1132 4120 protrahitur:
1156 4051 1244 4104 illa
1281 4066 1405 4105 vero
1434 4052 1619 4105 diurna
1660 4068 1691 4105 a
1716 4068 1869 4106 versu
1891 4055 2104 4122 capituli
2134 4069 2300 4123 usque

783 4139 848 4191 ad
896 4137 1244 4205 supradictam
1304 4139 1649 4204 vespertinam
1700 4139 2049 4195 collationem.
2112 4141 2166 4193 In
2210 4141 2299 4195 illo

776 4226 916 4279 enim
962 4223 1252 4279 nocturnali
1302 4224 1506 4278 silentio
1553 4225 1760 4292 penitus
1800 4226 2044 4293 loquendi
2092 4227 2299 4280 licentia

779 4312 1053 4365 interdicta
1098 4318 1177 4364 est
1211 4328 1223 4362 :
1263 4312 1315 4363 in
1357 4311 1580 4364 diurnali
1607 4326 1734 4373 vero
1765 4308 1882 4366 cum
1913 4312 2046 4373 alter
2078 4314 2299 4367 alterum

780 4402 1132 4469 appellaverit,
1158 4402 1267 4455 sive
1284 4400 1462 4468 junior
1487 4419 1516 4456 a
1542 4403 1745 4457 seniore
1767 4404 1960 4472 aliquid
1982 4406 2296 4472 requisierit,

1717 526 1774 579 S.
1815 523 2124 603 SlMPEflTl
2162 523 2442 576 ABBATIS
2482 525 2948 580 MURBACENS-IS

654 622 669 628 ”
758 618 869 685 non
912 624 1337 699 prmvaricatorcs
1383 634 1586 703 synodi,
1614 633 1752 701 quod
1792 634 1947 695 absit,
1978 634 2159 694 simus,
2192 631 2282 685 sed
2310 638 2355 690 Δ
2449 634 2729 697 Obviantes
2747 636 2844 688 sibi
2860 634 3096 701 iuniores
3122 647 3153 685 a
3190 632 3450 700 prioribus
3478 647 3639 700 usque
3664 632 3729 685 ad
3770 646 3902 701 genu

3806 526 3901 578 τιι

2382 720 2719 774 deﬂexionem
2745 734 2962 788 corpora
2998 721 3319 793 humiliando
3365 728 3549 788 petunt
3589 721 3903 774 benedictio~

2384 825 2521 863 nem.
2548 809 2679 864 Cum
2706 812 2758 863 in
2783 812 2992 865 domum
3012 809 3292 877 quamlibet
3317 809 3647 869 intraverint,
3672 808 3758 861 ubi
3784 823 3903 861 con—

2381 904 2568 949 ventus
2619 896 2855 950 fratrum
2887 909 3002 950 esse
3031 897 3203 958 debet,
3253 895 3524 964 geuutlexo
3566 903 3621 948 ct
3675 893 3903 962 supplice

2382 984 2594 1036 dextera
2622 992 2806 1051 petunt
2826 984 3237 1037 benedictionem
3264 983 3593 1050 postulando.
3623 982 3679 1034 ln
3710 983 3904 1035 saluta-

2384 1070 2523 1122 tione
2544 1071 2806 1138 hospitum
2833 1070 3071 1124 similiter
3094 1078 3147 1123 et
3166 1069 3535 1138 genuﬂectunt,
3564 1078 3618 1123 et
3634 1070 3904 1122 dexteram

2386 1165 2677 1211 terratenus
2704 1158 2990 1211 dimittunt.

2450 1244 2578 1296 Cum
2604 1251 2807 1311 tempus
2834 1245 3035 1313 legendi
3056 1252 3157 1310 est,
3183 1260 3447 1312 nunquam
3495 1246 3609 1298 sine
3660 1245 3909 1299 lectorivo

2383 1346 2478 1385 suo
2520 1334 2751 1386 residere
2801 1336 3012 1396 audent,
3060 1336 3151 1387 sed
3190 1334 3375 1402 singuli
3402 1334 3634 1405 singulos
3659 1330 3911 1387 habentes

2384 1421 2657 1474 lectionem
2688 1437 2835 1474 suam
2882 1423 2931 1474 iu
2969 1424 3047 1475 eis
3093 1438 3352 1476 memores
3380 1421 3552 1492 [Cod.,
3601 1437 3751 1475 suam
3781 1423 3909 1475 meis

2385 1511 2656 1579 memoris]
2703 1513 3087 1575 commendant,
3138 1513 3226 1580 qui
3280 1513 3647 1580 quoquomodo
3682 1527 3712 1564 a
3802 1512 3910 1565 obis

2385 1598 2551 1649 etiam
2575 1597 2696 1650 facti
2744 1601 2886 1661 tiant,
2925 1614 2955 1650 a
3001 1599 3150 1652 nobis
3195 1599 3536 1652 ordinandum
3562 1609 3660 1651 est.
3698 1597 3912 1651 Jurandi

2385 1699 2509 1736 usus
2534 1685 2668 1751 apud
2689 1700 2780 1738 eos
2801 1686 3007 1752 penitus
3026 1701 3127 1737 non
3142 1686 3381 1746 habetur,
3398 1687 3536 1753 quod
3555 1686 3913 1753 evangelicum

2320 1814 2327 1819 .
2385 1774 2689 1825 mandatum
2748 1787 2867 1825 eum
2920 1773 3162 1826 omnibus
3209 1772 3520 1825 Christianis
3578 1772 3857 1826 intcrdicat
3899 1790 3911 1824 :

2385 1870 2583 1928 quanto
2610 1861 2775 1928 magis
2802 1862 2885 1914 his
2932 1863 3020 1929 qui
3051 1876 3169 1914 eum
3194 1862 3404 1915 nomine
3430 1860 3730 1915 Christiano
3757 1863 3913 1914 etiam

2384 1950 2574 2003 saeculo
2598 1950 3118 2003 abrenuntiaverunt.
3487 2008 3493 2012 _

2456 2037 2614 2091 Usum
2643 2037 2944 2090 Latinitatis
2970 2037 3143 2103 potius
3184 2050 3341 2103 quam
3373 2036 3703 2104 rusticitatis.
3732 2037 3820 2104 qui
3841 2037 3918 2089 in-

2383 2133 2467 2178 ter
2494 2116 2587 2179 eos
2615 2114 2912 2178 scholastici
2957 2134 3096 2187 sunt,
3147 2134 3454 2192 sequuntur.
3509 2125 3564 2178 In
3596 2126 3708 2191 tali
3760 2128 3916 2179 etiam

2384 2212 2801 2267 confabulatione
2815 2213 2998 2266 notitia
3012 2213 3399 2281 Scripturarum
3419 2213 3732 2280 aliquotiens
3756 2213 3918 2282 magis

2384 2313 2540 2366 quam
2568 2299 2789 2352 lectione
2809 2307 3131 2366 penetratur,
3162 2307 3214 2353 et
3238 2300 3468 2353 dictandi
3508 2314 3637 2353 usus
3680 2300 3917 2365 discitur,

2387 2397 2439 2441 et
2459 2390 2524 2441 ad
2548 2388 2850 2442 discendum
2873 2403 3059 2441 sensus
3077 2389 3299 2443 acuitur.

2457 2475 2580 2528 llaec
2604 2483 2657 2528 et
2679 2464 2779 2527 alia
2806 2474 2999 2527 similia
3025 2476 3124 2536 his,
3154 2489 3269 2542 quae
3288 2475 3448 2529 menti
3472 2477 3591 2533 non
3610 2485 3915 2538 occurrunt,

2389 2560 2439 2614 in
2512 2562 2927 2628 supradicton
2982 2563 3363 2617 cmuohitarum
3436 2566 3919 2618 conversationibus

2387 2655 2650 2713 comperta
2672 2646 2945 2710 habemus,
2969 2648 3033 2700 ad
3057 2663 3278 2715 quorum
3304 2650 3539 2717 exempla
3564 2648 3918 2702 informandus

2388 2748 2483 2801 per
2507 2726 2753 2789 universa
2778 2736 2926 2801 regni
2971 2736 3051 2789 sui
3085 2737 3333 2789 cmnobia'
3366 2738 3646 2791 monachos
3693 2737 3923 2792 decrevit

2389 2823 2647 2890 imperiali
2670 2837 2912 2884 censura,
2935 2832 2994 2875 ut
3016 2838 3121 2876 uno
3161 2824 3317 2877 modo
3344 2837 3426 2886 ea,
3460 2831 3576 2890 qum
3604 2838 3670 2876 ex
3699 2823 3925 2878 auctori-

2390 2918 2498 2964 tate
2518 2910 2730 2979 regulas,
2747 2925 2837 2963 seu
2859 2910 2964 2971 illa,
2986 2924 3102 2977 qua:
3135 2926 3197 2963 ex
3223 2910 3657 2964 consuetudinum
3676 2911 3925 2965 adiuven-

2393 2999 2807 3065 tionemguntur,
2839 2998 2892 3049 in
2917 3012 3011 3050 usu
3035 2998 3343 3051 habeantur.
3390 2998 3540 3054 Unde
3567 3000 3922 3052 necessarium

2393 3098 2530 3146 reor,
2556 3083 2600 3136 si
2629 3092 2813 3137 vestrae
2850 3085 3020 3153 placet
3062 3085 3345 3147 dilectioni,
3373 3094 3431 3139 ut
3456 3086 3507 3138 in
3541 3086 3625 3139 his
3650 3095 3774 3139 ante
3794 3100 3925 3154 prate-

2394 3172 2579 3225 moniti
2607 3179 2871 3228 certamen
2894 3174 3152 3235 habeatis,
3184 3173 3237 3225 in
3258 3173 3341 3225 his
3365 3174 3609 3227 omnibus
3637 3174 3845 3236 instrui,
3870 3182 3926 3228 ut

2392 3259 2546 3313 bonis
2572 3267 2627 3312 et
2651 3260 2887 3312 honestis
2908 3259 3143 3313 moribus
3164 3261 3360 3314 exculti
3383 3274 3486 3313 non
3526 3268 3731 3313 tantum
3751 3275 3925 3315 coram

2393 3347 2503 3401 Deo
2530 3345 2839 3409 laudabiles,
2868 3348 2959 3400 sed
2985 3346 3144 3400 etiam
3167 3358 3346 3400 coram
3373 3348 3737 3402 hominibus...
3764 3348 3926 3415 possit

2394 3440 2461 3492 ad
2478 3439 2826 3493 humilitatem
2853 3446 2904 3492 et
2930 3438 3217 3505 gratiarum
3238 3439 3497 3491 actionem
3541 3447 3761 3491 cmteros
3781 3452 3926 3492 revo—

2394 3540 2535 3579 care.
2566 3525 2783 3579 Interim
2813 3525 3117 3592 providendi
3141 3534 3261 3577 sunt
3298 3538 3435 3578 unus
3474 3531 3566 3577 aut
3608 3525 3735 3588 duo,
3760 3526 3850 3601 qui
3873 3525 3923 3578 in

2370 3615 2825 3691 )inumquodlibet
2860 3629 2922 3667 ex
2952 3614 3035 3668 his
3060 3614 3312 3668 coenobiis
3356 3614 3634 3667 mittantur
3658 3615 3726 3667 ad
3746 3629 3924 3681 specu-

2396 3701 2602 3755 landam
2624 3702 2783 3754 vitam
2802 3710 2855 3754 et
2873 3703 3106 3756 habitum
3125 3703 3351 3766 illorum,
3365 3703 3456 3770 qui
3477 3716 3572 3755 nos
3593 3702 3646 3754 in
3661 3703 3920 3763 omnibus,

2394 3790 2453 3865 in
2475 3790 2664 3857 quibus
2690 3789 2911 3843 fortasse
2955 3791 3261 3854 titubamus,
3290 3792 3542 3844 certiores
3568 3790 3805 3852 reddant,
3836 3790 3921 3857 qui

2395 3885 2448 3930 et
2478 3876 2578 3929 illis
2605 3876 2727 3929 boni
2753 3878 2977 3945 exempli
3004 3878 3171 3932 forma
3195 3879 3301 3932 sint
3338 3879 3402 3932 ad
3426 3893 3559 3947 quos
3595 3879 3921 3939 intraverint,

2395 3972 2448 4019 et
2470 3966 2623 4018 nobis
2648 3965 2760 4019 sine
2781 3966 2997 4020 zizaniis
3035 3968 3257 4020 mixtum
3301 3969 3532 4021 triticum
3573 3970 3921 4035 reponendum

2387 4055 2450 4108 .in
2478 4055 2669 4109 horrea
2694 4062 2982 4119 reportant.
3322 4100 3335 4101 κ

2466 4142 2634 4209 Super
2667 4142 2858 4211 quibus
2881 4142 3121 4197 Omnibus
3144 4149 3200 4196 et
3242 4141 3460 4211 singulis
3486 4142 3609 4195 dum
3633 4140 3921 4203 revereudi,

2397 4214 2728 4286 honorabiles
2773 4246 2835 4286 ac
2877 4232 3105 4300 religiosi
3155 4232 3253 4284 viri
3296 4232 3490 4285 domini
3542 4232 3843 4286 Waltherus
3862 4232 3923 4285 de

2397 4318 2680 4387 Wiltsperg
2698 4320 2878 4383 abbas,
2895 4318 3195 4372 Leonardus
3208 4318 3660 4373 deReichenstain
3671 4322 3920 4380 'decanus,

2397 4405 2679 4473 capitulum
2703 4420 2793 4458 seu
2836 4413 3121 4459 conventus
3148 4405 3432 4474 imperialis
3462 4407 3769 4460 monasterii
3790 4407 3925 4460 Mur—

704 4539 707 4542 .
781 4491 995 4544 silenter
1016 4492 1210 4557 absque
1245 4490 1349 4543 ullo
1373 4492 1590 4558 strepitu
1610 4492 1756 4545 vocis
1781 4501 1835 4545 et
1858 4493 2070 4546 humilis
2095 4494 2155 4546 lit
2174 4509 2300 4548 con-
2326 4530 2375 4586 υ
2399 4493 2641 4547 baccnsis
2658 4494 2757 4547 sibi
2773 4509 2802 4545 a
2818 4508 2900 4546 me
2922 4502 2981 4546 ut
2998 4494 3207 4562 publico
3229 4494 3433 4547 notario
3458 4494 3755 4562 subscripta
3769 4509 3921 4548 unum

772 4578 1053 4641 t'abulatio,
1077 4580 1256 4645 paucis
1288 4580 1439 4633 valde
1462 4589 1514 4633 et
1540 4582 1937 4635 rationabilibus
1959 4584 2154 4646 verbis,
2178 4585 2298 4637 nul-

783 4667 936 4733 laque
960 4666 1037 4720 eis
1060 4672 1150 4719 aut
1171 4666 1325 4725 simul
1345 4669 1513 4720 standi
1543 4677 1634 4721 aut
1672 4669 1983 4722 consedendi
2012 4679 2104 4723 aut
2127 4686 2302 4725 coam-

782 4753 993 4808 bulandi
1040 4755 1229 4808 sinitur
1261 4770 1426 4819 mora,
1451 4764 1668 4825 excepto
1713 4756 1945 4810 discendi
1990 4766 2079 4812 aut
2119 4774 2304 4827 coope-

742 4848 747 4853 '
786 4842 934 4894 randi
980 4841 1179 4909 gratia,
1229 4844 1319 4896 sed
1365 4857 1570 4911 semper
1621 4845 1797 4898 autin
1845 4845 2069 4899 lectione
2114 4855 2204 4899 aut
2250 4848 2302 4900 in

783 4942 942 4994 opere
974 4942 1219 4981 manuum
1255 4943 1437 4983 omnes
1479 4931 1634 4984 horas
1660 4933 1873 4987 diurnas
1892 4942 2221 4987 consumant.

852 5012 1202 5077 Intervallum,
1217 5016 1357 5082 quod
1382 5016 1517 5069 inter
1530 5032 1658 5085 opus
1680 5018 1771 5071 Dei
1785 5027 1839 5071 et
1858 5020 2043 5073 horam
2064 5022 2307 5076 refectio-

788 5103 870 5155 nis
893 5102 1189 5167 contigerit,
1228 5111 1316 5155 aut
1342 5104 1538 5156 orando
1586 5113 1676 5157 aut
1721 5105 1939 5174 legendo
1988 5108 2302 5177 transigunt,

788 5198 1005 5257 excepto
1033 5189 1078 5241 si
1104 5189 1170 5241 ad
1196 5191 1558 5243 necessitatem
1607 5200 1806 5245 naturae
1840 5194 1958 5260 quis
1999 5194 2074 5246 ire
2100 5196 2303 5248 debeat.

791 5279 1094 5346 Ubicunque
1115 5278 1277 5347 gloria
1310 5287 1501 5332 sancta:
1527 5278 1799 5332 Trinitatis
1848 5283 1957 5335 sive
1998 5284 2048 5335 iu
2076 5286 2309 5338 oratorio

791 5368 901 5420 sive
916 5367 971 5419 in
993 5368 1224 5434 quolibet
1238 5369 1351 5423 loco
1375 5368 1680 5434 insonuerit,
1704 5371 1747 5424 si
1772 5379 1973 5424 stantes
1991 5382 2128 5433 sunt,
2146 5389 2309 5443 prope

791 5467 957 5522 usque
983 5455 1047 5507 ad
1072 5455 1284 5510 humum
1309 5465 1710 5525 prosternuntur
1752 5475 1916 5526 usque
1966 5460 2086 5511 dum
2130 5470 2311 5515 sancta

793 5542 1021 5596 Trinitas
1047 5545 1358 5610 perdicatur.
1398 5544 1456 5597 Si
1488 5561 1610 5600 vero
1635 5549 1885 5611 sedne-int,
1913 5549 1980 5601 ab
2008 5549 2168 5603 humo
2195 5566 2312 5605 sur-

792 5639 971 5698 gentes
1018 5633 1233 5701 gloriam
1282 5639 1599 5705 resurgendo
1642 5649 1692 5691 et
1745 5639 2039 5693 l..-.-linando
2074 5640 2313 5694 deferunt

792 5728 989 5774 sancta:
1018 5721 1275 5779 Trinitati.

2400 4580 2479 4632 vel
2525 4580 2673 4647 plura
2716 4579 2982 4663 publicum
3031 4595 3123 4633 seu
3166 4579 3373 4647 publica
3401 4578 3515 4633 fieri
3543 4580 3806 4648 petierunt
3831 4589 3919 4640 tot.

2400 4677 2527 4735 quot
2576 4667 2770 4721 fuerint
2808 4668 3120 4730 necessaria,
3172 4668 3576 4725 instrumentum
3622 4669 3705 4722 vel
3731 4670 3922 4722 instru-

2400 4763 2600 4809 menta.

2470 4862 2599 4915 Acta
2624 4868 2745 4913 sunt
2770 4860 2879 4914 haec
2904 4875 3062 4925 anno,
3092 4860 3392 4924 indictione,
3442 4860 3546 4924 die,
3595 4872 3776 4913 mense
3805 4858 3925 4912 dicti

2402 4948 2738 5005 Maximiliani
2761 4949 3114 5003 Romanorum
3136 4950 3275 5017 regis
3301 4955 3552 5015 tempore,
3579 4947 3696 5002 loco
3721 4955 3776 5003 et
3800 4948 3923 5005 hora

2403 5032 2594 5103 quibus
2615 5050 2791 5102 supra,
2805 5036 3151 5103 prmsentihus
3171 5035 3360 5088 ibidem
3385 5035 3675 5088 honorabili
3698 5034 3922 5096 domino,

2404 5130 2456 5174 et
2483 5121 2724 5174 discretis
2751 5121 2880 5173 viris
2904 5119 3104 5173 Joanne
3148 5122 3264 5174 Ortt
3309 5122 3616 5190 presbytero
3667 5120 3922 5189 capellano

2407 5208 2751 5270 Murbacensi,
2794 5217 2849 5261 et
2895 5207 3160 5283 Richardo
3211 5208 3404 5277 Muling
3442 5217 3602 5275 atque
3641 5208 3838 5262 Joanne
3862 5209 3924 5261 de

2407 5298 2696 5351 Wertheim
2718 5297 2949 5363 ejusdem
2976 5298 3072 5351 loci
3103 5299 3287 5352 incolis
3310 5299 3460 5351 laicis
3506 5300 3750 5353 litteratis
3793 5300 3926 5352 Basi—

2406 5385 2586 5440 liensis
2607 5387 2867 5449 ditecesis,
2890 5386 3112 5439 testibus
3136 5390 3201 5439 ad
3228 5386 3497 5454 praemissa
3516 5389 3715 5441 vocatis
3740 5388 3926 5455 specia-

2407 5470 2527 5525 liter
2552 5480 2605 5525 et
2634 5472 2846 5539 rogatis.

2479 5561 2540 5613 Et
2566 5574 2662 5626 ego
2684 5557 2996 5611 Wilhelmus
3026 5559 3089 5612 de
3115 5558 3443 5624 Hohenhem,
3468 5569 3597 5623 ctc.,
3626 5561 3792 5616 laicus
3808 5576 3921 5617 con-

2404 5649 2635 5717 jugatus,
2665 5647 3081 5701 Constantiensis
3104 5647 3286 5702 doctor
3310 5649 3551 5716 publicus
3596 5665 3745 5709 sacra
3771 5651 3919 5717 impe-

2413 5737 2526 5790 riali
2550 5733 2858 5789 auctoritate
2881 5732 3138 5797 notarius,
3165 5735 3285 5801 quia
3326 5735 3477 5789 dicta:
3506 5726 3706 5791 ’rotuhe
3755 5749 3921 5805 ρει-μ’
