4266 6424
177 475 282 527 745

988 474 1295 528 SANCTUS
1332 473 1707 541 LUDGERIJS.
1745 500 1812 510 —
1849 469 2116 524 NOTITIA
2155 467 2520 521 HISTORICA.

3243 463 3305 516 7-l
3316 463 3344 516 5

178 582 370 634 minea:
425 587 641 632 vetusta:
689 594 780 632 seu
829 580 1024 632 charta:
1069 581 1394 632 Statutorum
1436 593 1497 630 ac
1555 591 1712 630 θωνα·
1739 589 1784 643 Α
1812 575 2117 642 subscripsi,
2145 571 2423 640 publicavi,
2448 579 2501 624 et
2541 571 2591 623 in
2633 569 2768 622 hanc
2811 568 3071 636 publicam
3124 569 3341 623 fortnam

180 673 478 721 moniarum
547 666 865 734 regularium
901 713 904 716 .
937 674 1168 730 tempore
1240 666 1408 718 sancti
1467 661 1714 730 Simperti

179 757 513 813 usitatorum,
553 753 962 820 prtcsentatioui,
1021 754 1326 820 receptioni,
1366 752 1711 819 requisitioni,

181 842 590 910 transumptioni
638 857 700 892 ac
736 841 1104 894 auscultationi
1150 843 1494 908 onmibusque
1523 843 1639 894 aliis
1665 850 1716 893 et

178 928 405 997 singulis
453 929 753 994 praemissis,
794 929 938 991 dum,
976 930 1112 982 sicut
1154 929 1506 995 prmmittitur,
1534 928 1717 981 fierent

175 1025 235 1067 et
277 1024 576 1082 agerentur,
610 1029 710 1066 una
753 1030 873 1068 cum
909 1016 1299 1084 praenominatis
1338 1016 1559 1068 testibus
1584 1031 1715 1083 prte-

175 1117 305 1156 sens
335 1100 564 1163 interfui,
592 1116 758 1166 caque
781 1103 956 1156 omnia
979 1111 1033 1155 et
1055 1102 1256 1170 singula
1282 1101 1356 1154 sic
1392 1101 1503 1155 ﬁeri
1536 1101 1638 1154 vidi
1665 1110 1719 1154 et

175 1191 379 1242 audivi.
411 1189 608 1243 Idcirco
636 1205 868 1258 prtnsens
893 1191 1161 1259 publicum
1188 1191 1498 1256 trausumpti
1519 1190 1715 1242 instru-

174 1287 416 1333 mentum
467 1293 561 1347 per
602 1266 684 1331 rite
731 1278 954 1333 fideliter
995 1280 1246 1346 scriptum
1273 1278 1460 1332 exinde
1494 1277 1715 1340 confeci,

1817 664 2014 730 redegi,
2042 662 2292 729 signoque
2309 667 2363 713 et
2390 659 2599 712 nomine
2636 657 2768 710 meis
2808 657 2976 710 solitis
3004 665 3058 710 et
3080 659 3343 711 consuetis

1816 752 2019 819 siguavi
2046 758 2258 814 rogatus
2277 749 2474 815 pariter
2491 755 2544 800 et
2566 747 2846 813 requisitus
2868 748 2918 799 in
2938 747 3092 800 ﬁdem
3115 757 3169 801 et
3197 750 3342 801 testi-

1817 838 2052 891 monium
2078 835 2306 888 omnium
2333 844 2386 886 et
2405 833 2748 902 singulorum.
2795 834 3036 886 Attamen
3059 842 3118 886 ut
3149 835 3344 888 veritas

1816 925 1986 992 magis
2009 925 2288 984 elucescat,
2314 930 2366 974 et
2397 921 2523 973 fides
2567 923 2716 988 plena
2747 923 3073 985 adhibeatur,
3105 936 3343 975 reveren-

1815 1016 1918 1066 dus
1938 1026 2144 1079 semper
2167 1026 2229 1064 ac
2249 1009 2497 1064 colendus
2523 1010 2744 1063 domnus
2774 1011 3073 1065 Waltherus
3107 1026 3243 1080 stupe
3264 1011 3342 1063 di-

1815 1109 1936 1154 ctus
1960 1100 2120 1152 abbas
2140 1098 2492 1150 Murbacensis
2509 1110 2737 1164 presens
2750 1097 3010 1163 publicum
3031 1097 3342 1167 transumpti

1814 1192 2221 1244 instrumentum
2265 1187 2423 1256 sigilli
2467 1187 2630 1254 ipsius
2673 1188 2986 1257 appensione
3031 1186 3344 1242 communiri

1817 1277 1943 1330 fecit
1971 1291 2032 1330 ac
2050 1275 2222 1343 jussit.

2527 1416 2588 1425 _

747 1521 834 1598 s.
895 1469 1427 1599 SIMPEnTi
1489 1518 2029 1597 EPISTULA
2087 1513 2745 1616 ENCYCLICA.

1542 1680 1752 1692 ..ιο-

1275 1784 1426 1843 (Apud
1456 1782 1802 1839 Mabillonium,
1825 1781 2060 1840 Aualect.,
2079 1794 2126 1840 p.
2149 1780 2278 1840 “8.)

244 1959 702 2014 Reverentissimte
727 1959 1095 2013 matrifamilite
1124 1959 1199 2012 ill.
1221 1958 1547 2013 Sindbertus.
1579 1959 1716 2010 dono
1745 1966 1795 2022 Β
1815 1957 2059 2024 migravit
2085 1955 2163 2025 (ut
2180 1952 2460 2025 credimus)
2485 1953 2549 2007 ad
2570 1952 2854 2015 Christum,
2878 1967 2978 2019 qua
2998 1967 3062 2006 ex
3082 1967 3139 2005 re
3159 1952 3346 2006 obnixe
3414 1994 3418 1998 .

168 2049 267 2101 Dei
291 2057 507 2101 vocatus
528 2048 806 2116 episcopus
826 2057 982 2115 atque
1003 2048 1135 2100 abba
1156 2047 1220 2100 de
1241 2049 1558 2098 monasterio
1584 2043 1722 2096 Mor-

167 2139 294 2201 bae,
321 2139 374 2188 in
401 2137 624 2189 Domino
643 2146 895 2190 sternam
919 2123 1159 2190 salutem.

245 2225 318 2278 De
342 2235 536 2278 caetero
565 2225 858 2292 comperiat
883 2224 1128 2278 melliflua
1171 2225 1402 2277 charitas
1448 2231 1624 2276 vestra
1651 2236 1718 2275 eo

165 2313 315 2376 quod
346 2311 511 2366 frater
538 2321 716 2366 vester
741 2313 953 2367 nomine
974 2311 1060 2365 ille
1084 2311 1165 2364 vel
1192 2311 1301 2386 ille,
1346 2312 1409 2364 de
1457 2311 1560 2362 hac
1603 2309 1720 2361 luce

1049 2545 1392 2603 EIUSDEM
1436 2543 1841 2604 INDICULUS
1884 2544 1988 2601 AD
2033 2545 2477 2637 EPISCOPL'M.

1818 2043 2161 2096 obsecramus
2184 2043 2468 2094 almitatem
2494 2041 2744 2103 vestram,
2785 2049 2844 2093 ut
2865 2054 2960 2106 pro
2989 2040 3150 2106 ipsius
3173 2040 3344 2092 anima

1818 2131 1895 2184 sic
1915 2129 2169 2196 jubemini
2206 2128 2319 2198 (sic)
2351 2143 2504 2198 agere
2536 2128 2600 2181 de
2626 2128 2840 2195 psalmis
2869 2142 2958 2180 seu
2987 2127 3162 2180 missis
3191 2137 3346 2194 atque

1820 2218 2031 2288 vigiliis,
2049 2233 2143 2271 ceu
2169 2217 2354 2285 ingens
2379 2217 2585 2269 bonitas
2607 2222 2777 2268 vestra
2790 2215 3078 2268 consuevit.
3096 2206 3346 2282 Optamus

1818 2322 1912 2362 vos
1939 2308 2072 2360 bene
2093 2305 2288 2358 valere.

1572 2735 1790 2794 (Malim,
1819 2711 1957 2794 ibid.)

235 2932 461 2989 Domino
516 2935 938 2988 reverentissimo
983 2937 1225 3004 episcopo
1251 2937 1322 2987 ill.
1372 2935 1702 2997 Sindbertus,

1809 2935 1887 2986 rio
1916 2935 2140 2996 Morbac,
2172 2951 2273 2987 una
2299 2951 2418 2988 cum
2455 2936 2723 3001 fratribus,
2752 2947 3002 2990 teter-nam
3039 2939 3089 2991 in
3135 2936 3344 2993 Christo

163 3022 335 3090 gratia
361 3022 456 3075 Dei
484 3031 699 3075 vocatus
719 3022 995 3090 cpiscopus
1021 3003 1176 3090 atque
1200 3024 1332 3075 abba
1355 3022 1418 3074 de
1449 3032 1710 3076 monaste-
1738 3003 1783 3065 Ο
1811 3024 1933 3079 Jesu
1961 3027 2180 3081 Domino
2200 3035 2381 3094 nostro
2409 3029 2649 3092 salutem,
2676 3037 2798 3091 etc.,
2825 3037 2878 3080 ut
2906 3045 3079 3097 supra.

175 3152 3344 3181 Μ

1405 3270 1568 3313 ΔΧΝΟ
1609 3271 1828 3314 DOMINI
1874 3273 2048 3314 DCCC!
2060 3273 2118 3312 Χ.

543 3405 1591 3564 SANCTUS
1722 3409 2984 3566 LUDGERUS

1183 3665 1934 3720 MIMIGARDEFORDENSIS
1973 3666 2350 3722 EPISCOPUS.

547 3876 1000 3955 .NOTITIA
1063 3874 1597 3950 HISTORICA
1676 3877 1774 3948 IN
1839 3873 2306 3950 SANCTUM
2367 3873 2942 3950 LUDGERUM.

1167 4029 1245 4086 (At
1263 4028 1326 4074 ud
1353 4027 1550 4085 Habill.,
1575 4027 1678 4076 Art.
1703 4026 1818 4074 0rd.
1844 4029 1893 4073 ς.
1915 4027 2122 4087 Bencd.,
2141 4039 2255 4076 saec.
2280 4025 2367 4086 tv.)

219 4197 269 4246 l.
286 4189 584 4257 Liudgerus
597 4199 690 4257 seu
705 4185 994 4257 Ludgerus,
1012 4183 1127 4257 aliis
1141 4183 1710 4257 I.uidgerus,_l.uidige-

164 4275 349 4322 rusve,
397 4251 603 4324 primus
627 4251 1218 4324 Mimigardcfm'dcusis,
1257 4267 1415 4324 nunc
1444 4251 1705 4307 Monaste—

167 4320 385 4386 riensis,
401 4320 666 4378 Ecclesia:
691 4320 1126 4390 episcopusiapud
1148 4320 1480 4390 Westpltalos
1502 4337 1592 4374 seu
1621 4339 1708 4375 oc-

1812 4187 1956 4258 ribus
1987 4182 2210 4258 conflata
2240 4191 2338 4258 est,
2363 4186 2500 4258 typ_is
2527 4185 2757 4258 vulgavit
2779 4187 2963 4258 Sui-ius
2982 4188 3035 4242 in
3071 4191 3238 4258 prima
3261 4196 3344 4250 sui

1810 4254 1985 4321 operis
2011 4255 2239 4307 editione
2259 4254 2410 4373 Suam
2436 4253 2822 4308 Broweriauam
2849 4256 2962 4310 loco
3007 4253 3118 4324 ejus
3153 4263 3350 4316 substi-
3419 4280 3424 4284 '

1811 4326 2023 4373 tucrunt
2052 4323 2189 4373 tertii
2225 4336 2254 4369 ρ
2295 4321 2454 4373 iteres
2492 4323 2812 4373 collectionis
2840 4323 3113 4373 Surianml.
3151 4327 3347 4373 Οιιειιιη

1811 4326 2023 4375 tuerunt
2052 4323 2189 4373 tertii
2225 4323 2454 4374 editores
2492 4323 2812 4391 collectionis
2840 4323 3113 4391 Surianaa).
3151 4327 3348 4391 Quarta

165 4394 460 4470 cillentales
494 4387 750 4450 Saxones,
773 4391 863 4470 qui
895 4387 1078 4470 Frisiis
1104 4399 1156 4470 et
1185 4388 1400 4470 Francis
1445 4389 1710 4470 Ripuariis
1742 4416 1783 4470 υ
1814 4391 2106 4470 rltytlmaica
2129 4398 2272 4470 (“sta
2291 4391 2560 4470 monachis
2575 4390 3028 4470 iVerthipensibus
3055 4387 3108 4445 in
3136 4387 3347 4470 modum

167 4464 380 4518 finitimi
412 4468 537 4514 sunt
567 4499 581 4521 ,
619 4474 648 4511 a
681 4458 859 4511 multis
895 4457 1238 4524 scriptoribus
1269 4458 1561 4511 celebratus
1606 4469 1705 4511 est.

166 4534 385 4586 Primus
415 4530 496 4598 (ut
524 4525 984 4598 [ιιιιογΑΙιῒι-ἱιιᾳξ,⁸
1002 4525 1246 4598 Liutlgeri
1275 4525 1709 4598 pos_t_Gerft°idutn

165 4589 474 4658 successor,
527 4589 573 4650 is
608 4589 698 4664 qui
726 4610 863 4648 anno
884 4594 1001 4664 78497
1030 4589 1218 4664 ivive're
1273 4589 1446 4656 desiit,
1499 4589 1562 4648 de
1592 4597 1709 4649 Vita

167 4669 343 4723 sancti
377 4665 550 4719 Patris
577 4663 822 4730 Liudgeri
847 4663 1042 4730 aliquid
1085 4676 1326 4729 agressus
1348 4673 1428 4715 est
1458 4665 1707 4724 scribere,

173 4757 192 4787 ε
231 4731 1616 4818 s23'9995_¥?m1925=f?999“"“§£¥F“:Pl3'_RW?
1646 4734 1710 4818 at!

169 4799 580 4860 aedificationem
638 4799 954 4868 proficerent
993 4818 1012 4850 ι
1038 4839 1052 4860 ,
1100 4799 1248 4868 nefas
1295 4809 1484 4867 putans
1526 4819 1543 4849 t
1582 4802 1710 4854 tanti

167 4875 276 4928 viri
301 4873 468 4926 latere
507 4867 731 4923 virtutes
760 4887 805 4923 ι.
835 4867 962 4932 Quze
1008 4867 1210 4936 prologi
1237 4868 1349 4934 ejus
1394 4870 1551 4922 verba
1583 4871 1710 4922 satis

172 4943 429 5001 indicant,
470 4938 730 4992 neminem
759 4946 880 4990 ante
915 4951 1035 4990 eum
1065 4937 1116 4988 id
1144 4937 1468 5004 prmstitisse.
1501 4937 1710 4991 Altfridi

174 5009 476 5063 lucubratio
504 5007 708 5060 duobus
734 5005 882 5059 libris
909 5013 1174 5074 contenta,
1213 5005 1265 5058 in
1294 5004 1479 5058 Martio
1507 5006 1711 5058 Bollan-

173 5080 334 5131 diano
361 5076 503 5130 edita
527 5075 755 5142 primum
786 5083 867 5127 est
893 5089 1013 5127 cum
1043 5074 1263 5127 eruditis
1298 5076 1708 5128 commentariis.

172 5147 318 5200 Idem
348 5149 715 5211 argumentum
759 5142 960 5211 duobus
993 5142 1174 5211 itidem
1225 5142 1377 5211 libris
1409 5145 1712 5197 retractavit

174 5209 476 5282 anonymus
503 5209 790 5282 monachus
802 5209 1210 5282 Wertbineusis,
1233 5210 1468 5282 quaedam
1494 5212 1712 5265 subinde

176 5277 478 5348 admiscens
500 5277 737 5348 nonnibil
769 5278 842 5348 ab,
857 5278 1066 5348 Altft'idi
1090 5280 1392 5348 narratione
1411 5279 1714 5348 discrepan-

178 5353 250 5403 tia
278 5367 291 5402 :
315 5347 468 5415 cujus
489 5347 722 5415 auctoris
743 5347 1079 5414 scriptionem
1101 5361 1166 5400 ex
1188 5347 1534 5415 Fuldensibus
1555 5347 1716 5403 mem-

176 5419 361 5471 branis
383 5413 542 5468 eruit
569 5413 978 5485 Christopborus
997 5415 1295 5485 Brovverus,
1326 5417 1413 5484 qui
1446 5413 1712 5485 Otbelgri-

175 5501 322 5539 mum
347 5484 593 5549 Liudgeri
615 5482 812 5552 socium
828 5483 942 5552 ejus
958 5483 1282 5539 conditorem
1305 5482 1420 5538 esse
1438 5482 1711 5538 existima-

175 5555 270 5606 vit.
308 5553 504 5607 Verum
539 5550 868 5622 auclo_r__ejus
907 5552 1036 5607 Vitae
1068 5553 1341 5622 scribebat
1367 5563 1484 5622 post
1515 5569 1710 5607 annum

173 5622 298 5685 864,
338 5631 395 5673 ttt
429 5627 572 5688 patet
593 5633 658 5672 ex
697 5618 786 5671 lib.
829 5635 886 5683 II,
912 5635 1028 5688 cap.
1059 5620 1146 5673 26.
1176 5618 1406 5675 Tertiam
1434 5623 1603 5675 Vitam
1636 5624 1713 5677 bi-

177 5696 258 5746 nis
307 5687 470 5744 etiam
501 5687 690 5740 libellis
716 5687 1062 5754 constantem,
1109 5705 1227 5758 qua:
1257 5706 1322 5744 ex
1349 5693 1549 5746 duobus
1573 5693 1712 5760 prio-

461 5780 537 5836 I‘A
555 5794 724 5836 rttOL.
761 5776 983 5839 XCIX.

1813 4457 2158 4524 litanizejussu
2173 4457 2425 4526 Bernardi
2436 4459 2638 4510 abbatis
2651 4459 2856 4512 condita
2871 4461 2967 4512 sub
2981 4475 3172 4514 annum
3191 4465 3343 4526 1140,

1812 4520 2292 4595 partitn'inilliartio
2320 4520 2657 4579 Bollandiano
2702 4527 2862 4580 edita.
2897 4528 3174 4592 Browerus
3204 4520 3349 4588 addit

1812 4593 1967 4648 aliam
1984 4597 2048 4647 ab
2063 4593 2263 4663 UfIiugo
2278 4595 2535 4646 monacho
2553 4596 2892 4663 compositam
2910 4598 3007 4650 sub
3022 4597 3226 4652 iuitiutn
3241 4617 3343 4655 sa:-

1810 4665 1912 4717 culi
1937 4681 1988 4722 x,
2017 4678 2131 4728 uita:
2152 4662 2327 4732 forsan
2354 4678 2454 4732 non
2473 4663 2572 4716 alia
2604 4662 2685 4716 est
2713 4681 2867 4732 quant
2897 4666 3169 4719 metricum
3187 4667 3346 4722 Liud-

1812 4733 1918 4801 geri
1934 4733 2157 4798 elogium
2173 4746 2201 4801 a
2215 4730 2562 4801 Bollandianis
2581 4730 2759 4785 itidem
2775 4732 3059 4801 vulgatum,
3075 4735 3162 4800 qui
3183 4737 3344 4790 etiam

1811 4799 1967 4854 aliam
2000 4799 2311 4853 recentioris
2341 4801 2570 4853 auctoris
2609 4814 2666 4853 se
2697 4799 2885 4866 legisse
2907 4810 3187 4855 testantur.
3226 4803 3346 4858 Pri-

1812 4883 2037 4921 mam-ex
2067 4869 2148 4920 bis
2171 4878 2222 4921 et
2244 4869 2522 4920 secundam
2550 4869 2634 4921 bic
2654 4870 2903 4922 exhibere
2923 4871 3090 4924 visum
3113 4882 3211 4934 est,
3231 4880 3342 4926 tum

1811 4938 1932 5005 quia
1966 4945 2189 5006 utraque
2218 4936 2444 5006 auctoris
2487 4944 2569 4990 est
2611 4936 2723 4990 fere
2766 4939 2982 5006 aqualis
3012 4979 3026 5001 ,
3059 4947 3167 4992 tum
3217 4940 3341 5006 quia

1812 5003 2144 5058 Broweriana
2209 5003 2455 5057 nonnulla
2517 5013 2752 5060 continet
2797 5003 2913 5061 aute
2957 5007 3009 5059 in
3072 5003 3344 5061 Altfridia-

1812 5090 1876 5126 na
1897 5073 2320 5146 nou__leguntur._
2371 5071 2575 5146 Brimos
2621 5074 2751 5146 Vita:
2795 5071 3156 5146 Liudgerianae
3179 5078 3344 5146 scrip-

1812 5150 1953 5196 torcs
1969 5141 2353 5195 Werthinensis
2378 5140 2572 5196 Iitaniae
2583 5143 2822 5196 conditor
2843 5143 2919 5195 ait
2937 5140 3103 5198 fuisse
3127 5163 3145 5192 ι
3164 5140 3342 5198 Otbél-

1811 5210 2035 5279 grimum
2061 5209 2368 5279 discipulum
2395 5208 2525 5276 ejus,
2567 5209 2845 5264 Altfritlum
2876 5211 3338 5266 Monasteriensem

1810 5278 2130 5347 episcopum.
2163 5287 2218 5332 et
2238 5278 2494 5345 Ufiingum
2518 5280 2829 5334 cmuobitam
2852 5279 3292 5334 Werthinensem.
3318 5299 3336 5332 ι

1811 5347 2136 5417 Othelgrimo
2163 5357 2409 5414 tanquam
2432 5347 2681 5414 primario
2708 5347 3176 5417 auctoriptribuisse
3201 5349 3344 5401 vide-

1815 5425 1900 5469 tttr
1926 5415 2206 5470 secundam
2230 5417 2420 5485 Vitam.
2447 5429 2562 5482 qua!
2594 5426 2772 5485 tamen
2806 5415 2962 5485 paulo
2991 5417 3158 5471 serius
3196 5419 3338 5471 edita

1812 5495 1896 5553 est
1916 5500 2074 5553 quam
2095 5483 2401 5551 Otbelgrimi
2425 5493 2553 5537 tutas
2584 5483 2733 5538 ferat.

1879 5552 1944 5606 2.7
1961 5553 2272 5622 Prmterbos
2300 5562 2543 5605 auctores
2572 5553 2658 5605 alii
2684 5569 2784 5606 non
2808 5553 2958 5620 pauci
2985 5554 3048 5606 de
3072 5568 3134 5622 eo
3161 5561 3343 5622 agunt,

1812 5621 2604 5690 DitbmarusﬂMerselzurgensis
2645 5637 2922 5690 ep-scopus
2960 5623 3016 5690 in
3060 5620 3345 5687 Chronico,

1810 5690 2038 5746 Joannes
2067 5706 2093 5743 a
2125 5687 2301 5744 Leidis
2324 5689 2377 5742 in
2408 5687 2920 5760 Chronieo'Belgico,
2951 5687 3179 5745 Joannes
3204 5690 3344 5744 Beka

2843 5781 2920 5840 2's
