4266 6434
227 469 332 526 753

1328 478 1478 533 VITA
1521 481 1577 534 S.
1619 430 1936 535 GllECOllll
1973 477 2273 534 ADBATIS.

3303 478 3406 532 754

231 587 430 638 abbate
456 591 511 638 et
531 561 856 654 praeceptore
885 600 1001 639 meo
1023 585 1088 638 ab
1116 585 1330 640 infantia
1351 606 1363 639 :
1383 589 1471 655 qui
1507 589 1570 640 de
1597 589 1756 641 nubili
1785 592 1833 650 Δ
1859 590 2108 643 athletam
2142 590 2228 644 Dei
2260 592 2590 660 peregrinum
2622 600 2674 646 ct
2712 599 2984 660 egentem,
3015 591 3398 660 gratulabunda

225 671 401 741 stirpe
443 669 770 726 Francorum
828 685 856 712 ι
883 674 1210 741 progenitus,
1253 676 1527 730 nobilitate
1563 691 1767 729 morum

225 768 284 813 et
306 760 584 829 sapientia:
621 762 952 816 documentis
993 762 1314 816 nobilitatem
1356 764 1533 816 saeculi
1564 763 1772 815 ornavit

227 865 298 905 ac
335 851 622 918 superavit.
666 849 832 916 Quam
873 852 1053 918 utique
1073 851 1398 920 spiritualem
1443 852 1768 906 nobilitatem

225 947 284 994 et
309 940 638 1009 prudentiam
677 949 955 996 assecutus
981 949 1065 995 est
1091 956 1128 1001 ,a
1153 949 1336 994 sancto
1363 950 1593 1010 martyre
1616 942 1772 994 Boni.

148 1040 174 1089 γ
226 1029 367 1084 facio
401 1029 797 1098 archiepiscopo
833 1037 889 1084 et
921 1029 1174 1099 magistro
1196 1046 1329 1084 suo:
1363 1031 1453 1098 qui
1490 1032 1541 1084 in
1585 1032 1771 1084 diebus
1805 1038 1807 1040 ’

225 1115 545 1168 nobilissimi
591 1114 843 1184 principis
878 1115 1211 1168 Francorum
1229 1118 1369 1184 regis
1393 1116 1531 1170 Cat-li
1567 1117 1630 1168 de
1659 1116 1771 1168 Bri-

227 1201 413 1255 tannia
463 1209 516 1255 et
551 1209 706 1272 gente
760 1195 1048 1271 Anglorum
1098 1201 1447 1255 clarissimum
1509 1202 1771 1269 quoddam

226 1291 379 1343 sidus
427 1291 701 1346 Franciam
742 1292 958 1345 veniens
982 1331 998 1354 ,
1042 1292 1143 1344 sub
1203 1291 1415 1360 regibus
1457 1289 1772 1344 Carhnanno

228 1386 283 1430 ct
317 1374 541 1446 Pippino
565 1376 801 1445 ejusdem
840 1378 980 1447 regis
1011 1376 1150 1430 Carli
1181 1377 1576 1446 gloriosissimis
1605 1377 1728 1429 ﬁliis
1754 1416 1766 1436 ,

227 1463 384 1528 quasi
412 1463 487 1516 sol
514 1464 736 1518 rutilans
763 1465 813 1516 in
847 1464 1146 1524 sanctitate,
1178 1463 1427 1532 expandit
1465 1464 1640 1516 radios
1667 1462 1770 1513 vir-

224 1551 362 1606 tutis
409 1566 533 1605 suae
553 1561 608 1605 et
632 1552 1021 1620 prtedieationis
1051 1592 1066 1614 ,
1107 1555 1389 1619 omniaque
1425 1567 1587 1621 prope
1613 1567 1772 1620 regna

227 1643 416 1696 vivens
443 1641 496 1695 in
525 1656 745 1710 corpore
786 1642 1099 1711 largissimis
1127 1642 1348 1708 dapibus
1372 1643 1622 1695 doctrina:
1666 1655 1774 1694 suae

222 1728 545 1791 reﬁciens,et
571 1729 671 1783 fide
692 1729 984 1784 melioravit
1010 1737 1064 1784 et
1087 1731 1213 1782 vita.
1246 1729 1420 1797 Atque
1441 1736 1562 1797 post
1587 1738 1772 1782 trans-

225 1816 360 1870 itum
410 1831 562 1870 suum
602 1817 667 1872 de
705 1818 804 1871 hoc
826 1818 1021 1871 mundo
1043 1831 1140 1884 per
1169 1825 1409 1870 sanctum
1440 1817 1768 1886 martyrium.

1868 680 2096 748 suscepit
2121 696 2238 733 eum
2268 683 2318 733 in
2346 683 2624 752 nospitium
2649 697 2822 745 suum,
2840 681 3059 748 implens
3076 682 3400 736 Dominieazu

1868 769 2287 821 adhortationem
2337 788 2350 821 :
2401 769 2597 838 Hospes
2661 787 2798 823 eram
2827 811 2841 832 ,
2899 781 2944 823 et
2999 769 3268 839 coliegistis
3330 790 3410 824 me

1869 855 2076 923 (ΜαιεΙι.
2112 857 2256 924 xxv).
2291 857 2526 924 Cumque
2573 858 2656 910 ille
2698 872 2852 911 sacer
2876 868 3090 912 sanctus
3113 859 3283 910 viator
3312 860 3407 912 llo-

1868 943 2090 995 nifacius
2142 945 2428 996 secundum
2478 944 2684 998 solitmn
2724 959 2921 998 morem
2949 961 3099 999 suum
3130 947 3406 1000 missarum

1868 1029 2117 1094 mysteria
2145 1030 2466 1096 peregisset,
2493 1040 2550 1083 ut
2572 1031 2943 1098 propemodum
2968 1032 3108 1084 omni
3139 1033 3223 1086 die
3252 1048 3407 1101 agere
3457 1071 3462 1074 -

1867 1118 2137 1168 consuevit
2165 1155 2178 1179 ,
2218 1117 2468 1170 sederunt
2491 1119 2554 1170 ad
2583 1134 2840 1182 mensam,
2872 1120 2982 1188 ipse
3008 1121 3209 1175 scilicet
3234 1130 3288 1174 et
3314 1137 3408 1174 οη·-

1868 1201 1985 1255 cilla
2016 1202 2106 1254 Dei
2135 1202 2334 1256 Addula
2371 1202 2636 1257 abbatissa
2675 1221 2794 1258 cum
2843 1205 3038 1258 familia
3081 1222 3194 1260 sua.
3225 1206 3408 1274 Cmpe-

1870 1299 1992 1343 runt
2029 1298 2205 1342 autem
2227 1291 2292 1342 ad
2321 1291 2488 1358 ipsum
2519 1300 2756 1346 sanctum
2788 1295 3086 1347 convivium
3113 1295 3228 1362 plus
3248 1310 3405 1363 quam

1867 1375 2049 1442 epulas
2076 1415 2090 1436 ,
2137 1377 2383 1429 solatium
2429 1387 2624 1430 sanet-.e
2671 1377 2957 1447 Scriptura:
2987 1390 3238 1448 expetere
3259 1421 3272 1444 ,
3304 1398 3409 1450 quo

1869 1460 2020 1514 fieret
2052 1461 2180 1517 fides
2203 1464 2526 1518 audientium
2553 1481 2772 1519 accensa
2797 1507 2810 1528 ,
2836 1482 3058 1535 spesque
3087 1476 3142 1521 et
3176 1470 3410 1524 Charitas

1870 1558 2119 1602 renovata
2162 1551 2213 1602 in
2261 1551 2446 1615 Deum,
2479 1555 2566 1621 qui
2611 1554 2720 1608 vult
2757 1569 2939 1607 omnes
2967 1556 3206 1609 homines
3236 1556 3408 1610 salvos

1871 1637 2004 1699 fieri,
2043 1646 2096 1690 et
2123 1638 2189 1690 ad
2217 1639 2538 1706 agnitionem
2583 1641 2820 1695 veritatis
2861 1657 3057 1695 ventre.
3097 1643 3242 1696 Tunc
3269 1660 3410 1710 qua:-

1869 1725 2002 1778 sittis
2029 1733 2110 1778 est
2136 1725 2302 1782 lector
2332 1765 2346 1787 ,
2393 1735 2448 1778 et
2483 1726 2633 1792 juxta
2683 1727 2770 1782 Dei
2822 1729 3139 1782 voluntatem
3167 1731 3409 1783 inventus

1831 1816 1841 1820 '
1871 1819 1951 1863 est
2001 1811 2200 1864 electus
2245 1827 2373 1880 puer
2402 1810 2685 1879 Gregorius
2717 1853 2730 1874 ,
2786 1814 2874 1880 qui
2915 1830 3010 1882 per
3040 1815 3183 1868 idem
3207 1825 3410 1884 tempus

223 1905 412 1958 eadem
443 1903 764 1958 Francorum
793 1919 951 1972 regna
978 1919 1073 1973 per
1097 1904 1263 1959 electa
1285 1919 1447 1976 grana
1486 1903 1768 1973 discipulo-
1801 1900 1841 1958 Β
1868 1915 2033 1966 nuper
2071 1915 2103 1951 a
2141 1899 2317 1952 schola
2347 1907 2400 1951 et
2439 1899 2630 1968 palatio
2659 1915 2917 1963 reversus,
2950 1902 3210 1955 sublaico
3235 1904 3407 1975 adhuc

228 2006 348 2044 rum
375 2006 612 2054 suorum,
645 1991 698 2044 in
732 1992 1027 2059 exemplum
1065 1992 1320 2046 Dominici
1348 1993 1565 2046 seminis
1587 1991 1775 2046 fructi.

224 2081 392 2136 fieare
422 2079 548 2135 fecit
567 2119 585 2145 ,
621 2089 670 2136 et
699 2068 956 2149 proficere
993 2097 1161 2150 usque
1195 2082 1246 2134 in
1271 2084 1584 2137 hodiernum
1611 2083 1768 2135 diem.

226 2171 373 2225 Inter
418 2185 550 2239 quos
592 2172 777 2241 beatus
808 2171 1094 2240 Gregorius
1131 2174 1372 2228 columna
1402 2175 1649 2229 Ecclesiae
1680 2176 1772 2229 Dei

222 2259 474 2312 inventus
502 2263 586 2310 est
615 2259 738 2326 :qui
761 2257 814 2310 in
837 2258 1023 2312 diebus
1061 2258 1437 2328 religiosissimi
1473 2259 1614 2328 regis
1649 2259 1772 2328 Pip-

222 2343 338 2412 pini
378 2341 669 2397 succedens
707 2343 957 2412 magistro
986 2384 1002 2408 ,
1041 2346 1182 2414 genti
1226 2345 1518 2400 Fresonum
1583 2348 1774 2402 missus

225 2437 311 2484 est
333 2431 648 2499 pmticator
685 2444 700 2482 :
731 2432 815 2484 cui
860 2433 1111 2501 magistro
1145 2442 1200 2488 et
1241 2434 1509 2490 Bonifaeio
1551 2438 1773 2504 martyri

228 2519 420 2574 l‘eatus
469 2515 756 2585 Gregorius
797 2518 896 2572 boc
932 2519 1088 2574 modo
1117 2520 1386 2576 adbmrere
1422 2523 1591 2590 cmpit.
1618 2532 1672 2576 et
1699 2525 1774 2577 di-

225 2603 549 2672 scipulatum
573 2604 688 2673 ejus
711 2605 910 2658 subire.

295 2690 349 2743 3.
379 2687 512 2743 Cum
537 2690 648 2758 ipse
671 2689 871 2744 electus
918 2691 1010 2745 Dei
1052 2691 1351 2770 Bonifacius
1403 2701 1605 2762 martyr
1649 2702 1772 2762 post

227 2780 488 2833 tredecim
517 2779 546 2819 ιι
571 2794 740 2834 annos
767 2789 994 2850 peracta:
1011 2781 1063 2834 in
1086 2780 1335 2836 Fresonia
1359 2783 1767 2850 prtedication’s,

226 2871 423 2938 quibus
452 2870 504 2923 in
531 2870 750 2924 australi
771 2879 920 2939 parte
946 2872 1045 2926 laci
1067 2871 1264 2926 Almari
1293 2883 1315 2911 ο
1332 2888 1532 2942 pauper
1549 2889 1773 2942 evange-

228 2959 367 3012 lieus
404 2965 458 3012 et
487 2957 862 3026 propemodum
903 2961 1171 3013 solitarius
1213 2971 1448 3015 sanetam
1477 2961 1770 3014 sessionem

228 3058 382 3098 suam
429 3043 598 3097 tribus
631 3044 684 3097 i'n
725 3044 870 3097 lacis
899 3046 1218 3114 peregisset,
1258 3061 1481 3114 quorum
1521 3047 1772 3100 vocabula

227 3134 465 3186 lucorum
490 3140 611 3185 sunt
630 3132 775 3186 haec:
803 3131 1011 3186 Primus
1032 3142 1251 3186 vocatur
1275 3133 1471 3202 \Vyrda
1491 3132 1536 3191 ά,
1570 3135 1621 3186 in
1659 3134 1771 3202 ripa
1803 3181 1811 3192 ,

1874 1987 2055 2041 habitu
2082 1988 2232 2054 quasi
2261 1997 2508 2056 quartum
2545 1989 2807 2060 decimum
2842 1996 2933 2041 aut
2961 1989 3219 2043 decimum
3260 1993 3411 2060 quin-

1873 2087 1983 2130 tum
2032 2092 2194 2148 agens
2236 2077 2409 2130 astatis
2463 2093 2654 2130 annum
2681 2117 2693 2141 ,
2757 2077 2850 2132 Dei
2895 2078 3142 2132 instinctu
3172 2079 3317 2133 venit
3343 2080 3411 2135 ad

1872 2169 2046 2220 aviam
2065 2181 2238 2228 suam,
2258 2167 2318 2219 id
2345 2150 2426 2220 cst
2450 2166 2516 2219 ad
2543 2174 2766 2219 matrem
2795 2167 2961 2234 patris
2986 2168 3065 2220 sui
3104 2167 3298 2221 Albrici
3326 2183 3410 2222 su-

1869 2256 2164 2325 pradietam
2209 2255 2529 2308 abbatissam
2571 2254 2736 2308 Deum
2786 2255 3053 2309 timentem
3106 2255 3408 2309 Addulam:

1870 2342 2128 2411 datusque
2156 2355 2239 2397 est
2282 2344 2330 2396 ei
2377 2343 2528 2396 liber.
2571 2343 2704 2408 Qui,
2753 2346 2969 2412 accepta
2997 2343 3362 2397 benedictione
3392 2384 3407 2408 ,

1870 2432 2031 2499 coepit
2057 2431 2230 2500 legere
2256 2470 2270 2494 ,
2301 2440 2356 2484 et
2377 2431 2527 2500 juxta
2559 2432 2768 2484 modum
2795 2433 2966 2485 aetatis
2992 2447 3100 2486 sua:
3126 2434 3258 2486 bene
3285 2449 3406 2502 per-

1870 2522 2061 2589 legere.
2107 2520 2406 2589 lntclligcns
2451 2534 2576 2572 vero
2625 2521 2876 2587 magister
2911 2535 3152 2589 sagacgn
3181 2530 3407 2574 mentem

1870 2611 2018 2677 pueri
2072 2612 2369 2677 bonamque
2419 2597 2642 2662 indolem
2667 2649 2680 2670 ,
2712 2611 2872 2677 coepit
2897 2597 3410 2666 eumrconsummata

1868 2697 2092 2751 lectione
2120 2697 2204 2751 his
2231 2697 2407 2750 verbis
2431 2697 2699 2750 moderate
2722 2696 2937 2751 laudare
2962 2705 3017 2751 et
3036 2698 3211 2752 dicere
3235 2716 3247 2750 :
3270 2698 3411 2754 Bene

1869 2786 2020 2855 legis,
2051 2785 2142 2847 fili,
2173 2787 2215 2838 si
2245 2786 2489 2855 intelligis
2518 2801 2634 2855 qua
2674 2785 2824 2854 legis.
2880 2785 2994 2854 Ipse
3038 2794 3211 2841 autem
3239 2787 3411 2840 adhuc

1872 2870 2124 2938 temporis
2149 2871 2359 2937 sapiens
2383 2879 2440 2923 ut
2463 2869 2733 2937 parvulus,
2756 2880 2809 2924 et
2830 2871 3048 2939 loquens
3061 2882 3119 2924 ut
3142 2872 3407 2941 parvulus,

1871 2972 1927 3010 se
1949 2957 2084 3010 seire
2109 2957 2377 3026 professus
2404 2965 2486 3009 est
2513 2971 2627 3025 qure
2666 2956 2887 3026 legebat.
2922 2958 3013 3011 Die
3043 2960 3196 3022 mihi,
3217 2960 3408 3026 inquit.

1872 3045 2134 3112 quomodo
2157 3046 2400 3114 intelligis
2427 3060 2541 3112 qua:
2570 3045 2729 3114 legis?
2757 3045 2869 3113 Ipse
2898 3061 3025 3100 vero
3055 3035 3323 3115 repetebat
3343 3048 3410 3100 ab

1873 3135 2092 3187 exordio
2113 3134 2391 3187 lectionem
2420 3148 2569 3187 suam
2595 3173 2609 3197 ,
2640 3133 2821 3186 volens
2862 3134 3034 3203 legere
3071 3135 3207 3190 sicut
3244 3136 3407 3203 prius.

229 3216 567 3271 fluvii‘Rheni
593 3257 610 3282 ,
649 3218 736 3271 ubi
779 3226 977 3285 septem
1019 3219 1173 3273 annis
1193 3221 1468 3274 habitavit.
1499 3219 1773 3276 Secundus
1803 3213 1844 3274 C
1875 3223 2173 3290 Praeceptor
2201 3231 2374 3276 autem
2415 3231 2629 3276 sanctus
2656 3223 2857 3275 distulit
2881 3238 3000 3275 eum
3046 3224 3335 3306 paululum,
3359 3236 3414 3278 et

229 3310 452 3357 vocatur
491 3304 826 3372 A‘ttingohem
853 3305 1002 3374 juxta
1031 3321 1236 3362 amnem
1255 3307 1430 3362 ‘Fehta
1461 3322 1484 3348 ο
1507 3351 1520 3373 ,
1561 3309 1652 3362 ubi
1681 3311 1774 3363 b‘a-

229 3393 422 3448 bitavit
449 3393 602 3449 annis
627 3393 798 3450 tribus
827 3413 840 3448 :
868 3411 973 3464 quo
1004 3398 1055 3450 in
1083 3397 1200 3452 loco
1241 3400 1470 3466 prnnum
1495 3399 1656 3466 cmpit
1680 3400 1776 3452 ha-

229 3481 362 3534 bere
391 3480 700 3552 discipulum
733 3483 943 3536 nomine
969 3483 1329 3538 Gembertum.
1376 3485 1586 3539 Tertius
1628 3485 1776 3539 locus

230 3566 530 3636 appellatur
562 3565 732 3620 Felisa
761 3604 778 3630 ,
818 3570 905 3635 qui
935 3571 1148 3637 propior
1171 3579 1290 3624 erat
1315 3572 1557 3639 gentibus
1597 3579 1650 3625 et
1681 3587 1775 3640 pa-

229 3655 409 3723 ganis,
440 3653 528 3708 ubi
555 3653 724 3708 tribus
750 3655 993 3708 similiter
1041 3659 1195 3711 annis
1221 3659 1433 3711 mansit.
1462 3659 1590 3713 Post
1629 3662 1726 3714 hos
1756 3700 1770 3723 ,

229 3741 470 3808 inquam,
503 3740 756 3794 tredecim
805 3757 970 3795 annos
1017 3742 1141 3796 dum
1187 3745 1487 3800 admonitus
1512 3762 1541 3800 a
1573 3747 1680 3801 Deo
1704 3749 1771 3802 ad

223 3824 435 3880 “assos
457 3835 512 3880 et
533 3826 824 3896 Turingeos
847 3829 1129 3884 orientales
1168 3833 1408 3900 regiones
1449 3832 1772 3888 Francorum

229 3915 337 3967 iter
389 3927 546 3982 agere
589 3915 836 3982 coepisset
883 3915 1255 3969 lucrandorum
1307 3918 1415 3970 Deo
1466 3920 1773 3986 p0pulorum

227 4016 416 4064 eausa,
446 4001 685 4069 pervenit
726 4001 790 4054 ad
817 4000 1127 4054 Palatiolum
1164 4002 1180 4039 τ
1215 4005 1590 4058 monasterium
1618 4008 1777 4075 virgi-

229 4103 360 4140 num
403 4101 565 4156 prope
593 4086 839 4142 Treveris
864 4089 1128 4142 civitatem
1155 4128 1169 4152 ,
1195 4090 1246 4140 in
1273 4091 1384 4158 ripa
1414 4090 1641 4146 fluminis
1660 4093 1776 4147 Mo-

227 4177 374 4232 sellae
400 4215 416 4240 ,
467 4177 554 4231 cui
595 4184 718 4230 tunc
755 4187 979 4245 prmerat
1003 4177 1265 4231 abbatissa
1295 4180 1504 4231 nomine
1530 4178 1730 4234 Addula
1759 4222 1772 4245 ,

233 4264 485 4334 religiosa
520 4262 670 4316 valde
705 4270 760 4316 et
807 4255 995 4317 limens
1022 4264 1206 4318 Deum.
1238 4260 1365 4330 Quze
1389 4281 1512 4330 cum
1561 4268 1778 4324 vidisset

302 4426 329 4454 ι
359 4413 635 4466 Trevirum
657 4411 817 4466 fuisse
836 4413 999 4466 aiunt.
1013 4411 1225 4466 Patrem
1244 4413 1428 4467 habuit
1448 4415 1771 4478 Albericum,

229 4481 636 4569 ie.‘3.,93'1“:.§.
645 4481 1135 4569 ΡΞΞἮθῖΨέῗξηῖιυὲ
1152 4482 1563 4569 laeseras
1598 4484 1772 4569 silete
1801 4511 1846 4569 υ

228 4548 518 4601 abbatissa:
545 4547 787 4600 Palatioli
832 4547 1077 4605 superius
1111 4549 1177 4600 ad
1225 4564 1420 4602 annum
1471 4551 1572 4603 754
1605 4552 1769 4605 relato

231 4614 574 4694 (Patron;qu
611 4622 738 4667 tom.
768 4612 1077 4694 hXX-‘XYID
1097 4655 1111 4676 ,
1135 4615 1305 4694 ipsius
1328 4617 1503 4694 Adelze
1529 4618 1664 4694 filius
1693 4620 1770 4671 di-

228 4678 406 4744 citur;
428 4678 597 4750 Adela
614 4695 740 4750 vero
765 4678 868 4750 filia
891 4678 1174 4750 Dagoberti
1191 4685 1347 4750 regis,
1378 4684 1766 4737 Austrasiornm

231 4750 484 4812 scilicet,
529 4749 604 4801 uti
643 4747 1003 4816 Henschenius
1039 4747 1429 4816 interpretatur.
1471 4750 1626 4804 Certe
1664 4753 1770 4805 Ad-

233 4817 356 4888 dula
386 4816 477 4888 hic
503 4831 645 4869 num.
670 4817 703 4869 3
725 4815 1121 4888 Albricimater
1142 4855 1156 4878 ,
1178 4815 1422 4888 Gregorii
1447 4820 1564 4888 avia
1582 4822 1766 4888 appel-

233 4885 396 4935 latur.
444 4883 608 4936 Porro
651 4883 784 4948 apud
830 4882 1147 4935 Willelmum
1209 4882 1404 4937 "etiam
1451 4886 1500 4938 in
1539 4882 1767 4940 Historia

236 4949 568 5016 Trajectensi
596 4948 893 5016 Gregorius
908 4959 1128 5002 matrem
1158 4952 1402 5005 habuisse
1443 4952 1609 5006 fertur
1652 4971 1770 5006 san-

233 5015 377 5068 ctam
415 5015 743 5070 Westradem
767 5053 783 5077 ,
835 5016 900 5066 in
925 5017 1144 5071 ecclesia
1185 5018 1480 5072 Susterensi
1530 5021 1771 5074 diaeresis

236 5083 577 5137 Leodicensis
605 5087 932 5149 bumatam,‘
955 5083 1103 5149 cujus
1147 5085 1334 5138 festum
1372 5088 1668 5141 celebratur
1697 5104 1767 5140 xu

235 5151 458 5274 ﬁdem.
502 5151 745 5220 Augusti.
790 5149 862 5203 De
903 5147 1141 5218 Gregorii
1181 5151 1433 5208 fratribus
1458 5155 1592 5207 infra
1623 5171 1765 5209 num.

303 5284 473 5365 lLNisi
499 5284 793 5365 pastiones
829 5293 1097 5365 computes
1125 5301 1154 5365 τε
1179 5286 1370 5365 prima.
1401 5290 1568 5341 sancti
1613 5289 1768 5343 Doni-

234 5352 357 5405 facii
397 5351 726 5420 profectione
767 5352 825 5420 in
855 5351 1098 5412 Frisiam,
1138 5351 1223 5407 hic
1250 5365 1768 5409 numerusconstare

235 5434 339 5472 non
371 5418 605 5491 poterit_;
659 5418 937 5487 siquidem.
963 5420 1015 5472 in
1044 5421 1631 5491 secundaprofeetione
1677 5441 1770 5491 per

236 5496 343 5540 tres
363 5500 535 5539 annos
557 5487 813 5540 duntaxat
833 5495 1068 5540 moratus
1087 5490 1238 5540 estin
1263 5487 1425 5542 Frisia
1450 5487 1767 5552 Bonifacius,

133 5580 148 5588 -
233 5552 605 5622 antequam‘in
631 5553 937 5622 Turingiam
971 5569 1027 5608 se
1056 5555 1360 5618 conferret,
1394 5565 1450 5610 ut
1477 5567 1680 5610 constat
1706 5574 1768 5611 ex

235 5619 398 5688 ipsius
425 5619 594 5674 Actis.

302 5701 324 5727 ε
357 5689 468 5742 ttae
497 5697 602 5755 est,
631 5687 777 5760 sinus
801 5689 964 5744 maris
986 5689 1281 5745 Germanici
1311 5689 1447 5744 inter
1471 5692 1693 5747 Batavos
1718 5703 1771 5746 et

1872 3311 2006 3364 dixit
2033 3328 2045 3360 :
2078 3309 2189 3361 Non
2218 3309 2308 3371 ita,
2340 3308 2434 3372 fili,
2456 3325 2635 3377 quaero
2672 3318 2730 3363 ut
2776 3311 2925 3364 dicas
2958 3311 3086 3364 mihi
3136 3311 3408 3364 lectionem

1875 3407 2036 3461 tuam,
2069 3397 2160 3452 sed
2189 3398 2476 3465 secundum
2525 3399 2900 3466 proprietatem
2941 3399 3142 3468 lingua:
3183 3406 3283 3452 tua:
3308 3437 3324 3462 ,
3359 3407 3413 3453 et

1873 3476 2159 3539 secundum
2207 3485 2498 3538 naturalem
2550 3495 2826 3553 parentum
2885 3494 3090 3538 tuorum
3145 3485 3404 3552 loquelam

1873 3575 2104 3626 edissere
2131 3573 2257 3624 mihi
2283 3587 2398 3638 qua:
2427 3572 2574 3640 legis.
2620 3571 2730 3625 llac
2770 3572 2854 3625 ille
2885 3573 3084 3626 ratione
3112 3571 3404 3635 convictus,

1873 3660 2144 3714 confessus
2163 3671 2245 3714 est
2268 3661 2388 3728 quia
2423 3674 2527 3713 non
2569 3668 2744 3728 posset
2795 3660 2987 3713 facere.
3031 3658 3256 3714 Sanctus
3282 3676 3406 3716 vero

1874 3747 1946 3798 ait
1974 3745 2271 3799 Bonifacius
2303 3763 2314 3796 :
2350 3745 2460 3808 \‘is,
2491 3744 2561 3797 fili
2587 3783 2602 3807 ,
2633 3753 2690 3798 ut
2718 3759 2815 3812 ego
2845 3746 2936 3798 tibi
2979 3746 3190 3820 dicam?
3239 3747 3367 3800 Volo
3392 3786 3408 3809 ,

1859 3835 2059 3901 inquit.
2108 3835 2254 3886 Tunc
2303 3832 2489 3886 beatus
2539 3832 2840 3885 Bonifacius
2882 3851 2893 3884 :
2927 3834 3120 3901 Repete
3146 3875 3160 3896 ,
3191 3835 3298 3898 ait,
3342 3837 3410 3889 ab

1872 3923 2089 3977 exordio
2112 3922 2389 3974 lectionem
2418 3930 2579 3981 tuam,
2612 3929 2665 3972 et
2689 3921 2914 3973 discrete
2940 3920 3070 3989 lege.
3109 3920 3256 3984 Quod
3284 3923 3406 3974 dum

1876 4010 2088 4070 faceret,
2115 4024 2335 4062 exorsus
2360 4020 2440 4060 est
2467 3994 2958 4076 sanctus'magister
2980 4048 2992 4069 ,
3026 4017 3078 4060 et
3104 4008 3245 4061 clara
3282 4022 3412 4061 voce.

1873 4097 2026 4163 C(Bpil
2058 4093 2342 4161 prwdicare
2370 4101 2422 4144 et
2451 4093 2604 4144 matri
2633 4101 2686 4144 et
2713 4093 2854 4144 omni
2883 4092 3110 4146 familiaz.

1941 4183 1990 4233 .l.
2023 4180 2148 4245 Quae
2173 4179 2473 4247 praedicatio
2498 4193 2560 4231 ex
2582 4194 2685 4246 quo
2705 4179 2845 4232 fonte
2865 4181 3208 4248 processerit,
3239 4180 3409 4233 claret

1874 4270 1924 4320 in
1955 4267 2296 4321 conversione
2329 4265 2566 4334 Gregorii
2610 4265 2861 4333 ingeniosi
2896 4266 3045 4333 pueri
3070 4273 3124 4318 et
3164 4266 3367 4332 sagacis
3392 4306 3406 4327 ,
3449 4268 3456 4272 ’

1872 4412 2069 4464 Frisios
2102 4411 2416 4472 hodiernos,
2449 4413 2499 4463 in
2525 4424 2681 4478 quem
2708 4410 2875 4464 Rheni
2921 4410 3104 4465 alveus
3137 4411 3412 4465 orientalis

1872 4496 1990 4533 cum
2035 4479 2165 4539 [sala
2205 4479 2341 4548 apud
2379 4481 2696 4548 campenam
2722 4479 2904 4548 urbem
2937 4478 3124 4542 influit,
3154 4493 3308 4546 quem
3337 4479 3411 4531 la-

1873 4563 1992 4602 eum
2023 4548 2212 4600 accolae
2240 4545 2387 4600 inare
2413 4547 2654 4599 Australe
2689 4545 2966 4612 appellant.

1939 4615 1964 4653 ά
1997 4616 2185 4667 Werda
2219 4615 2485 4682 oppidum,
2509 4629 2646 4666 nunc
2672 4613 2894 4682 Ciesaris
2923 4613 3089 4666 insula
3112 4653 3140 4682 ,ί
3163 4614 3228 4665 ad
3268 4614 3406 4668 Rhe-

1872 4699 1994 4735 num
2015 4722 2028 4742 ,
2077 4679 2269 4734 medio—
2291 4679 2485 4733 itinere
2525 4681 2662 4732 inter
2697 4679 2965 4733 Coloniam
2995 4689 3048 4733 et
3081 4681 3360 4734 Wasaliam
3387 4723 3399 4744 ,

1874 4751 2106 4816 reliquiis
2132 4750 2297 4802 sancti
2333 4749 2594 4800 Suidberti
2617 4748 2846 4815 epise0pi
2865 4747 3195 4805 decoratum.
3221 4750 3405 4801 distiu-

1872 4820 2128 4887 gnendum
2173 4833 2201 4868 a
2255 4817 2422 4868 Vorda
2458 4816 2648 4882 oppido
2668 4817 2980 4868 Batavorum
3040 4816 3106 4867 ad
3164 4816 3404 4869 llhenum

1873 4889 2050 4938 itidem
2077 4888 2251 4941 situm.

1943 4968 1964 4989 νε
2015 4953 2175 5002 Fehta
2217 4951 2386 5003 amnis
2429 4966 2529 5002 non
2595 4951 2776 5018 procul
2820 4949 3160 5002 Vullenhovio
3209 4951 3404 5017 oppido

1871 5021 2038 5071 influit
2069 5021 2117 5070 in
2164 5019 2376 5071 Flevum
2412 5021 2578 5071 laeum
2607 5059 2620 5080 ,
2657 5021 2745 5086 qui
2786 5019 2980 5070 Frisios
3015 5032 3041 5068 a
3072 5018 3281 5069 Batavis
3327 5020 3404 5071 di-

1871 5089 1987 5140 rimi
1997 5096 2030 5139 t.

1947 5155 1964 5191 ί
1997 5155 2049 5206 ln
2088 5153 2767 5220 prmlaudatotestamento
2819 5153 2980 5208 Adcla
3028 5154 3222 5208 dicitur
3253 5167 3404 5207 acce-

1873 5223 2010 5290 pisse
2032 5219 2528 5290 loCumPalatiolum
2555 5236 2584 5273 a
2614 5221 2830 5290 Pippino
2858 5223 3054 5289 majore
3082 5223 3266 5274 domus
3285 5233 3404 5290 per—

1874 5287 2160 5341 inutatione
2204 5287 2339 5340 facta
2367 5327 2380 5347 ,
2414 5288 2586 5354 ibique
2615 5287 2907 5340 condidisse
2945 5287 3319 5341 monasterium
3349 5289 3402 5342 in

1869 5359 2120 5422 honorem
2151 5365 2342 5407 sanette
2367 5355 2540 5408 Maria:
2560 5354 2780 5420 virginis
2804 5366 2858 5407 et
2885 5355 3242 5422 apostolorum
3264 5355 3404 5410 Petri

1868 5434 1921 5476 et
1947 5421 2111 5490 Pauli,
2145 5422 2195 5473 in
2233 5439 2335 5490 quo
2373 5441 2391 5470 ‹
2427 5422 2796 5478 monaeharum
2818 5421 3320 5490 emtum-disciplina
3347 5433 3400 5474 et

1871 5489 2047 5558 regula
2085 5494 2253 5558 sancti
2284 5489 2548 5542 Benedicti
2577 5490 3210 5558 viventiumaggregavit.
3251 5509 3268 5540 ι

1869 5555 2014 5611 locus
2052 5555 2118 5607 ab
2146 5558 2274 5608 urbe
2312 5558 2511 5610 distans
2556 5571 2803 5623 passuum
2839 5555 3075 5609 circiter“
3097 5558 3194 5608 tria
3237 5555 3401 5623 millia

1872 5628 1923 5678 in
1956 5626 2382 5690 septentrionem,
2441 5622 2578 5678 nunc
2629 5623 2888 5679 moenibus
2931 5634 3135 5689 auctus,
3186 5622 3409 5679 canonis

1873 5707 2053 5747 corum
2080 5692 2297 5759 collegio
2323 5693 2501 5747 cessit.
