4266 6428
755 453 847 484 ιιι.)

1477 438 1532 492 S.
1570 438 1929 496 LUDGERUS
1967 441 2710 502 MlMlGARDEFORDENSIS
2747 448 3129 507 EPISCOPUS.

3795 465 3904 522 756

747 546 871 610 quia
898 559 1016 641 non.
1042 546 1363 641 abliumana
1413 547 1659 641 facundia
1690 589 1703 613 ,
1735 565 1851 617 quae
1877 549 2178 641 frequenter
2204 550 2268 603 ad
2296 554 2342 641 ,ξ
2368 553 2499 605 nihil
2526 565 2644 608 erat
2667 557 2717 608 in
2746 572 2903 611 causa
2931 576 2944 609 :
2973 562 3063 614 sed
3091 563 3189 617 hoc
3220 563 3343 618 fecit
3384 568 3574 623 artifex
3616 586 3855 636 summus
3874 615 3896 641 ,

746 640 954 699 tempus
987 632 1210 695 deludit,
1238 634 1328 687 sed
1357 648 1421 687 ex
1463 635 1694 703 Spiritus
1737 636 1905 689 sancti
1957 638 2154 704 gratia,
2186 651 2267 689 se-

745 718 969 770 cundum
1001 707 1326 786 promissum
1365 720 1665 788 Evangelii,
1710 723 1761 773 in
1803 723 2011 777 modum
2039 722 2267 775 ﬂuminis

746 821 894 872 aqua:
919 807 1047 858 viva:
1076 806 1141 858 de
1175 814 1357 858 ventre
1390 805 1537 859 ﬂuxit
1564 808 1793 860 doetoris
1835 808 2009 877 (Joan.
2055 811 2148 875 vn)
2175 825 2188 861 :
2214 818 2267 861 et

744 907 839 945 cor
861 894 1089 960 prudens
1116 907 1177 945 ac
1201 894 1366 947 docile
1391 897 1536 962 pueri
1561 895 1797 963 Gregorii
1828 904 1972 948 tanta
2000 896 2189 947 virtute
2214 903 2267 948 et

743 978 1017 1031 velocitate
1050 981 1386 1046 penetravit,
1404 991 1463 1033 ut
1491 982 1555 1033 ad
1585 996 1741 1032 unam
1779 982 2023 1048 incogniti
2051 991 2268 1034 eatenus

745 1065 978 1132 magistri
1005 1066 1420 1119 exhortationem
1461 1076 1515 1120 et
1539 1068 1955 1135 pmdicationem
1994 1068 2265 1121 obliviSce-

743 1165 888 1207 retur
921 1166 974 1210 et
1000 1166 1275 1224 parentum
1305 1167 1360 1209 et
1384 1158 1564 1224 patriae
1614 1174 1630 1208 ε
1674 1158 1889 1224 ipsaque
1925 1158 2051 1209 hora
2080 1194 2099 1220 ,
2141 1157 2265 1209 dum

738 1242 1050 1309 complesset
1094 1243 1340 1311 mgister
1386 1253 1598 1296 sanctus
1633 1245 2055 1311 pnedicationem
2094 1259 2261 1305 suam,

740 1331 924 1383 nolens
951 1332 1016 1382 ab
1040 1346 1103 1398 eo
1122 1332 1256 1384 ultra
1284 1330 1530 1401 disjungi,
1560 1334 1653 1384 ivit
1678 1333 1741 1385 ad
1764 1334 1931 1384 aviam
1958 1347 2104 1384 suam
2134 1348 2265 1399 pra:-
2300 1349 2315 1359 ’

740 1419 932 1471 dictam
973 1420 1287 1473 abbatissam
1333 1421 1683 1473 venerabilem
1728 1421 2013 1483 Addulam,
2045 1422 2223 1475 dicens
2247 1460 2260 1483 ,

736 1523 793 1561 se
817 1509 951 1562 velle
974 1524 1092 1561 eum
1114 1509 1323 1561 homine
1347 1517 1654 1577 pcrgere,ct
1674 1510 1736 1561 ad
1763 1509 2035 1562 discendos
2063 1509 2264 1562 divinos

738 1596 900 1647 libros
943 1595 1303 1662 discipulatum
1331 1597 1444 1662 ejus
1472 1596 1666 1649 subire.
1693 1596 1761 1648 At
1786 1596 1917 1662 ipsa,
1947 1595 2145 1648 carnali
2181 1594 2261 1646 af—

737 1681 874 1736 fectu
918 1683 1235 1744 constricta,
1279 1682 1417 1736 illico
1464 1683 1654 1750 repulit
1692 1699 1840 1744 eum,
1871 1693 1923 1734 et
1951 1681 2266 1735 omnimodis

654 1834 657 1837 δ
737 1769 835 1821 hoc
861 1768 973 1821 ﬁeri
998 1783 1151 1836 posse
1177 1769 1366 1831 renuit,
1395 1770 1517 1834 quia
1545 1771 1723 1836 utique
1763 1785 1865 1822 non
1891 1777 2069 1823 nosset
2096 1770 2263 1822 homi-

735 1870 883 1961 nem:
908 1869 1076 1921 neque
1101 1870 1205 1961 (illo
1226 1856 1344 1961 iret:
1373 1854 1644 1961 SelLSiCUI
1671 1858 2032 1961 Scri'lﬂullnneﬂ
2062 1856 2259 1961 εέιιιιξε
2292 1853 2332 1910 Β
2360 1868 2450 1921 scd
2470 1868 2621 1961 juxta
2651 1874 2947 1943 exemplum
2987 1881 3327 1946 apostolicum
3373 1885 3440 1955 (Ι
3470 1853 3696 1961 (Σοί-ιδ

736 1943 909 1995 multa:
938 1959 1037 1994 non
1065 1953 1335 2011 potuerunt
1375 1945 1692 2010 exstinguere
1737 1943 2030 1995 charilatem
2085 1940 2254 2011 (Cant.

733 2030 850 2096 vnn)
877 2046 892 2093 ;
920 2045 1051 2099 puer
1074 2029 1358 2099 Gregorius
1384 2032 1434 2082 in
1463 2032 1727 2098 pr0posito
1752 2045 1844 2082 suo
1870 2030 2176 2098 permansit,
2206 2037 2260 2081 et

732 2118 864 2171 dixit
892 2119 956 2171 ad
980 2102 1238 2171 Addulam
1266 2118 1435 2170 aviam
1466 2132 1612 2170 suam
1645 2134 1660 2168 :
1691 2116 1864 2169 Sinon
1887 2118 1966 2169 vis
1986 2117 2111 2168 mihi
2133 2114 2258 2167 dare

732 2222 925 2274 equum
953 2219 1012 2260 ut
1035 2208 1272 2275 equitare
1298 2208 1492 2276 possim
1522 2221 1647 2259 cum
1668 2219 1730 2258 eo
1755 2244 1768 2267 ,
1814 2205 2035 2272 pedibus
2078 2201 2260 2255 ambu-

734 2297 892 2349 lando
931 2296 1126 2362 absque
1159 2296 1314 2348 dubio
1338 2296 1529 2347 vadam
1553 2309 1673 2346 cum
1697 2294 1811 2346 illo.
1840 2292 1927 2346 Sic
1956 2307 2081 2359 ergo
2101 2292 2259 2343 alter-

734 2383 901 2437 cando
925 2383 988 2435 de
1012 2384 1187 2450 ignoto
1208 2383 1395 2436 itinere
1423 2382 1619 2435 diutius
1640 2381 1997 2449 diseeptabant
2021 2381 2087 2433 ad
2129 2381 2259 2432 invi-

736 2482 896 2521 cem:
935 2468 1026 2521 sed
1069 2468 1277 2520 tandem
1316 2468 1585 2536 praevaluit
1628 2468 1860 2521 Charitas
1902 2467 2054 2521 electi
2108 2465 2259 2534 pueri

736 2554 996 2625 Gregorii,
1018 2564 1173 2620 et,.ut
1196 2558 1408 2626 dignum
1429 2566 1561 2620 erat,
1588 2557 1853 2611 carnalem
1878 2571 2111 2610 amorem
2134 2556 2260 2608 vicit

738 2644 946 2698 dilectio
985 2644 1249 2713 spiritalis.
1290 2644 1483 2704 Videris
1509 2660 1632 2713 ergo
1658 2640 1851 2697 famula
1881 2644 1971 2697 Dei
2013 2642 2212 2696 Addula
2241 2682 2257 2707 ,

734 2732 857 2800 quia
882 2734 1109 2800 prudens
1128 2741 1245 2784 erat
1260 2731 1471 2795 femina,
1491 2733 1720 2784 animum
1741 2731 2071 2785 inﬂexibilem
2086 2731 2256 2800 pueri,

734 2821 876 2873 dedit
908 2820 983 2872 illi
1018 2834 1208 2887 pueros
1242 2828 1295 2872 et
1320 2835 1501 2887 equos,
1532 2827 1584 2873 et
1611 2820 1807 2873 dimisit
1834 2835 1955 2874 eum
1989 2821 2064 2873 ire
2091 2832 2114 2857 ιι
2137 2835 2259 2875 cum

732 2915 915 2959 sancto
953 2908 1200 2976 magistro
1238 2909 1289 2960 in
1316 2923 1447 2976 opus
1491 2909 1629 2977 quod
1672 2910 2065 2978 compleverunt
2106 2908 2259 2960 simul

732 3006 896 3063 usque
929 2997 993 3049 ad
1029 3005 1267 3049 sanctum
1294 2999 1603 3066 martyrium
1632 2997 1759 3063 eius.
1800 2997 2069 3064 lntelligis,
2093 2997 2260 3049 lector

731 3085 850 3151 pius
869 3093 921 3136 et
941 3085 1188 3152 prudens,
1216 3100 1370 3151 quem
1400 3095 1609 3139 secutus
1650 3086 1717 3138 sit
1756 3086 1952 3138 electus
1978 3100 2107 3153 puer
2129 3084 2258 3138 Gre-

733 3170 909 3235 gorius
944 3170 997 3221 in
1026 3170 1125 3223 hoc
1145 3169 1303 3234 facto,
1328 3179 1385 3223 ut
1418 3171 1725 3223 inconsultis
1750 3172 2055 3239 parentibus
2091 3172 2261 3223 omnia

733 3256 935 3323 busque
974 3257 1298 3324 propinquis,
1333 3266 1383 3311 et
1416 3257 1526 3325 ipsa
1558 3272 1673 3324 qua:
1701 3271 1931 3324 praesens
1952 3265 2068 3309 erat
2105 3258 2263 3310 resis-

638 3334 639 3337 “
732 3350 875 3395 tente
897 3343 1034 3403 avia,
1057 3351 1162 3394 tam
1181 3342 1359 3407 subito
1385 3352 1693 3395 mutaretur.
1724 3344 1864 3395 Idem
1888 3343 2026 3395 enim
2050 3344 2263 3411 spiritus

733 3431 938 3482 videtur
971 3430 1099 3482 mihi
1130 3430 1179 3481 in
1222 3430 1321 3482 hoc
1343 3438 1467 3483 tunc
1493 3430 1700 3496 operari
1726 3442 1909 3495 puero,
1941 3430 2028 3496 qui
2055 3438 2263 3496 aposto-

732 3516 811 3568 los
836 3514 1031 3569 Christi
1058 3525 1113 3568 et
1131 3516 1523 3583 dispensatores
1548 3516 1915 3583 mysteriorum
1940 3516 2029 3569 Dei
2052 3516 2114 3567 ad
2138 3516 2262 3569 illud

738 3601 1081 3655 inﬂammavit
1110 3612 1164 3655 ut
1194 3603 1256 3655 ad
1284 3618 1445 3655 unam
1471 3618 1650 3655 vocem
1678 3603 1881 3655 Domini
1913 3643 1926 3667 ,
1958 3604 2157 3656 relictis
2181 3619 2262 3656 rc-

734 3689 874 3742 tibus
885 3698 938 3741 et
958 3698 1125 3756 patre,
1140 3698 1485 3755 sequerentur
1505 3690 1924 3756 Redemptorcm.
1938 3690 2262 3757 Contemptis

735 3778 893 3845 igitur
918 3777 1223 3844 parentibus
1245 3785 1299 3828 et
1324 3776 1510 3845 patria,
1527 3776 1871 3843 omnibusque
1900 3784 2041 3829 retro
2070 3777 2261 3831 relictis

736 3879 853 3930 quae
879 3864 1161 3916 carnaliter
1190 3864 1411 3915 blandiri
1442 3871 1685 3930 poterant
1707 3866 1866 3917 menti
1898 3865 2259 3927 adolescentis,

734 3951 1020 4003 secundum
1046 3949 1337 4002 Psalmistm
1364 3949 1532 4016 (Psal.
1575 3952 1682 4018 xvi)
1710 3952 1903 4003 dictum
1930 3953 2112 4004 beatus
2132 3968 2261 4019 puer

735 4038 1020 4106 Gregorius
1051 4046 1263 4105 propter
1309 4039 1469 4091 verba
1521 4037 1774 4089 labiorum
1811 4039 1902 4091 Dei
1943 4048 2152 4092 secutus
2181 4049 2261 4093 est

735 4127 848 4178 vias
876 4127 1049 4177 duras.
1080 4125 1276 4176 Durum
1317 4140 1542 4192 namque
1574 4134 1687 4177 erat
1715 4107 1940 4178 et'valde
1968 4142 2210 4193 asperum
2243 4166 2258 4189 ,

737 4222 797 4265 ut
826 4213 913 4280 qui
937 4212 989 4263 in
1017 4211 1183 4278 patris
1208 4211 1362 4265 domo
1383 4212 1598 4264 multum
1624 4213 1800 4265 divitis
1829 4213 1881 4264 in
1910 4214 2044 4281 jocis
2081 4221 2130 4265 et
2165 4215 2257 4265 de—

735 4302 871 4353 liciis
894 4309 1013 4353 erat
1034 4300 1261 4352 nutritus
1281 4340 1295 4363 ,
1337 4315 1497 4352 unum
1544 4301 1880 4368 peregrinum
1901 4309 1953 4354 et
1982 4316 2259 4368 pauperem

739 4390 1002 4444 hominem
1031 4399 1356 4455 sequeretur,
1371 4390 1613 4442 nesciens
1628 4405 1732 4457 quo
1756 4389 1880 4452 iret;
1905 4398 1955 4442 et
1979 4390 2029 4441 in
2060 4398 2258 4441 tantum

741 4478 789 4530 ei
820 4477 1056 4528 obediret
1075 4514 1089 4538 ,
1117 4483 1174 4527 ut
1201 4490 1384 4527 omnes
1414 4476 1544 4529 alios
1564 4477 1799 4529 homines
1821 4484 1876 4528 et
1895 4486 2142 4541 potentes
2168 4493 2259 4529 sc-

738 4562 843 4616 euli
872 4571 926 4614 et
951 4563 1187 4629 proprios
1224 4571 1468 4630 parentes
1498 4571 1742 4629 tanquam
1766 4565 1958 4616 surdus
1987 4580 2085 4617 non
2114 4566 2259 4616 audi-

740 4656 839 4711 ret,
867 4648 1148 4702 dummodo
1170 4649 1307 4701 illius
1327 4652 1596 4717 praeceptis
1616 4652 1909 4703 obsecunda
1919 4662 2062 4704 retur
2084 4653 2133 4703 in
2153 4668 2259 4705 om-

738 4733 910 4787 nibus.
954 4734 1160 4798 Quanta
1186 4736 1325 4787 enim
1350 4738 1632 4789 auctoritas
1670 4737 1876 4790 lucebat
1908 4739 2013 4805 jam
2049 4747 2171 4792 tunc
2206 4740 2257 4791 in

739 4820 919 4873 futuro
944 4830 1176 4888 martyre
1210 4821 1479 4875 Bonifacio
1500 4862 1515 4885 ,
1566 4822 1851 4876 mstimare‘
1872 4826 1988 4890 quis
2034 4829 2261 4892 poterit,

738 4922 855 4975 qua:
881 4921 972 4961 cor
993 4908 1143 4975 pueri
1168 4917 1274 4960 tam
1301 4910 1470 4962 subita
1494 4911 1854 4965 immutatione
1873 4913 2145 4965 incitavit?
2170 4925 2259 4967 aut

740 4996 856 5061 quis
879 4995 1035 5047 ardor
1058 4995 1330 5048 charitatis
1356 4998 1422 5049 ad
1447 4996 1789 5050 obedientium
1815 5000 1988 5066 ignoto
2013 5001 2261 5067 magistro

740 5090 967 5135 mentem
1007 5081 1215 5148 juvenis
1251 5083 1608 5147 inflammavit,
1639 5093 1695 5135 ut
1719 5086 1887 5137 subito
1920 5087 2110 5138 oblitus
2142 5090 2217 5140 sui
2244 5130 2257 5149 ,

739 5175 951 5221 secutus
972 5168 1040 5221 sit
1060 5167 1252 5221 Christi
1280 5183 1560 5237 pauperem
1586 5212 1600 5234 ,
1632 5173 1801 5225 omnis
1830 5176 2101 5227 mumlanre
2134 5180 2258 5229 sub-

741 5256 945 5309 stantia:
971 5257 1217 5324 inopem?
1243 5258 1355 5311 Non
1385 5260 1484 5312 hoc
1504 5259 1629 5312 fecit
1649 5276 1796 5315 amor
1819 5265 1932 5315 auri
1961 5274 2014 5317 et
2035 5268 2258 5332 argenti,

741 5356 845 5395 non
868 5342 1054 5409 cupido
1076 5345 1387 5411 praediorum
1408 5356 1459 5399 et
1482 5349 1704 5416 superba
1725 5348 1997 5414 iactantia,
2040 5369 2259 5419 quorum

811 5494 836 5521 ι
854 5480 920 5558 ⁸ιι]
945 5483 1159 5559 contigit
1186 5485 1537 5559 ann9__C_liristi
1564 5491 1666 5543 722
1694 5531 1706 5553 ,
1754 5508 1872 5546 eum
1920 5496 2221 5553 Bonifacius
2242 5539 2255 5559 ,
2307 5500 2310 5504 “

745 5547 956 5601 dimisso
993 5550 1044 5601 in
1074 5547 1240 5603 Frisia
1273 5553 1624 5620 Willihrordo,
1651 5547 1714 5611 ad
1742 5560 1933 5614 Hassos
1961 5573 2013 5615 et
2039 5547 2260 5619 Thurin:

747 5627 841 5681 gos
859 5628 916 5667 te
940 5620 1193 5671 convertit
1217 5659 1229 5682 ,
1256 5621 1503 5689 Gregorio
1528 5624 1636 5690 jam
1668 5643 1859 5680 annum
1889 5641 2129 5697 quartum
2174 5636 2257 5686 (ἴθ-

2317 622 2339 643 ’
2364 653 2498 693 unus
2519 650 2674 708 atque
2700 643 2836 696 idem
2872 646 3087 712 spiritus
3125 648 3235 712 Dei,
3261 652 3349 718 qui
3375 657 3551 708 omnia
3573 671 3822 726 operatur
3841 622 3895 717 ir;

2363 728 2626 792 omnibus,
2654 731 2887 785 dividens
2910 735 3126 802 singulis
3145 749 3301 804 prout
3316 743 3444 794 vult.

2432 816 2483 869 5.
2529 816 2865 906 Tuneielecti
2916 822 3010 876 Dei
3049 826 3151 879 iter
3194 829 3544 886 desideratum
3586 849 3899 906 peragentes

2362 913 2617 955 venerunt
2672 905 3034 975 Thuringiam.
3080 910 3247 966 Porro
3294 915 3360 967 ad
3403 905 3741 986 augmentum
3771 928 3898 981 boni

2364 992 2467 1054 sui,
2497 1002 2549 1045 et
2576 994 2639 1047 ad
2661 998 3099 1061 comprobandam
3123 1003 3315 1057 mentis
3337 1019 3519 1059 eorum
3542 1017 3897 1071 constantiam

2363 1088 2416 1139 et
2458 1080 2924 1147 longanimitatem,
2969 1087 3021 1139 in
3066 1095 3210 1142 tanta
3249 1104 3557 1162 paupertate
3585 1102 3902 1161 invenerunt

2362 1168 2606 1258 populum
2635 1170 2799 1235 illum,
2822 1181 2880 1225 ut
2905 1174 2992 1227 vix
3020 1176 3090 1229 ibi
3116 1179 3252 1235 ullus
3276 1184 3495 1240 haberet
3516 1190 3653 1244 unde
3673 1195 3895 1258 viveret,

2363 1254 2462 1307 nisi
2487 1256 2550 1309 de
2574 1257 2853 1326 longinquo
2877 1277 3062 1332 parum
3092 1268 3216 1334 quid
3242 1270 3510 1341 colligeret
3533 1316 3549 1339 ,
3584 1287 3643 1332 ut
3670 1282 3737 1335 ad
3783 1254 3899 1337 mo;

2362 1343 2536 1396 dicum
2585 1354 2791 1414 tempus
2838 1358 3160 1417 sustentaret
3224 1361 3499 1424 penuriam
3543 1380 3712 1420 suam.
3764 1369 3902 1425 Nam

2364 1440 2469 1529 tota
2606 1436 2769 1502 regio,
2800 1436 2851 1489 in
2880 1440 3108 1535 conﬁnio
3148 1459 3470 1535 paganorum
3500 1455 3772 1510 rebellium
3798 1475 3893 1527 po-

2362 1519 2488 1581 sita,
2520 1520 2606 1573 illo
2636 1529 2869 1590 tempore
2896 1526 3107 1582 incensa
3133 1519 3329 1587 erat‘et
3356 1538 3531 1593 hostili
3577 1558 3732 1597 manu
3772 1519 3895 1601 vas-

2363 1614 2491 1659 tata.
2523 1607 2650 1701 Quin
2695 1621 2869 1665 tamen
2916 1619 3136 1682 penuria
3175 1635 3507 1691 nequaquam
3556 1637 3755 1685 terrere
3798 1649 3894 1701 po-

2362 1701 2501 1747 terat
2528 1698 2799 1787 ministros
2832 1701 3050 1767 Christi,
3107 1716 3165 1759 ut
3214 1710 3282 1763 ob
3330 1710 3383 1764 id
3432 1698 3895 1787 subterfugcrent,

2362 1796 2469 1850 quo
2508 1784 2684 1838 minus
2732 1791 3111 1845 annuntiarent
3141 1796 3219 1848 eis
3244 1811 3399 1851 omne
3435 1784 3709 1858 consilium
3757 1784 3893 1863 Dei:

3722 1911 3894 1963 cmpe-

2362 1965 2486 2009 runt
2509 1957 2753 2015 laborare
2781 1962 3023 2018 manibus
3048 1968 3159 2021 suis
3181 1984 3297 2036 qua:
3323 1987 3453 2040 opus
3494 1988 3651 2030 erant
3679 1957 3819 2034 'sibi'
3841 1993 3897 2036 et

2362 2044 2559 2137 eis‘qui
2584 2062 2703 2101 cum
2732 2050 2834 2110 illis
2854 2062 3024 2118 erant,
3053 2065 3212 2125 atque
3236 2074 3355 2114 cum
3377 2062 3463 2116 illo
3487 2068 3750 2137 populoin
3780 2079 3897 2125 ten-

2365 2134 2653 2226 tationibus
2673 2138 2782 2192 suis
2806 2138 3028 2195 ﬁrmiter
3052 2159 3377 2212 permanere,
3404 2158 3456 2203 et
3481 2134 3894 2226 circumquaque
3955 2195 3964 2204 -

2362 2223 2692 2317 ιιι-κριθαί]άο
2718 2226 2943 2282 invitare
2967 2231 3034 2283 ad
3065 2233 3301 2289 caelestia
3351 2226 3532 2308 regna.
3570 2242 3626 2294 In
3659 2243 3743 2298 his
3767 2223 3895 2317 ergo

2363 2309 2559 2397 studiis,
2575 2324 2975 2378 perseverantes
2999 2356 3014 2381 ,
3050 2323 3335 2376 secundum
3363 2324 3587 2379 formam
3611 2309 3899 2397 primitivar

2335 2434 2341 2442 .
2363 2393 2612 2448 Ecclesiae
2638 2406 2756 2449 erat
2778 2400 2857 2452 eis
2882 2415 2977 2454 cor
3003 2418 3163 2456 unum
3190 2413 3245 2459 et
3269 2408 3443 2462 anima
3476 2426 3578 2465 una
3608 2393 3743 2480 (Act.
3776 2419 3847 2486 iv)
3872 2436 3893 2482 ;

2364 2490 2419 2570 et
2433 2484 2657 2550 augebat
2682 2485 2820 2539 Deus
2845 2489 3079 2555 quotidie
3099 2492 3373 2562 multiplici
3392 2512 3628 2565 numero,
3653 2505 3741 2570 qui
3762 2484 3895 2560 salvi

2366 2567 2552 2621 ﬁerent
2579 2570 2631 2623 in
2659 2572 2906 2640 idipsum.
3480 2582 3485 2587 ”

2432 2656 2661 2748 6.:I‘unc
2694 2660 2836 2715 fama
2870 2667 3039 2720 sancti
3068 2669 3304 2737 magistri
3349 2680 3402 2726 et
3446 2672 3608 2728 futuri
3644 2683 3892 2748 martyris

2363 2743 2615 2835 contracti
2662 2748 2822 2835 εωριι
2855 2750 3063 2805 dilatari
3105 2770 3201 2821 per
3225 2759 3400 2810 omnia
3434 2761 3706 2816 orientalia
3730 2743 3890 2835 regna

2364 2829 2707 2885 Francorum.
2771 2833 2940 2903 Cmpit
2992 2852 3201 2906 quoque
3243 2850 3296 2894 et
3340 2843 3537 2899 electus
3589 2829 3892 2907 adolescens

2364 2915 2648 2984 Gregorius
2693 2920 2745 2971 in
2791 2921 3101 2990 discipulatu
3149 2925 3264 2992 ejus
3305 2931 3565 2997 proﬁcere
3630 2944 3786 2991 atate
3836 2950 3890 2992 et

2364 3005 2637 3072 sapientia,
2665 3016 2718 3060 et
2753 3008 2803 3060 in
2833 3017 3033 3064 tantum
3072 3015 3315 3070 amabilis
3342 3017 3455 3071 ﬁeri
3486 3023 3739 3090 magistro
3768 3064 3783 3087 .
3834 3034 3891 3079 ut

2364 3095 2513 3161 quasi
2559 3097 2769 3149 unicum
2817 3098 2980 3152 ﬁlium
3004 3116 3124 3154 eum
3161 3103 3434 3173 diligeret,
3463 3106 3568 3172 iam
3599 3110 3886 3175 adiutorem

2359 3180 2564 3233 ﬁdelem
2590 3182 2731 3235 illum
2753 3186 2955 3239 habens
2980 3188 3030 3239 in
3057 3191 3197 3242 omni
3220 3206 3378 3259 Opere
3404 3194 3557 3247 bono.
3594 3197 3691 3251 [ch
3714 3208 3891 3255 autem
3922 3188 3925 3191 ’

2361 3276 2532 3321 tantus
2548 3270 2812 3337 profectus
2846 3272 3129 3329 electorum
3161 3277 3250 3330 Dei
3281 3295 3381 3333 non
3416 3292 3496 3335 est
3525 3284 3763 3340 initiatus
3791 3302 3883 3356 per

2356 3355 2675 3422 opulentiam
2703 3367 2758 3411 et
2782 3361 3075 3423 mundanas
3101 3363 3337 3429 delicias,
3368 3382 3536 3435 neque
3563 3386 3659 3437 per
3687 3355 3884 3426 securi-

2357 3452 2519 3496 tatem
2563 3455 2616 3498 et
2649 3448 3054 3515 prosperitatem
3083 3451 3201 3503 vita:
3230 3453 3484 3516 mortalis,
3515 3458 3605 3509 sed
3633 3459 3683 3511 in
3714 3459 3848 3515 fame
3868 3500 3883 3522 ,

2358 3542 2411 3584 et
2435 3535 2689 3596 nuditate,
2712 3544 2765 3587 et
2789 3535 3055 3590 laboribus
3098 3540 3294 3593 multis.
3333 3542 3385 3594 In
3424 3544 3531 3609 quii
3555 3560 3616 3597 us
3643 3549 3890 3602 omnibus

2356 3630 2410 3673 et
2431 3637 2589 3689 opere
2616 3621 2862 3677 manuum
2890 3625 3066 3679 vivere
3092 3628 3428 3696 cogebantur,
3446 3641 3497 3683 et
3512 3624 3887 3702 nonnunquam

2357 3707 2581 3759 vicinam
2609 3724 2928 3778 paganorum
2949 3716 3363 3779 persecutionem
3388 3718 3456 3770 ob
3480 3730 3675 3772 metum
3701 3725 3882 3777 mortis

2357 3809 2473 3845 cum
2504 3797 2691 3863 popqu
2716 3797 2869 3849 simul
2891 3798 2941 3879 ip
2961 3800 3228 3871 civitatem
3258 3794 3459 3873 fugere,
3485 3806 3662 3875 ibique
3691 3811 3743 3863 in
3768 3821 3885 3865 atto

2357 3893 2490 3945 pane
2521 3888 2571 3932 et
2597 3882 2852 3949 angustiis
2896 3899 2990 3950 per
3035 3885 3145 3938 dies
3187 3887 3364 3954 plures
3394 3892 3633 3946 habitare
3658 3935 3672 3955 ,
3720 3897 3880 3950 donec

2357 3966 2571 4019 collecta
2624 3968 2956 4027 multitudine
2998 3987 3120 4026 suas
3153 3976 3293 4030 cives
3322 3993 3477 4031 manu
3515 3981 3769 4036 validiore
3794 4000 3885 4038 eos

2357 4055 2546 4123 iterum
2574 4055 2881 4123 eﬂ‘ugarent.
2921 4058 3030 4111 Hoc
3065 4075 3196 4129 ergo
3215 4073 3480 4117 certamen
3513 4070 3765 4134 quoniam
3789 4086 3885 4140 per

2358 4140 2658 4195 innumeros
2706 4144 2848 4196 vicos
2885 4145 3021 4197 inter
3044 4162 3277 4215 paganos
3303 4159 3356 4203 et
3377 4150 3706 4209 Christianos
3731 4173 3873 4225 gere-

2356 4227 2531 4289 batur,
2561 4229 2756 4280 idcirco
2782 4230 2902 4283 hinc
2928 4239 2981 4283 et
3013 4233 3131 4286 inde
3152 4250 3337 4303 magna
3369 4253 3491 4305 pars
3519 4242 3789 4308 regionum
3817 4244 3873 4295 il-

2358 4309 2524 4363 larum
2574 4314 2782 4366 redacta
2819 4326 2933 4368 erat
2982 4317 3032 4371 in
3084 4320 3432 4375 solitudinem.
3488 4326 3563 4377 ln-
3596 4336 3705 4380 tam
3756 4329 3873 4383 forti

2287 4420 2335 4476 ο
2359 4406 2534 4451 autem
2561 4408 2614 4452 et
2635 4402 2923 4468 periculosa
2953 4404 3005 4456 in
3035 4406 3217 4459 diebus
3252 4408 3355 4460 illis
3378 4410 3733 4469 decertationc
3762 4456 3775 4477 ,
3825 4419 3873 4470 in

2362 4492 2502 4536 tanta
2546 4502 2715 4555 pugna
2736 4497 2794 4541 et
2821 4492 3213 4556 perturbatione.
3256 4495 3614 4552 dimicantium
3652 4506 3872 4572 populu-

2358 4590 2502 4637 rum,
2553 4578 2751 4649 electus
2792 4588 2973 4657 pastor
3019 4582 3316 4639 Bonifacius
3367 4604 3634 4657 nunquam
3672 4608 3875 4648 cessare

2356 4665 2525 4730 potuit
2559 4681 2588 4716 a
2617 4668 2850 4720 custodia
2879 4676 2932 4722 et
2959 4669 3299 4726 instructione
3343 4676 3515 4744 gregis
3542 4679 3622 4730 sui
3655 4696 3667 4731 :
3699 4696 3875 4733 verum

2358 4759 2505 4803 tanto
2549 4751 2645 4804 fuit
2683 4756 3008 4809 constantior
3051 4768 3105 4810 et
3143 4761 3376 4826 paratior
3412 4770 3508 4828 pro
3550 4764 3737 4820 ovibus
3772 4768 3880 4821 suis

2358 4837 2585 4888 animam
2615 4852 2761 4890 suam
2782 4854 2984 4907 ponere
3011 4882 3026 4906 ,
3070 4855 3267 4912 quanto
3288 4847 3484 4899 rabiem
3510 4849 3749 4917 luporum
3777 4853 3873 4907 fre-

2357 4928 2599 4991 quentius
2625 4929 2756 4983 vidit
2782 4939 2836 4984 et
2876 4935 3106 4987 atrocius
3144 4936 3434 4988 imminere.
3468 4937 3722 4993 Similiter
3743 4951 3793 4995 et
3819 4943 3872 4994 ﬁ-

2357 5013 2486 5067 delis
2510 5015 2792 5083 discipulus
2835 5018 2949 5084 ejus
2991 5019 3273 5087 Gregorius
3310 5022 3515 5089 adjutor
3542 5010 3874 5106 infatigabilis

2358 5102 2408 5152 in
2437 5116 2593 5167 opere
2621 5102 2713 5155 Dei
2741 5120 2858 5156 cum
2884 5107 3134 5174 magistro
3174 5110 3461 5174 permansit
3484 5102 3800 5167 in'custodia
3824 5126 3873 5167 et

2356 5186 2661 5239 educatione
2686 5190 2856 5256 gregis
2889 5188 3101 5254 Christi,
3131 5192 3299 5245 factus
3326 5195 3585 5249 secundus
3607 5208 3805 5264 pastor.

2425 5271 2474 5321 7.
2506 5272 2582 5324 Eo
2607 5286 2770 5340 usque
2797 5283 2972 5329 autem
3001 5277 3112 5330 hrec
3140 5278 3210 5329 ita
3233 5280 3572 5345 gerebantur,
3597 5288 3761 5337 donec
3780 5299 3870 5351 per

2357 5360 2579 5425 gratiam
2601 5359 2796 5413 Christi
2826 5362 3174 5430 triumpharet
3206 5362 3504 5420 Christiana
3542 5382 3733 5424 manus
3761 5408 3775 5432 ,
3818 5379 3871 5423 et

2357 5512 2545 5631 cintmm
2572 5520 2948 5632 ptraatervecto,
2994 5515 3078 5581 qui
3130 5514 3347 5583 proinde
3389 5528 3526 5568 anno
3552 5514 3749 5572 Christi
3776 5517 3870 5569 702

2357 5596 2419 5631 na
2449 5595 2508 5632 ns
2531 5594 2587 5632 es
2615 5617 2628 5629 .

2357 5594 2508 5632 natus
2531 5594 2628 5632 eSt.
