4266 6430
14 1 268 126 με

14 1 268 126 με

160 480 258 537 7·δῖ
634 510 639 515 -
1263 484 1415 538 VITA
1453 485 1510 539 S.
1552 485 1867 540 GREGORII
1908 489 2211 543 ABBATIS.
3221 489 3320 552 7.38

157 605 258 656 pax
289 589 442 658 plena
473 590 564 643 Dei
601 591 848 646 Ecelesiis
883 592 1205 646 redderetur.
1240 593 1304 645 Et
1333 603 1486 647 erant
1529 594 1696 661 magis
1725 603 1768 655 Α
1801 599 2050 665 magistro
2079 601 2128 652 in
2159 600 2299 654 omni
2323 614 2540 668 cperunt
2564 601 2756 655 virtute
2775 611 2829 656 et
2855 603 3046 659 decore
3068 607 3338 673 sapientia

157 695 218 733 ac
243 680 412 748 magis
440 691 738 734 crescentes
757 697 817 734 ac
841 683 1174 750 prolicientes
1203 684 1253 735 in
1279 698 1437 750 Opere
1464 683 1691 745 Domini,

157 765 298 818 sicut
353 765 807 834 inpraesentiarum
832 769 1070 822 cernitur
1095 808 1109 832 ,
1133 769 1590 822 considerantibus
1614 784 1696 823 re-

155 853 341 919 giones
367 853 502 908 illas.
529 855 632 908 Sed
661 856 783 922 quid
815 871 912 908 nos
937 857 1115 910 miseri
1145 895 1157 919 ,
1192 856 1326 924 pigri
1366 864 1420 909 et
1456 857 1654 910 inertes
1680 896 1695 918 ,

157 951 207 994 tn
232 955 365 1008 pace
392 941 640 1012 Ecclesiae
678 943 768 996 Dei
795 943 982 996 dicturi
1011 959 1214 1006 Sumus,
1253 945 1340 1011 qui
1387 959 1489 995 non
1525 944 1697 1012 gregis

155 1029 324 1091 lucra,
361 1031 450 1083 sed
475 1017 751 1085 commoda
781 1040 960 1084 nostra
993 1046 1201 1098 semper
1228 1040 1522 1098 quaerentes
1545 1070 1558 1093 ,
1606 1032 1713 1102 vix

155 1131 386 1184 unquam
423 1118 477 1169 in
506 1119 741 1171 custodia
769 1119 942 1170 ovium
985 1127 1169 1170 contra
1216 1119 1412 1171 rabiem
1455 1117 1696 1186 luporum

152 1203 232 1256 vel
262 1219 423 1257 unum
445 1204 695 1258 latratum
722 1205 922 1258 minimi
958 1206 1215 1258 sermonis
1233 1205 1562 1258 emittimus?
1586 1204 1693 1271 qui,

152 1294 290 1344 sicut
318 1294 425 1346 dixi
449 1334 462 1355 ,
509 1295 560 1347 in
600 1310 730 1362 pace
769 1295 1016 1348 Ecclesiae
1040 1296 1173 1363 pigri
1200 1310 1380 1348 sumus
1409 1305 1463 1348 et
1487 1308 1696 1347 somno-

155 1381 280 1432 lenti
331 1382 384 1434 in
429 1381 665 1435 custodia
707 1383 898 1450 gregis,
939 1382 991 1434 in
1034 1381 1196 1436 lucris
1236 1397 1359 1435 vero
1397 1381 1698 1435 carnalibus

152 1467 372 1518 nimium
420 1469 618 1520 strenui
655 1477 707 1521 et
737 1469 1034 1536 pervigiles.
1068 1469 1156 1522 lsti
1200 1479 1375 1522 autem
1415 1470 1478 1520 de
1510 1469 1700 1535 quibus

155 1553 424 1617 loquimur
448 1592 461 1614 ,
492 1553 544 1606 in
576 1561 718 1606 tanta
744 1555 1142 1622 perturbatione
1170 1563 1224 1608 et
1249 1555 1506 1608 bellorum
1529 1562 1700 1608 certa—

152 1643 314 1703 mine,
344 1656 449 1696 non
494 1644 662 1697 solum
711 1645 764 1696 in
815 1645 896 1697 sui
939 1644 1126 1697 intima
1171 1654 1225 1698 et
1270 1653 1418 1698 casta
1462 1643 1699 1698 custodia

151 1733 364 1785 mundis
411 1731 659 1787 cordibus
696 1740 1118 1799 permanserunt,
1152 1733 1244 1786 sed
1271 1733 1431 1786 etiam
1471 1733 1522 1784 in
1552 1730 1700 1784 lucro

149 1821 326 1888 gregis
345 1830 400 1873 et
419 1805 793 1889 discipulorum
817 1820 1144 1876 documentis
1165 1827 1310 1872 tanta
1336 1819 1701 1873 benedictione

151 1906 244 1960 Dei
271 1907 474 1961 dilatati
504 1905 642 1970 sunt,
675 1915 730 1961 et
755 1907 966 1976 propria
997 1907 1268 1976 vigilantia
1299 1921 1395 1975 per
1435 1907 1526 1960 Dei
1554 1907 1701 1974 adju-
1735 1893 1774 1951 Β

151 1997 348 2051 torium
375 1995 727 2065 multiplicati.
1245 2007 1254 2012 “
1373 1995 1378 1998 ’
1506 2048 1519 2056 ς

220 2089 273 2142 8.
304 2088 455 2141 Tunc
495 2087 700 2155 priores
727 2096 783 2140 et
807 2087 1173 2154 prudentiores
1218 2085 1538 2139 Francorum
1557 2124 1570 2147 ,
1603 2086 1693 2152 qui

149 2175 377 2229 electum
397 2175 489 2228 Dei
515 2183 801 2244 martyrem
831 2174 1157 2227 Bonifacium
1184 2171 1695 2241 ejusquediscipulos

159 2262 516 2316 venerabilem
545 2260 856 2330 Gregorium
876 2270 931 2315 et
948 2262 1120 2315 socios
1139 2259 1251 2331 ejus
1268 2262 1322 2314 in
1343 2268 1490 2314 tanta
1504 2261 1696 2314 virtute

156 2367 378 2422 operum
403 2360 458 2406 et
479 2351 783 2406 fortitudine
806 2352 1114 2406 constantia:
1140 2366 1296 2405 nosse
1320 2358 1376 2404 et
1404 2349 1696 2418 intelligere

152 2447 470 2509 potuerunt,
510 2445 785 2506 coeperunt
833 2439 911 2492 eis
937 2446 990 2491 et
1025 2452 1120 2491 sua
1154 2436 1344 2509 offerre
1395 2435 1694 2506 diligentius

149 2529 216 2582 de
271 2527 358 2580 die
413 2527 466 2579 in
521 2525 659 2579 diem
684 2564 696 2588 ,
736 2532 795 2593 et.
813 2524 1022 2578 laudem
1061 2532 1220 2577 tantae
1261 2522 1601 2578 beatitudinis
1645 2527 1699 2574 et

149 2616 374 2670 unitatis
400 2614 537 2682 apud
578 2628 754 2682 regem
796 2614 1120 2667 Francorum
1166 2613 1426 2666 seniorem
1479 2611 1693 2666 Carlum

151 2719 256 2756 non
287 2702 480 2756 celare.
525 2701 799 2772 Cmpitque
827 2710 881 2756 et
907 2701 1018 2769 ipse
1052 2716 1142 2755 rex
1171 2702 1341 2754 virum
1367 2700 1459 2753 Dei
1486 2697 1696 2754 Bonifa-

149 2793 294 2845 cium
324 2790 458 2844 velle
482 2791 663 2846 videre
687 2830 701 2855 ,
725 2790 984 2860 iussitque
1009 2805 1128 2845 eum
1155 2791 1334 2844 venire
1380 2790 1447 2843 ad
1487 2804 1563 2842 se.
1597 2787 1697 2853 Qui

150 2895 273 2932 cum
314 2881 580 2943 venisset,
621 2895 726 2933 non
750 2866 929 2934 statim
958 2880 1010 2932 in
1035 2879 1185 2932 initio
1211 2879 1410 2932 honore
1435 2877 1533 2930 sibi
1568 2891 1703 2931 con-

150 2970 315 3040 digno
359 2979 604 3037 receptus
638 2977 721 3022 est
745 2984 775 3020 a
821 2983 963 3037 rege,
995 2968 1087 3021 sed
1122 2968 1198 3021 sic
1237 2974 1593 3035 competenter
1622 2965 1701 3019 di-

153 3066 292 3112 .atus
323 3076 336 3110 :
367 3058 491 3126 quia
520 3056 731 3111 fuerant
762 3056 974 3126 quidam
1000 3055 1462 3124 pseudo-doctores
1483 3062 1535 3107 et
1569 3053 1698 3106 adu-

149 3147 372 3211 latores,
407 3147 487 3215 ]ui
516 3144 710 3200 famam
741 3143 908 3199 sancti
943 3143 1041 3196 viri
1080 3151 1133 3197 et
1166 3143 1534 3211 discipulorum
1579 3139 1693 3206 ejus

149 3237 436 3292 obfuscare
461 3242 517 3289 et
536 3234 791 3302 impedire
810 3233 986 3288 conati
1010 3240 1133 3286 sunt
1157 3232 1292 3300 apud
1321 3244 1498 3299 regem
1519 3242 1564 3308 ι.
1592 3228 1693 3282 Ve-

149 3333 454 3380 rumtamen
480 3338 548 3376 ex
574 3322 662 3376 illo
689 3323 774 3377 die
811 3322 978 3376 crevit
1022 3336 1173 3374 amor
1199 3330 1252 3375 et
1276 3321 1443 3373 honor
1467 3320 1697 3372 hominis

149 3413 242 3466 Dei
271 3419 330 3465 et
357 3408 735 3478 discipulorum
763 3408 878 3478 ejus
900 3407 1035 3476 apud
1062 3421 1268 3470 omnes,
1289 3407 1377 3474 qui
1405 3405 1558 3459 fidem
1587 3405 1698 3458 illo—

149 3515 270 3554 rum
301 3507 358 3553 et
383 3499 548 3552 vitam
573 3498 712 3552 scire
737 3505 791 3550 et
830 3495 1146 3563 investigare
1186 3495 1408 3548 interius
1440 3494 1697 3547 desidera-

147 3591 282 3643 bant
309 3594 402 3640 :et
423 3585 576 3654 juxta
616 3585 814 3638 dictum
856 3582 1156 3652 Evangelii,
1180 3580 1465 3648 iustificata
1499 3588 1581 3633 est
1615 3596 1700 3633 sa-

143 3676 351 3744 pientia
382 3689 413 3728 a
455 3673 718 3734 filiissuis
745 3671 896 3743 (Luc.
930 3671 1041 3742 vn).
1079 3670 1366 3723 Bedierunt
1404 3670 1557 3722 electi
1603 3670 1694 3721 Dei

93 3825 96 3829 λ
147 3766 348 3818 iterum
387 3761 454 3816 ad
481 3777 576 3816 sua
597 3802 612 3827 ,
637 3769 692 3816 et
725 3760 778 3814 in
819 3769 992 3829 empto
1020 3773 1180 3827 opere
1213 3759 1325 3812 sine
1352 3757 1454 3810 ulla
1489 3759 1699 3811 haesita-

148 3854 299 3906 tione
327 3858 696 3922 permanentes
741 3849 796 3903 in
837 3846 1122 3914 Thuringis
1162 3853 1216 3899 et
1265 3845 1316 3897 in
1366 3843 1546 3897 [lassis
1565 3883 1606 3917 ,_
1610 3843 1697 3896 ubi

148 3955 280 4014 tunc
327 3940 583 4008 temporis
631 3939 858 3991 maxime
884 3951 1016 4005 opus
1045 3943 1161 3992 erat
1208 3933 1443 3986 doctrina
1491 3933 1708 4015 illorum,

147 4031 216 4084 ob
245 4027 574 4082 vicinitatem
603 4018 932 4094 paganorum
964 4030 1017 4075 ct
1053 4022 1316 4074 indoctam
1344 4020 1566 4088 plebem.
1597 4019 1699 4072 lbi-

148 4134 252 4187 que
280 4123 560 4185 cmperunt
602 4115 670 4168 ab
707 4112 1048 4168 offerentibus
1088 4107 1303 4180 propter
1338 4124 1570 4163 amorem
1607 4110 1698 4163 Dei

148 4216 203 4262 et
249 4205 483 4259 salutem
531 4202 825 4256 animarum
871 4215 1086 4254 suarum
1121 4200 1322 4253 modica
1351 4199 1464 4253 loca
1493 4201 1700 4254 territo-

152 4296 344 4362 riaqne
384 4290 655 4358 suscipere
678 4327 696 4354 ,
726 4297 780 4343 et
805 4289 858 4342 in
885 4289 963 4342 eis
993 4288 1245 4342 ecclesias
1269 4297 1604 4351 construere,
1647 4297 1702 4342 et

150 4383 204 4436 in
236 4383 344 4436 hoc
381 4393 592 4449 quoque
625 4391 782 4447 opere
807 4417 823 4442 ,
852 4377 988 4430 sicut
1014 4384 1068 4430 et
1093 4377 1146 4428 in
1171 4377 1542 4444 praedicatione
1566 4390 1658 4428 sua
1681 4415 1696 4440 ,

1794 687 2002 751 divinas,
2017 689 2302 741 secundum
2332 689 2553 742 formam
2586 691 2842 762 magistri,
2875 709 2902 746 a
2933 709 3036 762 quo
3063 695 3334 750 didicerat.

1794 772 1860 824 Et
1883 773 1959 826 sic
1985 773 2037 826 in
2061 775 2144 828 his
2183 777 2460 841 omnibus,
2492 760 2779 836 secundum
2808 760 3097 836 Psalmistze
3140 784 3336 838 dictum

1796 858 1964 928 (Psal.
1994 862 2236 931 Lxxxm),
2269 864 2358 931 qui
2385 864 2568 917 electis
2593 866 2685 919 Dei
2717 867 2882 936 legem
2906 870 3048 923 dedit
3069 871 3118 924 in
3139 872 3338 926 virtute

1794 964 2030 1016 operum,
2061 952 2204 1004 dedit
2243 961 2297 1008 et
2337 953 2755 1018 benedictionem
2806 959 2857 1010 in
2900 959 3338 1028 multiplicatione

1793 1044 1847 1087 et
1878 1035 2112 1101 profectu
2139 1038 2513 1104 discipulorum
2543 1057 2555 1091 :
2585 1048 2635 1092 et
2664 1038 2739 1094 sic
2767 1043 2912 1096 ibant
2950 1045 3015 1098 de
3048 1046 3243 1100 virtute
3282 1049 3343 1102 in

1795 1121 2060 1184 virtutem,
2092 1126 2324 1189 quotilie
2353 1127 2403 1177 in
2434 1126 2620 1181 melius
2645 1129 2979 1198 proficientes
3013 1142 3064 1186 et
3093 1148 3338 1190 crescen-

1797 1216 1876 1261 tes
1906 1209 1956 1260 in
1983 1212 2122 1262 omni
2153 1226 2310 1278 opere
2337 1213 2496 1266 bono.

1863 1296 1915 1348 9.
1958 1296 2177 1360 Interea,
2220 1300 2341 1352 dum
2382 1299 2492 1354 hanc
2522 1301 2590 1354 ita
2619 1313 2872 1371 geruntur
2921 1307 2986 1359 ab
3032 1309 3214 1363 electis
3246 1311 3340 1366 Dei

1796 1382 2064 1438 Bonifacio
2091 1395 2139 1439 et
2173 1387 2442 1455 discipulis
2485 1388 2617 1456 ejus,
2661 1402 3030 1447 successerunt
3073 1396 3123 1448 in
3175 1414 3334 1466 regno

1795 1472 1931 1537 patri
1967 1470 2154 1524 Carolo
2183 1475 2409 1542 religiosi
2450 1477 2540 1530 filii
2581 1477 2929 1534 Carlmannus
2973 1492 3025 1536 et
3065 1483 3335 1554 Pippinus,

1797 1561 2203 1625 patreldebitum
2235 1564 2492 1618 universa:
2531 1569 2705 1620 carnis
2733 1569 3060 1634 persolvente
3087 1580 3140 1626 et
3170 1559 3342 1628 trans-

1797 1659 1953 1700 eunte
1976 1650 2038 1702 de
2064 1651 2162 1703 hoc
2190 1653 2401 1706 mundo.
2431 1654 2576 1708 Tunc
2605 1656 2677 1721 pii
2705 1648 2796 1708 ﬁlii
2824 1658 2962 1724 patri
2991 1661 3355 1717 succedentes.

1799 1736 1849 1787 in
1899 1750 2138 1804 regnum,
2180 1741 2301 1805 quia
2341 1740 2419 1793 eis
2464 1743 2693 1809 undique
2738 1758 2832 1811 per
2873 1747 3097 1814 gratiam
3143 1746 3340 1802 Christi

1800 1823 1967 1890 major
1987 1827 2134 1892 quies
2156 1837 2266 1879 erat
2293 1829 2476 1896 largita
2506 1831 2759 1884 bellorum
2790 1849 2946 1900 quam
2974 1833 3159 1887 fuisset
3180 1818 3347 1902 patri,
3404 1819 3406 1822 r

1801 1922 2074 1978 cmperunt
2107 1915 2159 1966 in
2193 1930 2354 1982 regno
2397 1930 2512 1979 suo,
2566 1918 2852 1984 inspirante
2898 1919 3024 1982 Deo,
3075 1920 3340 1988 religionis

1798 1999 1967 2051 oi-Z'cia
2006 1999 2256 2053 intentius
2283 2017 2518 2069 quaerere
2556 2013 2608 2056 et
2638 2006 2933 2059 meliorare.
2966 2006 3135 2074 Coepit
3163 2017 3215 2060 et
3239 2009 3340 2062 hoc

1798 2089 1981 2141 audire
2010 2089 2194 2142 beatus
2219 2089 2519 2145 Bonifacius
2545 2093 2753 2147 futurus
2776 2107 2976 2165 martyr
3005 2105 3060 2149 et
3097 2097 3339 2169 discipuli

1797 2175 1927 2243 ejus,
1960 2187 2333 2246 cmperuntqne
2365 2179 2690 2247 frequentius
2736 2184 3104 2250 approximare
3145 2184 3340 2250 palatio

1797 2277 1955 2329 quam
1994 2261 2260 2329 fecissent,
2301 2273 2353 2319 et
2398 2267 2537 2335 loqui
2568 2285 2688 2323 cum
2716 2272 2946 2340 regibus,
2973 2280 3027 2324 et
3054 2273 3340 2338 prmdicarc

1798 2352 2083 2404 secundum
2111 2353 2284 2406 datam
2317 2357 2416 2408 sibi
2446 2371 2476 2408 a
2509 2357 2616 2412 Deo
2641 2360 2862 2427 gratiam
2893 2362 3138 2428 populum
3169 2361 3258 2414 Dei
3288 2363 3340 2415 in

1797 2437 1912 2504 ipso
1954 2438 2168 2504 palatio.
2202 2439 2266 2492 Et
2302 2441 2352 2492 in
2386 2450 2582 2494 tantam
2629 2447 2853 2512 gratiam
2899 2457 3154 2500 venerunt
3203 2449 3340 2516 apud

1799 2538 1950 2592 reges
1973 2525 2305 2592 supradictos
2331 2535 2383 2581 et
2410 2543 2618 2583 omnem
2641 2532 2886 2599 populum
2915 2533 3259 2599 Francorum,
3286 2544 3342 2588 ut

1800 2628 1985 2667 omnes
2024 2629 2126 2667 una
2156 2617 2551 2671 voce‘dicereut
2595 2627 2648 2672 et
2693 2619 3090 2686 concordarent,
3129 2624 3338 2678 beatum
3405 2686 3409 2689 _

1800 2702 2123 2758 Bonifaciqu
2179 2706 2542 2774 dignissimum
2590 2725 2705 2764 esse
2749 2713 3050 2780 episcopatu
3095 2723 3147 2767 et
3196 2717 3338 2768 omni

1801 2791 2021 2855 honore,
2051 2795 2287 2861 exceptis
2314 2795 2415 2850 illis
2444 2797 2971 2864 pseudo-doctoribus
3009 2801 3035 2838 δ
3067 2808 3121 2854 et
3163 2801 3342 2855 adula-

1805 2881 2022 2946 toribus,
2066 2898 2198 2951 quos
2243 2887 2483 2953 superius
2523 2889 2667 2942 dixi:
2696 2891 2784 2957 qui
2815 2901 2862 2942 et
2894 2906 3013 2944 eum
3045 2892 3340 2946 interﬁcere

1801 2972 2085 3039 aliquando
2130 2975 2297 3027 moliti
2342 2986 2491 3040 sunt;
2543 2979 2633 3030 sed
2663 2993 2764 3031 non
2791 2979 2989 3032 dimisit
3013 2995 3131 3032 eum
3162 2979 3342 3032 Domi-
3410 2998 3417 3004 '

1804 3076 1902 3113 nus
1927 3071 2192 3129 protector
2213 3063 2323 3130 ejus
2346 3066 2523 3120 venire
2546 3067 2598 3118 in
2622 3067 2902 3121 malevolas
2931 3084 3117 3122 manus
3135 3081 3335 3129 eerntu.
3380 3074 3392 3086 '

1804 3149 1968 3203 donec
2027 3155 2382 3218 annuntiaret,
2447 3157 2732 3209 secundum
2798 3156 2996 3209 dictum
3051 3156 3339 3210 Psalmistai

1805 3235 1972 3305 (Pul.
2001 3237 2143 3308 ιιι),
2183 3240 2456 3294 brachium
2486 3249 2538 3294 et
2579 3243 2864 3310 potentiam
2896 3233 2988 3296 Dei
3018 3244 3340 3310 generationi

1794 3333 1917 3390 qua:
1957 3335 2176 3378 ventura
2217 3333 2354 3380 erat.
2391 3325 2555 3396 lgitu'r
2577 3329 2676 3397 ipsi
2706 3329 2802 3381 soli
2832 3339 3102 3397 coeperunt
3132 3337 3342 3382 contra-

1799 3411 1974 3466 dicere
2001 3421 2055 3466 et
2077 3427 2197 3466 eum
2222 3414 2587 3482 blasphemare
2623 3425 2875 3484 quantum
2916 3425 3217 3484 potuerunt,
3256 3425 3337 3467 at-

1801 3513 1903 3565 que
1949 3497 2226 3562 afﬁrmare,
2275 3516 2379 3555 non
2426 3515 2543 3555 esse
2585 3517 2703 3555 eum
2754 3504 2965 3572 dignum
3014 3504 3334 3571 episcopatu,

1798 3586 1934 3653 quod
1958 3587 2266 3655 peregrinus
2294 3596 2424 3642 erat.
2461 3589 2516 3641 ln
2560 3597 2761 3642 tantum
2789 3598 2939 3643 erant
2966 3597 3086 3642 tunc
3113 3591 3338 3643 sanioris

1796 3676 2002 3729 consilii
2031 3675 2149 3730 laici
2191 3692 2349 3744 quam
2392 3678 2590 3742 clerici,
2637 3679 2873 3732 videntes
2911 3680 3213 3748 sapientiam
3243 3680 3338 3734 Dei

1796 3773 1851 3816 et
1878 3764 2100 3832 gratiam
2131 3779 2247 3818 esse
2279 3765 2334 3817 in
2371 3765 2583 3819 homine
2611 3766 2721 3829 illo,
2748 3777 2804 3818 ut
2831 3782 2932 3834 quo
2961 3765 3180 3834 amplius
3211 3781 3332 3834 per-

1795 3853 2080 3904 versissimi
2127 3852 2236 3914 illi,
2283 3867 2388 3906 non
2440 3852 2550 3906 .tico
2598 3855 2844 3922 episcopi,
2897 3855 3086 3920 quibus
3134 3869 3324 3908 nomen

1797 3941 1926 3993 illud
1973 3940 2152 3992 datum
2195 3947 2277 3994 est
2319 3941 2604 4005 immerito,
2645 3957 2763 3994 eum
2810 3943 3107 4012 vituperare
3154 3946 3329 3998 conati

1797 4036 1940 4091 sunt,
1968 4034 2112 4080 tanto
2138 4028 2360 4094 amplius
2387 4028 2690 4097 diligeretur
2714 4031 2778 4082 ab
2804 4030 3065 4092 omnibus,
3095 4041 3146 4084 ct
3171 4030 3344 4083 laudis

1796 4116 1894 4168 bus
1919 4113 2210 4177 efferretur,
2249 4116 2586 4183 quoadusque
2607 4117 2660 4168 in
2689 4125 2952 4171 certamen
2977 4118 3213 4170 venirent
3243 4133 3336 4172 co—

1798 4217 1909 4254 ram
1933 4202 2144 4269 regibus
2165 4209 2414 4255 eteoram
2445 4203 2692 4257 universo
2730 4215 2913 4258 senatu
2955 4206 3130 4272 populi
3170 4206 3329 4259 Fran-

1797 4307 2000 4346 corum.
2033 4289 2135 4344 Sed
2167 4282 2292 4359 quid
2331 4306 2463 4358 opus
2505 4300 2586 4344 est
2629 4292 2804 4345 dicere
2846 4293 2911 4345 de
2957 4293 3043 4345 illa
3076 4294 3334 4360 di..cepta-

1797 4382 1939 4433 tione
1974 4394 2130 4447 quam
2173 4380 2466 4456 habuerunt
2500 4387 2621 4433 tunc
2655 4377 2721 4434 ad
2751 4381 2991 4446 invicem,
3034 4381 3104 4434 illi
3133 4382 3334 4435 scilicet

150 4483 274 4521 cum
302 4464 674 4520 benedictione
711 4463 804 4517 Dei
832 4463 1070 4516 'multum
1098 4461 1354 4531 proficere
1378 4482 1390 4513 ε
1421 4462 1484 4515 dc
1512 4461 1699 4528 finibus
1723 4496 1776 4554 ο
1798 4469 2200 4538 perversissimi,
2231 4484 2362 4536 quos
2382 4469 2654 4524 nominare
2687 4471 2826 4535 nolo,
2853 4485 2917 4523 ex
2945 4487 3045 4523 una
3074 4480 3253 4538 parte;
3282 4481 3336 4523 et

152 4554 285 4608 locis
315 4560 402 4606 est
428 4567 566 4605 unus
590 4551 643 4604 in
672 4550 958 4618 Thuringia
989 4589 1006 4614 ,
1054 4551 1266 4604 nomine
1291 4547 1572 4617 Erpesford
1595 4590 1610 4614 ,
1643 4557 1698 4604 et

149 4641 288 4696 alius
327 4640 383 4692 in
414 4637 630 4702 Hassis,
660 4636 986 4700 Frideshlar,
1014 4652 1133 4690 cum
1166 4638 1371 4691 ueteris
1413 4637 1695 4718 nonnullis,

149 4744 286 4796 quos
315 4726 663 4780 initiaverunt
701 4724 856 4778 electi
904 4724 1033 4788 Dei,
1063 4731 1116 4777 et
1148 4723 1424 4776 excoluere
1453 4724 1593 4776 cultu
1621 4725 1697 4776 di-

150 4824 275 4875 vino
333 4818 485 4873 Tunc
513 4824 793 4872 creverunt
821 4815 934 4869 loca
963 4815 1192 4877 divitiis,
1221 4815 1490 4883 crevitque
1518 4829 1698 4867 nume-

155 4925 244 4962 rus
277 4905 700 4974 discipulorum;
750 4919 811 4958 ac
866 4904 1058 4956 virtute
1110 4918 1325 4970 operum
1370 4902 1694 4969 proficiebat.

150 4999 339 5067 Crevit
382 4995 543 5048 etiam
581 4994 768 5049 beatus
806 4993 1112 5047 adolescens
1139 4981 1420 5061 Gregorius
1450 5007 1567 5044 cum
1602 5008 1699 5046 suo

212 5137 234 5164 δ
270 5124 339 5177 Et
369 5131 548 5175 tamen
574 5119 819 5174 Carolum
847 5118 1088 5171 Tuditem
1116 5116 1308 5170 favisse
1334 5116 1621 5180 Bonifacio,
1647 5127 1699 5172 et

153 5209 273 5245 cum
323 5192 376 5250 in
408 5198 749 5258 conspectum
790 5187 1105 5258 admisisse_,
1139 5194 1346 5258 constat
1372 5201 1436 5239 ex
1462 5186 1696 5258 _cpistol_a

156 5262 321 5328 ipsius
350 5253 568 5328 Caroli;
619 5272 734 5323 quae
778 5263 859 5328 est
878 5255 1029 5328 inter
1067 5253 1431 5328 Bonifacianas
1460 5253 1699 5328 52,_epi-

155 5321 359 5394 scopis,
411 5321 665 5394 ducibus,
712 5321 1020 5384 comitibus,
1061 5322 1309 5394 vicariis,
1360 5321 1696 5394 domesticis,

156 5389 382 5462 aliisque
431 5392 579 5459 regni
628 5391 962 5462 Francorum
989 5389 1326 5462 eptim‘atibus
1352 5389 1549 5462 directa
1579 5405 1697 5462 cum

156 5465 256 5518 hoc
296 5457 568 5515 exordio:
606 5475 623 5508 ι
654 5457 995 5526 Cognoscatis
1019 5457 1243 5526 qualiter
1276 5457 1589 5525 apostolicus
1618 5459 1700 5510 vir

157 5533 210 5585 in
231 5530 452 5586 Christo
475 5528 634 5580 Pater
661 5525 960 5580 Bonifacius
998 5525 1274 5594 episcopus
1298 5526 1363 5578 ad
1397 5540 1493 5594 nos
1519 5527 1696 5590 venit,

156 5607 212 5654 et
237 5599 394 5654 nobis
420 5596 684 5665 suggessit
702 5596 839 5665 quod
867 5595 962 5665 sub
985 5593 1182 5665 nostro
1217 5593 1594 5665 mundeburgio
1619 5596 1699 5648 vel

159 5667 469 5748 defensione
495 5663 615 5718 eum
646 5664 895 5758 recipere.
915 5663 1276 5758 dgberemnsn
1301 5669 1434 5758 etc?I
1457 5663 1696 5758 quodlta-

161 5750 281 5790 men
302 5737 465 5791 etiam
489 5730 926 5786 commendatitiis
947 5731 1180 5802 Gregorii
1201 5745 1348 5799 papae
1372 5731 1434 5784 ad
1457 5730 1699 5785 Carolum

1798 4565 2010 4610 sanctus
2035 4555 2334 4610 Bonifacius
2353 4570 2418 4610 ex
2443 4557 2606 4611 altera
2633 4573 2749 4612 cum
2777 4559 3044 4627 discipulis
3070 4560 3180 4612 suis
3204 4558 3336 4615 Gre-

1795 4648 1944 4715 gorio
1985 4654 2038 4699 et
2080 4647 2236 4700 sociis
2281 4646 2427 4713 ejus;
2483 4649 2604 4701 dum
2636 4647 2856 4710 confusi,
2905 4658 2970 4701 eti
3005 4649 3215 4703 refutati
3267 4651 3334 4701 ah

1794 4737 1936 4788 omni
1978 4745 2160 4790 senatu
2185 4745 2239 4788 et
2275 4737 2340 4789 ab
2387 4738 2516 4804 ipsis
2567 4737 2794 4804 regibus,
2840 4739 2961 4792 inde
3002 4739 3330 4791 discederent

1796 4825 2102 4886 adversarii,
2137 4833 2187 4878 et
2207 4835 2427 4914 ianclus
2454 4825 2751 4880 Bonifacius
2781 4827 2984 4881 futurus
3038 4837 3232 4896 martyr
3264 4829 3328 4881 ad

1797 4914 1896 4966 hoc.
1922 4914 2237 4980 perveniret,
2263 4920 2322 4965 ut
2345 4914 2542 4981 absque
2576 4914 2729 4989 ullius
2763 4915 3196 4979 contradictione,
3226 4931 3325 4968 una

1795 5001 2028 5054 omnium
2068 5015 2196 5054 voce
2232 5001 2514 5070 eligeretur
2558 5003 2610 5055 in
2657 5005 2986 5071 episcopatus
3026 5004 3332 5058 sublimissi-

1798 5127 1991 5181 litteris
2018 5127 2348 5180 tribuendum
2373 5136 2471 5181 est.

1868 5196 1892 5233 ιι
1933 5195 2154 5248 Fortean
2185 5196 2452 5248 Clemente
2473 5205 2525 5248 ct
2545 5195 2848 5259 Aldeberto,
2885 5199 3126 5259 pessimis
3163 5199 3339 5251 barre-

1868 5213 1892 5233 υ
1933 5213 2154 5248 rortean
2185 5213 2452 5248 ueniente
2473 5213 2525 5248 ct
2545 5213 2848 5259 Atuenerw,
2921 5213 3126 5252 essmus
3163 5213 3330 5251 ntere-

1800 5264 1935 5325 ticis,
1966 5265 2029 5315 de
2055 5264 2319 5334 quibusin
2349 5263 2494 5316 Actis
2540 5266 2705 5334 sancti
2747 5213 3022 5334 (laniﬁcii,
3057 5267 3162 5318 nisi.
3191 5270 3330 5334 quod

1798 5341 1981 5384 auctor
2002 5333 2162 5401 etiam
2197 5332 2468 5401 episc0pos
2507 5341 2652 5384 notat
2699 5332 2871 5397 infra;
2913 5349 2977 5386 an
3022 5332 3332 5401 Virgilium?

1797 5415 1953 5467 quem
2002 5398 2301 5452 Bonifacius
2341 5398 2475 5468 apud
2511 5401 2820 5453 Zachariam
2865 5398 3136 5454 accusavit
3163 5403 3331 5457 invasi

1797 5469 2146 5536 episcopatus,
2172 5481 2236 5519 ex
2266 5468 2355 5520 lib.
2378 5467 2421 5520 ill
2449 5467 2682 5530 Othloni,
2706 5484 2822 5535 cap.
2849 5470 2896 5524 9.
2928 5477 2982 5522 et
3006 5469 3249 5529 Clemens
3274 5485 3331 5524 se

1798 5537 2098 5606 cpisc0pum
2130 5536 2447 5606 venditabat,
2474 5536 2598 5588 ibid.
2629 5551 2742 5606 cap.
2773 5536 2824 5587 4.
2851 5536 2961 5590 Huc
2985 5548 3328 5606 spectatcon-

1800 5551 2098 5606 cmeOpum
2130 5551 2447 5594 venditabat,
2474 5551 2598 5588 iniu.
2773 5551 2824 5587 4.
2851 5551 2961 5590 nuc
2985 5551 3328 5606 spectatcon-

1800 5605 1976 5677 cilium
2010 5602 2300 5677 Romanum
2339 5603 2559 5677 ibidem;
2603 5612 2659 5657 et
2699 5606 3064 5677 _uessionense
3138 5607 3187 5659 in
3224 5619 3332 5677 quo

1798 5672 2114 5726 Aldebertus
2137 5679 2186 5724 et
2213 5670 2455 5726 Clemens
2483 5673 2712 5728 damnati
2741 5687 2877 5727 anno
2905 5673 3028 5727 ⁵144.
