4266 6486
745 455 850 509 759
883 445 891 449 ”

1492 456 1546 511 S.
1584 456 1948 512 LUDGERUS
1984 454 2730 510 MIMIGARDEFORDENSIS
2771 454 3150 510 EPISCOPUS.

3524 127 3913 209 ,Ἢ

3804 455 3837 474 ρ
3866 458 3878 470 ι

3818 457 3878 470 Ἰ

3818 457 3916 510 ωο

745 577 888 615 mum
940 560 1173 629 gradum,
1209 568 1262 615 et
1292 561 1554 630 Maguutia
1600 563 1996 631 metropolitana
2032 563 2261 617 Ecclesia
2293 570 2334 620 Α
2362 572 2415 615 et
2437 573 2671 616 sanctum
2703 578 2892 630 corpus
2921 563 3033 630 ejus
3062 564 3450 632 martyrizatum
3474 563 3527 617 in
3563 565 3748 617 eodem
3784 579 3913 617 SUS-

744 652 792 703 ei
819 652 1031 703 daretur
1053 664 1083 704 a
1118 651 1327 719 regibus
1354 651 1671 718 providenda
1694 660 1745 705 et
1769 652 1994 719 regenda
2019 663 2066 702 ο.
2100 651 2176 703 Ex
2205 666 2267 704 eo

744 737 830 791 die
874 745 1124 805 quantum
1162 737 1413 791 claruerit
1439 739 1690 805 sapientia
1730 738 1891 805 ipsius
1930 738 2071 791 omni
2111 752 2270 805 regno

648 858 649 861 η
744 825 1087 887 Francorum,
1134 831 1458 892 quantasque
1500 825 1725 894 synodos
1760 839 1878 877 cum
1906 824 2159 891 religiosis
2187 837 2265 873 re-

682 914 683 917 “
744 912 898 979 gibus
917 912 982 966 ad
1007 912 1380 965 correctionem
1407 912 1579 979 populi
1600 919 1778 979 postea
1809 910 2133 971 instituisset,
2167 924 2267 960 non

747 997 801 1048 in
823 998 925 1051 isto
948 999 1197 1064 opusculo
1224 998 1378 1051 modo
1401 997 1677 1051 dicendum
1703 1004 1803 1059 est,
1834 998 1953 1050 dum
1981 997 2035 1048 in
2061 997 2267 1048 modum

745 1083 873 1137 solis
892 1083 1145 1137 eﬁ‘ulserit
1173 1084 1224 1136 iu
1252 1083 1447 1149 templo
1477 1082 1588 1144 Dei,
1620 1097 1679 1135 ac
1702 1083 2072 1150 przedicatione
2097 1096 2188 1134 sua
2216 1089 2268 1132 et

644 1194 651 1199 η
742 1172 996 1239 exemplis
1019 1185 1202 1223 omnes
1231 1170 1445 1224 nebulas
1470 1168 1709 1238 cifugarit
1738 1169 2058 1227 infidelitatis
2086 1176 2139 1219 et
2164 1168 2266 1218 ba:—

745 1258 921 1311 reticm
955 1248 1258 1325 pravitatis:
1286 1257 1529 1324 quoniam
1571 1264 1625 1308 et
1660 1257 1762 1308 ista
1794 1255 1978 1306 omnia
2011 1254 2061 1305 in
2090 1252 2262 1305 libello

745 1346 810 1398 de
850 1346 1092 1413 passione
1137 1344 1305 1414 ipsius
1342 1344 1538 1409 scripto
1576 1342 1727 1409 plene
1751 1348 1805 1394 et
1828 1340 1998 1394 lucide
2040 1340 2262 1393 manife-

744 1441 972 1486 stantur.

814 1520 899 1571 it).
934 1519 1014 1571 Ad
1041 1514 1152 1572 me
1185 1526 1358 1571 autem
1395 1518 1635 1571 universa
1670 1531 1773 1570 non
1816 1516 2017 1568 modice
2060 1514 2268 1579 adjutus

743 1618 826 1663 est
856 1610 923 1662 ab
949 1608 1128 1677 electis
1158 1607 1425 1676 discipulis
1451 1607 1577 1669 suis,
1607 1613 1723 1672 post
1754 1604 2058 1672 magistrum
2087 1602 2267 1654 claris-

745 1696 893 1748 simis
914 1694 1342 1762 praedicatoribus
1363 1701 1415 1747 et
1437 1694 1690 1747 columnis
1718 1691 1960 1745 Ecclesim
1984 1690 2074 1743 Dei
2102 1707 2114 1740 :
2144 1704 2267 1756 quo-

744 1798 861 1836 rum
898 1781 1252 1849 unusquisque
1286 1780 1547 1833 civitatem
1572 1786 1626 1833 et
1647 1779 1911 1847 regionem
1936 1791 2101 1837 suam,
2132 1777 2267 1828 sicut

2364 650 2537 716 eipere
2562 668 2573 700 :
2599 658 2651 703 et
2686 650 2738 702 in
2775 658 2971 702 tantum
3006 652 3292 719 provehere
3320 659 3373 705 et
3416 651 3712 719 glorificare
3740 666 3911 706 eum-

2320 772 2339 795 -ν
2366 738 2483 789 dem
2528 736 2715 798 locum,
2748 747 2805 790 ut
2839 746 2961 792 ante
2991 740 3189 792 obitum
3231 752 3382 791 suum
3405 738 3489 803 ‘de
3530 738 3631 807 hoc
3675 738 3906 801 mundo.

2367 1016 2614 1053 numerus
2659 1001 2925 1068 multiplex
2966 1010 3079 1054 erat
3119 1003 3268 1056 valde
3307 1003 3359 1056 in
3395 1004 3508 1070 ipso
3547 1011 3909 1064 monasteno,

2364 1086 2698 1153 positojuxta
2727 1088 2935 1141 ﬂuvium
2982 1090 3163 1153 Fulda,
3196 1088 3352 1144 Pater
3377 1092 3637 1145 exstiterit
3672 1099 3727 1145 et
3762 1106 3913 1158 pras—

2366 1187 2562 1242 ecptor.
2592 1178 2703 1230 Duo
2724 1187 2895 1231 autem
2932 1194 2996 1232 ex
3029 1180 3131 1234 illis
3152 1180 3333 1234 electis
3358 1181 3466 1243 Dei,
3502 1180 3816 1249 Wigbertus
3853 1190 3914 1234 et

2352 1261 2571 1329 ,Burgha
2581 1263 2722 1326 rdus,
2744 1273 2864 1318 ante
2887 1266 3194 1332 magistrum
3214 1269 3548 1336 migrarunta
3564 1269 3779 1322 seculo.
3797 1270 3914 1323 Sed

2365 1363 2468 1400 non
2492 1356 2613 1401 sunt
2638 1350 2709 1401 illi
2750 1352 2948 1417 absque
2987 1352 3158 1418 palma
3187 1352 3455 1406 electionis
3480 1368 3621 1417 suae,
3667 1357 3799 1408 dum
3838 1356 3910 1408 ad

2369 1450 2523 1499 regna
2552 1438 2783 1491 cmlestia
2818 1440 3123 1508 magistrum
3160 1441 3454 1507 prmcedere
3489 1445 3823 1504 meruerunt,
3852 1454 3911 1495 et

2370 1525 2419 1576 in
2456 1524 2753 1593 regionibus
2776 1527 2884 1579 suis
2902 1542 2996 1593 pro
3023 1529 3222 1582 sanctis
3241 1529 3330 1581 Dei
3354 1530 3615 1583 habentur
3638 1539 3692 1583 et
3715 1530 3912 1583 colun-

2372 1618 2454 1663 tur
2478 1613 2543 1665 ab
2569 1614 2810 1667 omnibus
2850 1596 2939 1681 qui
2968 1615 3141 1667 vitam
3179 1615 3383 1668 illorum
3411 1625 3465 1669 et
3487 1617 3734 1670 virtutem
3781 1632 3909 1670 cum

2349 1698 2476 1761 Deo
2513 1714 2666 1753 nosse
2689 1708 2989 1766 potuerunt.
3018 1700 3221 1763 Cernis,
3258 1716 3291 1755 ο
3325 1700 3489 1754 lector
3514 1702 3819 1768 intelligens
3854 1713 3910 1755 et

2364 1788 2599 1856 diligens,
2632 1798 2827 1855 quanta
2853 1789 3169 1842 charismata
3198 1790 3251 1840 in
3279 1804 3383 1842 uno
3424 1789 3639 1842 homine
3672 1788 3907 1843 fuerint;

744 1866 955 1920 Ῑιυοίίθτ
992 1872 1146 1920 mane
1185 1867 1359 1919 οῖ’ίεηε
1383 1906 1395 1925 ι
1445 1866 1755 1919 illuminavit
1790 1865 2059 1953 ειθιηβηξέ
2086 1862 2150 1915 El
2300 1870 2339 1924 Β
2366 1884 2418 1929 et
2456 1877 2580 1943 quid
2624 1891 2820 1943 pauper
2856 1877 2961 1940 ille,
3001 1878 3088 1943 qui
3115 1876 3382 1931 solitarius
3407 1876 3601 1931 dudum
3625 1877 3907 1953 in'Freso-

745 1957 912 2009 ctrina
959 1971 1051 2009 sua
1094 1957 1277 2010 beatus
1322 1955 1609 2023 Gregorius
1651 1956 1948 2022 Trajectum
1994 1950 2265 2022 [Utrecht],

744 2045 1011 2111 antiquam
1031 2028 1313 2105 civitatem,
1338 2052 1392 2095 et
1414 2044 1579 2095 vicum
1603 2040 1858 2093 famosum
1881 2040 2100 2091 Dorstad
2113 2037 2137 2074 δ
2152 2050 2269 2088 cum

745 2133 835 2184 iila
887 2132 1155 2185 iri-adiuvit
1194 2138 1343 2197 parte
1383 2129 1663 2187 Fresoniae',
1709 2142 1824 2193 qua:
1861 2136 1981 2179 tunc
2024 2124 2272 2191 temporis

743 2223 1152 2277 Christianitatis
1193 2224 1403 2277 nomine
1446 2221 1774 2273 censebatur.
1826 2217 1963 2269 Idem
2012 2227 2177 2281 usque
2218 2214 2268 2263 in

745 2312 914 2378 ripam
955 2310 1330 2364 occidentalem
1368 2308 1595 2362 ﬂuminis
1620 2307 1757 2373 quod
1794 2306 1985 2359 dicitur
2022 2301 2267 2370 Lagbelsi,

745 2398 833 2451 ubi
879 2398 1160 2451 conﬁnium
1187 2406 1301 2450 erat
1326 2397 1740 2451 Christianorum
1782 2394 2067 2446 Fresonum
2096 2406 2157 2443 ac
2183 2406 2272 2456 pa-

747 2502 1021 2555 ganorum,
1048 2487 1254 2540 cunctis
1289 2487 1471 2539 diebus
1500 2485 1704 2553 Pippini
1742 2483 1897 2551 regis.
1939 2480 2117 2533 Lullus
2160 2478 2270 2530 Ma-

748 2576 980 2645 guntiam
1032 2575 1483 2644 metropolitanum
1548 2575 1813 2627 civitatem
1873 2588 1992 2628 eum
2046 2574 2270 2625 maxima

747 2673 896 2733 parte
920 2664 1338 2718 Christianorum
1376 2663 1684 2725 Fresonum,
1720 2662 1806 2729 qui
1840 2663 1889 2713 in
1918 2662 2162 2727 parocbia
2187 2677 2274 2713 ur-

747 2753 829 2804 bis
854 2751 993 2804 illius
1025 2750 1388 2812 constiterunt,
1417 2749 1649 2802 incoluit.
1677 2748 2026 2817 Megingodus,
2059 2744 2272 2801 venera-

749 2839 868 2890 bilis
898 2846 1048 2906 pater
1071 2845 1125 2891 et
1156 2845 1336 2905 pastor
1372 2838 1544 2906 gregis
1567 2837 1662 2889 sibi
1693 2836 1976 2897 commissi,
2006 2836 2272 2888 civitatem

750 2927 1036 2995 Virzebnrg
1076 2942 1196 2981 cum
1237 2926 1348 2980 suis
1390 2926 1697 2992 adjacentiis
1740 2926 1791 2978 in
1836 2939 1930 2977 sua
1978 2932 2117 2976 sorte
2166 2926 2274 2976 sale

732 3005 1018 3081 sapientia:
1062 3022 1117 3066 et
1159 3013 1407 3067 doctrina:
1461 3028 1568 3065 suae
1611 3013 1839 3066 condivit
1882 3020 1934 3063 et
1972 3012 2268 3064 custodit-it.

750 3098 1095 3160 Willibaldus,
1133 3097 1329 3150 electus
1360 3097 1451 3151 Dei
1479 3098 1717 3158 antistes,
1749 3096 2101 3163 episcopatmn
2133 3097 2270 3162 quod

738 3158 1089 3253 nuncupatur
1117 3184 1172 3236 in
1213 3184 1461 3237 Hebs-tedi
1510 3193 1554 3246 ο,
1588 3183 1638 3235 in
1674 3158 1819 3251 parte
1854 3158 2088 3249 proxima
2122 3158 2272 3234 nobis
2299 3158 2343 3218 ο

752 3278 1151 3347 Baguariorum;
1177 3275 1316 3328 idem
1344 3275 1395 3327 in
1428 3274 1665 3342 Nordgce
1690 3273 1843 3325 simili
1872 3274 2045 3334 modo,
2080 3280 2136 3323 ut
2157 3271 2273 3337 pius

753 3361 908 3418 Pater
928 3379 956 3415 a
983 3361 1331 3415 fundamentis
1352 3361 1474 3413 illud
1496 3360 1699 3427 erigens
1721 3359 2011 3411 melioravit
2032 3366 2085 3409 et
2107 3365 2275 3408 custo-

752 3453 897 3508 divit.
925 3452 1133 3505 Necnon
1161 3459 1215 3504 et
1254 3463 1531 3520 germanus
1566 3448 1800 3515 prmdicti
1850 3447 2149 3505 Willibaltli,
2184 3460 2276 3496 no-

752 3541 891 3593 mine
911 3538 1293 3599 Winnibaldus,
1337 3538 1625 3605 presbyter,
1673 3536 1922 3601 magistro
1967 3549 2082 3587 meo
2123 3534 2275 3585 beato

753 3626 1005 3695 Gregorio
1042 3625 1191 3677 valde
1229 3625 1437 3683 cbarus,
1484 3631 1534 3673 et
1580 3624 1687 3687 ipse
1734 3624 1901 3673 locum
1929 3630 1979 3671 ct
2015 3622 2274 3687 regionem

756 3729 906 3768 suam
947 3721 1127 3766 sancte
1159 3719 1213 3764 et
1236 3710 1458 3762 feliciter
1487 3709 1798 3761 illustravit:
1829 3710 1912 3773 qui
1936 3715 2052 3773 post
2079 3708 2275 3758 obitum

759 3819 910 3856 suum
950 3802 1075 3868 quid
1109 3800 1290 3853 vivens
1323 3799 1523 3861 fecerit,
1554 3799 1717 3867 magis
1743 3798 2007 3850 miraculis
2033 3798 2272 3849 os£endit.

761 3890 958 3943 Sturmi
988 3903 1112 3941 vero
1135 3872 1448 3940 venerabilis
1476 3888 1656 3947 abbas,
1695 3902 1827 3938 unus
1853 3901 1917 3936 cx
1950 3884 2165 3937 numero
2191 3884 2279 3936 illo

764 3977 1052 4030 electorum
1093 3976 1207 4036 Dei,
1253 3983 1503 4041 quantum
1544 3962 1821 4041 profecerit
1864 3974 1915 4024 in
1965 3986 2140 4024 eremo
2186 3986 2277 4024 sua

760 4072 877 4130 post
921 4062 1229 4129 martyrium
1273 4060 1439 4113 sancti
1486 4060 1743 4127 magistri,
1784 4060 2040 4139 Bocauna‘
2064 4058 2192 4110 silva
2226 4059 2278 4110 in

763 4151 1058 4206 testimonio
1085 4157 1166 4203 est
1193 4166 1205 4200 :
1233 4164 1348 4215 qua:
1385 4148 1531 4214 prius
1577 4148 1890 4200 omnimodis
1936 4147 2129 4198 inculta
2170 4154 2283 4198 erat

762 4254 825 4291 ac
851 4238 1130 4298 desertum,
1161 4250 1295 4289 nunc
1331 4243 1503 4288 autem
1529 4236 1594 4287 ab
1634 4226 1834 4287 oriente
1870 4248 2033 4300 usque
2058 4233 2121 4285 ad
2147 4232 2283 4285 occi-

765 4326 995 4386 dentem,
1039 4324 1388 4391 septentrione
1425 4337 1588 4389 usque
1622 4324 1688 4376 ad
1723 4322 2014 4384 meridiem,
2049 4322 2284 4375 ecclesiis

636 4384 671 4413 ε(
766 4412 856 4465 Dei
884 4420 937 4463 et
967 4410 1148 4464 electis
1185 4408 1486 4477 palmitibus
1525 4410 1895 4462 monachorum
1944 4408 2137 4474 repleta
2182 4412 2278 4460 e‘st.
2312 4446 2361 4504 υ
2383 4408 2537 4459 miter
2576 4421 2695 4458 cum
2737 4420 2940 4458 summa
2980 4404 3255 4456 devotione
3293 4402 3606 4455 inclinantes
3649 4416 3708 4454 se
3732 4416 3894 4454 coram

767 4498 865 4561 Qui
906 4497 1062 4549 etiam
1106 4496 1302 4549 Sturmi
1336 4495 1498 4549 abbas
1530 4495 1631 4548 hoc
1672 4496 1861 4548 meruit
1893 4495 2217 4563 privilegium
2254 4510 2282 4547 a

768 4587 874 4637 Deo
912 4591 967 4637 et
1011 4590 1194 4635 sancto
1238 4581 1488 4650 magistro
1527 4597 1635 4651 prze
1669 4583 2036 4649 condiscipulis
2063 4584 2189 4642 suis,
2232 4590 2288 4634 ut

769 4676 936 4739 ipsum
964 4670 1132 4724 locum
1161 4681 1315 4737 quem
1347 4669 1594 4736 magister
1619 4678 1830 4722 sanctus
1850 4670 2004 4737 elegit
2032 4668 2097 4721 ad
2120 4668 2290 4733 sepul-

771 4769 938 4811 turam
981 4757 1186 4826 corpori
1224 4770 1338 4820 suo,
1374 4756 1637 4824 possidere
1669 4765 1955 4809 mereretur
1979 4764 2033 4809 et
2062 4757 2285 4816 initiare,

838 4937 861 4962 ι
897 4922 952 4976 ld
995 4922 1189 4976 factum
1232 4935 1348 4975 esse
1388 4934 1524 4973 anno
1560 4918 1658 4972 745
1694 4929 1784 4972 aut
1820 4892 2130 4986 insequenti,
2170 4935 2290 4986 pro-

770 4972 1449 5105 bavit—tius—sancti
1483 4972 1754 5049 Bonifacii,
1784 4990 1847 5040 ad
1877 4972 1965 5040 lib:
1997 5003 2031 5038 ll
2061 4972 2289 5051 Otbl‘oni,

772 5074 887 5105 can.
950 5095 966 5105 .

789 5076 799 5090 ‘
874 5094 887 5106 .
924 5074 966 5109 Ι.

772 5074 868 5163 ml:
904 5122 1052 5176 Nunc
1093 5124 1341 5190 oppidum
1390 5122 1546 5174 situm
1579 5123 1656 5190 ad
1705 5120 1868 5190 Bheni
1908 5121 2092 5190 ripam,
2138 5137 2199 5173 co
2238 5124 2288 5190 in

776 5196 886 5243 loco
909 5190 994 5243 ubi
1018 5205 1047 5242 e
1069 5188 1230 5241 veteri
1262 5191 1443 5242 Rheno
1473 5188 1678 5256 proﬂuit
1704 5188 1887 5248 Lccca,
1938 5191 2023 5242 hic
2066 5188 2290 5256 Lagbeki

776 5260 961 5310 dictus.
1006 5256 1175 5310 Bccch
1222 5257 1361 5308 enim
1412 5256 1492 5307 vel
1538 5254 1695 5315 Bacb,
1734 5256 2030 5311 Teutonicis
2078 5254 2289 5317 flumen,

794 5338 1068 5376 menoan
1113 5324 1329 5376 Leccam
1370 5323 1448 5374 vel
1490 5323 1713 5391 Leggam
1752 5323 2007 5385 admittit,
2054 5332 2111 5376 ut
2153 5333 2293 5375 recte

822 5402 1051 5443 POWCI‘US
1079 5402 1271 5448 monet.

848 5470 868 5495 ε
910 5457 1010 5509 Alii
1057 5456 1255 5508 Eicstat
1295 5455 1567 5523 appellant.
1606 5456 1739 5522 Lege
1774 5457 1900 5508 Acta
1932 5460 2095 5511 sancti
2128 5459 2295 5510 Willi-

778 5524 917 5577 baldi
939 5531 990 5575 et
1015 5524 1231 5576 aliorum
1257 5524 1341 5576 hic
1359 5525 1742 5576 nominatorum
1771 5526 1878 5576 suis
1906 5524 2049 5577 locis.

848 5591 873 5627 ιι
923 5590 975 5643 ld
1018 5598 1098 5643 est
1142 5590 1365 5642 novitiis.
1421 5591 1555 5657 Lege
1603 5590 1906 5642 llacftenum
1964 5592 2014 5643 in
2071 5592 2159 5643 lib.
2212 5608 2292 5652 tv,

786 5665 938 5712 tract.
992 5657 1061 5722 2,
1109 5657 1365 5724 disquisit.
1420 5659 1483 5722 ι,
1527 5659 1575 5709 in
1624 5658 1870 5726 licgulam
1926 5660 2086 5711 sancti
2134 5659 2296 5713 Bene-

2372 1970 2470 2049 nige
2510 1970 2746 2036 partibus
2784 1968 2975 2033 fuerat,
3001 1985 3095 2038 per
3118 1978 3322 2037 tempus
3346 1960 3664 2025 ostensionis
3689 1987 3804 2025 sua:
3831 1970 3901 2024 fe-

2370 2057 2501 2109 cerit
2535 2056 2601 2109 ad
2628 2055 2851 2109 fructum
2879 2056 3124 2110 Ecclesia:
3150 2057 3261 2111 Dei.
3299 2057 3409 2111 Non
3439 2068 3613 2112 autem
3642 2058 3757 2126 ipse
3792 2059 3908 2111 inec

2369 2157 2462 2208 per
2488 2158 2545 2196 se
2570 2144 2757 2210 potuit,
2804 2143 2894 2195 sed
2929 2143 3214 2195 secundum
3252 2142 3577 2212 Apostolum,
3602 2146 3773 2213 gratia
3810 2143 3907 2196 De:

2368 2249 2482 2284 cum
2514 2248 2571 2283 eo
2615 2232 2731 2298 fecit
2768 2232 2874 2282 Iure
2911 2232 3144 2283 universa
3187 2240 3237 2283 et
3283 2232 3522 2284 stabiliri!
3568 2232 3620 2301 (Ι
3643 2230 3763 2285 Cor.
3789 2231 3903 2300 xv).

2368 2321 2529 2389 Igitur
2582 2320 2702 2385 quia
2754 2317 3016 2385 paululum
3062 2324 3275 2385 propter
3323 2333 3649 2371 communem
3694 2318 3905 2372 laudem

2370 2407 2739 2475 discipulorum
2783 2406 2949 2459 sancti
2990 2406 3227 2473 magistri
3266 2404 3519 2459 Bonifacii
3558 2420 3589 2458 a
3632 2406 3905 2474 proposito

2372 2494 2557 2547 itinere
2598 2494 2918 2546 narrationis
2962 2493 3169 2561 elapsus
3206 2508 3344 2555 sum,
3370 2507 3511 2545 nunc
3542 2493 3731 2571 iterum
3759 2494 3825 2546 ad
3851 2494 3902 2545 id

2371 2583 2584 2636 redeam
2611 2582 2748 2635 unde
2775 2582 3042 2649 digressus
3067 2596 3201 2634 sum.

2441 2669 2525 2721 11.
2565 2669 2712 2721 Tunc
2744 2668 2931 2721 beatus
2965 2666 3265 2721 Bonifacius
3308 2676 3509 2735 martyr.
3549 2666 3776 2729 futurus,
3820 2665 3871 2718 lu

2371 2756 2612 2810 bentibus
2656 2756 2913 2826 religiosis
2961 2758 3209 2825 regibus,
3261 2769 3380 2806 eum
3426 2768 3685 2807 consensu
3729 2750 3902 2807 omnis

2372 2851 2584 2897 senatus
2613 2844 2787 2910 populi
2819 2843 3161 2903 Francorum,
3200 2841 3388 2893 missus
3409 2848 3490 2894 est
3515 2841 3737 2894 Romam
3761 2838 3900 2894 ordi-

2374 2931 2576 2984 nandus
2607 2931 2658 2982 in
2686 2931 3016 2998 episcopatus
3046 2929 3261 2997 gradum
3288 2928 3352 2979 ad
3375 2926 3685 2995 Gregorium
3717 2940 3899 2993 papam

2375 3019 2585 3071 tertium
2615 3030 2636 3054 ε
2656 3032 2684 3068 a
2710 3017 2880 3088 primo
2902 3031 2917 3067 :
2950 3016 3124 3081 ibique
3145 3013 3192 3067 ci
3220 3029 3407 3066 nomen
3433 3029 3584 3066 suum
3612 3015 3768 3065 modo
3792 3027 3899 3065 om-

2374 3107 2529 3158 nibus
2559 3112 2737 3157 notum
2762 3114 2813 3157 et
2841 3102 3179 3168 divulgatum,
3213 3101 3364 3153 simul
3395 3117 3514 3154 cum
3542 3103 3900 3156 benedictione

2371 3203 2423 3245 ct
2468 3193 2632 3261 gradu
2674 3192 3019 3258 episcopatus,
3053 3190 3120 3242 ob
3161 3187 3455 3241 facundiam
3497 3180 3687 3258 lingua:
3711 3200 3764 3242 et
3784 3207 3897 3257 gra-

2372 3282 2497 3333 tiam
2529 3280 2782 3332 labiorum
2821 3293 2849 3329 a
2893 3277 2998 3329 Deo
3023 3277 3119 3330 sibi
3163 3277 3429 3338 donatam,
3476 3275 3699 3328 inditum
3729 3285 3807 3330 est
3837 3277 3900 3328 ab

2371 3347 2654 3437 apostolico
2698 3364 2941 3432 pontiﬁce
2987 3362 3304 3423 Bonifacius,
3341 3362 3429 3428 qui
3465 3371 3618 3414 antea
3658 3363 3899 3415 Winfridi

2374 3454 2625 3507 vocabulo
2651 3456 2979 3506 censebatur.
3027 3452 3217 3519 Sicque
3252 3461 3465 3505 sanctus
3509 3453 3606 3514 vir,
3648 3464 3703 3506 et
3744 3455 3898 3525 gradu

2373 3542 2649 3594 decoratus
2688 3548 2739 3591 ct
2776 3540 3005 3599 nomine,
3046 3553 3221 3592 coram
3259 3540 3399 3590 omni
3440 3538 3581 3591 clero
3617 3551 3670 3591 et
3712 3539 3898 3591 familia

2375 3629 2513 3681 beati
2542 3614 2680 3680 Petri
2716 3627 2964 3693 principis
2989 3627 3338 3692 apostolorum
3364 3634 3415 3677 ct
3442 3641 3620 3677 coram
3649 3628 3762 3693 ipso
3780 3625 3900 3678 Gre-

2375 3716 2519 3782 gorio
2542 3730 2671 3782 papa
2699 3714 2983 3779 prostravit
3008 3729 3084 3773 se,
3110 3722 3162 3765 et
3190 3712 3379 3773 oravit,
3418 3721 3474 3761 ut
3500 3720 3715 3778 prepter
3748 3712 3897 3764 Deum

2375 3812 2426 3853 ct
2454 3816 2685 3853 amorem
2709 3800 2873 3851 sancti
2908 3798 3043 3850 Petri
3082 3799 3271 3852 ibidem
3305 3796 3443 3849 illico
3469 3797 3517 3848 iu
3548 3798 3658 3863 ipsa
3690 3796 3898 3849 t-erlesia

2377 3905 2420 3940 Cl
2446 3904 2494 3939 tn
2531 3888 2748 3955 supplici
2780 3887 3053 3940 devotione
3084 3898 3178 3953 pro
3205 3900 3261 3937 se
3290 3885 3520 3937 ﬂecteret
3544 3899 3714 3951 genua
3742 3885 3899 3937 annuis

2377 3976 2548 4028 clerus
2569 3975 2654 4040 qui
2680 3988 2909 4041 praesens
2938 3973 3142 4035 aderat,
3172 3981 3223 4025 et
3252 3972 3568 4024 unanimiter
3587 3987 3771 4024 onmes
3793 3986 3899 4023 ora-

2379 4071 2494 4115 rent
2536 4063 2844 4120 Dominum,
2894 4059 3210 4126 beatumque
3248 4059 3459 4111 Petrum
3508 4059 3894 4111 intercessorem

2380 4149 2626 4207 invitaret
2650 4157 2703 4201 et
2732 4147 3091 4199 auxiliatorem
3122 4146 3374 4199 orationis
3399 4162 3525 4207 sum,
3557 4154 3615 4197 ut
3642 4146 3778 4197 bono
3805 4146 3896 4195 line

2380 4242 2433 4288 et
2472 4235 2577 4286 Deo
2616 4233 2853 4300 plaeabili
2900 4232 3181 4284 terminare
3204 4232 3493 4285 mereretur
3520 4239 3572 4283 et
3600 4231 3897 4284 concludere

2381 4322 2491 4374 dies
2519 4335 2657 4373 suos.
2686 4318 2781 4382 Qui
2806 4319 2961 4370 etiam
2990 4332 3189 4379 onutes,
3237 4317 3522 4383 inspirante
3558 4317 3683 4377 Deo,
3723 4316 3895 4369 unani-

2366 824 2865 891 quadringentorum
2920 824 3133 877 circiter
3187 823 3560 878 monachorum
3584 862 3599 885 ,
3660 823 3916 890 exceptis
4052 823 4073 897 lt

2364 900 2739 978 pulsantibusd
2769 922 2822 965 et
2865 915 2980 966 aliis
3023 914 3311 967 minoribus
3355 915 3621 981 personis,
3668 929 3910 981 quorum
4052 900 4073 981 Ψ

2386 4494 2620 4560 reliquiis
2647 4494 2784 4545 beati
2813 4492 2953 4545 Petri
2982 4490 3231 4558 principis
3270 4489 3643 4557 apostolorum,
3678 4490 3887 4559 comple-

2386 4568 2572 4634 verunt
2604 4580 2908 4647 petitionem
2935 4578 3063 4645 ejus,
3092 4593 3238 4631 sacra
3263 4578 3499 4631 oratione
3522 4586 3576 4629 et
3606 4579 3829 4644 pastoris
3849 4585 3896 4630 et

2388 4673 2560 4741 gregis
2584 4672 2701 4725 fusa
2734 4672 2797 4722 ad
2836 4671 3019 4723 Deum.
3050 4672 3175 4734 Qua:
3201 4669 3370 4721 oratio
3394 4683 3511 4721 cum
3538 4667 3737 4721 sanctis
3759 4667 3896 4719 meri-

2391 4760 2456 4811 tis
2494 4760 2657 4826 ipsius
2693 4757 3004 4810 conveniens
3037 4764 3287 4823 quantum
3326 4755 3548 4831 valuerit
3578 4754 3719 4821 apud
3746 4752 3892 4808 Deum

2388 4928 2531 4980 dicti.
2558 4928 2864 4994 Quanquam
2897 4927 3202 4994 Adelardus,
3223 4926 3383 4980 abbas
3408 4925 3742 4980 Corbeiensis
3762 4926 3893 4981 cleri-

2387 5011 2471 5047 cos
2502 4992 2767 5113 ciigonicos
2801 4995 3093 5111 mgnasterii
3116 4992 3373 5062 pulsantes
3400 5003 3554 5047 vocat
3590 4994 3645 5045 in
3675 4994 3891 5049 Statuto-

2394 5078 2505 5113 rum
2550 5079 2562 5113 I
2607 5099 2619 5112 .
2650 5077 2829 5113 Lean.
2887 5101 2899 5111 .

2394 5078 2505 5114 l'llll'l
2531 5077 2619 5113 ΙΙΙ).
2650 5078 2688 5121 1,
2713 5077 2829 5121 CBD.
2848 5077 2899 5111 ο.

2464 5077 2665 5114 ιιιιιι).ι
2746 5079 2773 5113 a
2817 5077 2899 5112 .o.

2464 5140 2485 5166 ο
2526 5128 2619 5180 Hic
2664 5077 2851 5195 alfplgi
2894 5131 3096 5181 menda.
3135 5128 3311 5194 Neque
3353 5129 3492 5179 enim
3539 5126 3828 5181 Bonifacius
3868 5146 3892 5179 a

2389 5196 2640 5262 Gregorio
2690 5197 2864 5256 tertio,
2909 5196 2997 5247 sed
3041 5198 3107 5248 ab
3141 5196 3253 5261 ejus
3298 5196 3571 5248 decessore
3611 5196 3894 5262 cognomine

2392 5263 2659 5315 ordinatus
2684 5273 2766 5315 est
2790 5263 3089 5328 episcopus;
3139 5276 3307 5328 neque
3344 5263 3569 5329 primum
3618 5263 3671 5313 in
3719 5264 3894 5329 cpisco-

2393 5330 2494 5395 pali
2546 5326 2873 5382 ordinatione
2925 5326 3111 5397 nomen
3160 5326 3358 5397 accepit
3408 5326 3892 5397 Bouifaeiusfquml

2395 5406 2673 5463 utrumque
2710 5413 2768 5450 ex
2816 5396 2979 5447 sancti
3020 5395 3267 5448 Bonifacii
3307 5396 3453 5447 Actis
3495 5403 3720 5448 constat.
3764 5395 3893 5463 certe

2396 5464 2494 5515 alia
2516 5462 2750 5529 quaedam
2776 5464 2910 5513 facta
2936 5471 3248 5530 przepostere
3272 5470 3450 5513 narrat
3473 5471 3672 5523 auctor,
3698 5473 3753 5516 ut
3785 5462 3893 5515 refu-

2396 5531 2521 5582 tatio
2558 5532 3128 5594 pseudo—sacerdotum,
3166 5544 3321 5647 supra
3352 5543 3493 5578 num.
3534 5530 3587 5591 9,
3628 5545 3745 5597 qua:
3773 5532 3895 5598 longe

2396 5608 2511 5647 nost
2538 5596 2786 5647 Bonifacii
2809 5598 3187 5647 ordinationem
3244 5602 3358 5647 acta
3384 5604 3465 5647 est

2396 5608 2511 5663 post
2538 5596 2786 5652 Bonifacii
2809 5598 3187 5650 ordinationem
3223 5596 3358 5647 facta
3384 5604 3465 5649 est
