4266 6436
203 461 284 518 ῗϋί
1296 467 1443 520 γιτΑ
1486 465 1540 518 S.
1584 463 1901 518 GREGOlill
1939 461 2240 517 ABBATIS.

3237 457 3413 512 76%.

186 559 598 643 omnipotentem
625 616 638 637 ,
693 584 911 629 testatur
955 589 1191 629 sanctum
1248 577 1557 645 martyrium
1606 576 1720 643 ejus
1751 581 1792 632 Α
1821 589 1977 641 opere
1995 578 2164 638 bono;
2199 562 2446 628 docentes
2482 583 2535 629 et
2573 576 2890 630 instruentes
2913 577 2965 629 in
2992 576 3077 630 via
3101 573 3215 640 Dei,
3239 587 3342 642 qua

185 676 452 733 peractum
480 667 530 719 in
557 667 740 718 diebus
764 667 1063 725 senectutis,
1091 667 1250 717 etiam
1285 675 1406 716 tunc
1434 666 1604 716 llillliic
1632 665 1723 714 im-

188 755 486 806 becillitatis
527 755 764 820 corporis
791 753 887 813 sui,
923 754 1042 806 dum
1073 754 1122 804 in
1149 753 1411 818 decrepita
1453 760 1604 803 actate
1633 764 1722 816 po-

189 844 341 904 situs,
374 844 546 894 vivere
568 843 622 894 in
647 843 745 894 hoc
773 841 966 894 mundo
992 856 1092 893 non
1123 841 1322 892 valeret
1344 839 1554 890 diutius.
1587 836 1722 888 Ecce

188 929 451 997 quomodo
476 931 685 998 sapiens
715 913 1035 982 architectus
1064 936 1114 981 ct
1147 929 1345 980 electus
1371 927 1461 978 Dei
1489 925 1722 992 pontifex

188 1016 506 1077 Bonifacius,
535 1033 639 1069 non
672 1033 828 1083 super
850 1015 1057 1067 fluidam
1088 1030 1300 1068 arenam
1346 1014 1556 1066 humani
1594 1029 1722 1064 con-

189 1103 292 1156 silii
324 1113 377 1155 et
409 1103 648 1169 superba:
677 1105 1036 1164 contumaciae,
1075 1104 1166 1155 sed
1204 1118 1365 1169 super
1409 1103 1722 1154 tutissimam

147 1231 150 1234 .
188 1199 390 1257 petram
429 1191 588 1244 divini
631 1191 833 1243 consilii
869 1200 920 1243 et
945 1191 1242 1256 apostolicm
1266 1190 1572 1241 humilitatis
1596 1189 1721 1240 aedi—

189 1279 366 1331 ﬁcavit
389 1279 602 1330 domum
628 1293 794 1331 suam.
839 1278 902 1330 Et
943 1278 1158 1340 idcirco,
1199 1278 1322 1330 dum
1352 1276 1588 1329 venirent
1625 1274 1722 1326 flu-

187 1365 329 1417 mina
359 1366 600 1426 humana:
627 1365 959 1418 adversitatis
981 1379 1042 1417 ac
1064 1365 1490 1432 perturbationis,
1519 1362 1727 1416 flarent-

188 1468 292 1520 q'te
341 1455 481 1506 venti
534 1454 805 1506 diabolica:
860 1454 1167 1506 tcntationis
1201 1461 1254 1506 et
1291 1433 1622 1516 calliditatis,
1676 1462 1728 1505 ct

187 1543 540 1610 impingerent
585 1543 637 1594 in
681 1535 893 1595 domum
941 1541 1074 1607 ejus,
1127 1557 1231 1594 non
1280 1550 1560 1608 potuerunt
1611 1557 1726 1594 eam

188 1645 442 1682 movere:
476 1632 599 1696 quia
650 1630 936 1683 secundum
985 1631 1188 1682 Domini
1233 1628 1458 1689 dictum,
1513 1629 1726 1681 fundata

186 1725 302 1768 erat
332 1733 491 1785 super
521 1719 724 1769 ﬁrmam
753 1725 977 1784 petram,
1007 1732 1124 1784 qua
1150 1726 1295 1784 petra
1327 1724 1440 1769 erat
1464 1716 1724 1769 Christus.

188 1805 378 1858 Noster
438 1806 591 1860 modo
643 1807 959 1858 intercessor
996 1813 1047 1858 et
1095 1805 1422 1858 certissimus
1475 1815 1729 1872 patronus

186 1895 322 1959 apud
355 1894 516 1946 Deum
543 1893 894 1946 consideravit
921 1892 1265 1960 perpendens,
1298 1893 1348 1943 in
1373 1900 1566 1958 quanto
1592 1891 1727 1958 peri—
1763 1875 1800 1930 Β

185 1981 306 2034 culo
342 1989 395 2032 et
436 1981 666 2040 miseria,
716 1979 941 2032 humana
988 1979 1273 2032 constituta
1320 1979 1390 2031 sit
1431 1978 1725 2031 inﬁrmitas.

186 2068 300 2121 Non
345 2069 396 2120 in
433 2069 716 2134 semetipso
750 2068 925 2134 posuit
962 2067 1203 2121 fiduciam
1241 2082 1407 2126 suam,
1441 2067 1589 2134 juxta
1622 2081 1732 2119 mo-

187 2172 301 2209 rem
337 2157 682 2221 superborum
727 2155 894 2222 partis
932 2154 1207 2208 adversas:
1243 2155 1332 2206 sed
1364 2155 1428 2204 ad
1460 2153 1730 2205 humilita—

186 2245 662 2313 tcnrapostolicam
690 2253 744 2298 et
775 2243 999 2296 filiorum
1029 2242 1120 2295 Dei
1147 2243 1390 2304 recurrit,
1435 2243 1484 2294 in
1521 2241 1732 2308 largita-

187 2343 292 2386 tem
321 2334 511 2385 divina:
545 2330 922 2384 misericordia:
951 2339 1002 2383 et
1029 2330 1268 2382 devotam
1299 2327 1731 2396 supplicationem

187 2420 440 2474 Ecclesia:
467 2420 560 2473 Dei
591 2418 836 2472 solidavit
867 2433 1013 2486 spem
1048 2433 1217 2470 suam.
1250 2416 1339 2469 Sic
1367 2417 1505 2468 enim
1533 2425 1584 2468 et
1611 2430 1736 2482 apo-

185 2509 308 2560 stoli
335 2508 558 2569 Christi,
585 2521 873 2572 eorutnquc
897 2520 1231 2558 successores
1259 2512 1311 2557 et
1343 2505 1643 2556 cohaerech
1683 2504 1734 2555 in

188 2612 353 2664 regno
394 2597 508 2656 Dei,
552 2596 604 2648 in
632 2595 774 2648 omni
820 2594 998 2646 labore
1023 2601 1076 2646 et
1102 2592 1442 2644 tribulatione
1472 2607 1587 2652 sua,
1617 2607 1735 2643 ora-

187 2689 335 2740 tione
361 2685 614 2739 Ecclesia:
641 2684 732 2736 Dei
759 2683 874 2736 sine
915 2682 1308 2736 intermissione
1343 2680 1529 2748 a-Ijuti,
1557 2681 1733 2733 omnia

186 2782 482 2841 potuerunt
521 2772 745 2840 implere
787 2786 903 2838 qua:
949 2771 1028 2824 eis
1071 2777 1332 2838 praecepta
1365 2778 1518 2822 erant
1557 2785 1585 2821 a
1635 2770 1735 2822 Do-

187 2865 354 2915 mino.
399 2863 494 2914 Eia
521 2861 772 2929 praesules
807 2868 860 2914 et
899 2860 1273 2929 przedicatores
1302 2858 1476 2926 populi
1505 2858 1618 2919 Dei,
1649 2872 1735 2910 eo-

185 2954 306 3002 dem
353 2949 553 3001 honore
590 2953 645 3000 et
684 2947 799 3014 pari
841 2947 1003 3015 gradu
1041 2947 1093 2998 in
1131 2946 1231 2998 hoc
1263 2944 1455 2998 saeculo
1482 2943 1733 3004 decorati,

185 3039 410 3107 aspicite
453 3046 506 3090 et
557 3037 862 3105 intelligite,
908 3042 961 3088 et
1005 3034 1258 3087 assumite
1286 3033 1581 3101 exemplum
1605 3030 1734 3098 justi

188 3125 426 3181 hominis
453 3142 466 3177 :
494 3132 553 3176 ut
588 3139 707 3178 eum
750 3122 924 3176 vocati
954 3136 984 3174 a
1014 3121 1120 3174 Deo
1152 3128 1205 3173 et
1230 3119 1382 3173 electi
1409 3119 1474 3170 ab
1502 3118 1734 3172 Ecclesia

187 3215 308 3277 Dei,
344 3228 446 3265 non
475 3211 786 3265 muneribus
821 3209 1091 3276 obcaecati,
1129 3209 1192 3260 ad
1222 3207 1442 3275 gradum
1465 3206 1734 3274 episcopa-

186 3315 273 3357 tus
295 3312 351 3357 et
372 3303 438 3355 ad
459 3302 693 3369 regimen
714 3308 951 3354 sanctum
972 3298 1319 3356 accesseritis,
1334 3294 1482 3362 juxta
1509 3295 1732 3347 formam

184 3392 305 3458 ejus
334 3405 432 3443 vos
460 3389 759 3452 instituere,
783 3385 1115 3452 fructumque
1162 3382 1350 3437 afferre
1379 3382 1595 3435 valeatis
1619 3395 1734 3449 per-

186 3492 503 3531 mansurum
531 3477 583 3530 in
605 3476 765 3529 vitam
797 3482 1074 3528 aeternam.

257 3567 348 3619 12.
393 3557 458 3618 Et
487 3565 541 3617 in
567 3565 656 3617 illo
690 3579 898 3632 quoque
933 3564 1140 3624 itinere,
1191 3566 1315 3614 dum
1353 3569 1565 3612 sanctus
1598 3573 1735 3611 mar-

188 3667 276 3723 tyr
306 3653 616 3707 Bonifacius
664 3651 876 3713 Romaa,
923 3651 1058 3704 sicut
1102 3650 1340 3717 superius
1383 3650 1579 3701 dictum
1622 3656 1733 3710 est,

187 3759 347 3798 sacro
375 3743 540 3810 gradu
573 3740 885 3795 sublimatus
921 3747 1034 3801 est,
1070 3739 1255 3791 beatus
1291 3736 1574 3804 Gregorius
1602 3751 1736 3803 pia:-

187 3841 378 3900 ceptor
431 3844 594 3890 meus,
647 3829 812 3882 electo
861 3828 1114 3895 magistro
1169 3825 1507 3893 infatigabilis
1561 3839 1738 3876 comes

187 3917 515 3987 permansit;
549 3917 772 3977 intrans,
802 3923 856 3968 et
883 3915 1179 3987 egrediens,
1201 3921 1255 3965 et
1283 3927 1503 3980 pergens
1537 3912 1600 3963 ad
1637 3911 1732 3961 im-

188 4011 401 4078 perium
447 4005 580 4072 ejus,
627 4005 762 4058 sicut
801 4018 1008 4070 semper
1058 3979 1258 4055 solebat
1297 4002 1348 4052 in
1395 4001 1534 4053 omni
1581 4013 1738 4066 opere

189 4099 351 4151 bono.
387 4095 453 4148 Et
477 4109 579 4148 non
611 4093 780 4147 solum
812 4092 863 4144 in
887 4092 986 4144 hoc
1022 4090 1204 4143 eodem
1241 4089 1446 4149 itinere,
1494 4088 1736 4140 meritum

191 4183 517 4238 humilitatis
563 4190 617 4234 et
665 4181 977 4235 obedientiae
1013 4192 1120 4231 sua:
1159 4178 1377 4245 peregit,
1424 4184 1481 4228 ut
1524 4175 1735 4243 dignum

189 4282 271 4325 est
301 4270 551 4337 juniores
588 4267 740 4320 subdi
787 4266 1084 4319 senioribus
1126 4272 1180 4316 et
1219 4264 1506 4330 majoribus
1545 4263 1654 4314 suis
1686 4263 1737 4313 in

188 4358 475 4420 omnibus;
511 4355 602 4408 sed
623 4353 781 4406 etiam
813 4353 960 4422 plura
985 4352 1246 4404 volumina
1276 4359 1573 4403 sanctarum
1598 4348 1739 4400 Scri-

1821 665 1918 731 ipsi
1952 666 2115 726 ibant,
2162 680 2264 717 non
2303 664 2470 718 solum
2506 664 2752 732 populum
2779 672 2831 716 et
2856 677 3099 732 proceres
3121 661 3348 715 Franco-

1822 767 1936 803 rum
1965 770 1975 802 :
2007 752 2098 804 sed
2119 753 2277 804 etiam
2309 752 2448 818 ipsos
2483 766 2632 820 reges
2655 751 2934 820 religiosos
2950 751 3061 804 sale
3081 749 3349 818 sapientia:

1823 840 2009 892 divina:
2051 854 2153 890 non
2194 839 2892 892 mediocriter‘condierunt.
2928 838 2994 891 Et
3027 835 3106 890 sic
3137 836 3191 890 in
3221 851 3349 890 con-

1791 941 1977 979 ’scnsu
2016 937 2069 979 et
2113 929 2456 979 unanimitate
2485 941 2688 997 regum,
2737 935 2789 978 et
2832 925 3006 980 cuncti
3049 923 3226 993 populi
3259 937 3354 991 per

1823 1031 1976 1068 omne
2012 1031 2230 1085 regnum
2264 1015 2584 1068 Francorum
2611 1022 2881 1081 coeperunt
2907 1013 3140 1080 quotidie
3184 1011 3354 1076 magis

1824 1105 2095 1172 magisque
2127 1105 2456 1180 .detrimenta
2492 1104 2604 1156 ﬁeri
2639 1103 2875 1180 diabolo,
2923 1109 2978 1155 et
3028 1101 3351 1154 incrementa

1825 1190 2071 1243 Ecclesiae
2101 1176 2222 1254 Dei;
2261 1192 2522 1244 haeretica:
2551 1176 2835 1258 pravitates
2866 1205 2966 1243 non
2997 1200 3266 1256 apparere,
3303 1191 3356 1236 et

1823 1280 2082 1333 catholica
2111 1280 2241 1332 fides
2263 1280 2314 1331 in
2338 1280 2580 1332 omnibus
2604 1279 2841 1342 rutilare,
2867 1292 2929 1330 ac
2955 1276 3138 1346 religio
3161 1273 3354 1328 munda

1823 1379 1876 1422 et
1906 1370 2239 1423 immaculata
2267 1369 2417 1437 longe
2448 1369 2653 1435 lateque
2679 1369 2988 1421 clarescere.

1894 1460 1975 1517 15.
2017 1457 2118 1512 Sed
2146 1459 2265 1526 quia
2292 1459 2462 1511 adhuc
2489 1473 2652 1525 usque
2681 1456 3027 1510 communiter
3051 1463 3103 1508 et
3129 1454 3356 1515 mixtim,

1826 1560 1966 1598 nunc
1989 1545 2054 1598 de
2078 1552 2260 1599 sancto
2293 1546 2542 1614 magistro
2566 1552 2620 1598 et
2644 1553 2876 1612 martyre
2907 1540 3192 1602 Bonifacio,
3221 1555 3359 1593 nunc

1795 1648 1800 1652 ·
1825 1634 2068 1695 debeata
2095 1633 2348 1702 Gregorio
2379 1634 2546 1687 electo
2574 1632 2828 1700 discipulo
2855 1629 2984 1696 ejus,
3013 1630 3214 1684 modica
3243 1645 3359 1695 quin

1825 1725 1967 1792 potui
2008 1740 2072 1776 ex
2108 1725 2328 1793 magnis,
2365 1725 2430 1778 de
2457 1732 2636 1777 sancta
2667 1737 2847 1776 eorum
2871 1721 3266 1776 conversatione
3291 1720 3359 1771 ob

1828 1813 2109 1864 utilitatem
2140 1814 2461 1866 audientium
2497 1821 2548 1866 et
2576 1812 2870 1880 exemplum
2897 1811 3189 1865 futurorum
3216 1809 3358 1861 litte-

1830 1901 1902 1952 ris
1937 1901 2307 1952 commendare
2353 1901 2559 1962 curavi;
2605 1901 2850 1967 delnceps
2889 1898 3183 1968 specialiter
3223 1897 3359 1949 beati

1829 1986 2068 2056 GregOrii
2095 1986 2229 2040 facta
2256 1995 2309 2040 et
2330 1989 2573 2051 virtutes,
2595 1995 2648 2040 et
2671 1986 2951 2040 salutifera;
2975 1976 3362 2054 praadicatiouis

1829 2076 2162 2136 documenta,
2213 2075 2403 2141 quibus
2448 2073 2644 2126 erudiri
2678 2074 2797 2126 licet
2823 2067 3083 2141 indignus,
3119 2082 3171 2124 et
3201 2073 3360 2123 inter-

1830 2178 1944 2217 esse
1973 2165 2138 2216 merui
2165 2164 2230 2216 ab
2261 2163 2496 2224 infantia,
2519 2163 2700 2228 paucis
2721 2162 2923 2229 aperire
2949 2176 3050 2229 non
3078 2160 3356 2228 negligam.

1831 2250 1895 2302 Et
1922 2251 2111 2316 primo,
2152 2251 2365 2317 dignum
2409 2258 2462 2302 et
2506 2247 2843 2300 memorabile
2870 2223 3000 2314 opus
3026 2246 3091 2298 ab
3115 2259 3179 2298 eo
3205 2259 3360 2298 evan—

1830 2339 1992 2406 gelice
2024 2348 2310 2404 peractum,
2351 2338 2695 2391 intimandum
2723 2337 2985 2396 existimo,
3023 2335 3161 2402 quod
3191 2334 3253 2386 de
3281 2347 3364 2386 re-

1831 2427 2078 2483 missione
2104 2435 2157 2479 et
2187 2427 2507 2494 indulgentia
2550 2427 2879 2481 inimicorum
2923 2425 3148 2478 mirabili
3191 2424 3361 2476 chari-

1833 2526 1938 2570 tate
1959 2526 2012 2569 et
2037 2517 2262 2583 posteris
2290 2514 2564 2582 profuturo
2593 2515 2832 2582 exemplo
2855 2514 3106 2582 implevit.
3134 2513 3364 2566 Fuerunt

1831 2605 1877 2656 ei
1901 2603 2096 2656 fratres
2123 2603 2322 2656 nobiles
2352 2612 2405 2655 et
2433 2603 2611 2654 eximii
2654 2603 2718 2654 de
2756 2610 2903 2669 patre
2937 2600 3189 2668 generati,
3215 2610 3266 2654 et
3301 2599 3364 2652 de

1833 2705 2001 2748 matre
2046 2693 2158 2760 ejus
2184 2693 2289 2745 nati
2334 2693 2420 2745 alii
2464 2691 2673 2753 fratres,
2719 2700 2770 2744 et
2819 2699 3050 2757 tempore
3087 2697 3141 2742 et
3169 2689 3366 2740 viribus

1832 2781 2116 2836 secundum
2160 2781 2337 2834 smculi‘
2375 2781 2681 2849 dignitatem
2729 2780 3005 2832 minores:
3046 2776 3237 2844 quibus
3277 2790 3367 2828 ne-

1832 2886 1978 2924 cesse
2019 2880 2134 2922 erat
2170 2871 2220 2921 in
2257 2869 2507 2936 obsequio
2544 2883 2660 2921 esse
2702 2867 2977 2933 majorum.
3028 2865 3244 2918 Factum
3285 2873 3367 2917 est

1834 2966 2028 3019 autem,
2064 2965 2120 3008 ut
2152 2957 2312 3022 aliqui
2352 2971 2413 3008 ex
2459 2953 2743 3021 majoribus
2780 2952 3030 3006 fratribus
3064 2951 3302 3005 honorati
3333 2967 3362 3003 a

1834 3063 1980 3116 rege,
2023 3049 2360 3102 mitterentur
2384 3046 2434 3098 in
2462 3045 2827 3114 longinquiora
2860 3059 3017 3112 regna
3044 3041 3364 3101 Galliarum;

1838 3134 1960 3203 illuc
1984 3142 2037 3185 et
2064 3132 2334 3198 subsequi,
2372 3141 2424 3185 et
2453 3133 2710 3184 inhaerere
2755 3145 2967 3184 necesse
3001 3139 3116 3183 erat
3145 3127 3366 3195 juniori-

1833 3224 1947 3276 bus.
1994 3223 2122 3274 Dum
2152 3237 2278 3274 vero
2328 3229 2446 3287 post
2491 3221 2716 3286 spatium
2763 3220 3013 3286 temporis
3057 3218 3273 3285 peracti,
3315 3225 3367 3269 et

1833 3320 2080 3378 parentes
2105 3308 2322 3361 visitare
2345 3308 2574 3376 placeret
2608 3317 2660 3359 et
2686 3307 2938 3374 patriam;
2966 3314 3178 3373 accepta
3207 3305 3364 3356 licen-

1834 3400 1903 3450 tia
1927 3415 1954 3449 a
1982 3398 2275 3451 senioribus
2307 3397 2434 3456 suis,
2475 3397 2575 3450 duo
2600 3396 2789 3448 utcrini
2821 3394 3010 3448 fratres
3033 3393 3368 3462 prmceptoris

1833 3485 1935 3538 mei
1985 3483 2225 3550 Gregorii
2279 3491 2552 3549 cmpcrunt
2597 3482 2706 3543 ire,
2772 3487 2825 3532 et
2881 3481 3199 3546 propositam
3248 3494 3367 3532 car-

1835 3587 1957 3640 pere
1985 3572 2146 3632 viam,
2184 3579 2239 3621 ut
2267 3570 2332 3622 ad
2363 3569 2660 3631 Franciam,
2702 3569 2751 3620 id
2793 3576 2871 3620 est
2915 3567 3148 3619 naturale
3175 3567 3356 3622 solum,

1836 3661 2110 3729 pervenire
2145 3661 2456 3727 potuissent.
2486 3659 2583 3723 Qui
2614 3659 2737 3711 dum
2771 3661 2907 3711 irent
2943 3659 2994 3710 in
3021 3658 3123 3719 via,
3147 3656 3362 3723 juvenili

1835 3747 2052 3799 audacia
2089 3745 2310 3812 amplius
2347 3746 2514 3797 securi
2544 3760 2700 3811 quam
2739 3752 3023 3812 oporteret,
3053 3745 3103 3795 in
3140 3742 3366 3810 quadam

1835 3835 1964 3886 silva
2013 3835 2276 3885 latronum
2324 3833 2522 3885 crudeli
2576 3848 2731 3884 manu
2772 3832 3078 3885 circumdati
3120 3840 3174 3884 et
3209 3831 3366 3883 occisi

1835 3931 1974 3975 sunt.
2034 3921 2179 3985 Quod
2225 3921 2404 3974 statim
2453 3931 2557 3972 tam
2604 3921 2823 3987 lugubre
2858 3920 3095 3972 nuntium
3132 3918 3368 3971 dominos

1837 4025 2016 4064 eorum
2041 4009 2198 4061 celari
2228 4009 2544 4075 non-potuit,
2578 4009 2665 4074 qui
2698 4009 2748 4059 in
2775 4007 2876 4059 illis
2897 4006 3080 4059 diebus
3106 4006 3368 4074 principa—

1837 4106 1946 4150 tum
1982 4111 2084 4148 non
2112 4096 2373 4148 modicum
2409 4095 2535 4162 ipsis
2561 4093 2611 4145 in
2641 4094 2767 4148 locis
2796 4095 3107 4146 habuerunt.
3141 4092 3288 4157 Quod
3313 4101 3369 4144 ut

1836 4184 2135 4242 audierunt,
2180 4169 2437 4233 miserunt
2480 4182 2887 4247 circumquaque
2933 4179 3179 4233 satellites
3223 4193 3367 4241 suos,

1834 4273 1923 4340 qui
1945 4272 2158 4324 eosdem
2181 4271 2407 4322 latrones
2428 4277 2480 4321 et
2503 4268 2777 4320 carnifices
2801 4268 3135 4335 exquirerent
3155 4274 3206 4320 et
3227 4282 3368 4319 com-

1837 4360 2242 4427 prehenderent.
2268 4357 2365 4421 Qui
2393 4365 2446 4408 et
2471 4355 2666 4407 inventi
2709 4364 2760 4408 et
2802 4357 3185 4423 comprehensi,
3223 4364 3278 4408 et
3305 4356 3368 4411 li-

190 4458 502 4516 pluramm.
545 4444 799 4513 largiente
843 4441 1082 4502 Domino,
1125 4439 1230 4492 illic
1256 4439 1735 4506 acquisivit;etse-
1765 4465 1811 4523 υ
1837 4445 1945 4514 gati
1987 4446 2164 4498 statim
2207 4443 2416 4496 adducti
2447 4449 2584 4495 sunt.
2615 4442 2680 4495 Et
2717 4442 2840 4496 licet
2872 4445 3012 4510 digni
3054 4443 3370 4498 haberentur

188 4550 313 4588 cum
355 4529 485 4592 inde
520 4532 585 4584 ad
615 4529 906 4598 profectum
945 4530 1216 4599 proprium
1259 4528 1734 4594 discipulorumque

190 4634 416 4675 suorum
446 4632 552 4670 non
578 4618 783 4670 modico
812 4616 992 4670 labore
1032 4617 1242 4669 advexit
1285 4617 1516 4669 domum.
1557 4619 1736 4669 Sedet

189 4722 394 4778 pueros
420 4706 556 4760 duos
583 4719 702 4757 cum
736 4718 996 4757 consensu
1032 4705 1266 4773 magistri
1294 4705 1344 4756 in
1372 4704 1736 4772 discipulatum

191 4812 370 4857 suum,
423 4789 802 4846 Marchelmum
842 4801 867 4828 ι
903 4789 1144 4843 videlicet
1186 4799 1240 4844 et
1279 4790 1634 4843 Marcuvinum
1673 4791 1736 4844 dc

191 4891 351 4951 gente
391 4877 703 4951 Angloru/ni,
735 4890 912 4930 secum
956 4876 1074 4928 inde
1119 4876 1352 4928 adduxit.
1401 4877 1472 4928 De
1515 4890 1736 4942 quorum

193 4970 410 5022 seniore
465 4963 783 5016 Marchelmo
822 4962 1210 5029 religiosissimo
1261 4969 1315 5013 et
1364 4972 1545 5014 sancto
1592 4963 1737 5024 viro,

195 5062 256 5106 ut
275 5053 502 5120 dignum
530 5055 630 5109 est,
661 5047 884 5101 donante
912 5049 1036 5110 Deo,
1065 5055 1160 5100 suo
1183 5045 1301 5100 loco
1321 5046 1513 5113 aliquid
1537 5047 1741 5114 plenius

197 5141 394 5192 dicam.
462 5136 610 5188 Tunc
670 5132 793 5198 felix
841 5135 1156 5195 comitatus,
1207 5135 1454 5201 magister
1504 5135 1744 5187 videlicet

134 5213 140 5216 V
197 5236 420 5282 sanctus
454 5232 509 5276 et
546 5221 783 5290 discipuli
821 5222 932 5286 ejus
974 5222 1143 5279 electi,
1192 5230 1245 5274 et
1281 5223 1504 5289 propriis
1544 5224 1744 5275 meritis

199 5327 248 5369 et
280 5310 667 5368 intercessione
689 5309 860 5362 omnis
887 5307 1014 5360 cleri
1054 5322 1116 5359 ac
1154 5307 1364 5362 familia:
1405 5309 1567 5361 Sancti
1601 5310 1739 5362 Petri

198 5399 561 5457 commendati
602 5398 788 5450 De0'ct
825 5399 1021 5450 sanctis
1055 5396 1197 5461 ejus,
1241 5397 1438 5450 reversi
1482 5398 1739 5449 sunt'do-

200 5504 367 5550 mum,
402 5493 708 5540 crescentes
746 5491 799 5536 et
835 5483 1166 5550 proficientes
1199 5497 1260 5534 ex
1293 5482 1380 5533 illo
1409 5484 1492 5535 die
1517 5483 1572 5536 in
1598 5484 1740 5534 omni

270 5629 295 5655 ι
339 5616 440 5667 Hic
483 5621 568 5666 est
609 5609 952 5664 Mai-chelmus
999 5609 1163 5660 sancti
1207 5607 1469 5659 Suidberti
1516 5607 1741 5673 episcopi
1782 5622 1955 5661 comes
1992 5625 2048 5659 ac
2085 5608 2212 5660 disci

202 5691 509 5741 commenta
540 5682 838 5732 tribuuntur
867 5677 963 5728 sub
990 5677 1196 5728 nomine
1225 5676 1522 5727 Marcellini.

1837 4533 1977 4584 omni
2027 4545 2199 4598 paena,
2231 4537 2286 4582 et
2309 4530 2669 4583 crudelissima
2708 4537 2876 4581 morte
2915 4530 3167 4593 interfici;
3197 4539 3368 4584 tamen

1837 4619 1903 4670 ob
1928 4617 2274 4670 reverentiam
2304 4624 2355 4668 et
2382 4630 2615 4668 amorem
2638 4611 2817 4666 fratris
2841 4630 3022 4668 eorum
3049 4617 3222 4670 domui
3243 4616 3372 4669 Gre-

1837 4705 1992 4774 gorii,
2022 4706 2342 4772 cogitabant,
2371 4711 2427 4755 ut
2461 4717 2578 4754 eum
2608 4703 2801 4771 aliquid
2831 4705 2880 4755 in
2906 4704 3005 4758 hoc
3033 4705 3366 4756 consolaren-

1841 4802 1926 4844 tur
1949 4799 2066 4858 post
2089 4799 2309 4842 mortem
2342 4790 2646 4852 charorum,
2666 4790 2708 4841 si
2739 4790 2877 4858 ipsos
2905 4791 3190 4842 homicidas
3212 4798 3264 4841 et
3292 4791 3370 4841 in-

1840 4877 2146 4930 terfectores
2189 4889 2370 4926 eorum
2398 4875 2462 4926 ad
2487 4874 2600 4940 ejus
2633 4876 2916 4928 dominium
2955 4886 3007 4927 et
3040 4882 3369 4944 praesentiam

1839 4965 2114 5031 pervenire
2146 4961 2396 5025 facerent,
2440 4970 2496 5014 ut
2538 4963 2602 5015 ad
2644 4963 3054 5017 satisfactionem
3081 4977 3134 5018 et
3167 4969 3371 5037 mitiga—

1841 5053 2036 5103 tionem
2071 5049 2264 5102 doloris
2295 5051 2397 5112 sui,
2426 5050 2563 5117 quali
2599 5049 2748 5101 vellet
2776 5059 2942 5103 morte
2969 5053 3077 5120 ipse
3100 5069 3191 5106 eos
3211 5056 3369 5108 inter-

1843 5139 1925 5191 fici
1954 5138 2178 5204 juheret.
2212 5140 2359 5202 Quod
2387 5147 2438 5192 et
2469 5137 2729 5201 fecerunt;
2781 5140 2910 5192 duos
2936 5156 2999 5194 ex
3024 5142 3124 5193 illis
3146 5157 3374 5208 pratsen-

1845 5225 1941 5275 tari
1965 5222 2230 5304 jubentes,
2259 5225 2538 5278 carnaliter
2579 5225 2834 5277 duntaxat
2870 5229 3157 5295 cogitantes
3185 5244 3370 5283 secun-

1845 5311 1966 5363 dum
2006 5312 2217 5364 stultam
2257 5311 2583 5377 sapientiam.
2607 5313 2779 5365 sazculi
2808 5314 2978 5380 hujus,
3005 5330 3119 5380 qua:
3148 5316 3308 5370 inimh
3328 5319 3371 5369 is

1847 5398 1926 5464 pie
1953 5412 2168 5464 parcere
2198 5413 2297 5449 non
2328 5400 2486 5450 novit.
2520 5399 2632 5466 lpse
2661 5415 2804 5459 vero,
2837 5408 2893 5450 ut
2916 5379 3033 5455 erat
3055 5379 3136 5455 vir
3158 5403 3368 5470 spirita-

1848 5484 1931 5546 lis,
1965 5485 2148 5538 doctus
2172 5500 2199 5535 a
2224 5485 2442 5538 Domino
2466 5485 2586 5538 Jesu
2615 5485 2823 5538 Christo
2855 5495 2908 5540 et
2934 5497 3114 5541 sancto
3138 5489 3372 5557 Evange-

2220 5610 2389 5676 pulus,
2426 5609 2504 5664 cui
2537 5612 2711 5676 spuria
2765 5613 2828 5665 de
2885 5620 3066 5695 sancto
3097 5613 3375 5668 Suidberto
3468 5633 3481 5641 '
