4110 6410
677 491 778 543 763

1341 495 1344 498 ’
1431 489 1486 543 5.
1527 489 1894 544 LUDGERUS
1931 485 2337 540 MIMIGARDEI‘
2355 487 2683 542 URDENSIS
2721 489 3104 548 EPISCOPUS.

3748 499 3867 582 764-

672 603 743 665 lio
763 599 895 666 ejus.
927 601 977 652 in
1005 615 1109 668 quo
1131 599 1386 654 didicerat
1410 603 1704 669 scriptum:
1734 601 1940 668 Dih’gite
1973 600 2204 652 inimicos
2234 602 2278 656 Α
2309 599 2410 650 Deo
2434 598 2481 652 ei
2511 601 2686 653 datum
2734 601 2913 664 fuisse,
2948 605 3036 671 qui
3079 603 3310 679 ejusdem
3337 607 3489 662 electi
3521 611 3618 662 viri
3648 619 3702 664 et
3730 610 3844 667 vita

672 700 895 753 vestros;
937 687 1212 756 bent-facite
1247 689 1325 741 Itis
1354 689 1441 757 qui
1475 689 1689 742 oderunt
1723 706 1826 745 vos.
1869 698 1923 740 ut
1965 689 2078 740 sitis
2108 687 2205 753 ﬁlii

673 773 848 830 Patris
874 778 1021 830 uestri
1059 779 1145 846 qui
1187 778 1242 829 in
1277 776 1413 830 cretis
1453 786 1525 838 est
1563 776 1770 845 (Matth.
1799 775 1876 845 γ),
1903 774 2207 842 spiritaliter

670 876 763 917 eos
794 872 849 916 et
874 870 1142 932 gratanter
1181 859 1440 929 suscepit;
1478 864 1716 931 cogitans
1758 863 2025 928 utrinque,
2061 870 2116 912 et
2142 861 2206 912 de

668 963 762 1002 sua
794 952 962 1004 salute
988 952 1326 1020 sempiterna,
1358 959 1411 1002 et
1444 951 1507 1002 de
1549 950 1771 1002 fratrum
1810 948 2202 1001 interfectorum

667 1038 996 1093 absolutione
1021 1058 1032 1090 :
1059 1039 1401 1106 exemploque
1419 1038 1646 1103 posteris
1666 1035 1959 1103 profuturo,
1983 1044 2036 1087 et
2049 1033 2208 1100 jussit

665 1141 758 1180 eos
793 1127 1015 1200 absolvi,
1054 1135 1108 1180 et
1139 1126 1394 1187 balneari,
1428 1125 1662 1177 vestibus
1687 1125 1828 1176 indui
1861 1124 2088 1185 mundis,
2127 1133 2205 1176 at-

662 1231 765 1284 que
791 1215 922 1269 cibis
952 1215 1113 1269 rellci.
1145 1216 1290 1267 Tunc
1326 1214 1392 1265 ad
1431 1228 1487 1266 se
1513 1213 1682 1266 ductis
1708 1214 1956 1281 prieccpit
1982 1214 2163 1268 dicens
2189 1231 2200 1263 :

662 1303 738 1358 lte
782 1304 836 1356 in
873 1319 1034 1371 pace;
1067 1310 1120 1356 et
1144 1312 1345 1364 cavete,
1377 1309 1432 1354 ut
1470 1318 1574 1354 non
1611 1301 1828 1355 ulterius
1869 1301 1970 1354 tale
2006 1301 2203 1353 malum

661 1393 999 1461 perpetretis,
1037 1399 1112 1445 ne!
1129 1392 1361 1445 deterius
1386 1391 1535 1444 vobis
1572 1391 1770 1458 aliquid
1807 1391 2097 1458 contingat.
2142 1389 2204 1440 Et

654 1483 815 1550 jussit
858 1483 908 1535 in
942 1497 1071 1549 pace
1106 1481 1312 1544 deduci,
1360 1481 1649 1534 admonens
1679 1489 1895 1548 paterna
1920 1479 2202 1541 charitate,

661 1581 720 1623 ut
755 1587 783 1622 a
812 1572 1018 1624 caeteris
1053 1571 1362 1638 propinquis
1408 1570 1517 1622 suis
1559 1577 1714 1622 caute
1754 1583 1809 1622 se
1852 1567 2198 1620 custodirent.

658 1657 793 1723 Quid
819 1673 915 1713 nos
950 1660 1136 1712 modici
1157 1667 1209 1712 et
1232 1658 1427 1710 inﬁmi
1447 1659 1511 1710 ad
1541 1659 1654 1710 haec
1672 1655 1861 1708 dicturi
1887 1670 2088 1714 sumus,
2113 1656 2200 1722 qui

658 1763 755 1800 nec
784 1749 982 1800 minimi
1006 1748 1150 1800 verhi
1177 1747 1444 1799 lassionem
1486 1747 1682 1812 absque
1718 1745 1938 1808 ultione,
1986 1745 2074 1796 ubi
2123 1744 2199 1795 fa-

656 1836 827 1890 cultas
865 1836 1114 1904 suppetit,
1158 1834 1299 1888 ferre
1347 1834 1624 1886 valemus?
1653 1834 1783 1886 Dum
1834 1833 1900 1885 de
1945 1831 2196 1900 perfectis

2307 690 2552 741 meritum
2577 704 2798 755 pensare
2822 692 3065 755 voluerit,
3100 703 3153 745 et
3183 696 3616 762 pretiosissimum
3643 703 3844 768 sapien-

2307 777 2392 828 tia:
2421 775 2534 841 ejus
2580 779 2882 831 thesaurum
2931 780 3266 850 investigare.
3321 783 3603 851 Propterea
3652 797 3704 840 et
3748 789 3845 842 hoc

2307 863 2516 930 dignum
2564 879 2680 917 esse
2727 868 2979 919 memoria
3010 869 3249 932 videtur,
3299 871 3528 937 qualiter
3563 873 3844 942 discipulos

2304 965 2427 1003 suos
2453 953 2608 1004 simul
2636 968 2756 1004 cum
2780 955 2857 1007 eis
2898 958 3164 1009 communi
3204 957 3314 1010 vita
3355 962 3736 1023 conversando,
3788 972 3844 1017 ut

2303 1046 2453 1104 pater
2497 1037 2631 1092 ﬁlios
2674 1041 2912 1094 educarit
2955 1051 3006 1096 et
3034 1045 3296 1107 dilexerit,
3343 1046 3666 1116 singulisque
3701 1058 3845 1103 tanto

2303 1125 2575 1178 charitatis
2621 1127 2823 1194 glutino
2861 1128 3209 1198 jungeretur,
3253 1142 3312 1185 ut
3339 1135 3683 1200 apostolicum
3722 1136 3858 1192 illud.

2302 1222 2539 1265 sanctum
2581 1223 2634 1267 et
2663 1216 2970 1283 praeclarum
3014 1220 3371 1274 testimonium
3401 1236 3503 1274 non
3551 1232 3756 1276 tantum
3785 1240 3848 1278 ex

2299 1315 2393 1351 ore
2422 1300 2683 1367 proferret
2704 1305 2768 1356 ad
2794 1303 3191 1359 aedificationem
3213 1308 3556 1370 audientium,
3578 1311 3669 1363 sed
3692 1325 3848 1378 opere

2299 1395 2353 1437 et
2390 1388 2612 1441 veritate
2656 1390 2721 1441 ad
2748 1391 3059 1444 imitandum
3086 1395 3290 1447 cunctis
3334 1395 3655 1457 ostenderet,
3711 1398 3848 1464 quod

2301 1475 2364 1527 de
2391 1477 2664 1530 vocatione
2689 1487 2742 1530 et
2757 1480 3014 1534 electione
3040 1482 3274 1535 omnium
3301 1484 3530 1550 gentium
3557 1500 3587 1536 a
3606 1485 3667 1536 Β.
3692 1484 3846 1539 Petro

2301 1565 2534 1631 apostolo
2551 1567 2747 1620 dictum
2774 1578 3016 1622 constat:
3044 1568 3311 1632 Quomodo
3336 1571 3390 1623 in
3413 1572 3550 1624 omni
3574 1582 3742 1640 gente,
3764 1574 3848 1641 qui

2298 1653 2439 1704 timet
2483 1652 2656 1715 Deum,
2705 1663 2751 1706 et
2782 1666 3024 1724 operatur
3046 1657 3337 1723 justitiam,
3385 1670 3620 1729 acceptus
3662 1671 3736 1712 est
3774 1660 3849 1712 illi

2299 1740 2434 1810 (Act.
2465 1742 2539 1809 x).
2589 1741 2702 1796 Non
2725 1745 2865 1795 enim
2893 1757 2958 1796 ex
2983 1760 3082 1811 una
3114 1745 3350 1813 qualibet
3373 1758 3528 1816 gente
3558 1751 3676 1818 ejus
3701 1760 3850 1806 erant

2297 1827 2537 1893 discipuli
2572 1831 2908 1899 congregati,
2949 1832 3040 1885 sed
3070 1847 3134 1885 ex
3171 1834 3402 1888 omnium
3430 1837 3724 1890 vicinarum
3750 1834 3856 1890 na?

657 1925 785 1978 talia
816 1911 1202 1992 cognoscimus,
1240 1936 1540 1991 pensemus,
1580 1922 1667 1974 ubi
1708 1928 1884 1973 nostra
1925 1919 2204 1972 infirmitas
2236 1912 2273 1966 Β
2304 1917 2504 1969 tionum
2553 1915 2769 1971 ﬂoribus
2811 1919 3062 1978 adunati;
3108 1931 3160 1973 et
3207 1929 3349 1974 tanta
3401 1923 3759 1979 familiaritate
3793 1934 3845 1980 et

655 2021 920 2082 prostrata
961 2011 1178 2079 jaceat,
1230 2026 1346 2079 qua:
1395 2025 1663 2079 nunquam
1720 2011 1822 2064 tale
1869 2010 2065 2078 aliquid
2121 2009 2203 2062 vel

659 2110 835 2155 mente
859 2101 1133 2169 concepit:
1159 2109 1218 2154 ut
1253 2099 1377 2154 ﬂere
1410 2101 1580 2169 magis
1607 2101 1790 2162 libeat,
1821 2116 1979 2168 quam
2007 2101 2203 2167 aliquid

657 2190 851 2246 dicere.
889 2190 1132 2244 Forsitan
1169 2187 1483 2243 obtinebunt
1525 2189 1675 2241 nobis
1719 2189 1922 2241 veniam
1961 2187 2205 2254 lacryma:

657 2277 796 2346 apud
833 2279 977 2347 pium
1021 2278 1254 2346 judicem
1292 2277 1476 2339 Deum,
1517 2277 1606 2343 qui
1638 2276 1690 2328 in
1721 2277 1925 2330 meritis
1958 2276 2201 2329 ﬁduciam

656 2365 854 2419 habere
878 2381 983 2420 non
1012 2379 1310 2434 possumus.

2303 2005 2702 2057 mansuetudine
2746 2004 3030 2073 laetitiaque
3062 2007 3283 2074 spiritali
3311 2009 3588 2064 illuminati
3620 2023 3757 2073 sunt,
3791 2023 3846 2066 ut

2274 2107 2278 2115 '
2302 2093 2416 2146 luce
2442 2093 2634 2146 clarius
2661 2095 2876 2147 daretur
2903 2097 3134 2163 agnosci,
3169 2097 3290 2163 quia
3316 2098 3380 2152 de
3408 2114 3511 2151 uno
3529 2110 3679 2166 patre
3698 2102 3848 2170 spiri-

725 2453 810 2505 H.
836 2452 940 2505 Sed
966 2460 1018 2504 et
1047 2453 1148 2504 hoc
1168 2450 1376 2504 silentio
1396 2450 1612 2504 minime
1637 2451 1916 2519 tegendum
1939 2459 2039 2513 est,
2065 2451 2202 2517 quod
2230 2464 2233 2467 '

658 2539 977 2596 Marchelmo
1024 2539 1312 2593 venerabili
1359 2540 1772 2592 vironarrante
1816 2539 2007 2602 didici,
2055 2541 2204 2606 cujus

653 2629 900 2697 superius
940 2629 1248 2682 memoriam
1290 2626 1425 2680 feci:
1457 2627 1578 2694 quia
1605 2635 1724 2695 post
1747 2628 2054 2696 martyrium
2085 2643 2205 2678 san-

652 2717 724 2770 cti
757 2715 1011 2785 magistri,
1050 2730 1080 2767 a
1105 2730 1209 2782 quo
1234 2729 1328 2782 per
1367 2717 1590 2784 gratiam
1621 2713 1816 2768 Christi
1862 2723 1913 2767 et
1957 2714 2203 2767 meritum

654 2804 948 2858 sanctitatis
992 2802 1106 2869 ejus
1137 2817 1322 2856 omnes
1361 2802 1592 2854 contines
1622 2803 1859 2854 nationes
1899 2802 2206 2854 illuniinatze

653 2902 795 2956 sunt,
827 2895 938 2960 ipse
965 2905 1173 2960 quoque
1203 2891 1263 2942 Β.
1295 2890 1579 2959 Gregorius
1619 2905 1648 2942 a
1689 2890 1954 2958 Stephano
1993 2899 2202 2957 aposto-

655 2986 769 3038 lica:
812 2985 953 3038 sedis
990 2983 1217 3051 praesule
1267 2993 1321 3034 et
1368 2983 1434 3036 ab
1482 2981 1669 3035 illustri
1715 2981 2052 3050 et-religioso
2083 2996 2203 3049 rege

658 3077 878 3145 Pippin
942 3077 1172 3144 suscepit
1221 3078 1591 3130 auctoritatem
1644 3077 1934 3130 seminandi
1986 3078 2204 3130 verbum

656 3156 750 3220 Dei
778 3167 830 3218 in
853 3164 1102 3220 Fresonia
1123 3181 1135 3218 :
1159 3167 1326 3234 inqua
1354 3168 1554 3235 primus
1577 3175 1788 3221 sanctus
1812 3167 2200 3232 Willibrordus,

656 3264 1006 3326 cognomento
1044 3251 1502 3323 archiepiscopus,
1553 3255 1605 3308 in
1645 3257 1986 3310 conversione
2031 3258 2203 3324 gentis

656 3345 797 3400 illius
825 3345 1049 3398 initiavit
1078 3345 1374 3398 rudimenta
1411 3344 1722 3398 Christiana:
1750 3343 1869 3396 fidei
1899 3359 2015 3396 cum
2047 3345 2201 3398 disci-

661 3434 799 3504 pulis
826 3433 952 3486 suis.
1003 3432 1199 3484 Deinde
1245 3440 1550 3484 senescente
1583 3445 1647 3482 eo
1692 3431 1742 3482 in
1787 3444 1948 3496 opere
1992 3430 2102 3492 Dei,
2151 3442 2204 3484 et

662 3522 894 3576 stabilito
935 3521 1236 3589 cpismpatu
1271 3521 1320 3571 in
1360 3519 1473 3572 loco
1516 3519 1603 3586 qui
1652 3526 1983 3586 nuncupatur
2026 3519 2204 3586 Traje-

657 3619 799 3666 ctum
827 3621 881 3665 et
905 3611 1006 3664 alio
1031 3612 1240 3663 nomine
1283 3609 1597 3678 Wiltahurg,
1646 3617 1698 3662 et
1725 3610 1986 3676 migrante
2015 3610 2078 3663 ad
2106 3610 2206 3663 Do-

659 3699 860 3753 minum
908 3699 974 3752 de
1009 3699 1109 3752 hac
1153 3697 1287 3760 luce,
1342 3698 1598 3752 successit
1643 3705 1858 3751 sanctus
1905 3698 2205 3753 Bonifacius

658 3786 800 3841 idem
849 3788 1274 3854 archiepiscopus
1317 3794 1370 3838 et
1399 3795 1629 3855 martyr,
1677 3801 1835 3853 quem
1863 3787 2032 3840 oculis
2075 3788 2207 3841 meis

659 3877 773 3945 ipse
816 3876 922 3928 vidi
963 3875 1242 3928 candidum
1271 3875 1463 3928 canitie
1486 3883 1541 3927 et
1564 3875 1886 3942 decrepitum
1917 3883 2202 3938 senectute,

659 3964 872 4032 plenum
905 3964 1187 4016 virtutibus
1226 3971 1278 4016 et
1312 3963 1432 4015 vitae
1473 3963 1694 4017 meritis.
1735 3961 1850 4028 Quo
1881 3970 2112 4031 tempore
2153 3966 2204 4017 in

659 4049 772 4118 ejus
799 4050 1131 4117 discipulatu,
1162 4051 1301 4104 sicut
1323 4051 1563 4119 superius
1587 4051 1894 4113 memoravi,
1922 4050 1982 4102 Β.
2011 4051 2208 4120 Grego-

660 4141 772 4194 rius
795 4148 1088 4208 praeceptor
1114 4155 1262 4192 meus
1290 4138 1356 4191 ab
1386 4139 1598 4191 ineunte
1631 4147 1785 4192 aetate
1814 4138 1985 4191 fuerat
2006 4139 2206 4191 enutri-

659 4240 767 4292 tus,
807 4229 892 4282 cui
935 4236 987 4282 et
1026 4231 1282 4282 successit
1316 4240 1339 4266 ι
1374 4229 1492 4294 pius
1540 4229 1711 4281 hzeres
1754 4229 1988 4295 ejusdem
2037 4229 2207 4296 gentis

663 4317 952 4370 Fresonum
980 4324 1162 4382 pastor
1192 4322 1245 4367 et
1281 4315 1596 4383 praedicator
1622 4315 1894 4368 ordinatus
1922 4330 1951 4367 a
1986 4316 2208 4368 Domino

659 4417 714 4458 et
739 4421 767 4456 a
793 4405 1116 4472 principibus
1142 4404 1456 4472 supradictis
1486 4403 1733 4458 Ecclesiae
1764 4404 1875 4457 Dei.
1907 4404 2208 4473 Eademque

661 4495 916 4547 charitate
939 4534 951 4556 ,
983 4495 1119 4547 sicut
1146 4504 1197 4545 et
1222 4493 1341 4546 fidei
1372 4493 1637 4557 firmitate,
1671 4510 1772 4563 qua
1797 4496 2208 4563 przedecessores

661 4585 774 4647 sui,
814 4593 1026 4638 sanctus
1081 4583 1322 4637 videlicet
1374 4583 1742 4638 Willibrordus
1781 4585 2206 4654 archiepiscopus

660 4682 714 4726 et
749 4671 1016 4726 confessor
1061 4681 1114 4723 et
1164 4672 1461 4726 Bonifacius
1496 4681 1697 4741 martyr
1752 4682 1909 4740 atque
1948 4675 2208 4741 archiepi-

661 4776 871 4829 scopus,
915 4759 1058 4827 larga
1088 4770 1140 4812 et
1178 4760 1431 4830 melliﬂua
1469 4762 1763 4816 eruditione
1792 4763 2040 4830 populum
2071 4764 2204 4815 irra-

663 4777 871 4829 scopus,
916 4777 1058 4827 larga
1088 4777 1140 4812 et
1178 4777 1388 4813 menum
1469 4777 1763 4816 eruditione
1792 4777 2040 4830 populum
2071 4779 2204 4815 irra-

663 4853 825 4906 diavit
863 4851 1017 4905 simul
1045 4865 1163 4903 cum
1195 4777 1570 4917 chorepﬁctrpo
1610 4860 1662 4903 et
1694 4851 1928 4920 adjutore
1962 4867 2056 4905 suo
2083 4851 2207 4902 Alu-

665 4943 814 4995 berto
842 4940 893 5002 δ,
921 4941 1008 5008 qui
1040 4940 1104 4992 de
1130 4939 1399 4992 Britaunia
1429 4949 1481 4990 et
1521 4950 1674 5007 gente
1700 4940 1985 5010 Anglorum
2027 4943 2204 4996 venie-

665 5032 776 5092 bat,
818 5029 1023 5095 magnis
1050 5028 1170 5080 vita:
1200 5026 1401 5079 meritis
1432 5026 1631 5093 pollens
1660 5047 1671 5080 :
1720 5037 1772 5082 et
1819 5031 2002 5082 eadem
2046 5032 2204 5082 bene-

667 5118 890 5172 volentia
911 5115 1058 5182 juxta
1099 5120 1238 5171 vires
1267 5119 1488 5172 Domino
1512 5121 1711 5173 studuit
1735 5123 2028 5175 animarum
2061 5123 2202 5174 lucra

669 5203 961 5276 acquirere.

709 5345 712 5348 .
740 5297 820 5348 l5.
853 5296 1000 5362 Quod
1025 5298 1183 5350 etiam
1226 5305 1278 5348 et
1315 5297 1366 5348 in
1402 5297 1773 5366 discipulorum
1809 5299 2079 5367 multiplici
2113 5301 2203 5350 be-

671 5385 964 5438 nedictione
991 5386 1186 5439 ditatus
1219 5393 1299 5438 est
1327 5385 1382 5436 Β.
1411 5385 1715 5455 Gregorius,
1765 5401 1918 5439 nemo
1948 5388 2150 5440 dubitat
2178 5403 2204 5439 a

742 5553 904 5625 -_No_n
932 5562 1104 5625 tamen
1133 5555 1404 5625 ordinatus
1429 5556 1724 5625 episcopus,
1756 5565 1813 5609 ut
1842 5564 1981 5625 patet
2011 5564 2117 5608 tum
2147 5573 2209 5610 ex

675 5621 818 5673 Actis
844 5622 899 5674 Si
930 5621 1179 5676 Bonifacii
1202 5663 1215 5687 ,
1257 5633 1366 5677 tum
1394 5621 1475 5677 ex'
1502 5621 1968 5680 Observatimiibus
2001 5627 2210 5692 praeviis

677 5689 742 5740 ad
769 5690 900 5742 hanc
937 5692 1120 5743 Vitam.

748 5755 774 5794 ³
810 5756 882 5810 De
913 5759 1158 5814 Aluberto
1185 5758 1422 5830 Gregorii
1451 5763 1826 5830 chorepiscopo
1855 5763 1905 5816 in
1931 5764 2210 5816 commissa

2239 4539 2283 4596 Ι)

2303 2182 2391 2234 tali
2421 2191 2475 2235 et
2497 2182 2561 2234 de
2594 2190 2765 2234 matre
2791 2183 3026 2236 omnium
3067 2185 3323 2238 charitate
3365 2188 3602 2254 generati
3631 2199 3755 2242 sunt
3796 2198 3846 2242 et

2303 2268 2599 2320 coadunati.
2629 2268 2850 2333 Quidam
2877 2271 3017 2324 enim
3039 2286 3220 2325 eorum
3247 2284 3397 2326 erant
3417 2275 3479 2328 de
3504 2276 3665 2329 noLili
3690 2279 3846 2347 stirpe

2303 2357 2644 2422 Francorum,
2679 2359 2891 2426 quidam
2920 2368 2975 2412 et
2999 2360 3063 2413 de
3091 2361 3333 2429 religiosa
3363 2363 3842 2433 genteAnglorum;

2302 2446 2512 2512 quidam
2556 2460 2680 2498 vero
2723 2454 2778 2498 et
2805 2446 2870 2499 de
2911 2448 3116 2500 novella
3162 2449 3254 2501 Dei
3279 2449 3619 2517 ‘plantatioue
3668 2452 3846 2506 diebus

2303 2535 2498 2587 nostris
2545 2534 2787 2587 inchoata
2833 2533 3122 2589 Fresonum
3170 2544 3223 2590 et
3277 2536 3585 2602 Saxonum;
3634 2541 3844 2608 quidam

2304 2633 2476 2676 autem
2498 2632 2551 2676 et
2576 2625 2640 2678 de
2665 2625 2956 2693 Baguariis,
3001 2634 3054 2678 et
3093 2625 3297 2689 Suevis,
3327 2627 3407 2680 vel
3437 2629 3501 2681 de
3539 2643 3848 2697 quacunque

2306 2713 2517 2765 natione
2532 2724 2584 2767 et
2607 2722 2761 2782 gente
2780 2714 3012 2768 misisset
3029 2729 3120 2768 eos
3148 2715 3287 2768 Deus
3311 2731 3322 2766 :
3349 2730 3573 2782 quorum
3601 2718 3848 2770 minimus

2305 2816 2403 2869 ego
2426 2817 2562 2862 sum,
2578 2802 2814 2854 modicus
2833 2809 2885 2854 et
2906 2801 3146 2855 inﬁrmus
3169 2802 3428 2856 alumnus.
3455 2803 3845 2870 Quibus-omni-

2308 2889 2404 2940 bus
2426 2889 2788 2954 undecunque,
2834 2890 2983 2955 quasi
3007 2889 3072 2943 ad
3097 2905 3259 2944 unum
3289 2893 3424 2946 ovile
3448 2893 3703 2959 collectis,
3731 2898 3848 2966 pius

2305 2977 2461 3029 Pater
2482 2987 2532 3030 et
2553 2987 2734 3045 pastor
2751 2977 3036 3047 Gregorius
3058 2989 3111 3035 et
3139 2982 3391 3050 spiritalia
3413 2986 3736 3041 nutrimenta
3761 2987 3850 3042 do-

2306 3066 2593 3117 ctrinarum
2621 3074 2673 3118 et
2691 3067 3018 3135 eloquiorum
3047 3071 3157 3134 Dei,
3203 3080 3256 3125 et
3281 3074 3573 3142 corporalia
3603 3077 3848 3131 alimenta

2305 3153 2490 3205 eadem
2519 3153 2793 3208 devotione
2816 3159 3120 3222 procuravit
3143 3167 3197 3212 et
3226 3161 3437 3221 donavit
3465 3178 3478 3215 :
3514 3172 3570 3216 et
3593 3166 3669 3222 ita
3693 3167 3852 3235 inspi-

2307 3249 2452 3294 ratus
2476 3258 2505 3294 a
2530 3242 2638 3296 Deo
2661 3245 2859 3298 exarsit
2901 3246 2952 3298 iu
2990 3261 3171 3301 amore
3193 3258 3247 3302 et
3273 3249 3599 3307 institutione
3626 3255 3852 3323 discipl—

2306 3332 2503 3395 lorum,
2557 3341 2614 3387 ut
2657 3335 2832 3390 nullus
2883 3351 3019 3405 pene
3064 3341 3360 3406 praeteriret
3402 3342 3547 3406 dies,
3601 3359 3708 3412 quo
3747 3360 3871 3398 non.

2307 3424 2476 3491 primo
2517 3440 2670 3477 mane
2705 3434 2924 3492 paterna
2951 3427 3300 3482 sollicitudine
3328 3431 3643 3496 consedens,
3675 3433 3851 3504 singu-

2309 3515 2370 3566 lis
2406 3515 2699 3580 quibusque
2737 3516 3085 3579 venientibus,
3134 3527 3292 3584 prout
3328 3520 3552 3587 quisque
3582 3522 3846 3588 quaesivit,
3941 3509 3944 3511 Δ

2306 3602 2547 3668 poculum
2583 3603 2703 3656 vitae
2727 3604 3046 3672 propinaret.
3081 3614 3134 3660 et
3162 3606 3406 3676 irrigaret
3428 3609 3641 3678 eloquio
3667 3610 3778 3664 Dei.

2375 3690 2457 3743 16.
2483 3691 2716 3759 Ipsorum
2742 3708 2950 3762 quoque
2978 3695 3350 3762 discipulorum
3378 3695 3492 3763 ejus
3510 3697 3722 3764 plurimi
3745 3707 3852 3752 tam

2307 3778 2506 3830 nobiles
2534 3789 2700 3839 erant,
2750 3788 2999 3846 tantoque
3023 3782 3228 3848 przediti
3272 3783 3482 3852 ingenio
3517 3793 3574 3838 et
3615 3787 3852 3840 doctrina

2307 3867 2420 3930 Dei,
2465 3875 2522 3920 ut
2549 3871 2612 3920 ad
2653 3883 2830 3920 arcem
2864 3871 3193 3938 episcopatus
3228 3881 3251 3910 ο
3284 3880 3340 3925 et
3369 3874 3560 3928 merito
3597 3891 3851 3931 vocaren-

2308 3964 2408 4015 tur,
2435 3965 2486 4007 et
2509 3957 2748 4009 venirent
2772 3973 2786 4019 ;
2813 3942 3022 4026 plurimi
3051 3973 3175 4014 vero
3197 3973 3404 4027 eorum,
3427 3963 3704 4030 aequaliter
3729 3965 3852 4020 edo-

2306 4048 2375 4098 cti
2415 4056 2466 4100 et
2493 4047 2840 4114 disciplinati,
2891 4051 2988 4102 etsi
3034 4065 3137 4103 non
3183 4059 3330 4105 tanto
3374 4053 3542 4123 gradu
3585 4055 3853 4110 sublimati

2307 4148 2446 4198 sunt,
2474 4139 2675 4189 meritis
2700 4145 2874 4190 tamen
2903 4153 3004 4192 non
3031 4143 3403 4209 erant-exigui,
3436 4144 3527 4196 sed
3549 4145 3771 4198 scientia
3798 4156 3856 4200 et

2307 4227 2566 4278 charitate
2592 4228 2682 4279 Dei
2711 4229 2910 4280 eximii.
2959 4228 3145 4296 Opera:
3171 4232 3396 4296 pretium
3419 4241 3474 4286 et
3497 4233 3714 4304 dignum
3739 4252 3857 4292 esse

2308 4316 2531 4378 videtur,
2562 4325 2620 4368 ut
2647 4331 2855 4384 quoquo
2898 4319 3052 4371 modo
3091 4319 3314 4385 valeam,
3345 4322 3669 4390 singulorum
3710 4327 3857 4380 testi-

2309 4404 2502 4465 monia,
2532 4405 2640 4458 suis
2669 4406 2721 4457 in
2749 4405 2897 4468 locis,
2940 4407 3163 4474 etsigna
3190 4409 3471 4464 charitatis
3495 4426 3599 4466 non
3633 4415 3858 4468 abscon-

2310 4495 2448 4547 dam.
2479 4494 2690 4548 Interim
2720 4504 2895 4549 tamen
2922 4497 2987 4550 de
3009 4497 3067 4548 B.
3101 4496 3377 4565 Gregorio,
3422 4513 3539 4566 quae
3565 4515 3856 4570 «cperam,

2310 4598 2474 4650 pauca
2499 4583 2564 4634 de
2593 4584 2801 4645 multis,
2849 4585 2912 4637 ad
2932 4583 3225 4651 profectum
3252 4586 3576 4642 audientium
3618 4590 3858 4658 proferre

2309 4674 2542 4726 conabor
2569 4690 2580 4723 :
2619 4674 2866 4740 quoniam
2910 4674 3110 4739 peccati
3154 4689 3277 4734 reus
3303 4689 3418 4730 esse
3443 4679 3778 4746 pertimesco,
3808 4683 3855 4736 si

2310 4763 2372 4814 de
2414 4761 2669 4828 cognitis,
2718 4769 2773 4814 et
2812 4769 2918 4813 tam
2958 4761 3244 4830 profuturis
3272 4765 3453 4828 bonis,
3505 4766 3586 4821 vel
3617 4780 3856 4823 extrema

2310 4849 2545 4916 quaadam
2576 4863 2792 4902 narrare
2815 4864 2918 4902 non
2946 4851 3215 4918 incipiam.

2381 4937 2464 4988 17.
2494 4936 2620 4988 Erat
2645 4938 2785 4989 enim
2821 4937 2904 4990 vir
2927 4937 3014 4991 ille
3039 4937 3384 5001 venerabilis,
3431 4940 3718 4995 secundum
3757 4939 3859 4998 Sa-

2309 5028 2519 5094 pientiae
2550 5028 2770 5091 dictum,
2809 5028 2900 5096 qui
2929 5036 3045 5095 post
3074 5043 3262 5082 aurum
3291 5043 3394 5082 non
3423 5031 3575 5095 abiit,
3616 5047 3714 5085 nec
3739 5047 3863 5099 spe—

2313 5118 2445 5168 ravit
2469 5119 2519 5170 in
2553 5117 2816 5170 thesauris
2841 5117 3077 5184 pecunia:
3108 5130 3122 5168 :
3155 5115 3524 5171 ideo‘stahilita
3551 5129 3675 5172 sunt
3720 5120 3858 5173 bona

2314 5206 2450 5258 illius
2479 5207 2529 5258 in
2561 5205 2668 5257 Deo
2689 5244 2704 5270 ,
2744 5213 2798 5256 et
2825 5204 3186 5272 eleemosynas
3211 5203 3326 5271 ejus
3352 5204 3587 5273 divulgat
3623 5205 3856 5260 Ecclesia

2311 5305 2629 5348 sanctorum.
2660 5294 2886 5347 Noverat
2911 5295 3092 5363 utique
3120 5296 3371 5364 scriptum
3397 5311 3411 5356 ;
3443 5303 3495 5347 et
3520 5311 3680 5362 opere
3703 5311 3860 5349 nove—

2313 5392 2390 5435 rat
2427 5394 2477 5436 et
2502 5384 2740 5448 veritate,
2786 5398 2889 5437 non
2920 5399 3159 5438 sermone
3196 5398 3384 5438 casso:
3428 5386 3549 5453 quia
3595 5387 3745 5439 radis
3783 5397 3858 5440 est

3639 5488 3665 5501 ρ

2313 5556 2726 5674 Trajectclnsium
2755 5572 2900 5621 cura,
2933 5560 3080 5626 plura
3107 5559 3246 5626 leges
3275 5560 3324 5612 in
3355 5559 3500 5612 Actis
3525 5559 3693 5611 sancti
3722 5559 3860 5614 Lud-

2314 5640 2444 5674 KCl'l.
2493 5641 2541 5674 In
2575 5641 2645 5674 ra.

2314 5641 2847 5748 Stl'l'ldlefllimtestatur
2893 5694 3147 5749 Altfridus
3173 5696 3222 5748 in
3251 5696 3367 5764 Vita
3411 5696 3577 5764 sancti
3607 5695 3857 5764 Ludgeri.

2314 5777 2438 5814 num
2488 5763 2537 5825 8,
2571 5777 2700 5829 quos
2736 5763 2871 5816 inter
2899 5764 3250 5818 numerandus
3284 5763 3393 5831 ipse
3421 5763 3711 5834 Ludgcrus.
