4110 6418
149 450 249 506 763

1246 450 1397 502 VITA
1432 449 1486 502 S.
1527 449 1848 504 GREGORH
1885 454 2186 508 AB’BATIS.

3215 469 3321 526 766

144 567 366 618 omnium
413 564 666 616 malorum
710 564 961 631 cupiditas
988 562 1038 629 (I
1072 561 1201 614 Tim.
1238 563 1351 630 vi);
1391 571 1445 614 et
1475 561 1668 613 idcirco
1699 567 1739 620 Α
1768 563 1947 616 sedulo
1973 566 2024 617 in
2055 568 2254 619 ccelesti
2289 571 2661 634 praedicatione
2687 588 2778 625 sua
2811 574 2908 629 hec
2948 591 3070 629 usus
3092 593 3173 634 est
3195 595 3316 637 Ora-

143 667 258 704 eam
281 652 429 718 quasi
461 652 689 704 immane
715 650 1054 718 praecipitium
1081 659 1132 703 et
1157 650 1343 703 inferni
1368 649 1568 704 foveam
1595 664 1681 702 ex-

145 742 362 801 horruit,
401 747 455 793 et
485 741 813 808 prmcavebat
843 740 893 791 in
937 739 1199 809 omnibus.
1250 737 1396 792 Sicut
1421 738 1559 792 enim
1590 753 1681 790 cu-

1779 648 1896 702 culo
1928 657 1982 704 et
2007 644 2343 707 hortamento
2366 656 2634 710 virtutum.

1847 739 1931 794 18.
1962 739 2027 792 Et
2069 745 2316 808 quoniam
2347 748 2586 812 superius
2632 765 2736 803 uno
2778 755 2952 819 operis
2994 757 3316 825 testimonio,

142 830 246 896 pidi
277 831 636 896 pecuniarum,
679 835 732 880 et
759 827 901 880 avari
941 828 1030 894 qui
1076 828 1304 879 animam
1333 841 1480 879 suam
1521 841 1678 878 vena-
1775 827 1914 895 quod
1955 838 2061 880 tam
2102 828 2342 898 religiose
2368 833 2448 882 vir
2471 833 2560 886 Dei
2591 834 2872 905 Gregorius
2897 841 3179 894 secundum
3216 843 3319 898 Do—

142 915 241 968 lem
272 917 483 978 habent,
510 917 696 968 timent
736 933 801 967 ne
826 917 1050 982 prodam
1075 923 1128 968 et
1152 916 1373 982 perdant
1398 909 1541 968 lucra
1569 924 1676 966 ter-

141 1018 304 1068 rena;
349 1005 425 1056 sic
448 1005 634 1056 metuit
673 1005 754 1055 vir
779 1003 864 1056 ille
891 1011 1138 1066 sanctus,
1181 1016 1246 1053 ne
1286 1001 1420 1054 forte
1458 1001 1675 1053 abscon-

139 1090 306 1144 dendo
329 1105 394 1166 ea
412 1099 466 1144 et
491 1091 830 1144 custodiendo
849 1091 1091 1157 perderet
1111 1089 1362 1143 caelestia.
1392 1090 1456 1141 Et
1479 1089 1674 1141 idcirco

137 1179 552 1246 quotiescunque
583 1179 697 1232 auri
720 1187 772 1231 et
797 1179 997 1247 argenti
1022 1179 1072 1229 in
1096 1185 1408 1244 potestatem
1449 1176 1561 1243 ejus
1585 1176 1674 1228 ali-

134 1267 258 1333 quid
283 1266 596 1330 devenerat,
640 1268 818 1320 statim
843 1268 1137 1332 expendere
1163 1267 1366 1319 curavit
1403 1275 1455 1318 et
1478 1279 1673 1333 paupe-

135 1356 280 1408 ribus
328 1357 684 1420 distribuere,
741 1365 800 1409 ut
861 1357 944 1408 vir
996 1357 1327 1424 evangelicus
1386 1357 1671 1410 secundum

132 1444 399 1512 Evangelii
454 1447 776 1498 mandatum
804 1446 1000 1500 faceret
1052 1455 1104 1499 et
1148 1446 1533 1499 thesaurizaret
1572 1445 1671 1498 sibi

132 1537 406 1588 thesauros
431 1535 483 1586 in
514 1535 665 1597 coelo,
699 1536 785 1588 ubi
813 1551 908 1589 nec
944 1551 1121 1603 aerugo
1148 1551 1243 1588 nec
1282 1535 1420 1587 tinea
1456 1535 1699 1612 demoIi-.

129 1631 234 1682 tur,
265 1631 318 1674 et
344 1619 486 1673 fures
520 1636 622 1673 non
648 1621 898 1674 effodiunt
935 1637 1030 1673 nec
1069 1621 1310 1673 furantur
1336 1619 1542 1688 (Matth.
1572 1620 1665 1687 vi).

127 1707 190 1760 Et
217 1707 465 1776 quoniam
496 1715 658 1760 totam
687 1723 831 1776 spem
861 1723 1008 1760 suam
1053 1717 1160 1760 tam
1192 1708 1412 1760 ﬁrmiter
1439 1715 1491 1759 et
1514 1721 1671 1773 expe-

125 1793 232 1850 dite
258 1797 534 1850 collocavit
562 1798 614 1849 iu
641 1798 964 1860 etelestihus,
991 1797 1125 1848 nihil
1144 1812 1262 1848 cum
1295 1810 1481 1852 nocere
1502 1794 1670 1861 potuit

1774 916 2020 968 minicam
2041 916 2334 970 orationem
2358 920 2421 971 de
2443 923 2748 976 remissione
2771 925 3019 993 implevit,
3045 929 3202 980 multa
3226 931 3319 982 bo-

1771 1020 1959 1058 nomm
1979 1021 2198 1074 operum
2226 1009 2447 1076 insignia
2472 1010 2935 1078 demonstrantur;
2968 1017 3095 1070 libet
3117 1027 3171 1070 et
3194 1018 3316 1071 illud

1771 1093 1992 1156 referre,
2037 1095 2266 1162 qualiter
2311 1095 2432 1150 fecit
2464 1099 2516 1149 in
2559 1100 2862 1166 quotidiana
2914 1108 3317 1160 conversatione

1768 1195 1863 1232 sua
1887 1180 1950 1233 de
1971 1181 2214 1234 omnibus
2233 1183 2673 1246 obtrectatoribus
2692 1188 2821 1251 suis,
2848 1190 2935 1256 qui
2962 1191 3010 1243 ei
3033 1190 3315 1259 aliquando

1769 1268 2092 1336 derogabaut
2117 1271 2343 1338 propriis
2367 1273 2508 1325 vitiis
2529 1275 2757 1344 instigati
2779 1295 2792 1328 :
2841 1278 3067 1345 qualiter
3089 1295 3181 1334 eos
3206 1296 3310 1338 non

1768 1357 1917 1423 quasi
1966 1371 2063 1423 pro
2123 1356 2508 1412 detractoribus
2555 1363 2836 1417 exhorruit
2876 1376 2930 1419 et
2973 1369 3174 1431 odivit,
3223 1369 3314 1422 sed

1769 1445 1917 1512 quasi
1946 1447 2144 1499 amicos
2163 1455 2216 1499 et
2242 1448 2506 1515 adjutores
2534 1465 2741 1519 semper
2767 1456 2963 1508 amavit
2990 1467 3041 1509 et
3063 1459 3226 1520 adiit;
3263 1468 3317 1511 et

1769 1531 2055 1584 secundum
2095 1533 2385 1589 Psalmistte
2431 1538 2626 1591 dictum
2670 1541 2856 1609 (Psul.
2897 1554 3109 1611 xxxvi.)
3135 1586 3150 1607 ,
3201 1555 3313 1598 tan-

1769 1634 1924 1684 quam
1954 1621 2146 1674 surdus
2170 1637 2260 1674 eos
2303 1638 2403 1676 non
2434 1629 2682 1691 audiens,
2719 1639 2773 1682 et
2815 1633 2965 1699 quasi
3005 1645 3179 1686 mutus
3205 1651 3312 1688 non

1768 1709 2010 1775 aperiens
2035 1724 2094 1762 os
2114 1726 2264 1762 suum
2284 1751 2300 1774 ,
2342 1714 2563 1782 benigne
2589 1732 2708 1768 cum
2736 1718 2932 1771 eisdem
2973 1730 3318 1776 conversatus

1768 1804 1870 1856 est,
1906 1796 2140 1863 nihilque
2168 1799 2243 1849 eis
2275 1801 2502 1866 negavit,
2533 1817 2649 1869 qua:
2689 1804 2872 1857 amicis
2902 1805 3202 1872 impendere
3225 1808 3321 1861 de,

126 1903 220 1940 nec
249 1889 478 1948 irretire,
527 1887 664 1955 quod
694 1887 760 1938 de
797 1887 1020 1939 terrenis
1043 1895 1096 1938 et
1122 1886 1332 1938 caducis
1360 1883 1666 1937 delectabile
1701 1871 1742 1926 Β
1770 1883 1900 1934 buit.
1936 1884 2077 1937 Unde
2104 1887 2202 1939 hoc
2229 1887 2300 1946 ei,
2326 1888 2424 1940 nisi
2454 1891 2619 1955 gratia
2651 1907 2874 1958 superna
2905 1871 3176 1962 largiente,
3205 1911 3314 1963 pre

123 1989 239 2028 esse
279 1975 558 2028 videbatur
599 1975 652 2026 in
693 1975 905 2027 mundo.
947 1972 989 2026 Ο
1027 1975 1196 2026 virum
1226 1974 1575 2027 venerabilem
1616 1980 1669 2025 et

121 2059 367 2125 electum,
411 2070 741 2116 mansuetum
766 2070 818 2114 et
841 2063 1003 2129 pium,
1034 2061 1335 2114 ccelestibus
1357 2076 1565 2128 semper
1590 2061 1670 2112 in-

122 2158 348 2212 tentum,
391 2157 445 2203 et
472 2149 539 2202 de
564 2151 776 2203 caducis
810 2160 864 2202 et
889 2151 1112 2210 terrenis
1150 2151 1322 2202 minus
1349 2158 1622 2203 curantem
1652 2168 1667 2201 :

120 2237 260 2304 quod
289 2245 342 2290 et
368 2236 548 2289 habitu
571 2239 896 2290 monstrabat
918 2247 971 2290 et
999 2247 1119 2291 actu
1145 2241 1158 2289 l
1191 2239 1398 2291 Nullum
1426 2240 1477 2290 in
1507 2252 1570 2291 eo
1594 2239 1670 2291 lo-

118 2338 238 2376 cum
286 2323 485 2375 invenit
529 2325 830 2391 superstitio
881 2325 1104 2378 vestium
1151 2334 1204 2377 et
1249 2325 1518 2385 ciborum,
1562 2339 1665 2377 non

118 2414 394 2478 iactantia,
431 2422 486 2467 et
531 2415 824 2468 detractio:
870 2414 960 2468 sed
1008 2427 1126 2467 uno'
1154 2413 1442 2481 eodemque
1478 2413 1666 2481 aequali

116 2518 239 2556 eum
285 2503 492 2555 cazteris
532 2504 846 2555 vestimento
873 2491 925 2556 et
970 2503 1110 2555 victu
1139 2517 1346 2569 semper
1391 2509 1668 2554 contentus

117 2599 272 2644 erat:
321 2597 375 2640 et
399 2605 462 2642 ex
509 2590 610 2642 hac
635 2589 823 2657 lingua:
854 2599 907 2642 et
931 2590 1052 2640 vitae
1081 2590 1332 2641 munditia
1363 2587 1490 2641 foris
1517 2588 1668 2641 inno-

119 2681 241 2743 tuit,
291 2676 503 2747 quantae
550 2680 792 2746 puritatis
831 2679 1110 2732 dilectione
1157 2693 1249 2731 cor
1289 2679 1401 2746 ejus
1446 2679 1666 2732 interius

117 2771 332 2838 plenum
376 2777 511 2822 erat.
556 2769 633 2822 Ex
677 2768 897 2837 simplici
927 2783 1052 2822 vero
1089 2768 1518 2821 vestimentorum
1567 2782 1665 2820 usu

119 2868 280 2924 atque
308 2857 568 2920 ciborum,
596 2856 909 2909 monstravit
928 2854 1168 2922 exemplo
1182 2855 1507 2908 auditoribus
1534 2855 1663 2916 suis,

113 2946 257 3012 quod
283 2959 527 2998 sermone
567 2944 744 2997 docuit
767 2959 832 2996 ex
858 2943 1133 3012 praeceptis
1162 2941 1252 2994 Dei
1279 2950 1330 2994 et
1364 2949 1664 2994 sanctorum

117 3034 256 3101 ejus.
284 3031 416 3085 Nam
445 3032 646 3100 legerat
669 3031 922 3097 scriptum
959 3029 1114 3082 beato
1137 3028 1294 3080 Petro
1313 3027 1548 3094 apostolo
1577 3027 1665 3079 ad-

118 3130 373 3177 monente
399 3138 412 3174 :
455 3119 575 3173 Non
595 3120 650 3171 in
684 3127 814 3170 veste
840 3117 1059 3185 pretiosa
1089 3115 1138 3183 (I
1165 3115 1304 3167 Petr.
1335 3113 1417 3183 ιιι)
1443 3129 1457 3165 :
1497 3123 1549 3166 et
1577 3130 1665 3167 co-

1764 1974 2017 2025 munditia
2068 1976 2259 2026 mentis
2302 1979 2525 2044 egregite
2562 1980 2741 2032 venire
2789 1982 2978 2046 potuit,
3018 1986 3155 2049 quod
3201 1993 3314 2036 tan-

1765 2074 1919 2126 quam
1947 2061 2193 2126 parvulus
2215 2071 2319 2115 tam
2350 2064 2632 2117 obliviosos
2660 2066 2989 2133 injuriarum,
3022 2078 3126 2121 tam
3157 2080 3313 2125 tenax

1764 2148 2014 2199 virtutum
2045 2147 2156 2201 fieri
2189 2149 2388 2202 valuit?
2417 2149 2616 2219 Sagitta
2649 2154 2788 2204 enim
2818 2156 3077 2208 sermonis
3105 2155 3308 2210 Domini

1764 2252 1866 2290 non
1896 2243 2114 2290 'tantum
2164 2239 2278 2307 ejus
2325 2241 2562 2308 corporis
2589 2257 2746 2294 aures
2794 2243 2992 2310 tetigit,
3029 2245 3118 2296 sed
3150 2245 3310 2297 etiam

1765 2329 1939 2380 cordis
1980 2343 2138 2382 aures
2183 2330 2442 2383 veraciter
2484 2332 2817 2398 penetravit,
2866 2341 2919 2384 et
2958 2332 3308 2385 illuminavit:
3345 2322 3348 2324 ⁷

1763 2415 1851 2467 ubi
1882 2417 1933 2468 in
1959 2417 2262 2485 Evangelio,
2295 2419 2513 2485 parvulo
2534 2419 2598 2472 ad
2625 2434 2680 2473 se
2709 2428 2894 2473 vocato
2914 2460 2928 2483 ,
2959 2421 3126 2473 adhuc
3152 2421 3314 2474 rudes

1764 2505 2028 2573 apostolos
2054 2520 2199 2568 suos,
2242 2514 2296 2558 et
2332 2521 2450 2560 cum
2495 2509 2623 2575 ipsis
2652 2508 2805 2561 simul
2846 2524 3001 2563 omne
3041 2509 3308 2562 hominum

1763 2608 1926 2661 genus
1952 2593 2089 2645 viam
2135 2594 2278 2662 regni
2309 2595 2560 2647 caelorum
2606 2596 2833 2663 qualiter
2861 2597 3062 2649 intrare
3084 2596 3311 2650 debeant

1763 2680 2050 2741 admonuit,
2081 2681 2261 2734 dicens
2286 2696 2300 2732 :
2326 2683 2484 2734 Amen
2510 2683 2622 2733 dico
2650 2683 2808 2745 vobis,
2833 2683 2929 2734 nisi
2953 2685 3177 2735 conversi
3197 2683 3310 2750 fue-

1764 2767 1874 2818 ritis
1914 2775 1960 2818 et
1994 2768 2280 2835 e/liciamini
2307 2769 2434 2820 sicut
2459 2768 2677 2836 parvuli,
2711 2785 2810 2820 non
2834 2768 3090 2820 intrabitis
3119 2770 3171 2820 in
3198 2785 3310 2836 reg-

1764 2867 1885 2903 num
1909 2852 2150 2905 oculorum
2182 2853 2392 2922 (κακὴ.
2421 2855 2594 2922 xvtn).
2645 2841 2753 2908 Hoc
2778 2841 2903 2924 ergo
2931 2867 2984 2908 et
3006 2870 3124 2908 cum
3153 2854 3305 2912 fami-
3343 2888 3346 2892 -

1762 2940 1982 2993 liaribus
2019 2951 2072 2993 et
2107 2956 2226 2994 cum
2264 2944 2535 2996 extraneis
2572 2959 2675 2995 non
2706 2944 2867 2997 semel
2907 2944 3166 3006 exercuit,
3210 2944 3303 2997 sed

1764 3031 1992 3094 assidue,
2036 3031 2136 3084 nisi
2161 3032 2249 3083 ubi
2284 3030 2539 3084 districtio
2575 3030 2859 3098 disciplina:
2885 3039 2940 3083 et
2965 3030 3306 3083 correctioni-

1763 3121 1848 3174 nis
1876 3121 2012 3172 inter
2039 3119 2302 3185 subjectos
2328 3120 2464 3174 aliud
2501 3121 2760 3196 exigebat.
2807 3119 2916 3173 Sed
2939 3121 3062 3172 dum
3089 3121 3169 3172 vir
3200 3120 3300 3173 iste

114 3209 359 3279 apostolo
384 3207 498 3276 ejus
541 3207 704 3260 Paulo
728 3207 1037 3260 adhortante
1081 3205 1334 3258 didicerat
1361 3243 1376 3268 ,
1413 3203 1661 3271 quoniam
1687 3185 1729 3242 (ἶ
1765 3216 1871 3258 tam
1913 3205 2126 3258 humilis
2151 3215 2203 3282 et
2227 3208 2431 3273 patiens
2450 3246 2464 3269 ,
2506 3185 2612 3274 pro
2639 3192 2818 3260 amore
2843 3207 3018 3260 divino
3047 3217 3153 3260 tam
3180 3221 3304 3260 eou-

114 3314 230 3350 rsca
258 3306 305 3347 et
332 3306 478 3362 potus
509 3312 609 3346 non
641 3304 712 3346 est
749 3309 957 3360 regnum
987 3293 1079 3345 Dei
1104 3309 1120 3353 ;
1165 3294 1251 3344 sed
1287 3293 1510 3360 justitia,
1538 3309 1661 3359 pax,

109 3386 464 3454 gaudiumque
503 3385 557 3434 in
588 3381 790 3450 Spiritu
833 3391 1009 3433 sancto
1055 3381 1226 3449 (Rom.
1273 3380 1400 3448 XIV).
1441 3381 1511 3432 De
1539 3389 1662 3447 potu

111 3491 244 3529 vero
272 3475 390 3543 ejus
414 3473 539 3541 quid
562 3471 775 3525 dicam?
813 3472 863 3523 in
891 3485 994 3539 quo
1015 3471 1062 3523 ei
1096 3478 1297 3522 tantum
1321 3477 1434 3522 erat
1463 3477 1660 3536 tempe-

110 3560 438 3622 ramentum,
483 3569 542 3613 ut
581 3563 667 3613 vix
711 3576 972 3628 unquam,
1018 3561 1300 3614 secundum
1327 3559 1558 3626 Apostoli
1588 3559 1667 3611 di-

107 3660 283 3711 etum,
313 3649 521 3700 modico
547 3647 670 3698 vino
704 3654 880 3698 utetur
909 3645 957 3713 (1
973 3646 1110 3696 Tim.
1138 3646 1212 3713 v),
1238 3645 1374 3712 quod
1397 3659 1500 3696 non
1527 3653 1665 3696 esset

107 3754 252 3808 aqua
309 3737 552 3789 mixtum.
606 3734 673 3787 Et
717 3748 822 3787 non
877 3741 1079 3786 tantum
1132 3734 1182 3784 in
1234 3733 1514 3798 semetipso
1563 3731 1663 3785 hoc

107 3824 423 3892 sdimplevit
464 3821 808 3889 apostolicum
851 3821 1079 3883 dictum;
1123 3821 1212 3872 sed
1249 3828 1303 3871 et
1339 3834 1522 3872 omnes
1563 3818 1662 3872 sibi

108 3913 384 3979 subjectos
408 3910 748 3962 vehementer
775 3922 984 3975 semper
999 3907 1285 3969 admonuit,
1316 3915 1372 3958 ut
1396 3921 1660 3972 nunquam

107 3997 392 4052 ebrietatis
428 3995 624 4046 malum
667 3994 1016 4055 incurrerent,
1067 3993 1156 4044 sed
1182 3992 1324 4045 velut
1364 3991 1553 4044 inferni
1586 3993 1664 4044 fo-

108 4100 266 4139 veam
313 4088 676 4151 pmcaverent
709 4087 865 4146 atque
905 4079 1155 4130 vitarent.
1207 4078 1271 4130 Et
1315 4079 1376 4130 de
1414 4079 1662 4131 vitiorum

106 4173 350 4225 omnium
379 4167 733 4220 destructione
753 4165 1108 4232 virtutumque
1127 4162 1467 4216 aedificatione
1495 4165 1546 4215 in
1568 4180 1660 4215 sua

107 4257 489 4329 praedicatione
532 4253 895 4321 propheticum
946 4251 1068 4304 illud
1097 4250 1396 4318 frequenter
1428 4250 1662 4317 proferre

107 4345 316 4398 solebat
345 4358 358 4393 ε
391 4341 548 4393 Posui
571 4348 620 4390 te
647 4349 699 4390 ut
725 4337 908 4390 evellas
945 4348 989 4390 et
1014 4337 1266 4396 destruas,
1313 4348 1359 4387 et
1399 4338 1661 4404 disperdas

106 4441 154 4482 et
196 4429 441 4494 dissipes,
488 4434 534 4476 et
563 4423 784 4489 a’diﬁces
826 4431 872 4474 et
900 4421 1094 4489 plautas
1125 4421 1331 4490 (Jerem.
1364 4421 1402 4488 ι)
1430 4438 1445 4483 ;
1484 4423 1661 4474 volens

1761 3293 2067 3359 temptibilia
2096 3303 2149 3345 et
2187 3309 2293 3346 sua:
2336 3309 2572 3361 personae
2611 3295 2821 3362 indigna
2863 3305 2916 3348 et
2961 3294 3102 3348 ferre
3143 3295 3305 3348 voluit
3394 3325 3398 3331 π

1762 3383 2156 3449 aequanimiter,
2186 3391 2239 3434 et
2263 3385 2429 3456 potuit
2457 3399 2470 3445 ;
2509 3370 2683 3436 evenit
2706 3384 2826 3445 hoc,
2854 3384 2992 3452 quod
3025 3385 3076 3436 in
3121 3385 3302 3436 diebus

1761 3468 1872 3536 ejus
1919 3485 2050 3537 pene
2090 3471 2333 3524 omnibus
2378 3473 2465 3538 qui
2511 3487 2630 3524 eum
2680 3465 2936 3526 noverant
2983 3472 3299 3540 inc0gnitum

1763 3562 1864 3609 n'on
1892 3566 2006 3609 erat
2045 3575 2056 3608 :
2101 3557 2220 3624 quia
2253 3573 2384 3624 pene
2411 3572 2594 3610 omnes
2617 3559 2667 3610 hi
2699 3560 2789 3626 qui
2829 3568 2972 3611 tanto
3000 3560 3112 3613 viro
3140 3561 3302 3611 hono-

1763 3658 1872 3695 rem
1901 3643 2132 3696 debitum
2180 3643 2481 3711 impendere
2523 3645 2838 3707 noluerunt,
2888 3646 3082 3698 ultione
3125 3646 3299 3699 divina

1760 3731 1995 3796 percussi
2023 3739 2164 3791 sunt,
2203 3740 2257 3783 et
2296 3732 2360 3784 ad
2390 3731 2740 3799 cognitionem
2770 3733 2869 3793 sui,
2914 3731 3033 3785 licet
3055 3732 3219 3786 coacti
3247 3739 3302 3785 ct

1761 3819 1929 3881 inviti,
1959 3819 2159 3872 reducti
2195 3828 2251 3871 ut
2277 3819 2450 3886 palam
2478 3820 2694 3872 daretur
2719 3819 2934 3901 intelligi
2963 3820 3098 3873 scire
3124 3820 3300 3871 volen-

1717 3950 1721 3953 .
1761 3905 1920 3968 tibus,
1960 3906 2081 3973 quia
2107 3906 2204 3957 sub
2242 3907 2415 3958 divina
2441 3907 2676 3959 custodia
2708 3905 2916 3959 fortiter
2951 3907 3091 3960 intus
3125 3916 3299 3976 prote-

1759 3993 1999 4060 gebatur,
2045 3992 2283 4060 quamvis
2328 3992 2590 4050 interdum
2637 4000 2757 4045 ante
2801 3993 2980 4045 oculos
3027 3993 3297 4045 hominum

1760 4081 2101 4146 superborum
2131 4079 2269 4132 ferre
2305 4080 2574 4131 videretur
2616 4081 2825 4148 indigna
2849 4081 3145 4148 Oppi-obria.
3193 4080 3296 4134 Sed

1761 4168 1847 4236 qui
1878 4171 1976 4221 hoc
2003 4169 2269 4222 attendere
2285 4169 2508 4220 voluerit
2532 4177 2585 4222 et
2601 4170 2815 4229 imitari,
2845 4185 2946 4222 non
2966 4171 3298 4223 mediocriter

1760 4257 1807 4308 ei
1835 4257 2072 4324 proﬁciet
2089 4257 2153 4308 ad
2179 4257 2448 4308 introitum
2473 4258 2618 4324 regni
2645 4258 2874 4310 ccelestis
2896 4273 2908 4307 :
2938 4258 3056 4309 dum
3088 4273 3296 4321 omnes,

1760 4345 1848 4410 qui
1886 4345 2125 4396 eamdem
2175 4344 2313 4395 viam
2350 4352 2749 4410 praecesserunt,
2800 4343 2921 4395 talia
2966 4353 3294 4411 paterentur,

1735 4429 2041 4480 secundum
2068 4429 2262 4480 dictum
2292 4437 2346 4480 et
2381 4426 2603 4479 formam
2637 4429 3010 4496 apostolorum,
3041 4429 3127 4495 qui
3151 4427 3297 4482 ibant

107 4490 388 4568 auditores
424 4525 550 4564 suos
589 4523 774 4562 omnes
812 4510 1006 4562 dictum
1056 4509 1153 4560 hoc
1182 4509 1487 4575 intelligere,
1540 4511 1658 4575 quia
1692 4490 1736 4546 Ῑ)
1762 4519 1999 4585 Hagen-ali
2027 4532 2054 4568 a
2085 4525 2363 4585 conspectu
2397 4518 2600 4570 consilii
2641 4490 2927 4585 εξιυαεηιεε
2960 4525 3014 4568 ει
3041 4490 3292 4580 dicem“,

108 4616 389 4670 nunquam
414 4594 688 4651 'virtutum
735 4598 893 4650 decor
928 4607 981 4649 et
1018 4597 1270 4648 bonorum
1298 4611 1514 4662 operum
1544 4597 1666 4648 tedi-

107 4692 293 4745 tlciutn
326 4687 517 4753 surgit,
544 4686 643 4737 nisi
685 4686 931 4738 vitiorum
962 4685 1108 4737 labes
1141 4695 1193 4737 et
1222 4686 1550 4738 immunditia
1576 4686 1665 4738 de-

107 4788 375 4834 struatur.
412 4775 515 4828 Sed
543 4782 597 4826 et
617 4773 955 4840 apostolicum
983 4772 1106 4824 illud
1133 4773 1414 4840 gloriosum
1446 4782 1498 4825 et
1520 4776 1662 4826 omni

108 4870 265 4922 laude
301 4867 516 4933 dignum
566 4861 917 4915 testimonium
946 4899 960 4920 ,
1009 4870 1223 4928 propter
1265 4863 1658 4913 incitamentum

105 4954 399 5008 eharitatis
417 4951 508 5002 Dei
541 4948 840 5018 etproximi
861 4955 1016 5014 atque
1041 4948 1354 5000 desiderium
1386 4951 1526 5016 regni
1554 4964 1661 5002 ca:-

108 5043 259 5095 lettis
285 5079 303 5102 ,
349 5036 772 5104 frequentissime
810 5037 861 5087 in
903 5035 1233 5088 conclusione
1276 5035 1662 5102 praedicationis

108 5143 219 5180 sua:
244 5126 455 5180 solebat
480 5131 660 5191 aptare
684 5138 695 5172 :
734 5120 882 5184 Quod
908 5121 1083 5172 oculus
1107 5138 1205 5174 non
1233 5124 1370 5185 cidit,
1406 5139 1493 5174 nec
1518 5126 1659 5174 auris

108 5216 336 5274 audiuit,
367 5229 526 5281 neque
553 5212 605 5262 in
640 5225 726 5260 cor
769 5209 986 5261 hominis
1024 5212 1244 5262 ascendit
1263 5229 1376 5278 quae
1399 5228 1660 5279 pra'para-

111 5307 175 5357 rit
211 5303 353 5354 Deus
375 5299 700 5366 diligentibus
717 5313 769 5348 se
799 5295 852 5365 (Ι
876 5295 993 5348 Cor.
1025 5297 1102 5364 ιι).
1133 5299 1317 5351 Sciens
1344 5301 1502 5363 igitur
1530 5315 1662 5365 przr-

110 5392 321 5443 dicator
344 5386 466 5455 pius
485 5386 571 5437 his
592 5383 794 5438 duobus
822 5384 1151 5447 testimoniis,
1191 5387 1492 5454 pr0phetico
1519 5387 1653 5437 scili-

110 5485 195 5531 cet
224 5486 282 5529 et
315 5473 625 5544 apostolico,
651 5474 884 5526 'intentis
927 5472 1252 5525 auditoribus
1283 5474 1500 5525 multum
1529 5489 1655 5525 con-

110 5564 244 5619 ferri
267 5580 366 5632 per
395 5563 660 5617 charisma
686 5561 1043 5614 absmnditum
1062 5560 1288 5630 Spiritus
1313 5563 1499 5623 sancti,
1523 5563 1658 5628 quod

109 5663 166 5705 et
199 5652 520 5720 prophetam
562 5650 792 5718 implevit
814 5658 867 5701 et
891 5651 1209 5715 apostolum;
1242 5660 1295 5703 ct
1325 5653 1516 5702 idcirco
1556 5661 1657 5702 tam

1758 4608 1879 4673 quia
1911 4622 2003 4674 per
2031 4607 2223 4658 multas
2261 4605 2618 4658 tribulationes
2655 4611 2862 4670 oportet
2885 4619 2980 4657 nos
3017 4605 3214 4658 intrare
3243 4606 3293 4656 in

1760 4709 1974 4760 regnum
2003 4693 2256 4745 calorum
2278 4691 2408 4757 (Act.
2439 4690 2511 4759 v).

1831 4780 1910 4829 l9.
1943 4779 2132 4829 Verum
2159 4777 2281 4843 quia
2312 4776 2447 4828 inter
2471 4777 2690 4828 virtutes
2718 4777 2972 4828 maximas
2998 4790 3126 4842 opus
3153 4775 3287 4830 elec-

1758 4879 2090 4933 mosynarum
2135 4863 2202 4915 ab
2249 4864 2360 4930 ipso
2403 4863 2620 4914 Domino
2648 4870 2699 4913 et
2727 4861 3072 4928 Redemptore
3113 4871 3294 4916 nostro

1754 4964 1834 5008 est
1867 4954 2204 5014 ordinatum,
2267 4962 2321 5004 et
2351 4947 2545 5002 omnes
2597 4950 2878 5017 Scriptum
2924 4958 3116 5002 sanctae
3161 4949 3292 5002 Novi

1761 5041 2078 5096 Testamenti
2115 5049 2170 5092 et
2196 5040 2400 5092 Veteris
2428 5040 2527 5092 hoc
2553 5054 2683 5105 opus
2725 5035 3048 5090 salutiferam
3078 5036 3288 5087 laudant

1758 5141 1810 5183 et
1848 5129 2176 5195 glorificant;
2228 5129 2292 5181 de
2318 5128 2550 5195 largiflua
2595 5127 3038 5193 clecmosynarum
3081 5126 3292 5177 datione

1761 5222 1814 5270 ll.
1849 5216 2084 5283 Gregorii
2111 5216 2175 5266 ad
2222 5215 2527 5268 memoriam
2554 5215 2876 5279 posteritatis
2902 5220 2955 5264 et
2983 5211 3290 5263 imitationis

1762 5303 2052 5368 exemplum
2096 5316 2263 5368 pauca
2298 5307 2418 5352 sunt
2441 5299 2770 5366 proferenda.
2816 5297 3014 5349 Floruit
3039 5297 3177 5350 enim
3211 5298 3290 5348 vir

1763 5389 1844 5441 ille
1892 5389 2172 5440 virtutibus
2217 5389 2332 5440 aliis
2361 5387 2557 5448 multis,
2602 5388 2690 5439 sed
2738 5386 2960 5437 maxime
2988 5386 3038 5439 in
3065 5384 3287 5438 eleemo-

1762 5490 2006 5542 syuarum
2030 5489 2182 5525 sacra
2211 5473 2569 5539 puriﬁcatione
2593 5472 2690 5524 fuit
2716 5486 2922 5539 semper
2951 5473 3197 5530 intentus,
3234 5471 3284 5520 in

1766 5569 1965 5612 tantum
2003 5568 2062 5611 ut
2089 5559 2218 5611 nihil
2245 5559 2340 5612 sibi
2378 5558 2512 5620 auri,
2562 5557 2690 5610 nihil
2719 5559 2917 5626 argenti
2962 5564 3150 5625 praeter
3192 5555 3287 5607 Ec—

1766 5650 1934 5701 clcsim
1979 5633 2274 5700 necessaria
2322 5646 2607 5700 ministeria
2648 5661 2874 5713 unquam
2905 5657 3172 5697 reservare
3199 5659 3287 5696 vo-
