4110 6478
756 502 858 556 767

1625 502 1678 556 S.
1721 499 2094 556 LUDGERUS.
2135 496 2284 551 VITA
2325 495 2380 548 S.
2415 492 2730 548 GllEGORil
2765 490 3058 545 ABDATIS.
3285 479 3317 508 ‘

3781 490 3876 542 768

757 612 956 665 luisset.
985 611 1087 665 Sed
1110 620 1163 664 et
1183 611 1246 664 de
1267 611 1366 662 alia
1393 610 1681 664 substantia
1706 609 2016 671 sua,cadem
2036 606 2270 673 benigni—
2299 596 2339 644 Α
2369 599 2558 654 fectum
2606 601 2868 667 proprium
2910 611 2962 651 et
3003 600 3320 651 subditorum
3363 613 3572 651 suorum
3599 637 3612 659 ,
3655 607 3710 650 et
3743 597 3880 664 loqui

759 709 865 752 rate
905 700 1077 768 largus
1112 699 1398 751 habebatur
1440 706 1492 752 et
1533 698 1774 750 dilatatus
1796 736 1811 760 ,
1861 694 2273 764 pauperibusque
2367 705 2482 757 qua:
2505 690 2972 742 admdiﬁcationem
2990 688 3333 757 pertinebant.
3363 688 3508 751 Quod
3528 690 3706 754 utique
3731 702 3883 756 agere

756 786 950 840 Christi
1000 800 1204 853 semper
1230 784 1500 852 proficuus
1541 793 1593 836 et
1633 785 1784 851 pius:
1829 783 2056 848 nihilque
2084 781 2180 834 sibi
2208 795 2272 832 ex
2315 820 2320 823 .

757 888 838 934 ea,
867 882 1081 940 excepto
1110 873 1245 924 victu
1272 872 1571 938 quotidiano
1599 879 1651 923 et
1689 871 1875 923 vestitu
1902 868 2142 935 simplici,
2187 881 2289 918 vo-z

757 959 851 1009 luit
881 972 1167 1017 reservare,
1211 971 1408 1026 ponens
1450 970 1593 1022 spem
1637 969 1784 1008 suam
1825 961 1985 1006 totam
2027 953 2190 1019 magis
2223 953 2274 1003 in

758 1044 1011 1098 tremendi
1053 1043 1432 1095 examinatione
1457 1042 1658 1110 judicii,
1686 1055 1841 1107 quam
1869 1039 1918 1090 in
1943 1039 2182 1107 prmsenti
2204 1037 2277 1090 lo-

746 1132 1103 1198 .cupletatione
1131 1132 1488 1183 thesaurorum
1511 1138 1565 1182 et
1588 1129 1882 1181 divitiarum
1910 1128 2104 1179 mundi.
2135 1126 2278 1178 ideo-

757 1233 858 1285 que
898 1225 1002 1270 tam
1033 1216 1183 1270 facile
1211 1230 1305 1284 pro
1359 1229 1521 1267 .more
1546 1213 1738 1268 Christi
1765 1214 1940 1265 omnia
1970 1213 2148 1280 largiri
2187 1225 2278 1278 po-

756 1304 857 1356 tuit
879 1319 993 1371 quae
1035 1302 1261 1355 habebat
1281 1340 1297 1364 ,
1340 1315 1403 1353 ex
1432 1302 1577 1368 cujus
1617 1314 1707 1351 orc
1748 1305 1802 1352 et
1836 1297 2073 1365 exemplo
2097 1297 2276 1348 eadem

757 1391 1012 1443 didicerat
1063 1404 1177 1456 qua:
1224 1387 1482 1442 faciebat:
1535 1386 1680 1450 Quod
1720 1393 1943 1452 superest
1986 1384 2121 1436 vobis
2162 1383 2279 1434 date

758 1479 1119 1546 eleemosynam
1143 1493 1160 1539 ;
1188 1486 1232 1529 et
1256 1493 1365 1528 ecce
1391 1477 1558 1528 omnia
1603 1474 1790 1526 munda
1813 1482 1929 1524 sunt
1968 1471 2102 1522 vobis
2130 1470 2272 1540 (Luc.

759 1565 854 1631 ιι).
895 1563 1250 1617 Cousideravit
1275 1563 1454 1615 eadem
1482 1561 1580 1613 title
1602 1570 1655 1612 et
1677 1561 1930 1612 charitate
1956 1567 2161 1610 sanctos
2183 1557 2279 1608 Pa-

689 1663 692 1666 ’
760 1662 867 1706 tres
894 1653 944 1703 in
971 1651 1146 1703 Veteri
1177 1650 1508 1703 Testamento
1535 1664 1561 1700 a
1591 1647 1694 1700 Deo
1720 1647 1958 1707 donatos,
1989 1645 2167 1696 eadem
2184 1658 2279 1710 spe

763 1738 1194 1792 remunerationis
1235 1738 1562 1802 sempiterna:
1599 1737 1662 1786 de
1690 1733 2129 1798 eleemosynarnm
2158 1743 2281 1795 ope-

762 1829 904 1884 ribus
929 1826 1206 1879 fructuosis
1246 1836 1453 1888 semper
1492 1818 1650 1872 fuisse
1675 1817 1937 1871 sollicitos.
1990 1815 2131 1868 Unde
2153 1823 2206 1866 et
2229 1815 2279 1866 in

759 1913 960 1980 psalmo
987 1919 1198 1982 sanctus
1219 1908 1476 1974 Propheta
1502 1918 1597 1972 pro
1629 1902 1959 1956 beatitudinis
1989 1899 2281 1951 testimonio

763 2001 917 2067 hujus
943 2000 1114 2066 operis
1142 1997 1462 2050 devotionem
1489 1993 1659 2060 posuit
1688 1992 1863 2044 dicens
1905 2007 1916 2041 :
1966 1989 2148 2040 Beatus
2193 1989 2280 2055 qui

762 2085 992 2154 intelligit
1018 2100 1167 2152 super
1192 2098 1398 2151 egenum
1425 2091 1470 2132 et
1493 2095 1757 2154 pauperem
1779 2096 1789 2128 :
1822 2081 1871 2129 in
1897 2079 1977 2128 die
2001 2076 2135 2129 mala
2161 2076 2282 2128 libe-

765 2173 894 2224 rabit
915 2152 1026 2222 eum
1053 2170 1294 2222 Dominus
1324 2167 1488 2231 (Psal.
1529 2152 1629 2234 ir).
1665 2165 1766 2216 Sed
1796 2173 1847 2216 ct
1872 2165 2005 2216 alius
2029 2164 2282 2231 propheta

765 2239 836 2312 de
873 2259 1054 2312 eodem
1089 2271 1247 2324 Opem
1289 2261 1470 2308 saneto
1496 2252 1823 2316 laudatiliter
1865 2251 2006 2302 canit
2030 2258 2083 2300 ct
2119 2248 2280 2301 dicit:

767 2347 911 2402 Sicut
937 2363 1070 2414 aqua
1090 2344 1358 2412 exstinguit
1383 2344 1569 2410 ignem,
1594 2342 1666 2392 ita
1680 2339 1990 2405 cleemosyna
2016 2339 2284 2406 exstinguit

766 2445 1021 2503 peccatum
1049 2431 1238 2499 (Eccle.
1286 2431 1387 2498 ιιι).
1419 2430 1667 2482 Dominus
1687 2441 1898 2495 quoque
1927 2428 2037 2495 ipso
2063 2442 2157 2495 pro
2185 2428 2285 2482 hoc

765 2535 923 2588 opere
952 2520 1002 2583 in
1023 2519 1105 2571 die
1131 2517 1396 2572 tremendo
1430 2513 1636 2568 sanctus
1659 2528 1780 2566 suos
1807 2515 1973 2582 gratia
1999 2528 2090 2565 sua
2118 2522 2170 2566 et
2195 2513 2286 2566 be-

768 2609 1056 2661 nedictione
1092 2607 1401 2673 sempiterna
1442 2603 1591 2657 cll'ert
1616 2612 1668 2655 et
1696 2602 1896 2656 extollit
1940 2603 2147 2666 dicens:
2187 2601 2285 2654 Ve-

769 2699 890 2759 nite,
913 2695 1151 2750 benedicti
1180 2694 1349 2746 Patris
1372 2694 1492 2766 mei,
1513 2693 1744 2760 percipite
1768 2707 1972 2757 regnum
1999 2690 2132 2757 quod
2152 2689 2288 2742 vobis

768 2792 998 2837 paratum
1021 2790 1094 2834 est
1125 2780 1186 2834 ab
1215 2782 1405 2847 origine
1430 2778 1603 2830 mundi
1644 2792 1661 2830 :
1688 2777 1806 2845 quia
1832 2777 2036 2837 esurivi,
2078 2786 2122 2828 et
2147 2775 2290 2828 dedi-

671 2937 673 2939 ι
767 2871 856 2923 stis
881 2869 1002 2922 mihi
1038 2866 1384 2936 manducare;
1424 2863 1576 2926 sitivi‘,
1603 2872 1650 2914 et
1692 2862 1896 2914 dedistis
1923 2862 2044 2913 mihi
2081 2860 2286 2923 bibere;

769 2956 937 3008 nudus
959 2955 1053 3021 fui,
1083 2962 1126 3005 et
1151 2953 1414 3019 operuistis
1434 2965 1534 3012 me,
1573 2957 1676 3013 etc.
1717 2949 1920 3017 (Matth.
1950 2947 2094 3016 xxv).
2144 2947 2288 3000 Talia

769 3045 826 3098 Β.
857 3044 1138 3111 Gregorius
1161 3043 1221 3096 de
1259 3049 1480 3107 utroque
1505 3039 1856 3098 Testamento,
1896 3037 1948 3088 in
1987 3036 2174 3103 quibus
2199 3035 2290 3088 do-

768 3131 1031 3185 ctissimus
1053 3136 1188 3189 erat,
1234 3126 1562 3194 intelligendo
1586 3132 1640 3176 et
1665 3122 1988 3191 penetrando
2027 3131 2285 3190 przecepta
2315 3155 2358 3216 Ο

769 3226 824 3269 et
850 3215 1075 3267 divlnam
1117 3211 1458 3279 Scriptumm,
1508 3209 1669 3277 legem
1707 3210 1863 3260 vertit
1907 3209 1957 3260 in
1996 3221 2192 3274 opera:
2236 3217 2289 3260 et

773 3318 872 3356 non
911 3302 1116 3354 auditor
1139 3300 1416 3352 obliviosus
1458 3296 1644 3358 factus,
1693 3297 1781 3348 sed
1811 3297 1978 3347 factor
2004 3297 2203 3367 operis,
2235 3296 2286 3348 in

773 3393 884 3459 lege
902 3391 996 3442 Dei
1037 3403 1239 3454 semper
1260 3396 1392 3439 erat.
1438 3387 1530 3438 Eia
1572 3386 2010 3445 llliillCS'Chl‘lSll,
2040 3387 2212 3438 audite
2235 3394 2290 3438 et

772 3477 1060 3544 intelligite,
1092 3483 1144 3526 et
1171 3476 1416 3528 assumite
1450 3475 1681 3541 exempla
1710 3475 1880 3527 Patris
1920 3473 2072 3538 hujus
2111 3475 2290 3526 rectis-

773 3566 904 3616 sima
945 3571 996 3615 et
1019 3562 1284 3630 prmclara,
1320 3570 1379 3614 ut
1417 3561 1564 3613 vobis
1599 3563 1754 3614 etiam
1787 3562 1950 3613 adhuc
1979 3561 2029 3612 in
2072 3574 2289 3627 corpore

771 3650 1081 3710 viventibus,
1131 3657 1185 3700 et
1211 3649 1526 3700 intuentibus
1568 3663 1627 3700 ac
1673 3648 2000 3715 diligentibus
2040 3661 2121 3708 ea,
2173 3647 2290 3698 inde

772 3724 979 3788 crescat
1001 3736 1163 3802 gratia
1189 3733 1280 3786 Del
1303 3770 1319 3794 ,
1349 3732 1572 3800 largiens
1593 3732 1864 3784 vulnerum
1895 3741 2186 3784 nostrorum
2209 3746 2290 3782 re-

779 3823 971 3883 media,
1003 3822 1137 3872 unde
1162 3819 1232 3870 illi
1259 3825 1538 3871 creverunt
1563 3826 1821 3870 tantarum
1848 3818 2094 3870 virtutum
2138 3832 2289 3870 oma-

774 3915 967 3961 menta.

839 3994 924 4050 20.
958 3992 1166 4044 Talibus
1197 3991 1524 4044 successibus
1549 3997 1602 4043 et
1625 3991 1743 4043 vita:
1769 3991 1966 4043 meritis
1993 3990 2173 4043 beatus
2199 3989 2288 4041 ab-

772 4083 867 4134 bas
911 4094 1056 4132 meus
1091 4087 1143 4130 et
1167 4087 1455 4145 praeceptor
1497 4077 1806 4144 Gregorius,
1856 4077 1975 4128 dum
2005 4091 2210 4143 semper
2237 4077 2289 4128 in

775 4168 961 4219 melius
988 4164 1273 4217 crescendo
1295 4163 1584 4230 proliceret,
1610 4171 1662 4214 et
1687 4177 1845 4229 prepe
1865 4161 1970 4228 jam
2001 4163 2063 4214 ad
2090 4169 2290 4227 septua—

774 4255 913 4320 ginta
941 4266 1192 4304 annorum
1213 4259 1419 4304 aetatem
1435 4257 1538 4302 tam
1563 4251 1752 4302 charus
1775 4251 1882 4302 Deo
1908 4266 2062 4316 quam
2084 4251 2288 4304 cunctis

738 4382 743 4386 ι
775 4341 1070 4394 hominibus
1107 4339 1436 4405 perveniret;
1481 4336 1645 4390 adfuit
1686 4339 1795 4391 dies
1818 4375 1832 4399 ,
1871 4337 2047 4403 inqua
2075 4338 2286 4389 militem

2369 791 2470 828 non
2494 784 2572 828 est
2611 776 2836 836 oblitus;
2881 777 2970 828 sed
2997 777 3134 830 sicut
3173 791 3378 843 semper
3417 774 3632 834 solebat,
3681 784 3759 827 tra
3782 780 3883 827 tere

2370 876 2470 913 non
2509 863 2705 914 destitit
2743 863 3065 915 auditoribz's
3093 863 3202 915 suis
3249 862 3411 915 libros
3447 863 3633 914 divina:
3677 863 3802 928 legis
3832 873 3884 914 et

2370 949 2564 1001 monita
2606 950 2789 1002 salutis
2815 959 3039 1003 aeternae.
3087 948 3217 1001 Nam
3241 958 3295 1002 et
3319 950 3683 1018 condiscipulis
3712 951 3884 1002 melio-

2373 1036 2618 1103 ribusque
2661 1036 2791 1088 meis
2851 1036 2901 1088 in
2949 1036 3128 1089 eadem
3179 1037 3412 1089 molestia
3459 1036 3633 1104 plures
3677 1039 3887 1090 tradidit

2372 1121 2530 1174 libros
2555 1137 2568 1182 ;
2597 1131 2649 1174 et
2677 1123 2801 1174 mihi
2823 1123 3024 1175 modico
3050 1122 3286 1191 Ludgero
3306 1124 3492 1176 librum
3520 1126 3684 1177 sancti
3715 1125 3880 1192 Augu-

2371 1209 2492 1259 stini
2516 1209 2742 1269 tradidit,
2765 1223 2916 1276 quem
2943 1209 3296 1264 Enchiridion.
3323 1210 3372 1264 id
3396 1221 3474 1264 est
3495 1210 3750 1272 Manuale,
3781 1212 3886 1278 ipse

2373 1294 2710 1360 nuncupavit.

2439 1380 2524 1432 2|.
2556 1380 2679 1433 Haec
2697 1381 2768 1433 ita
2788 1381 2987 1449 agendo
3009 1382 3192 1437 beatus
3215 1384 3370 1437 homo
3388 1384 3686 1452 Gregorius,
3711 1401 3740 1438 a
3766 1402 3884 1453 pm-

2375 1465 2508 1518 fectu
2552 1467 2895 1532 spiritualium
2936 1470 3320 1524 successionum
3345 1471 3395 1523 in
3437 1472 3545 1538 ipsa
3583 1475 3886 1540 aegritudine

2373 1568 2466 1605 sua
2519 1569 2781 1620 nunquam
2829 1555 3144 1620 desinendo,
3193 1559 3337 1610 auxit
3375 1573 3467 1625 per
3511 1560 3741 1628 singulos
3781 1563 3888 1614 dies

2343 1638 2513 1692 'sana:
2538 1641 2726 1716 mentis
2745 1643 3015 1708 sapientia,
3038 1642 3160 1696 licet
3187 1643 3445 1697 imbecilh‘
3465 1661 3705 1712 corpore,
3752 1651 3886 1714 quod

2377 1727 2471 1778 sibi
2500 1728 2709 1793 suisque
2732 1729 2797 1780 ad
2830 1729 3116 1796 ingressum
3142 1731 3286 1799 regni
3313 1732 3539 1786 caelestis
3565 1742 3618 1787 et
3646 1736 3885 1802 gaudium

2377 1813 2652 1896 proficeret
2705 1817 3093 1896 sempiternum.
3148 1818 3322 1871 Tertio
3373 1819 3579 1872 tandem
3627 1836 3765 1874 anno
3808 1824 3887 1874 iu-

2378 1891 2578 1957 choat'e
2602 1891 2938 1974 aegritudinis,
2967 1909 3113 1975 quasi
3139 1908 3253 1961 auri
3280 1923 3424 1963 more
3445 1910 3584 1978 quod
3603 1925 3698 1977 per
3724 1911 3887 1980 ignem

2379 1992 2600 2052 transiit,
2622 1995 2858 2060 corporis
2877 1993 3177 2068 fatigatione
3202 2006 3449 2065 purgatus
3476 1998 3538 2050 ad
3563 1999 3614 2050 id
3636 2001 3888 2065 pervenit,

2379 2086 2438 2131 ut
2475 2081 2768 2148 ubicunque
2804 2095 2935 2150 opus
2965 2091 3106 2145 erat,
3154 2085 3290 2138 inter
3316 2086 3684 2154 discipulorum
3713 2102 3893 2140 manus

2382 2171 2590 2232 portare
2609 2180 2820 2220 necesse
2844 2175 3000 2222 esset.
3045 2169 3111 2223 Et
3133 2185 3228 2226 nec
3255 2179 3379 2226 tunc
3397 2174 3605 2240 quidem
3636 2175 3717 2226 vir
3736 2190 3892 2228 vene-

2383 2253 2560 2305 rabilis
2585 2255 2649 2306 ab
2668 2268 2824 2321 opere
2857 2256 2946 2310 Dei
2972 2273 3198 2328 unquam
3221 2262 3484 2314 cessavit:
3515 2263 3606 2316 sed
3642 2272 3735 2316 aut
3763 2263 3894 2316 divi-

2382 2355 2477 2394 nos
2504 2340 2663 2395 libros
2703 2343 2873 2411 legere
2899 2360 3076 2400 coram
3116 2361 3190 2409 se,
3234 2357 3324 2401 aut
3361 2364 3454 2416 pro
3493 2351 3674 2404 eadem
3711 2355 3896 2407 mentis

2383 2441 2490 2480 sua:
2523 2428 2893 2482 exercitatione
2907 2432 2982 2491 ad
3007 2432 3239 2487 coelestia
3271 2435 3497 2501 psalmos
3524 2440 3738 2494 cantare
3766 2443 3894 2494 assi-

2383 2513 2484 2566 due
2536 2511 2692 2566 fecit:
2743 2515 2922 2583 sicque
2967 2517 3032 2570 ad
3070 2525 3304 2573 extrema
3349 2524 3612 2596 perducto
3645 2528 3897 2582 imbecilla

2384 2598 2614 2652 membra
2638 2603 2889 2668 corporis,
2909 2619 3026 2672 qua:
3039 2605 3148 2674 jam
3172 2616 3293 2663 tunc
3318 2609 3450 2664 lecto
3477 2627 3682 2682 semper
3701 2627 3905 2670 susten.

2385 2692 2496 2738 tare
2523 2700 2736 2740 necesse
2760 2696 2872 2741 erat
2895 2727 2910 2752 ,
2954 2691 3174 2745 candida
3213 2691 3350 2748 facta
3391 2704 3513 2749 sunt
3537 2712 3601 2751 ac
3637 2701 3798 2753 nitida
3835 2705 3899 2754 ad

2384 2775 2549 2827 instar
2570 2774 2722 2828 lactis
2747 2777 2828 2828 vel
2864 2777 2995 2830 lanas
3019 2779 3148 2833 alba:
3171 2819 3185 2843 ,
3226 2789 3286 2834 ut
3310 2783 3659 2840 innotesceret
3682 2788 3901 2841 videnti-

2383 2863 2480 2915 bus
2505 2862 2555 2914 in
2578 2871 2770 2929 quanta
2797 2865 3046 2918 munditia
3088 2867 3302 2942 spiritus
3336 2868 3477 2923 intus
3501 2871 3788 2927 haberetur
3810 2889 3898 2927 co-

2383 2963 2495 3000 ram
2522 2950 2685 3002 oculis
2713 2950 2823 3003 Dei.
2867 2951 3012 3008 Tunc
3035 2965 3303 3022 creperum
3343 2961 3593 3028 conqueri
3631 2971 3685 3015 et
3707 2965 3901 3016 contri—

2384 3037 2512 3088 stari
2533 3037 2619 3103 qui
2645 3036 2834 3092 ibidem
2855 3039 3131 3096 adfuerunt
3151 3045 3416 3113 utriusque
3441 3062 3598 3102 sexus
3623 3054 3898 3104 necessarii

2385 3123 2558 3184 amici,
2591 3133 2694 3176 tam
2731 3126 2793 3176 de
2819 3125 2934 3192 ejus
2969 3129 3186 3182 transitu
3215 3131 3370 3184 citius
3397 3128 3715 3197 imminente,
3746 3151 3898 3203 quam

2386 3210 2449 3261 de
2478 3210 2766 3262 tardatione
2808 3207 2959 3266 electi
3000 3214 3091 3268 ﬁlii
3124 3215 3238 3282 ejus
3260 3218 3453 3272 Albrici
3475 3259 3490 3283 ,
3538 3222 3590 3274 in
3614 3238 3719 3290 quo
3748 3225 3902 3279 totius

2383 3296 2565 3348 domus
2587 3310 2610 3336 ο
2639 3311 2757 3364 spes
2785 3314 2968 3368 magna
2995 3301 3255 3356 incubuit:
3294 3306 3381 3372 qui
3425 3315 3549 3361 tunc
3579 3313 3824 3378 temporis
3849 3315 3899 3365 in
3982 3350 3987 3355 -

2381 3380 2529 3436 italia
2555 3393 2669 3436 erat
2707 3386 2864 3452 regali
2902 3389 3112 3443 servitio
3150 3401 3466 3459 occupatus;
3495 3405 3550 3449 et
3579 3399 3772 3451 nemini
3810 3379 3924 3454 no-I

2384 3475 2490 3518 tum
2526 3470 2732 3535 quando
2767 3481 2906 3525 esset
2927 3483 3192 3529 venturus.
3237 3476 3356 3532 Ilaec
3378 3481 3596 3537 audiens
3619 3482 3776 3536 Pater
3798 3487 3902 3539 Deo

2381 3552 2600 3607 dilectus
2623 3555 2924 3624 Gregorius,
2961 3562 3120 3628 coepit
3141 3564 3416 3618 condolere
3451 3571 3810 3634 maerentibus,
3839 3573 3901 3624 de

2382 3641 2549 3706 seipse
2575 3656 2807 3704 securus,
2853 3653 2900 3696 et
2945 3647 3006 3699 de
3031 3647 3136 3700 lilio
3179 3648 3469 3703 sollicitus:
3513 3662 3566 3706 et
3604 3657 3900 3709 consolatus

2381 3740 2470 3780 eos
2495 3729 2671 3793 erepit,
2696 3731 2846 3796 sicut
2870 3729 3168 3798 frequenter
3191 3751 3347 3790 sanus
3384 3753 3604 3804 corpore
3631 3751 3754 3794 ante
3772 3744 3900 3796 sole-

2382 3816 2472 3866 bat
2497 3816 2629 3867 inter
2647 3820 2938 3870 communia
2959 3821 3229 3898 colloquia,
3259 3826 3616 3892 pmpheticum
3635 3829 3758 3883 illud
3783 3847 3899 3898 pro-

2383 3900 2518 3954 ferre
2547 3917 2608 3955 ac
2635 3903 2804 3957 dicere
2831 3922 2844 3956 :
2874 3891 3040 3959 Nolite
3068 3909 3266 3971 timere,
3303 3891 3402 3963 non
3425 3915 3683 3978 transibo,
3713 3891 3896 3984 inquit.

2383 3993 2657 4052 antequam
2694 3988 2802 4054 ipse
2832 3990 3021 4042 veniat.
3067 3991 3210 4056 Quod
3237 4009 3391 4060 quam
3424 3999 3681 4054 veraciter
3716 4002 3898 4068 spiritu

2383 4086 2768 4139 praenosceret,
2798 4078 2870 4128 rei
2898 4077 3134 4145 probavit
3170 4089 3403 4136 eventus.
3448 4083 3581 4138 Nam
3621 4087 3796 4142 triduo
3825 4090 3901 4140 vel

2383 4162 2660 4226 quatriduo
2687 4171 2806 4215 ante
2837 4165 3106 4217 transitum
3139 4167 3271 4234 ejus,
3314 4169 3459 4221 venit
3491 4171 3580 4223 diu
3613 4183 3826 4239 optatus
3849 4185 3901 4228 ct

2385 4248 2580 4302 electus
2602 4250 2738 4302 ﬁlius
2757 4250 2869 4316 ejus
2883 4251 3120 4304 Albricus
3141 4254 3423 4321 inopinate,
3451 4260 3654 4312 cunctis
3671 4263 3902 4315 nescien-

2385 4339 2523 4390 tibt'is
2549 4377 2564 4400 ,
2611 4348 2828 4406 excepto
2862 4339 3014 4392 Patre
3047 4341 3284 4410 spiritali,
3340 4346 3427 4411 qui
3471 4345 3584 4412 ejus
3623 4352 3898 4404 adventum

774 4441 924 4480 suum
947 4425 1194 4477 Dominus
1216 4426 1382 4477 adhuc
1405 4424 1719 4477 meliorando
1745 4425 2030 4478 subvehere
2053 4425 2204 4476 vellet
2225 4427 2368 4502 ad.D
2389 4427 2539 4495 longe
2575 4435 2694 4479 ante
2721 4430 2974 4496 praedixit.

774 4518 1096 4578 sublimiora,
1127 4522 1180 4567 et
1205 4515 1636 4583 remunerationis
1656 4516 1700 4565 ei
1725 4506 1932 4579 przemia
1955 4514 2152 4581 largiri,
2180 4528 2294 4579 qua:

776 4604 977 4656 meritis
1003 4601 1113 4665 ejus
1135 4601 1470 4658 "debebantur,
1495 4605 1547 4651 et
1573 4599 1816 4664 operibus
1853 4597 2148 4649 fructuosis.
2196 4599 2294 4649 Ta-

775 4700 892 4744 ctus
917 4691 1087 4755 itaque
1126 4695 1206 4740 est
1245 4679 1305 4740 ea
1345 4688 1576 4739 molestia
1619 4685 1873 4753 corporali
1904 4686 1954 4736 in
1981 4686 2190 4737 sinistro
2222 4685 2293 4736 la-

779 4786 909 4839 tere,
950 4789 1104 4841 quam
1140 4773 1400 4841 paralysin
1443 4773 1624 4824 medici
1666 4779 1888 4824 vocant:
1929 4779 1982 4823 et
2026 4782 2292 4823 crescente

779 4862 959 4914 eadem
975 4859 1208 4912 molestia
1223 4866 1274 4910 et
1298 4860 1687 4926 ingravescente
1700 4871 1793 4922 per
1815 4856 1924 4907 dies
1943 4857 2188 4923 singulos,
2212 4871 2292 4908 se-

779 4947 1001 4998 cundum
1051 4944 1332 5010 Scriptura:
1396 4942 1785 5002 testimonium,
1844 4940 2115 5007 ﬂagellavit
2156 4943 2290 4996 Deus

782 5031 943 5082 lilium
973 5043 1118 5080 suum
1141 5029 1190 5080 in
1219 5029 1315 5082 hac
1342 5029 1753 5096 peregrinatione
1783 5025 1958 5095 (Hebr.
1992 5027 2108 5090 xu),
2139 5042 2288 5092 quem

780 5131 810 5168 c
830 5115 999 5168 vicino
1024 5122 1138 5165 erat
1170 5125 1468 5179 recepturus
1495 5113 1559 5164 ad
1589 5114 1804 5178 patriam
1834 5113 2118 5165 caelestium
2146 5128 2290 5165 man-

780 5202 1016 5262 sionum;
1051 5199 1214 5251 tribus
1245 5199 1379 5249 enim
1409 5200 1557 5250 annis
1578 5205 1696 5249 ante
1718 5198 1913 5249 obitum
1938 5214 2107 5259 suum,
2143 5214 2289 5250 arre-

781 5293 900 5353 ptus
920 5291 998 5336 est
1019 5283 1103 5335 illa
1123 5283 1434 5335 infirmitate.
1465 5283 1564 5335 Sed
1595 5291 1708 5336 erat
1733 5282 1947 5347 languor
1976 5283 2110 5343 talis,
2153 5291 2205 5334 ut
2237 5285 2286 5334 in

783 5368 964 5437 primis
989 5369 1073 5419 vix
1095 5368 1358 5420 ambulare
1380 5375 1572 5434 posset,
1595 5369 1673 5418 vel
1700 5383 1852 5418 manu
1875 5367 2056 5419 deduci
2082 5369 2146 5420 ad
2169 5384 2287 5434 pro-

852 5527 874 5552 α
900 5515 1091 5581 Nempe
1139 5517 1310 5582 stirpis
1349 5531 1408 5568 ac
1451 5517 1651 5583 generis
1691 5516 1805 5578 sui,
1852 5530 1914 5567 ex
1957 5531 2058 5583 quo
2098 5518 2286 5581 prodiit

785 5583 1020 5634 Alhricus
1045 5584 1092 5633 in
1122 5583 1391 5633 commissa
1416 5582 1814 5645 Trajectcnsium
1858 5582 1982 5634 eura
2007 5592 2118 5649 post
2153 5584 2281 5636 Gre.-

786 5649 984 5714 gorium
1033 5664 1313 5711 successor,
1353 5658 1401 5700 at
1435 5650 1734 5717 episeopus.
1776 5658 1829 5700 ut
1855 5664 1915 5700 ex
1953 5650 2088 5702 Actis
2119 5653 2280 5706 sancti

2455 4515 2540 4566 2‘2.
2573 4513 2718 4566 Tunc
2757 4515 3028 4568 continuos
3055 4516 3171 4570 illos
3215 4526 3321 4571 tres
3349 4519 3460 4572 dies
3484 4531 3576 4574 aut
3597 4531 3821 4590 quatuor
3847 4526 3896 4576 in

2387 4600 2648 4652 communi
2676 4600 2899 4653 utilitate
2937 4610 2988 4654 et
3025 4602 3183 4654 totius
3223 4603 3430 4658 familia:
3467 4607 3664 4661 salubri
3694 4613 3897 4678 negotio

2387 4685 2506 4736 dum
2536 4686 2810 4747 ducerent,
2855 4701 2981 4738 sano
3009 4701 3162 4740 sensu
3189 4703 3508 4758 quaecunque
3532 4693 3897 4748 desiderabant

2388 4772 2605 4824 invicem
2629 4771 2952 4827 conferentes
2973 4789 3003 4842 ;‘
3031 4775 3170 4829 venit
3206 4778 3254 4829 ei
3283 4779 3391 4831 dies
3412 4787 3679 4833 extremus
3706 4793 3896 4834 morta—

2387 4857 2546 4910 litatis
2572 4857 2740 4924 bujus,
2790 4859 2854 4911 ad
2892 4859 3178 4927 ingressum
3205 4865 3347 4931 regni
3374 4873 3428 4916 et
3460 4874 3725 4932 perpetua:
3746 4869 3894 4921 saluti

2385 4947 2795 5013 prredestinatus.
2834 4947 3301 5003 Circumsteterunt
3344 4964 3461 5003 eum
3488 4952 3724 5021 discipuli
3766 4955 3892 5020 ejus,

2325 5093 2327 5096 ,
2385 5034 2736 5088 desiderantes
2763 5037 2932 5089 adhuc
2971 5037 3208 5103 quamvis
3243 5037 3502 5092 infirmum
3547 5041 3754 5094 Patrem
3783 5043 3894 5097 diu—

2388 5123 2487 5172 tius
2512 5137 2687 5173 secum
2714 5124 2924 5196 babere,
2953 5131 3010 5175 et
3033 5124 3096 5175 de
3127 5139 3192 5176 eo
3214 5126 3435 5190 optando
3462 5127 3636 5179 dicere
3669 5133 3732 5182 ad
3759 5133 3891 5183 iovi-

2386 5221 2534 5264 cem:
2566 5205 2676 5258 Non
2712 5207 2932 5258 moritur
2966 5208 3136 5272 hodie,
3177 5225 3279 5261 non
3315 5211 3538 5262 moritur
3561 5211 3730 5266 hodie.
3783 5214 3892 5280 lpsc

2385 5309 2526 5355 vero,
2558 5293 2753 5346 viribus
2773 5296 3066 5361 assumptis,
3084 5295 3269 5362 quibus
3295 5295 3476 5347 valuit:
3506 5296 3686 5360 Hodie,
3705 5301 3887 5366 inquit,

2385 5378 2498 5430 volo
2523 5379 2783 5432 licentiam
2810 5381 3016 5433 habere.
3064 5381 3129 5432 Et
3167 5381 3247 5433 his
3288 5380 3457 5445 dictis,
3495 5383 3650 5450 jussit
3689 5399 3744 5438 se
3772 5398 3888 5438 ante

2383 5522 2603 5641 {.udgeri
2641 5513 2876 5584 constat,
2923 5525 3009 5578 ubi
3035 5523 3270 5578 Albricus
3309 5525 3542 5594 Gregorii
3571 5541 3720 5599 nepos
3764 5528 3912 5586 ϐίοιο.

2408 5605 2482 5641 ur.

2408 5605 2482 5641 UI‘.
