4110 6424
126 455 229 508 76‘.)

119 565 414 614 oratorium
443 562 610 614 sancti
643 560 930 615 Salvatoris
971 577 1000 614 a
1043 562 1310 628 discipulis
1339 565 1555 630 portari,
1601 571 1654 616 et
1683 583 1724 634 Α
1754 564 2027 615 Dominum
2071 565 2302 630 perrexit

118 651 315 703 ostium
355 649 585 717 aperiri:
643 649 817 718 ibique
859 649 1096 702 oratione
1139 647 1278 702 facta
1325 657 1380 702 et
1424 663 1654 702 conmm-

120 738 282 789 nione
317 737 454 789 sacri
499 735 738 802 corporis
767 742 819 787 et
861 735 1128 803 sanguinis
1172 734 1375 787 Domini
1420 743 1652 802 accepta,

119 822 385 890 aspiciens
421 823 489 876 ad
530 822 717 885 altare,
768 827 941 874 mente
966 821 1267 874 cmicstibus
1294 821 1553 884 intentus,
1588 823 1656 874 ad

191 965 216 1037 ξ
252 955 404 1033 anno
428 953 820 1037 scilicetzetatis
853 956 1090 1034 75.(nam
1118 959 1547 1037 septuageparius
1569 975 1660 1027 pa-

121 1021 290 1092 ralysi
310 1029 604 1092 correptus,
630 1021 970 1092 tribusgannis'
989 1021 1253 1092 superste5
1278 1021 1405 1078 vixit
1424 1043 1488 1090 ex
1513 1021 1654 1080 num.

116 1090 231 1167 29),
262 1089 457 1142 Christi
490 1104 612 1167 vero
641 1089 758 1167 7_8‘i.
779 1089 1068 1167 Siquidem
1090 1109 1282 1167 annum
1305 1096 1659 1167 quintu_m_de-

118 1157 315 1208 ciuium
354 1171 536 1223 agens,
563 1155 828 1210 Bonifacio
843 1155 1112 1214 'a'dheerere
1133 1163 1292 1229 coepit
1320 1155 1457 1215 anno
1484 1162 1660 1218 722a

119 1224 319 1276 notatis
343 1239 486 1277 num.
515 1223 569 1275 4.
595 1223 739 1276 Diem
775 1227 946 1278 signat
970 1227 1202 1278 Molanns
1235 1230 1284 1278 in
1297 1229 1660 1278 Addilionilms

119 1229 319 1276 notatis
343 1239 486 1277 num.
515 1229 569 1275 4.
595 1229 739 1276 Diem
775 1229 946 1293 signat
970 1229 1202 1281 Molanus
1235 1229 1660 1284 inAdditionibus

119 1292 187 1362 ad
228 1290 522 1362 Usuardum
568 1292 919 1362 v_t_t_t__lialend.
970 1294 1234 1362 Septemb.
1282 1298 1336 1350 in
1375 1299 1659 1353 Annalibus

120 1358 850 1444 keodicensibusayiilelmo
867 1358 1454 1444 Iieda‘eitatis_sepultus
1466 1367 1658 1444 dicitur

119 1424 408 1490 Gregorius
429 1441 550 1479 cum
583 1437 751 1481 matre
769 1437 949 1482 sancta
977 1431 1248 1485 Wastrade
1283 1424 1336 1485 in
1364 1433 1659 1486 Susterensi
1692 1429 1734 1484 Β

292 1573 296 1576 .
324 1572 332 1575 _
363 1571 470 1577 -..η-
501 1569 684 1581 ...η-..-

1301 1573 1628 1583 ---υ---›

709 455 799 507 AD
837 454 891 508 S.
931 455 1221 510 LUDCEIII
1264 419 1538 508 SCltilVl:A
1578 456 1927 509 APPENDIX.
1963 486 2030 494 —
2074 457 2244 511 ACTA
2287 457 2340 510 S.
2383 457 2694 512 LUDCEIII.

3175 459 3276 512 77fl

2351 577 2415 628 α,
2463 565 2544 618 cui
2600 575 2746 618 tanto
2801 575 3030 633 tempore
3077 564 3276 620 sinCera

1754 658 1926 703 mente
1948 651 2181 711 servivit,
2213 661 2493 718 praestante
2511 655 2691 704 eodem
2718 653 2935 706 Domino
2956 664 3133 710 nostro
3155 653 3280 709 Iesu

1751 737 1990 798 Christo,
2039 739 2124 804 qui
2155 754 2272 792 cum
2319 738 2473 792 Patre
2516 749 2570 792 et
2613 740 2806 808 Spiritu
2848 752 3027 796 sancto
3070 743 3200 796 vivit
3229 749 3285 796 et

1753 833 1938 891 regnat
1960 825 2095 877 Deus
2122 841 2217 892 per
2236 826 2408 879 omnia
2438 828 2623 880 sarcula
2651 829 2975 882 seculorum.
3004 829 3191 885 Amen.

1757 963 1998 1034 coenobio
2023 966 2276 1020 nobilium
2311 965 2571 1034 virginum
2615 963 3066 1034 Benedictinarum
3091 962 3283 1034 dioece-

1758 1032 1832 1102 sis
1851 1032 2206 1088 Leodicensis.
2249 1030 2521 1102 Bepngnat
2545 1033 2770 1102 Joannes
2798 1031 2862 1102 de
2882 1030 3022 1102 ‘ileka
3051 1031 3102 1082 in
3127 1031 3283 1102 Albe-

1757 1101 1886 1176 rico,
1909 1115 2066 1170 quem
2095 1103 2147 1176 i_n
2174 1103 2284 1176 aede
2308 1095 2459 1176 sacra
2487 1102 2542 1176 S_.
2570 1099 2854 1176 Salvatoris
2873 1095 3012 1176 (qua;
3039 1109 3143 1150 tum
3171 1099 3282 1176 pri-

1758 1165 2065 1222 maria'erat
2095 1169 2319 1236 Traiecti
2344 1168 2563 1221 ecclesia
2602 1165 2934 1236 exdictis‘in
2956 1165 3287 1236 Observatio-

1757 1236 1910 1304 uibus
1929 1237 1993 1304 ad
2019 1231 2266 1304 Vitam'S.
2294 1235 2636 1304 Wiiiibrordi)
2657 1233 2908 1304 Gregorio
2926 1231 3282 1304 consepultnm

1756 1302 1917 1357 fuisse
1943 1303 2186 1357 ailirmat.
2225 1303 2363 1356 Sane
2391 1304 2442 1355 in
2463 1300 2693 1356 oratorio
2720 1300 2784 1354 Si
2807 1300 3090 1353 Salvatoris
3113 1312 3288 1356 extre,-

1759 1385 1900 1424 mum
1925 1371 2168 1440 spiritum
2192 1371 2481 1425 reddidisse
2498 1371 2798 1439 perhibetur
2821 1383 2997 1434 supra.

1150 1809 1154 1814 .
1308 1703 2146 1808 APPENDIX.

370 2000 776 2128 ACTA
838 1900 1129 2128 seu
1217 1999 1600 2130 VITA
1716 1900 2270 2128 SANCTI
2361 1940 3036 2126 LUDGERI

768 2199 1132 2271 AUCTORE
1171 2207 1568 2270 ALTFRIDO
1603 2207 1973 2270 EPISCOPO
2012 2199 2660 2270 MONASTERIENSI.

1139 2388 1311 2469 '(Apud
1332 2406 1567 2466 Leibnitz,
1591 2409 1770 2468 Script.
1793 2420 1957 2458 rerum
1981 2408 2271 2465 Brunswic.)

546 2627 792 2690 INDEX
845 2626 1214 2690 CAPITUM.

178 2765 256 2828 pe
279 2761 894 2828 peneeutloue‘Vursiugi.

177 2825 255 2874 De
281 2823 569 2886 Expulsione
594 2823 716 2886 ejus.
826 2823 848 2886 ξ
939 2847 943 2850 ~

175 2882 424 2942 Quomodo
450 2883 639 2931 liadbod
662 2884 860 2931 tentavit
881 2893 1109 2932 revocare
1133 2882 1279 2930 illum.

177 2945 252 2994 De
274 2948 414 2992 obitu
438 2944 639 3002 Plppiul.

176 3005 252 3053 De
274 3005 406 3050 obitu
436 3004 522 3050 ναι
534 3002 675 3062 cingi.

177 3065 251 3112 De
275 3065 522 3111 aatiritate
547 3060 820 3118 Llifhnrge.

176 3123 427 3182 Quomodo
448 3119 708 3180 tiafburse
734 3122 796 3168 de
817 3120 1035 3226 periculo
1053 3121 1217 3168 mortis
1235 3123 1402 3180 erepta
1425 3127 1507 3168 sit.

176 3183 250 3226 De
271 3182 521 3226 Itaiiviule
547 3182 596 3226 S.
622 3179 816 3226 Ludaer
837 3211 850 3226 .

175 3179 250 3232 De
271 3182 521 3230 nativitate
547 3182 596 3228 S.
622 3179 816 3239 Ludger

176 3243 250 3290 De
273 3242 506 3289 industria
531 3242 652 3295 ejus.
933 3292 937 3295 _

176 3305 251 3352 De
279 3302 486 3348 adventu
512 3295 768 3357 Aiuberti,
811 3302 864 3348 et
904 3298 1110 3359 qualiter
1137 3311 1230 3346 una
1275 3311 1383 3347 eum
1429 3295 1657 3358 Ludgero

115 3371 249 3413 trans
279 3372 416 3406 mare
442 3361 604 3408 rediit.
884 3402 887 3403 ,

175 3421 427 3477 Quomodo
450 3419 626 3479 iterum
650 3419 700 3466 S.
724 3415 976 3479 Ludgerus
1011 3419 1318 3466 transmarina
1344 3420 1502 3479 petiit.

173 3482 428 3539 Quomodo
449 3478 503 3528 8.
529 3479 780 3539 Ludgerus
799 3478 859 3526 ad
885 3479 1084 3539 patrima
1107 3478 1262 3526 rediit.

175 3535 250 3590 De
271 3540 483 3587 adventu
506 3540 558 3587 8.
588 3535 838 3586 Liai'uviui.

175 3602 252 3651 De
285 3601 421 3646 obitu
447 3598 494 3645 8.
522 3596 767 3645 Liafuvini.

177 3658 429 3719 Quomodo
450 3656 500 3719 S.
526 3656 777 3719 Ludgerus
798 3657 843 3702 in
870 3653 1040 3719 [rosis
1054 3653 1176 3719 idola
1195 3653 1449 3702 destruxit.

176 3712 251 3770 ῧθ
272 3718 583 3764 ordinatione
604 3712 777 3763 lubrici
797 3722 846 3764 et
865 3716 917 3765 8.
941 3712 1170 3774 Ludgeri.
1228 3771 1240 3774 Α
1280 3773 1283 3774 ν
1471 3765 1474 3770 _

176 3776 398 3838 Qualiter
451 3774 503 3824 S.
551 3776 773 3837 Ludgero
815 3771 1139 3836 gubernacula
1196 3771 1406 3833 plebium
1441 3772 1656 3820 revelata

114 3842 400 3958 “uigilanter
410 3895 468 3958 _S.
490 3890 1017 3958 Ludger_us_id_Eeresia
1040 3891 1300 3958 docuisset.

117 3945 367 4077 deis—ursus
401 3945 680 4015 Josepilvad
715 3953 767 4003 S.
808 3950 985 4001 Lud....
1033 3952 1242 4013 (Cretera
1295 3947 1439 4009 huius
1476 3945 1658 3999 indicis

514 4219 872 4278 PROLOGUS
906 4217 1263 4275 AUCTORIS.

186 4349 238 4403 ι.
269 4346 531 4403 Alti'ridus
556 4346 650 4400 Dei
676 4344 845 4414 gratia
884 4345 1160 4412 episcopus
1180 4342 1384 4397 dilectis
1407 4341 1658 4396 fratribus

1758 2628 1952 2682 torium
1979 2628 2030 2681 in
2060 2625 2315 2694 exemplis
2340 2624 2573 2678 Palmm.
2591 2621 2840 2690 Exempla
2862 2623 3022 2676 etiam
3058 2631 3112 2676 et
3139 2634 3291 2678 actus

1757 2716 1936 2769 sancti
1963 2714 2190 2784 Ludgeri
2245 2714 2363 2768 ideo
2404 2713 2556 2782 plene
2593 2711 3040 2778 comprehendere
3068 2727 3287 2779 nequeo,

1755 2805 1876 2872 quia
1907 2819 2008 2856 non
2034 2819 2094 2854 ea
2116 2803 2247 2865 ritu,
2274 2802 2364 2854 sed
2387 2801 2566 2853 auditu
2587 2800 2763 2860 didici,
2791 2800 2894 2851 illis
2917 2801 3292 2861 attestantibus,

1757 2891 1844 2959 qui
1869 2889 1932 2942 ab
1960 2888 2180 2957 infantia
2223 2887 2368 2941 illum
2421 2895 2704 2940 noverant.
2743 2885 3052 2955 llildigrimo
3102 2888 3292 2940 scilicet

1757 2978 1988 3045 episcopo
2013 2977 2189 3044 fratre
2214 2977 2344 3044 ejus,
2368 2986 2414 3028 et
2439 2973 2678 3042 ὗεν-[τίαο
2702 2977 2930 3044 episcopo
2960 2985 3134 3043 nepote
3156 2981 3293 3046 ejus,

1682 3073 1726 3133 ο
1755 3064 1844 3116 sed
1871 3073 1916 3115 et
1949 3062 2326 3117 sanctimoniali
2365 3061 2557 3128 femina
2592 3060 2863 3130 Herburga
2891 3077 3134 3131 germana
3158 3063 3293 3131 ejus,

1756 3167 1855 3206 nec
1883 3167 1986 3204 non
2013 3159 2066 3205 et
2088 3151 2476 3204 venerabiiibus
2509 3151 2622 3217 ejus
2656 3151 2976 3220 presbyteris
3000 3151 3251 3206 Aluberto
3275 3191 3291 3215 ,

1757 3244 1951 3312 Atingo
1981 3250 2034 3296 et
2062 3240 2391 3295 Thiatbaldo.
2418 3238 2716 3303 Virtutibus
2737 3234 2909 3308 igitur
2936 3238 3112 3293 multis
3135 3249 3294 3310 atque

1755 3334 1945 3402 signis,
1974 3347 2092 3401 qua:
2113 3347 2208 3400 per
2228 3331 2370 3384 illum
2396 3331 2660 3384 Dominus-
2675 3338 2924 3397 operatus
2953 3337 3052 3383 est.
3078 3342 3171 3397 per
3198 3341 3293 3381 ne-

1755 3424 2057 3494 gligentiam
2083 3420 2469 3490 praetermissis,
2499 3435 2561 3472 ea
2595 3419 2706 3472 sola
2731 3419 2850 3472 huic
2871 3419 3045 3473 libello
3071 3417 3286 3475 inscribi

1754 3511 1895 3575 feci,
1940 3525 2058 3577 qua:
2083 3523 2187 3562 una
2211 3508 2481 3562 vobiscum
2524 3514 2613 3560 aut
2639 3507 2756 3561 visu
2785 3507 3148 3576 deprehendi,
3197 3516 3292 3560 aut

1752 3599 1892 3654 facta
1923 3606 2067 3654 certe
2093 3597 2333 3666 cognovi.

2159 3739 2545 3817 INCIPIT
2599 3739 2866 3815 VITA.

1819 3889 1872 3943 2.
1911 3891 2083 3945 Vitam
2119 3889 2286 3943 sancti
2327 3888 2556 3957 Ludgeri
2586 3889 2896 3955 scripturus,
2945 3894 3117 3940 ratum
3163 3887 3290 3940 duxi

1753 3977 1910 4030 altius
1937 3976 2268 4043 repetendam
2287 4013 2301 4038 ,
2337 3983 2394 4027 ut
2421 3975 2612 4042 quibus
2660 3974 2712 4026 in
2754 3973 2853 4026 hoc
2880 3972 3070 4026 seaculo
3093 3973 3162 4024 sit
3185 3987 3283 4039 pa-

1754 4067 1992 4119 rentibus
2038 4065 2242 4128 editus,
2275 4065 2530 4118 evolvam.
2581 4063 2700 4117 Fuit
2747 4062 2799 4116 in
2827 4062 3010 4116 diebus
3052 4061 3289 4116 Radbodi

1755 4154 1895 4221 regis
1917 4151 2237 4206 Fredsonum
2261 4153 2340 4205 vir
2361 4152 2574 4219 quidam
2601 4151 2792 4204 noLiiis
2821 4150 2869 4202 in
2896 4164 2956 4203 ea
2977 4158 3130 4218 gente
3160 4150 3291 4202 νυτ-

1755 4243 1936 4309 singus
1978 4240 2188 4292 nomine
2211 4277 2226 4302 ,
2275 4247 2621 4307 cognomento
2650 4237 2793 4300 Ado;
2827 4237 2917 4303 qui
2954 4236 3194 4303 quamvis
3224 4235 3286 4288 ii-

1754 4328 1875 4381 dem
1923 4335 2117 4381 sancue
2145 4326 2418 4379 Trinitatis
2447 4324 2675 4378 nondum
2704 4324 2901 4389 sciret,
2951 4331 3066 4376 erat
3116 4331 3289 4376 tamen

118 4446 172 4491 et
215 4435 496 4491 monachis
537 4434 591 4488 iu
637 4408 878 4488 coenobio
904 4408 961 4486 S.
1001 4408 1290 4485 salvatoris
1318 4439 1372 4484 et
1399 4429 1456 4484 S.
1487 4430 1658 4483 Patris

1691 4408 1736 4465 D
1759 4414 1966 4483 adjutor
1990 4429 2297 4484 pauperum,
2319 4413 2573 4468 defensor
2591 4427 2984 4484 oppressorum,
3012 4413 3063 4466 in
3086 4411 3290 4478 judicio

118 4526 344 4597 Ludgeri
373 4525 600 4579 Domino
626 4523 973 4579 servientibus
997 4522 1050 4575 in
1071 4521 1296 4576 Christo.

188 4611 440 4666 Petitioui
464 4617 653 4662 vestra:
675 4609 869 4662 idcirco
907 4622 1222 4661 consensum
1259 4606 1498 4675 praebui,
1537 4606 1660 4673 quia

120 4700 370 4756 charitati
390 4707 582 4752 vestra:
596 4697 724 4750 nihil
738 4697 994 4764 denegare
1006 4697 1169 4763 potui.
1183 4695 1490 4749 Postulastis
1503 4695 1662 4762 igitur
1674 4752 1676 4755 ,

120 4789 324 4843 crebris
369 4786 648 4857 precibus,
695 4790 756 4838 ut
798 4784 862 4838 de
889 4783 1006 4838 Vita
1035 4783 1090 4836 S.
1119 4784 1294 4836 Patris
1322 4782 1544 4850 Ludgeri
1568 4782 1660 4834 ali-

120 4878 244 4945 quid
280 4863 520 4932 scribere
547 4875 811 4929 studerem
838 4914 854 4938 ,
899 4881 1158 4942 quatenus
1207 4863 1317 4924 tam
1362 4872 1658 4924 veneranda

122 4963 262 5018 illius
293 4961 540 5030 exempla
579 4951 758 5016 multis
799 4961 866 5015 ad
893 4960 1290 5015 aediﬁcationem
1321 4959 1656 5026 proﬁcerent.

121 5053 200 5106 Ad
221 5053 364 5122 quod
389 5051 680 5105 studiosum
707 5065 838 5119 opus
880 5051 1230 5119 peragendum
1256 5088 1271 5112 ,
1297 5049 1536 5116 quamvis
1561 5049 1660 5101 im-

123 5156 299 5210 parem
331 5154 420 5196 me
454 5154 594 5204 esse,
619 5147 673 5193 et
695 5140 914 5193 scientia
942 5125 995 5194 et
1018 5141 1254 5193 doctrina
1291 5139 1513 5193 debilem
1552 5140 1658 5192 sci-

124 5245 230 5285 rem
255 5269 272 5294 ,
319 5241 500 5283 tamen
549 5227 805 5282 charitate
831 5235 1048 5296 cogente
1079 5237 1144 5280 aa
1172 5228 1300 5280 illud
1327 5227 1659 5280 scribendum

125 5320 356 5374 animum
386 5317 588 5387 appuli,
613 5316 736 5385 quia
764 5313 914 5370 nefas
939 5316 1187 5384 putabam
1217 5314 1346 5368 tanti
1371 5315 1472 5368 viri
1497 5314 1660 5368 latere

124 5408 364 5461 virtutes.
399 5403 532 5459 Cum
564 5405 704 5458 beati
731 5402 966 5474 Gregorii
1002 5405 1068 5456 ad
1097 5403 1485 5472 indagationem
1522 5402 1658 5456 sacri

126 5494 270 5548 verbi
315 5506 486 5548 sonus
523 5490 664 5546 dicat
691 5507 706 5544 :
745 5490 880 5545 Sunt
902 5490 1152 5550 nonnulli,
1181 5505 1312 5558 quos
1334 5491 1398 5543 ad
1427 5504 1658 5543 amorem

125 5583 350 5638 ccriestis
379 5579 567 5650 patrie
596 5579 715 5648 plus
761 5579 1000 5647 exempla
1044 5593 1199 5646 quam
1257 5579 1658 5646 praedicamenta

127 5673 427 5727 incendunt.
464 5668 551 5722 Fit
583 5683 707 5723 vero
749 5667 1053 5736 plerumque
1087 5668 1262 5721 animo
1299 5666 1488 5734 duplex
1515 5665 1660 5732 adju-

1757 4521 1965 4574 quoque
1987 4505 2179 4572 justus.
2207 4505 2274 4558 Et
2301 4505 2422 4572 quia
2445 4518 2572 4571 gens
2600 4502 2687 4555 illa
2722 4515 2786 4555 eo
2806 4571 2810 4578 ι
2833 4511 3064 4569 tempore
3108 4501 3160 4553 in
3200 4514 3290 4554 er-

1757 4610 1877 4649 rore
1909 4593 2230 4647 inﬁdelitatis
2257 4600 2371 4645 erat
2395 4602 2676 4654 excaecata,
2719 4590 2870 4644 multi
2903 4589 3067 4642 multa
3097 4587 3289 4654 iniusta

1758 4697 1787 4735 a
1811 4696 1933 4750 rege
1954 4689 2006 4733 et
2029 4681 2093 4732 ab
2115 4678 2227 4745 ejus
2263 4678 2518 4733 ministris
2553 4685 2673 4730 sunt
2694 4676 2946 4744 perpessi.
2973 4674 3119 4727 Alios
3145 4675 3288 4727 enim

1757 4786 1849 4823 rex
1878 4770 2011 4821 idem
2036 4768 2331 4821 insidiando
2355 4771 2655 4826 necaverat,
2669 4772 2722 4817 et
2745 4761 3080 4816 hatreditates
3101 4775 3289 4814 eorum

1755 4858 2059 4928 possidebat
2087 4897 2100 4920 ,
2149 4865 2202 4910 et
2243 4856 2582 4924 nihilominus
2607 4853 2708 4907 sibi
2749 4851 3080 4906 hereditates
3106 4866 3288 4904 eorum

1754 4947 2074 5001 vindicabat.
2115 4945 2216 4998 Sed
2241 4943 2323 4996 vir
2340 4943 2587 5012 praefatus
2606 4957 2664 4996 se
2689 4941 2902 5019 minime
2934 4938 3248 4992 subtrahens
3269 4975 3285 5002 ,

1755 5038 2036 5106 quominus
2062 5035 2336 5088 veritatem
2364 5047 2540 5088 coram
2579 5044 2700 5095 rege
2727 5037 2781 5083 et
2818 5028 2931 5098 ejus
2963 5027 3288 5097 principibus

1757 5126 2080 5188 defenderet,
2106 5123 2298 5176 nullius
2329 5135 2605 5192 personam
2633 5121 2684 5173 in
2706 5117 2989 5185 iudicando
3022 5113 3164 5182 juste
3186 5153 3201 5178 ,
3233 5121 3289 5167 et

1757 5215 2119 5284 amplectendo
2162 5215 2436 5267 veritatem
2473 5211 2806 5280 respiciebat.
2835 5207 2944 5272 Qua
2974 5207 3038 5261 de
3072 5219 3131 5258 re
3162 5219 3288 5258 con-

1756 5306 1896 5376 tigit,
1917 5315 1975 5359 nt
1995 5310 2214 5374 magnas
2239 5319 2268 5357 a
2296 5316 2417 5371 rege
2439 5301 2636 5355 crudeli
2661 5299 2878 5353 insidias
2900 5302 3189 5364 pateretur,
3213 5296 3284 5348 ita

1750 5406 1817 5453 ‘ut
1857 5397 2068 5465 inberet
2115 5397 2262 5449 illum
2307 5395 2493 5449 callide
2521 5389 2763 5450 interﬁci,
2787 5397 2840 5443 et
2865 5387 3138 5441 facultates
3164 5399 3290 5438 suas

1757 5490 1886 5543 tolli.
1919 5489 2067 5555 Quod
2110 5486 2298 5540 lethale
2325 5485 2597 5540 consilium
2644 5480 2717 5534 illi
2751 5479 2998 5534 continuo
3043 5487 3178 5529 unus
3221 5488 3284 5527 ex

1756 5577 2070 5633 consiliariis
2110 5576 2249 5644 regis
2282 5575 2523 5629 nuntiare
2565 5569 2799 5634 curavit,
2840 5583 2904 5622 eo
2944 5566 3082 5636 quod
3107 5578 3138 5619 a
3175 5563 3290 5636 plu-

1760 5669 1904 5746 ribus
1930 5667 2268 5735 diligeretur.
