  <div class='ocr_page' id='page_1' title='image "/cluster/home/n/w/nwhite01/storage/ocr_20150623/99-100/uc1.31175006946845/395.png"; bbox 0 0 4110 6480; ppageno 0'>
   <div class='ocr_carea' id='block_1_1' title="bbox 648 482 749 535">
    <p class='ocr_par' dir='ltr' id='par_1_1' title="bbox 648 482 749 535">
     <span class='ocr_line' id='line_1_1' title="bbox 648 482 749 535; baseline 0.04 -4"><span class='ocrx_word' id='word_1_1' title='bbox 648 482 749 535; x_wconf 77' lang='grc'><strong>’171</strong></span> 
     </span>
    </p>
   </div>
   <div class='ocr_carea' id='block_1_2' title="bbox 1613 472 2834 532">
    <p class='ocr_par' dir='ltr' id='par_1_2' title="bbox 1613 472 2834 532">
     <span class='ocr_line' id='line_1_2' title="bbox 1613 472 2834 532; baseline -0.006 -1"><span class='ocrx_word' id='word_1_2' title='bbox 1613 476 1703 531; x_wconf 81' lang='lat' dir='ltr'><strong>AD</strong></span> <span class='ocrx_word' id='word_1_3' title='bbox 1739 478 1797 532; x_wconf 92' lang='lat' dir='ltr'><strong>S.</strong></span> <span class='ocrx_word' id='word_1_4' title='bbox 1835 474 2127 532; x_wconf 77' lang='lat' dir='ltr'><strong>LUDGERI</strong></span> <span class='ocrx_word' id='word_1_5' title='bbox 2164 472 2443 527; x_wconf 70' lang='lat' dir='ltr'><strong>SCRIPTA</strong></span> <span class='ocrx_word' id='word_1_6' title='bbox 2483 472 2834 526; x_wconf 77' lang='lat' dir='ltr'><strong>APPENDIX.</strong></span> 
     </span>
    </p>
   </div>
   <div class='ocr_carea' id='block_1_3' title="bbox 3414 9 3976 237">
    <p class='ocr_par' dir='ltr' id='par_1_3' title="bbox 3414 9 3976 237">
     <span class='ocr_line' id='line_1_3' title="bbox 3414 9 3976 237; baseline -0.005 -210"><span class='ocrx_word' id='word_1_7' title='bbox 3414 9 3976 237; x_wconf 42' lang='grc' dir='ltr'><strong>..Ἦ</strong></span> 
     </span>
    </p>
   </div>
   <div class='ocr_carea' id='block_1_4' title="bbox 3702 463 3805 517">
    <p class='ocr_par' dir='ltr' id='par_1_4' title="bbox 3702 463 3805 517">
     <span class='ocr_line' id='line_1_4' title="bbox 3702 463 3805 517; baseline 0 0"><span class='ocrx_word' id='word_1_8' title='bbox 3702 463 3805 517; x_wconf 77' lang='lat' dir='ltr'><strong>m</strong></span> 
     </span>
    </p>
   </div>
   <div class='ocr_carea' id='block_1_5' title="bbox 714 568 3806 652">
    <p class='ocr_par' dir='ltr' id='par_1_5' title="bbox 714 568 3806 652">
     <span class='ocr_line' id='line_1_5' title="bbox 714 568 3806 652; baseline -0.006 -11"><span class='ocrx_word' id='word_1_9' title='bbox 714 589 770 642; x_wconf 77' lang='lat'><strong>3.</strong></span> <span class='ocrx_word' id='word_1_10' title='bbox 800 578 1248 652; x_wconf 75' lang='lat' dir='ltr'><strong>Tuchursingus</strong></span> <span class='ocrx_word' id='word_1_11' title='bbox 1267 598 1371 637; x_wconf 87' lang='lat' dir='ltr'><strong>una</strong></span> <span class='ocrx_word' id='word_1_12' title='bbox 1391 598 1511 637; x_wconf 90' lang='lat' dir='ltr'><strong>cum</strong></span> <span class='ocrx_word' id='word_1_13' title='bbox 1529 582 1749 652; x_wconf 89' lang='lat' dir='ltr'><strong>conjuge</strong></span> <span class='ocrx_word' id='word_1_14' title='bbox 1765 598 1858 637; x_wconf 89' lang='lat' dir='ltr'><strong>sua</strong></span> <span class='ocrx_word' id='word_1_15' title='bbox 1882 579 2175 648; x_wconf 80' lang='lat' dir='ltr'><strong>Adalgarda</strong></span> <span class='ocrx_word' id='word_1_16' title='bbox 2205 595 2251 650; x_wconf 72' lang='grc' dir='ltr'>Α</span> <span class='ocrx_word' id='word_1_17' title='bbox 2277 578 2402 630; x_wconf 89' lang='lat' dir='ltr'><strong>mini</strong></span> <span class='ocrx_word' id='word_1_18' title='bbox 2431 576 2674 644; x_wconf 87' lang='lat' dir='ltr'><strong>eonjugio</strong></span> <span class='ocrx_word' id='word_1_19' title='bbox 2718 576 2969 644; x_wconf 63' lang='lat' dir='ltr'><strong>copulatae</strong></span> <span class='ocrx_word' id='word_1_20' title='bbox 3004 582 3143 634; x_wconf 87' lang='lat' dir='ltr'><strong>sunt,</strong></span> <span class='ocrx_word' id='word_1_21' title='bbox 3173 568 3378 626; x_wconf 79' lang='lat' dir='ltr'><strong>vivente</strong></span> <span class='ocrx_word' id='word_1_22' title='bbox 3410 579 3578 638; x_wconf 85' lang='lat' dir='ltr'><strong>patre,</strong></span> <span class='ocrx_word' id='word_1_23' title='bbox 3602 570 3806 624; x_wconf 84' lang='lat' dir='ltr'><strong>habuit-</strong></span> 
     </span>
    </p>
   </div>
   <div class='ocr_carea' id='block_1_6' title="bbox 645 670 2181 739">
    <p class='ocr_par' dir='ltr' id='par_1_6' title="bbox 645 670 2181 739">
     <span class='ocr_line' id='line_1_6' title="bbox 645 670 2181 739; baseline -0.008 -10"><span class='ocrx_word' id='word_1_24' title='bbox 645 682 701 729; x_wconf 72' lang='grc' dir='ltr'><strong>οι</strong></span> <span class='ocrx_word' id='word_1_25' title='bbox 744 673 851 727; x_wconf 88' lang='lat' dir='ltr'><strong>ﬁlio</strong></span> <span class='ocrx_word' id='word_1_26' title='bbox 893 687 1013 735; x_wconf 89' lang='lat' dir='ltr'><strong>uno,</strong></span> <span class='ocrx_word' id='word_1_27' title='bbox 1042 686 1198 739; x_wconf 88' lang='lat' dir='ltr'><strong>quem</strong></span> <span class='ocrx_word' id='word_1_28' title='bbox 1245 671 1491 734; x_wconf 82' lang='lat' dir='ltr'><strong>habebat,</strong></span> <span class='ocrx_word' id='word_1_29' title='bbox 1521 670 1829 738; x_wconf 85' lang='lat' dir='ltr'><strong>Nothgrimo</strong></span> <span class='ocrx_word' id='word_1_30' title='bbox 1874 670 2103 730; x_wconf 90' lang='lat' dir='ltr'><strong>nomine,</strong></span> <span class='ocrx_word' id='word_1_31' title='bbox 2128 672 2181 718; x_wconf 90' lang='lat' dir='ltr'><strong>et</strong></span> 
     </span>
    </p>
   </div>
   <div class='ocr_carea' id='block_1_7' title="bbox 586 750 2181 830">
    <p class='ocr_par' dir='ltr' id='par_1_7' title="bbox 586 750 2181 830">
     <span class='ocr_line' id='line_1_7' title="bbox 586 750 2181 830; baseline -0.004 -15"><span class='ocrx_word' id='word_1_32' title='bbox 586 750 587 753; x_wconf 1' lang='lat' dir='ltr'><strong>V</strong></span> <span class='ocrx_word' id='word_1_33' title='bbox 647 778 767 816; x_wconf 86' lang='lat' dir='ltr'><strong>cum</strong></span> <span class='ocrx_word' id='word_1_34' title='bbox 794 762 973 830; x_wconf 79' lang='lat' dir='ltr'><strong>paucis</strong></span> <span class='ocrx_word' id='word_1_35' title='bbox 998 760 1297 815; x_wconf 76' lang='lat' dir='ltr'><strong>domesticis</strong></span> <span class='ocrx_word' id='word_1_36' title='bbox 1324 761 1433 813; x_wconf 82' lang='lat' dir='ltr'><strong>suis</strong></span> <span class='ocrx_word' id='word_1_37' title='bbox 1454 760 1657 814; x_wconf 87' lang='lat' dir='ltr'><strong>occulte</strong></span> <span class='ocrx_word' id='word_1_38' title='bbox 1684 758 1890 829; x_wconf 87' lang='lat' dir='ltr'><strong>fugiens</strong></span> <span class='ocrx_word' id='word_1_39' title='bbox 1909 759 1973 811; x_wconf 86' lang='lat' dir='ltr'><strong>ad</strong></span> <span class='ocrx_word' id='word_1_40' title='bbox 1996 758 2181 809; x_wconf 90' lang='lat' dir='ltr'><strong>ducem</strong></span> 
     </span>
    </p>
   </div>
   <div class='ocr_carea' id='block_1_8' title="bbox 646 844 2182 914">
    <p class='ocr_par' dir='ltr' id='par_1_8' title="bbox 646 844 2182 914">
     <span class='ocr_line' id='line_1_8' title="bbox 646 844 2182 914; baseline -0.005 -12"><span class='ocrx_word' id='word_1_41' title='bbox 646 852 988 912; x_wconf 85' lang='lat' dir='ltr'><strong>Francorum,</strong></span> <span class='ocrx_word' id='word_1_42' title='bbox 1017 849 1228 902; x_wconf 84' lang='lat' dir='ltr'><strong>nomine</strong></span> <span class='ocrx_word' id='word_1_43' title='bbox 1253 847 1581 901; x_wconf 86' lang='lat' dir='ltr'><strong>Grimoldum</strong></span> <span class='ocrx_word' id='word_1_44' title='bbox 1609 860 1633 887; x_wconf 78' lang='grc' dir='ltr'>ι</span> <span class='ocrx_word' id='word_1_45' title='bbox 1659 847 1921 914; x_wconf 88' lang='lat' dir='ltr'><strong>pervenit.—</strong></span> <span class='ocrx_word' id='word_1_46' title='bbox 1959 845 2057 909; x_wconf 85' lang='lat' dir='ltr'><strong>Qui</strong></span> <span class='ocrx_word' id='word_1_47' title='bbox 2093 844 2182 896; x_wconf 84' lang='lat' dir='ltr'><strong>be—</strong></span> 
     </span>
    </p>
   </div>
   <div class='ocr_carea' id='block_1_9' title="bbox 645 930 2181 1007">
    <p class='ocr_par' dir='ltr' id='par_1_9' title="bbox 645 930 2181 1007">
     <span class='ocr_line' id='line_1_9' title="bbox 645 930 2181 1007; baseline -0.008 -16"><span class='ocrx_word' id='word_1_48' title='bbox 645 940 803 1007; x_wconf 85' lang='lat' dir='ltr'><strong>nigne</strong></span> <span class='ocrx_word' id='word_1_49' title='bbox 828 939 895 989; x_wconf 84' lang='lat' dir='ltr'><strong>ab</strong></span> <span class='ocrx_word' id='word_1_50' title='bbox 925 937 1106 990; x_wconf 86' lang='lat' dir='ltr'><strong>eodem</strong></span> <span class='ocrx_word' id='word_1_51' title='bbox 1136 936 1265 988; x_wconf 89' lang='lat' dir='ltr'><strong>duce</strong></span> <span class='ocrx_word' id='word_1_52' title='bbox 1283 943 1579 1001; x_wconf 88' lang='lat' dir='ltr'><strong>susceptus,</strong></span> <span class='ocrx_word' id='word_1_53' title='bbox 1606 934 1861 987; x_wconf 76' lang='lat' dir='ltr'><strong>habitavit</strong></span> <span class='ocrx_word' id='word_1_54' title='bbox 1887 933 1938 983; x_wconf 91' lang='lat' dir='ltr'><strong>in</strong></span> <span class='ocrx_word' id='word_1_55' title='bbox 1971 930 2181 997; x_wconf 76' lang='lat' dir='ltr'><strong>regione</strong></span> 
     </span>
    </p>
   </div>
   <div class='ocr_carea' id='block_1_10' title="bbox 647 1018 2183 1087">
    <p class='ocr_par' dir='ltr' id='par_1_10' title="bbox 647 1018 2183 1087">
     <span class='ocr_line' id='line_1_10' title="bbox 647 1018 2183 1087; baseline -0.007 -9"><span class='ocrx_word' id='word_1_56' title='bbox 647 1023 1058 1087; x_wconf 74' lang='lat' dir='ltr'><strong>Francorumet</strong></span> <span class='ocrx_word' id='word_1_57' title='bbox 1082 1022 1314 1075; x_wconf 88' lang='lat' dir='ltr'><strong>imbutus</strong></span> <span class='ocrx_word' id='word_1_58' title='bbox 1349 1020 1448 1074; x_wconf 90' lang='lat' dir='ltr'><strong>ﬁde</strong></span> <span class='ocrx_word' id='word_1_59' title='bbox 1488 1020 1744 1073; x_wconf 88' lang='lat' dir='ltr'><strong>catholica</strong></span> <span class='ocrx_word' id='word_1_60' title='bbox 1786 1018 2027 1085; x_wconf 84' lang='lat' dir='ltr'><strong>baptismi</strong></span> <span class='ocrx_word' id='word_1_61' title='bbox 2059 1032 2183 1069; x_wconf 64' lang='lat' dir='ltr'><strong>eon—</strong></span> 
     </span>
    </p>
   </div>
   <div class='ocr_carea' id='block_1_11' title="bbox 596 1102 2184 1177">
    <p class='ocr_par' dir='ltr' id='par_1_11' title="bbox 596 1102 2184 1177">
     <span class='ocr_line' id='line_1_11' title="bbox 596 1102 2184 1177; baseline -0.007 -11"><span class='ocrx_word' id='word_1_62' title='bbox 596 1151 599 1155; x_wconf 65' lang='grc' dir='ltr'><strong><em>ι</em></strong></span> <span class='ocrx_word' id='word_1_63' title='bbox 646 1122 860 1166; x_wconf 89' lang='lat' dir='ltr'><strong>secutus</strong></span> <span class='ocrx_word' id='word_1_64' title='bbox 886 1118 967 1163; x_wconf 89' lang='lat' dir='ltr'><strong>est</strong></span> <span class='ocrx_word' id='word_1_65' title='bbox 992 1108 1236 1177; x_wconf 76' lang='lat' dir='ltr'><strong>gratiam,</strong></span> <span class='ocrx_word' id='word_1_66' title='bbox 1263 1121 1366 1159; x_wconf 90' lang='lat' dir='ltr'><strong>una</strong></span> <span class='ocrx_word' id='word_1_67' title='bbox 1395 1122 1514 1160; x_wconf 91' lang='lat' dir='ltr'><strong>cum</strong></span> <span class='ocrx_word' id='word_1_68' title='bbox 1539 1105 1756 1174; x_wconf 81' lang='lat' dir='ltr'><strong>conjuge</strong></span> <span class='ocrx_word' id='word_1_69' title='bbox 1786 1120 1878 1158; x_wconf 90' lang='lat' dir='ltr'><strong>sua</strong></span> <span class='ocrx_word' id='word_1_70' title='bbox 1907 1113 1961 1157; x_wconf 90' lang='lat' dir='ltr'><strong>et</strong></span> <span class='ocrx_word' id='word_1_71' title='bbox 1989 1102 2096 1155; x_wconf 89' lang='lat' dir='ltr'><strong>ﬁlio</strong></span> <span class='ocrx_word' id='word_1_72' title='bbox 2122 1117 2184 1155; x_wconf 90' lang='lat' dir='ltr'><strong>ac</strong></span> 
     </span>
    </p>
   </div>
   <div class='ocr_carea' id='block_1_12' title="bbox 646 1192 2183 1265">
    <p class='ocr_par' dir='ltr' id='par_1_12' title="bbox 646 1192 2183 1265">
     <span class='ocr_line' id='line_1_12' title="bbox 646 1192 2183 1265; baseline -0.007 -12"><span class='ocrx_word' id='word_1_73' title='bbox 646 1199 803 1253; x_wconf 89' lang='lat' dir='ltr'><strong>domo</strong></span> <span class='ocrx_word' id='word_1_74' title='bbox 824 1199 1045 1265; x_wconf 88' lang='lat' dir='ltr'><strong>reliqua.</strong></span> <span class='ocrx_word' id='word_1_75' title='bbox 1069 1196 1195 1248; x_wconf 87' lang='lat' dir='ltr'><strong>Post</strong></span> <span class='ocrx_word' id='word_1_76' title='bbox 1215 1194 1417 1263; x_wconf 75' lang='lat' dir='ltr'><strong>pnefati</strong></span> <span class='ocrx_word' id='word_1_77' title='bbox 1446 1210 1569 1248; x_wconf 90' lang='lat' dir='ltr'><strong>vero</strong></span> <span class='ocrx_word' id='word_1_78' title='bbox 1594 1195 1741 1248; x_wconf 89' lang='lat' dir='ltr'><strong>ducis</strong></span> <span class='ocrx_word' id='word_1_79' title='bbox 1762 1194 1963 1246; x_wconf 89' lang='lat' dir='ltr'><strong>obitum</strong></span> <span class='ocrx_word' id='word_1_80' title='bbox 1993 1192 2183 1259; x_wconf 82' lang='lat' dir='ltr'><strong>singuli</strong></span> 
     </span>
    </p>
   </div>
   <div class='ocr_carea' id='block_1_13' title="bbox 647 1275 2184 1350">
    <p class='ocr_par' dir='ltr' id='par_1_13' title="bbox 647 1275 2184 1350">
     <span class='ocr_line' id='line_1_13' title="bbox 647 1275 2184 1350; baseline -0.008 -7"><span class='ocrx_word' id='word_1_81' title='bbox 647 1288 811 1343; x_wconf 87' lang='lat' dir='ltr'><strong>duces</strong></span> <span class='ocrx_word' id='word_1_82' title='bbox 851 1287 1174 1339; x_wconf 82' lang='lat' dir='ltr'><strong>Francorum</strong></span> <span class='ocrx_word' id='word_1_83' title='bbox 1213 1283 1561 1337; x_wconf 86' lang='lat' dir='ltr'><strong>venerabilem</strong></span> <span class='ocrx_word' id='word_1_84' title='bbox 1598 1275 1912 1350; x_wconf 81' lang='lat' dir='ltr'><strong>Vursingum</strong></span> <span class='ocrx_word' id='word_1_85' title='bbox 1957 1282 2184 1333; x_wconf 87' lang='lat' dir='ltr'><strong>honora-</strong></span> 
     </span>
    </p>
   </div>
   <div class='ocr_carea' id='block_1_14' title="bbox 646 1364 2184 1438">
    <p class='ocr_par' dir='ltr' id='par_1_14' title="bbox 646 1364 2184 1438">
     <span class='ocr_line' id='line_1_14' title="bbox 646 1364 2184 1438; baseline -0.006 -11"><span class='ocrx_word' id='word_1_86' title='bbox 646 1383 759 1438; x_wconf 80' lang='lat' dir='ltr'><strong>tum</strong></span> <span class='ocrx_word' id='word_1_87' title='bbox 798 1372 1066 1427; x_wconf 89' lang='lat' dir='ltr'><strong>beneﬁciis</strong></span> <span class='ocrx_word' id='word_1_88' title='bbox 1092 1371 1422 1425; x_wconf 91' lang='lat' dir='ltr'><strong>retinuerunt</strong></span> <span class='ocrx_word' id='word_1_89' title='bbox 1449 1364 1657 1431; x_wconf 83' lang='lat' dir='ltr'><strong>secum;</strong></span> <span class='ocrx_word' id='word_1_90' title='bbox 1680 1384 1811 1422; x_wconf 83' lang='lat' dir='ltr'><strong>uxor</strong></span> <span class='ocrx_word' id='word_1_91' title='bbox 1837 1384 1961 1422; x_wconf 90' lang='lat' dir='ltr'><strong>vero</strong></span> <span class='ocrx_word' id='word_1_92' title='bbox 1990 1367 2103 1433; x_wconf 80' lang='lat' dir='ltr'><strong>eius</strong></span> <span class='ocrx_word' id='word_1_93' title='bbox 2132 1366 2184 1419; x_wconf 90' lang='lat' dir='ltr'><strong>in</strong></span> 
     </span>
    </p>
   </div>
   <div class='ocr_carea' id='block_1_15' title="bbox 647 1457 2187 1529">
    <p class='ocr_par' dir='ltr' id='par_1_15' title="bbox 647 1457 2187 1529">
     <span class='ocr_line' id='line_1_15' title="bbox 647 1457 2187 1529; baseline -0.003 -15"><span class='ocrx_word' id='word_1_94' title='bbox 647 1462 1062 1529; x_wconf 90' lang='lat' dir='ltr'><strong>peregrinatione</strong></span> <span class='ocrx_word' id='word_1_95' title='bbox 1083 1460 1195 1527; x_wconf 86' lang='lat' dir='ltr'><strong>ejus</strong></span> <span class='ocrx_word' id='word_1_96' title='bbox 1216 1461 1437 1513; x_wconf 72' lang='lat' dir='ltr'><strong>alterum</strong></span> <span class='ocrx_word' id='word_1_97' title='bbox 1462 1459 1562 1512; x_wconf 90' lang='lat' dir='ltr'><strong>sibi</strong></span> <span class='ocrx_word' id='word_1_98' title='bbox 1583 1459 1762 1525; x_wconf 82' lang='lat' dir='ltr'><strong>genuit</strong></span> <span class='ocrx_word' id='word_1_99' title='bbox 1787 1457 1949 1509; x_wconf 90' lang='lat' dir='ltr'><strong>ﬁlium</strong></span> <span class='ocrx_word' id='word_1_100' title='bbox 1976 1457 2187 1509; x_wconf 88' lang='lat' dir='ltr'><strong>nomine</strong></span> 
     </span>
    </p>
   </div>
   <div class='ocr_carea' id='block_1_16' title="bbox 648 1544 2185 1617">
    <p class='ocr_par' dir='ltr' id='par_1_16' title="bbox 648 1544 2185 1617">
     <span class='ocr_line' id='line_1_16' title="bbox 648 1544 2185 1617; baseline -0.003 -17"><span class='ocrx_word' id='word_1_101' title='bbox 648 1547 1048 1617; x_wconf 79' lang='lat' dir='ltr'><strong>Thiatgrimum,</strong></span> <span class='ocrx_word' id='word_1_102' title='bbox 1079 1556 1133 1602; x_wconf 87' lang='lat' dir='ltr'><strong>et</strong></span> <span class='ocrx_word' id='word_1_103' title='bbox 1175 1547 1309 1601; x_wconf 87' lang='lat' dir='ltr'><strong>ﬁlias</strong></span> <span class='ocrx_word' id='word_1_104' title='bbox 1350 1562 1558 1609; x_wconf 91' lang='lat' dir='ltr'><strong>novem,</strong></span> <span class='ocrx_word' id='word_1_105' title='bbox 1601 1555 1654 1598; x_wconf 93' lang='lat' dir='ltr'><strong>et</strong></span> <span class='ocrx_word' id='word_1_106' title='bbox 1700 1546 1943 1599; x_wconf 82' lang='lat' dir='ltr'><strong>defuncta</strong></span> <span class='ocrx_word' id='word_1_107' title='bbox 1975 1544 2105 1597; x_wconf 87' lang='lat' dir='ltr'><strong>obiit</strong></span> <span class='ocrx_word' id='word_1_108' title='bbox 2134 1544 2185 1595; x_wconf 90' lang='lat' dir='ltr'><strong>in</strong></span> 
     </span>
    </p>
   </div>
   <div class='ocr_carea' id='block_1_17' title="bbox 646 1634 2187 1706">
    <p class='ocr_par' dir='ltr' id='par_1_17' title="bbox 646 1634 2187 1706">
     <span class='ocr_line' id='line_1_17' title="bbox 646 1634 2187 1706; baseline -0.006 -13"><span class='ocrx_word' id='word_1_109' title='bbox 646 1652 805 1706; x_wconf 85' lang='lat' dir='ltr'><strong>pace,</strong></span> <span class='ocrx_word' id='word_1_110' title='bbox 832 1653 930 1691; x_wconf 90' lang='lat' dir='ltr'><strong>nec</strong></span> <span class='ocrx_word' id='word_1_111' title='bbox 961 1653 1061 1690; x_wconf 90' lang='lat' dir='ltr'><strong>non</strong></span> <span class='ocrx_word' id='word_1_112' title='bbox 1090 1646 1141 1690; x_wconf 89' lang='lat' dir='ltr'><strong>et</strong></span> <span class='ocrx_word' id='word_1_113' title='bbox 1170 1652 1259 1691; x_wconf 78' lang='lat' dir='ltr'><strong>sex</strong></span> <span class='ocrx_word' id='word_1_114' title='bbox 1288 1638 1407 1689; x_wconf 71' lang='lat' dir='ltr'><strong>ﬁlia:</strong></span> <span class='ocrx_word' id='word_1_115' title='bbox 1436 1636 1547 1703; x_wconf 87' lang='lat' dir='ltr'><strong>ejus</strong></span> <span class='ocrx_word' id='word_1_116' title='bbox 1576 1636 1627 1687; x_wconf 90' lang='lat' dir='ltr'><strong>in</strong></span> <span class='ocrx_word' id='word_1_117' title='bbox 1656 1634 1955 1703; x_wconf 82' lang='lat' dir='ltr'><strong>virginitate</strong></span> <span class='ocrx_word' id='word_1_118' title='bbox 1983 1634 2187 1685; x_wconf 90' lang='lat' dir='ltr'><strong>subtra-</strong></span> 
     </span>
    </p>
   </div>
   <div class='ocr_carea' id='block_1_18' title="bbox 647 1721 2186 1792">
    <p class='ocr_par' dir='ltr' id='par_1_18' title="bbox 647 1721 2186 1792">
     <span class='ocr_line' id='line_1_18' title="bbox 647 1721 2186 1792; baseline -0.003 -16"><span class='ocrx_word' id='word_1_119' title='bbox 647 1736 745 1779; x_wconf 64' lang='lat' dir='ltr'><strong>cta:</strong></span> <span class='ocrx_word' id='word_1_120' title='bbox 771 1733 912 1778; x_wconf 92' lang='lat' dir='ltr'><strong>sunt.</strong></span> <span class='ocrx_word' id='word_1_121' title='bbox 937 1724 1095 1777; x_wconf 82' lang='lat' dir='ltr'><strong>Pater</strong></span> <span class='ocrx_word' id='word_1_122' title='bbox 1126 1725 1281 1792; x_wconf 91' lang='lat' dir='ltr'><strong>igitur</strong></span> <span class='ocrx_word' id='word_1_123' title='bbox 1304 1723 1437 1775; x_wconf 91' lang='lat' dir='ltr'><strong>ﬁlios</strong></span> <span class='ocrx_word' id='word_1_124' title='bbox 1458 1723 1589 1774; x_wconf 90' lang='lat' dir='ltr'><strong>duos</strong></span> <span class='ocrx_word' id='word_1_125' title='bbox 1616 1736 1734 1773; x_wconf 90' lang='lat' dir='ltr'><strong>cum</strong></span> <span class='ocrx_word' id='word_1_126' title='bbox 1765 1721 1968 1772; x_wconf 77' lang='lat' dir='ltr'><strong>ﬁliabus</strong></span> <span class='ocrx_word' id='word_1_127' title='bbox 1996 1721 2186 1780; x_wconf 85' lang='lat' dir='ltr'><strong>tribus,</strong></span> 
     </span>
    </p>
   </div>
   <div class='ocr_carea' id='block_1_19' title="bbox 2279 660 3807 733">
    <p class='ocr_par' dir='ltr' id='par_1_19' title="bbox 2279 660 3807 733">
     <span class='ocr_line' id='line_1_19' title="bbox 2279 660 3807 733; baseline -0.005 -15"><span class='ocrx_word' id='word_1_128' title='bbox 2279 682 2379 733; x_wconf 88' lang='lat' dir='ltr'><strong>quc</strong></span> <span class='ocrx_word' id='word_1_129' title='bbox 2406 667 2681 733; x_wconf 91' lang='lat' dir='ltr'><strong>progenies</strong></span> <span class='ocrx_word' id='word_1_130' title='bbox 2710 665 2795 716; x_wconf 90' lang='lat' dir='ltr'><strong>illa</strong></span> <span class='ocrx_word' id='word_1_131' title='bbox 2825 678 3065 732; x_wconf 88' lang='lat' dir='ltr'><strong>magnam</strong></span> <span class='ocrx_word' id='word_1_132' title='bbox 3112 660 3519 714; x_wconf 89' lang='lat' dir='ltr'><strong>familiaritatem</strong></span> <span class='ocrx_word' id='word_1_133' title='bbox 3548 674 3667 712; x_wconf 88' lang='lat' dir='ltr'><strong>cum</strong></span> <span class='ocrx_word' id='word_1_134' title='bbox 3691 675 3807 711; x_wconf 62' lang='lat' dir='ltr'><strong>san-</strong></span> 
     </span>
    </p>
   </div>
   <div class='ocr_carea' id='block_1_20' title="bbox 2278 744 3904 819">
    <p class='ocr_par' dir='ltr' id='par_1_20' title="bbox 2278 744 3904 819">
     <span class='ocr_line' id='line_1_20' title="bbox 2278 744 3904 819; baseline -0.004 -9"><span class='ocrx_word' id='word_1_135' title='bbox 2278 768 2363 810; x_wconf 91' lang='lat' dir='ltr'><strong>cto</strong></span> <span class='ocrx_word' id='word_1_136' title='bbox 2393 758 2746 819; x_wconf 82' lang='lat' dir='ltr'><strong>Willibrordo,</strong></span> <span class='ocrx_word' id='word_1_137' title='bbox 2779 772 2876 810; x_wconf 89' lang='lat' dir='ltr'><strong>nec</strong></span> <span class='ocrx_word' id='word_1_138' title='bbox 2920 772 3022 809; x_wconf 86' lang='lat' dir='ltr'><strong>non</strong></span> <span class='ocrx_word' id='word_1_139' title='bbox 3065 765 3263 808; x_wconf 87' lang='lat' dir='ltr'><strong>etcum</strong></span> <span class='ocrx_word' id='word_1_140' title='bbox 3311 763 3493 807; x_wconf 89' lang='lat' dir='ltr'><strong>sancto</strong></span> <span class='ocrx_word' id='word_1_141' title='bbox 3521 751 3806 815; x_wconf 82' lang='lat' dir='ltr'><strong>Bonifaeio,</strong></span> <span class='ocrx_word' id='word_1_142' title='bbox 3892 744 3904 753; x_wconf 84' lang='grc'><em>’</em></span> 
     </span>
    </p>
   </div>
   <div class='ocr_carea' id='block_1_21' title="bbox 2279 840 3803 912">
    <p class='ocr_par' dir='ltr' id='par_1_21' title="bbox 2279 840 3803 912">
     <span class='ocr_line' id='line_1_21' title="bbox 2279 840 3803 912; baseline -0.003 -17"><span class='ocrx_word' id='word_1_143' title='bbox 2279 845 2365 911; x_wconf 88' lang='lat' dir='ltr'><strong>qui</strong></span> <span class='ocrx_word' id='word_1_144' title='bbox 2392 853 2509 912; x_wconf 90' lang='lat' dir='ltr'><strong>post</strong></span> <span class='ocrx_word' id='word_1_145' title='bbox 2538 858 2657 896; x_wconf 91' lang='lat' dir='ltr'><strong>cum</strong></span> <span class='ocrx_word' id='word_1_146' title='bbox 2699 844 2934 911; x_wconf 85' lang='lat' dir='ltr'><strong>partibus</strong></span> <span class='ocrx_word' id='word_1_147' title='bbox 2983 843 3085 903; x_wconf 81' lang='lat' dir='ltr'><strong>illis</strong></span> <span class='ocrx_word' id='word_1_148' title='bbox 3125 842 3306 895; x_wconf 90' lang='lat' dir='ltr'><strong>doctor</strong></span> <span class='ocrx_word' id='word_1_149' title='bbox 3350 855 3568 894; x_wconf 89' lang='lat' dir='ltr'><strong>serenus</strong></span> <span class='ocrx_word' id='word_1_150' title='bbox 3614 840 3803 900; x_wconf 77' lang='lat' dir='ltr'><strong>illuxit,</strong></span> 
     </span>
    </p>
   </div>
   <div class='ocr_carea' id='block_1_22' title="bbox 2278 928 3813 997">
    <p class='ocr_par' dir='ltr' id='par_1_22' title="bbox 2278 928 3813 997">
     <span class='ocr_line' id='line_1_22' title="bbox 2278 928 3813 997; baseline -0.003 -16"><span class='ocrx_word' id='word_1_151' title='bbox 2278 932 2614 997; x_wconf 85' lang='lat' dir='ltr'><strong>quoadusque</strong></span> <span class='ocrx_word' id='word_1_152' title='bbox 2640 944 2734 996; x_wconf 90' lang='lat' dir='ltr'><strong>pro</strong></span> <span class='ocrx_word' id='word_1_153' title='bbox 2764 929 2863 981; x_wconf 88' lang='lat' dir='ltr'><strong>ﬁde</strong></span> <span class='ocrx_word' id='word_1_154' title='bbox 2886 928 3082 982; x_wconf 86' lang='lat' dir='ltr'><strong>Christi</strong></span> <span class='ocrx_word' id='word_1_155' title='bbox 3108 929 3355 996; x_wconf 82' lang='lat' dir='ltr'><strong>martyrio</strong></span> <span class='ocrx_word' id='word_1_156' title='bbox 3377 936 3675 988; x_wconf 88' lang='lat' dir='ltr'><strong>coronatus,</strong></span> <span class='ocrx_word' id='word_1_157' title='bbox 3701 929 3813 993; x_wconf 38' lang='lat' dir='ltr'><strong>spi:</strong></span> 
     </span>
    </p>
   </div>
   <div class='ocr_carea' id='block_1_23' title="bbox 2282 1015 3816 1085">
    <p class='ocr_par' dir='ltr' id='par_1_23' title="bbox 2282 1015 3816 1085">
     <span class='ocr_line' id='line_1_23' title="bbox 2282 1015 3816 1085; baseline -0.002 -16"><span class='ocrx_word' id='word_1_158' title='bbox 2282 1019 2438 1071; x_wconf 84' lang='lat' dir='ltr'><strong>ritum</strong></span> <span class='ocrx_word' id='word_1_159' title='bbox 2465 1019 2688 1070; x_wconf 82' lang='lat' dir='ltr'><strong>reddidit</strong></span> <span class='ocrx_word' id='word_1_160' title='bbox 2729 1018 2780 1069; x_wconf 93' lang='lat' dir='ltr'><strong>iu</strong></span> <span class='ocrx_word' id='word_1_161' title='bbox 2806 1032 2959 1085; x_wconf 87' lang='lat' dir='ltr'><strong>pago,</strong></span> <span class='ocrx_word' id='word_1_162' title='bbox 2987 1016 3070 1070; x_wconf 92' lang='lat' dir='ltr'><strong>cui</strong></span> <span class='ocrx_word' id='word_1_163' title='bbox 3098 1031 3283 1069; x_wconf 88' lang='lat' dir='ltr'><strong>nomen</strong></span> <span class='ocrx_word' id='word_1_164' title='bbox 3312 1016 3565 1069; x_wconf 80' lang='lat' dir='ltr'><strong>Astrache</strong></span> <span class='ocrx_word' id='word_1_165' title='bbox 3583 1054 3598 1075; x_wconf 94' lang='lat'><strong>,</strong></span> <span class='ocrx_word' id='word_1_166' title='bbox 3625 1015 3816 1068; x_wconf 77' lang='lat' dir='ltr'><strong>inloco</strong></span> 
     </span>
    </p>
   </div>
   <div class='ocr_carea' id='block_1_24' title="bbox 2280 1106 3809 1177">
    <p class='ocr_par' dir='ltr' id='par_1_24' title="bbox 2280 1106 3809 1177">
     <span class='ocr_line' id='line_1_24' title="bbox 2280 1106 3809 1177; baseline -0.003 -18"><span class='ocrx_word' id='word_1_167' title='bbox 2280 1108 2368 1173; x_wconf 83' lang='lat' dir='ltr'><strong>qui</strong></span> <span class='ocrx_word' id='word_1_168' title='bbox 2394 1108 2650 1177; x_wconf 89' lang='lat' dir='ltr'><strong>Doccinga</strong></span> <span class='ocrx_word' id='word_1_169' title='bbox 2676 1117 2911 1175; x_wconf 87' lang='lat' dir='ltr'><strong>vocatur,</strong></span> <span class='ocrx_word' id='word_1_170' title='bbox 2943 1108 3078 1159; x_wconf 90' lang='lat' dir='ltr'><strong>sicut</strong></span> <span class='ocrx_word' id='word_1_171' title='bbox 3101 1116 3155 1159; x_wconf 91' lang='lat' dir='ltr'><strong>et</strong></span> <span class='ocrx_word' id='word_1_172' title='bbox 3188 1106 3250 1158; x_wconf 91' lang='lat' dir='ltr'><strong>de</strong></span> <span class='ocrx_word' id='word_1_173' title='bbox 3270 1106 3358 1159; x_wconf 92' lang='lat' dir='ltr'><strong>illo</strong></span> <span class='ocrx_word' id='word_1_174' title='bbox 3385 1107 3580 1172; x_wconf 86' lang='lat' dir='ltr'><strong>scrip:a</strong></span> <span class='ocrx_word' id='word_1_175' title='bbox 3608 1112 3809 1158; x_wconf 80' lang='lat' dir='ltr'><strong>testan-</strong></span> 
     </span>
    </p>
   </div>
   <div class='ocr_carea' id='block_1_25' title="bbox 2284 1205 2391 1249">
    <p class='ocr_par' dir='ltr' id='par_1_25' title="bbox 2284 1205 2391 1249">
     <span class='ocr_line' id='line_1_25' title="bbox 2284 1205 2391 1249; baseline -0.009 0"><span class='ocrx_word' id='word_1_176' title='bbox 2284 1205 2391 1249; x_wconf 91' lang='lat' dir='ltr'><strong>tur.</strong></span> 
     </span>
    </p>
   </div>
   <div class='ocr_carea' id='block_1_26' title="bbox 2296 1280 3822 1359">
    <p class='ocr_par' dir='ltr' id='par_1_26' title="bbox 2296 1280 3822 1359">
     <span class='ocr_line' id='line_1_26' title="bbox 2296 1280 3822 1359; baseline -0.004 -21"><span class='ocrx_word' id='word_1_177' title='bbox 2296 1354 2301 1359; x_wconf 26' lang='lat'><strong><em>‘</em></strong></span> <span class='ocrx_word' id='word_1_178' title='bbox 2351 1286 2476 1338; x_wconf 79' lang='lat' dir='ltr'><strong>Post</strong></span> <span class='ocrx_word' id='word_1_179' title='bbox 2502 1287 2702 1339; x_wconf 89' lang='lat' dir='ltr'><strong>obitum</strong></span> <span class='ocrx_word' id='word_1_180' title='bbox 2727 1300 2851 1337; x_wconf 86' lang='lat' dir='ltr'><strong>vero</strong></span> <span class='ocrx_word' id='word_1_181' title='bbox 2890 1285 3058 1351; x_wconf 83' lang='lat' dir='ltr'><strong>patris</strong></span> <span class='ocrx_word' id='word_1_182' title='bbox 3098 1284 3453 1352; x_wconf 81' lang='lat' dir='ltr'><strong>Thiatgrimus</strong></span> <span class='ocrx_word' id='word_1_183' title='bbox 3483 1282 3619 1335; x_wconf 87' lang='lat' dir='ltr'><strong>ﬁlius</strong></span> <span class='ocrx_word' id='word_1_184' title='bbox 3646 1280 3822 1349; x_wconf 88' lang='lat' dir='ltr'><strong>junior</strong></span> 
     </span>
    </p>
   </div>
   <div class='ocr_carea' id='block_1_27' title="bbox 2283 1369 3821 1441">
    <p class='ocr_par' dir='ltr' id='par_1_27' title="bbox 2283 1369 3821 1441">
     <span class='ocr_line' id='line_1_27' title="bbox 2283 1369 3821 1441; baseline -0.002 -16"><span class='ocrx_word' id='word_1_185' title='bbox 2283 1378 2552 1425; x_wconf 89' lang='lat' dir='ltr'><strong>memorati</strong></span> <span class='ocrx_word' id='word_1_186' title='bbox 2584 1374 2824 1441; x_wconf 81' lang='lat' dir='ltr'><strong>Vursingi</strong></span> <span class='ocrx_word' id='word_1_187' title='bbox 2849 1372 2999 1425; x_wconf 77' lang='lat' dir='ltr'><strong>duxit</strong></span> <span class='ocrx_word' id='word_1_188' title='bbox 3026 1386 3261 1432; x_wconf 79' lang='lat' dir='ltr'><strong>uxorem,</strong></span> <span class='ocrx_word' id='word_1_189' title='bbox 3292 1371 3502 1424; x_wconf 83' lang='lat' dir='ltr'><strong>nomine</strong></span> <span class='ocrx_word' id='word_1_190' title='bbox 3538 1369 3821 1422; x_wconf 84' lang='lat' dir='ltr'><strong>Liafburch</strong></span> 
     </span>
    </p>
   </div>
   <div class='ocr_carea' id='block_1_28' title="bbox 2286 1458 3818 1529">
    <p class='ocr_par' dir='ltr' id='par_1_28' title="bbox 2286 1458 3818 1529">
     <span class='ocr_line' id='line_1_28' title="bbox 2286 1458 3818 1529; baseline -0.003 -17"><span class='ocrx_word' id='word_1_191' title='bbox 2286 1460 2613 1529; x_wconf 84' lang='lat' dir='ltr'><strong>(llafburch),</strong></span> <span class='ocrx_word' id='word_1_192' title='bbox 2644 1460 2802 1513; x_wconf 86' lang='lat' dir='ltr'><strong>ﬁliam</strong></span> <span class='ocrx_word' id='word_1_193' title='bbox 2826 1460 3093 1527; x_wconf 64' lang='lat' dir='ltr'><strong>cujusda&#39;n</strong></span> <span class='ocrx_word' id='word_1_194' title='bbox 3129 1459 3378 1511; x_wconf 79' lang='lat' dir='ltr'><strong>Nothradi</strong></span> <span class='ocrx_word' id='word_1_195' title='bbox 3406 1468 3458 1511; x_wconf 86' lang='lat' dir='ltr'><strong>et</strong></span> <span class='ocrx_word' id='word_1_196' title='bbox 3480 1458 3818 1525; x_wconf 69' lang='lat' dir='ltr'><strong>Adclburgie;</strong></span> 
     </span>
    </p>
   </div>
   <div class='ocr_carea' id='block_1_29' title="bbox 2285 1547 3821 1621">
    <p class='ocr_par' dir='ltr' id='par_1_29' title="bbox 2285 1547 3821 1621">
     <span class='ocr_line' id='line_1_29' title="bbox 2285 1547 3821 1621; baseline -0.002 -23"><span class='ocrx_word' id='word_1_197' title='bbox 2285 1566 2400 1616; x_wconf 56' lang='lat' dir='ltr'><strong>quin</strong></span> <span class='ocrx_word' id='word_1_198' title='bbox 2428 1550 2665 1601; x_wconf 78' lang='lat' dir='ltr'><strong>videlicet</strong></span> <span class='ocrx_word' id='word_1_199' title='bbox 2693 1550 2987 1621; x_wconf 48' lang='lat' dir='ltr'><strong>.‘idelburch</strong></span> <span class='ocrx_word' id='word_1_200' title='bbox 3013 1547 3213 1616; x_wconf 88' lang='lat' dir='ltr'><strong>pridem</strong></span> <span class='ocrx_word' id='word_1_201' title='bbox 3240 1548 3370 1600; x_wconf 90' lang='lat' dir='ltr'><strong>duos</strong></span> <span class='ocrx_word' id='word_1_202' title='bbox 3394 1554 3517 1600; x_wconf 84' lang='lat' dir='ltr'><strong>suos</strong></span> <span class='ocrx_word' id='word_1_203' title='bbox 3542 1560 3821 1615; x_wconf 88' lang='lat' dir='ltr'><strong>germanos</strong></span> 
     </span>
    </p>
   </div>
   <div class='ocr_carea' id='block_1_30' title="bbox 2288 1636 3822 1700">
    <p class='ocr_par' dir='ltr' id='par_1_30' title="bbox 2288 1636 3822 1700">
     <span class='ocr_line' id='line_1_30' title="bbox 2288 1636 3822 1700; baseline -0.006 -7"><span class='ocrx_word' id='word_1_204' title='bbox 2288 1642 2476 1694; x_wconf 85' lang='lat' dir='ltr'><strong>fratres</strong></span> <span class='ocrx_word' id='word_1_205' title='bbox 2507 1649 2688 1693; x_wconf 75' lang='lat' dir='ltr'><strong>sancto</strong></span> <span class='ocrx_word' id='word_1_206' title='bbox 2731 1637 3601 1697; x_wconf 57' lang='lat' dir='ltr'><strong>commendaverat»Willibrordo,</strong></span> <span class='ocrx_word' id='word_1_207' title='bbox 3632 1636 3694 1687; x_wconf 91' lang='lat' dir='ltr'><strong>de</strong></span> <span class='ocrx_word' id='word_1_208' title='bbox 3720 1649 3822 1700; x_wconf 89' lang='lat' dir='ltr'><strong>quo</strong></span> 
     </span>
    </p>
   </div>
   <div class='ocr_carea' id='block_1_31' title="bbox 2289 1725 3827 1794">
    <p class='ocr_par' dir='ltr' id='par_1_31' title="bbox 2289 1725 3827 1794">
     <span class='ocr_line' id='line_1_31' title="bbox 2289 1725 3827 1794; baseline -0.006 -13"><span class='ocrx_word' id='word_1_209' title='bbox 2289 1729 2529 1794; x_wconf 81' lang='lat' dir='ltr'><strong>superius</strong></span> <span class='ocrx_word' id='word_1_210' title='bbox 2556 1729 2801 1787; x_wconf 70' lang='lat' dir='ltr'><strong>diximus,</strong></span> <span class='ocrx_word' id='word_1_211' title='bbox 2831 1727 3050 1779; x_wconf 90' lang='lat' dir='ltr'><strong>Domino</strong></span> <span class='ocrx_word' id='word_1_212' title='bbox 3081 1725 3414 1785; x_wconf 70' lang='lat' dir='ltr'><strong>nutriendos;</strong></span> <span class='ocrx_word' id='word_1_213' title='bbox 3446 1738 3671 1791; x_wconf 89' lang='lat' dir='ltr'><strong>quorum</strong></span> <span class='ocrx_word' id='word_1_214' title='bbox 3715 1736 3827 1773; x_wconf 83' lang='lat' dir='ltr'><strong>ma—</strong></span> 
     </span>
    </p>
   </div>
   <div class='ocr_carea' id='block_1_32' title="bbox 648 1809 3822 1881">
    <p class='ocr_par' dir='ltr' id='par_1_32' title="bbox 648 1809 3822 1881">
     <span class='ocr_line' id='line_1_32' title="bbox 648 1809 3822 1881; baseline -0.008 0"><span class='ocrx_word' id='word_1_215' title='bbox 648 1830 765 1881; x_wconf 67' lang='grc' dir='ltr'><strong>(Ιυῖη</strong></span> <span class='ocrx_word' id='word_1_216' title='bbox 797 1821 1182 1871; x_wconf 56' lang='lat' dir='ltr'><strong>remanseram:</strong></span> <span class='ocrx_word' id='word_1_217' title='bbox 1208 1826 1327 1863; x_wconf 73' lang='lat' dir='ltr'><strong>cm&quot;</strong></span> <span class='ocrx_word' id='word_1_218' title='bbox 1352 1811 1536 1862; x_wconf 68' lang='grc' dir='ltr'><strong>ιίιηονο</strong></span> <span class='ocrx_word' id='word_1_219' title='bbox 1560 1809 1762 1862; x_wconf 70' lang='lat' dir='ltr'><strong>Domini</strong></span> <span class='ocrx_word' id='word_1_220' title='bbox 1793 1809 2052 1871; x_wconf 67' lang='grc' dir='ltr'><strong>ηαῑτὶεηε,</strong></span> <span class='ocrx_word' id='word_1_221' title='bbox 2082 1822 2199 1860; x_wconf 59' lang='grc' dir='ltr'><strong>δεμ</strong></span> <span class='ocrx_word' id='word_1_222' title='bbox 2283 1814 2369 1880; x_wconf 83' lang='lat' dir='ltr'><strong>jor</strong></span> <span class='ocrx_word' id='word_1_223' title='bbox 2413 1814 2712 1873; x_wconf 83' lang='lat' dir='ltr'><strong>Wullibrat,</strong></span> <span class='ocrx_word' id='word_1_224' title='bbox 2746 1814 2918 1865; x_wconf 88' lang='lat' dir='ltr'><strong>minor</strong></span> <span class='ocrx_word' id='word_1_225' title='bbox 2960 1822 3132 1865; x_wconf 89' lang='lat' dir='ltr'><strong>autem</strong></span> <span class='ocrx_word' id='word_1_226' title='bbox 3175 1811 3464 1878; x_wconf 81' lang='lat' dir='ltr'><strong>Tliyatbrat</strong></span> <span class='ocrx_word' id='word_1_227' title='bbox 3503 1810 3822 1862; x_wconf 80' lang='lat' dir='ltr'><strong>vocabatur:</strong></span> 
     </span>
    </p>
   </div>
   <div class='ocr_carea' id='block_1_33' title="bbox 647 1889 2116 1970">
    <p class='ocr_par' dir='ltr' id='par_1_33' title="bbox 647 1889 2116 1970">
     <span class='ocr_line' id='line_1_33' title="bbox 647 1889 2116 1970; baseline -0.004 -17"><span class='ocrx_word' id='word_1_228' title='bbox 647 1903 789 1954; x_wconf 87' lang='lat' dir='ltr'><strong>vavit</strong></span> <span class='ocrx_word' id='word_1_229' title='bbox 818 1901 1115 1970; x_wconf 66' lang='lat' dir='ltr'><strong>castitatem</strong></span> <span class='ocrx_word' id='word_1_230' title='bbox 1144 1912 1294 1951; x_wconf 88' lang='lat' dir='ltr'><strong>suam</strong></span> <span class='ocrx_word' id='word_1_231' title='bbox 1329 1898 1584 1964; x_wconf 86' lang='lat' dir='ltr'><strong>reliquum</strong></span> <span class='ocrx_word' id='word_1_232' title='bbox 1614 1907 1818 1963; x_wconf 90' lang='lat' dir='ltr'><strong>tempus</strong></span> <span class='ocrx_word' id='word_1_233' title='bbox 1843 1889 1963 1949; x_wconf 57' lang='lat' dir='ltr'><strong>vitae</strong></span> <span class='ocrx_word' id='word_1_234' title='bbox 1989 1910 2116 1948; x_wconf 60' lang='lat' dir='ltr'><strong>sua).</strong></span> 
     </span>
    </p>
   </div>
   <div class='ocr_carea' id='block_1_34' title="bbox 715 1983 2192 2057">
    <p class='ocr_par' dir='ltr' id='par_1_34' title="bbox 715 1983 2192 2057">
     <span class='ocr_line' id='line_1_34' title="bbox 715 1983 2192 2057; baseline -0.005 -15"><span class='ocrx_word' id='word_1_235' title='bbox 715 1990 769 2043; x_wconf 77' lang='grc'><strong>4.</strong></span> <span class='ocrx_word' id='word_1_236' title='bbox 811 1988 902 2041; x_wconf 85' lang='lat' dir='ltr'><strong>llis</strong></span> <span class='ocrx_word' id='word_1_237' title='bbox 943 1988 1014 2041; x_wconf 88' lang='lat' dir='ltr'><strong>ita</strong></span> <span class='ocrx_word' id='word_1_238' title='bbox 1059 1987 1243 2057; x_wconf 81' lang='lat' dir='ltr'><strong>gestis,</strong></span> <span class='ocrx_word' id='word_1_239' title='bbox 1277 2001 1367 2038; x_wconf 80' lang='lat' dir='ltr'><strong>rex</strong></span> <span class='ocrx_word' id='word_1_240' title='bbox 1415 1984 1699 2052; x_wconf 78' lang='lat' dir='ltr'><strong>lladbodus</strong></span> <span class='ocrx_word' id='word_1_241' title='bbox 1746 1983 2001 2038; x_wconf 89' lang='lat' dir='ltr'><strong>inﬁrmari</strong></span> <span class='ocrx_word' id='word_1_242' title='bbox 2031 1983 2192 2051; x_wconf 65' lang='lat' dir='ltr'><strong>erepit</strong></span> 
     </span>
    </p>
   </div>
   <div class='ocr_carea' id='block_1_35' title="bbox 653 2072 2194 2145">
    <p class='ocr_par' dir='ltr' id='par_1_35' title="bbox 653 2072 2194 2145">
     <span class='ocr_line' id='line_1_35' title="bbox 653 2072 2194 2145; baseline -0.007 -12"><span class='ocrx_word' id='word_1_243' title='bbox 653 2078 979 2140; x_wconf 89' lang='lat' dir='ltr'><strong>inﬁrmitate,</strong></span> <span class='ocrx_word' id='word_1_244' title='bbox 1011 2092 1111 2145; x_wconf 90' lang='lat' dir='ltr'><strong>qua</strong></span> <span class='ocrx_word' id='word_1_245' title='bbox 1141 2084 1194 2129; x_wconf 84' lang='lat' dir='ltr'><strong>et</strong></span> <span class='ocrx_word' id='word_1_246' title='bbox 1219 2084 1459 2128; x_wconf 84' lang='lat' dir='ltr'><strong>mortuus</strong></span> <span class='ocrx_word' id='word_1_247' title='bbox 1486 2082 1594 2135; x_wconf 88' lang='lat' dir='ltr'><strong>est,</strong></span> <span class='ocrx_word' id='word_1_248' title='bbox 1623 2082 1675 2127; x_wconf 88' lang='lat' dir='ltr'><strong>et</strong></span> <span class='ocrx_word' id='word_1_249' title='bbox 1703 2087 1795 2126; x_wconf 78' lang='lat' dir='ltr'><strong>sex</strong></span> <span class='ocrx_word' id='word_1_250' title='bbox 1828 2072 1978 2125; x_wconf 84' lang='lat' dir='ltr'><strong>annis</strong></span> <span class='ocrx_word' id='word_1_251' title='bbox 2022 2072 2194 2124; x_wconf 86' lang='lat' dir='ltr'><strong>couti—</strong></span> 
     </span>
    </p>
   </div>
   <div class='ocr_carea' id='block_1_36' title="bbox 649 2160 2196 2231">
    <p class='ocr_par' dir='ltr' id='par_1_36' title="bbox 649 2160 2196 2231">
     <span class='ocr_line' id='line_1_36' title="bbox 649 2160 2196 2231; baseline -0.006 -9"><span class='ocrx_word' id='word_1_252' title='bbox 649 2169 767 2222; x_wconf 88' lang='lat' dir='ltr'><strong>nuis</strong></span> <span class='ocrx_word' id='word_1_253' title='bbox 797 2174 919 2220; x_wconf 91' lang='lat' dir='ltr'><strong>ante</strong></span> <span class='ocrx_word' id='word_1_254' title='bbox 955 2167 1092 2219; x_wconf 85' lang='lat' dir='ltr'><strong>diem</strong></span> <span class='ocrx_word' id='word_1_255' title='bbox 1147 2166 1332 2218; x_wconf 83' lang='lat' dir='ltr'><strong>mortis</strong></span> <span class='ocrx_word' id='word_1_256' title='bbox 1380 2179 1486 2216; x_wconf 74' lang='lat' dir='ltr'><strong>sua:</strong></span> <span class='ocrx_word' id='word_1_257' title='bbox 1539 2163 1789 2231; x_wconf 84' lang='lat' dir='ltr'><strong>paulatim</strong></span> <span class='ocrx_word' id='word_1_258' title='bbox 1834 2162 1995 2213; x_wconf 82' lang='lat' dir='ltr'><strong>traxit</strong></span> <span class='ocrx_word' id='word_1_259' title='bbox 2047 2160 2196 2212; x_wconf 90' lang='lat' dir='ltr'><strong>dolo-</strong></span> 
     </span>
    </p>
   </div>
   <div class='ocr_carea' id='block_1_37' title="bbox 602 2250 2191 2319">
    <p class='ocr_par' dir='ltr' id='par_1_37' title="bbox 602 2250 2191 2319">
     <span class='ocr_line' id='line_1_37' title="bbox 602 2250 2191 2319; baseline -0.005 -12"><span class='ocrx_word' id='word_1_260' title='bbox 602 2304 603 2307; x_wconf 44' lang='grc' dir='ltr'><strong>η</strong></span> <span class='ocrx_word' id='word_1_261' title='bbox 651 2271 805 2315; x_wconf 89' lang='lat' dir='ltr'><strong>rem,</strong></span> <span class='ocrx_word' id='word_1_262' title='bbox 864 2255 1126 2319; x_wconf 60' lang='lat' dir='ltr'><strong>cuapitqne</strong></span> <span class='ocrx_word' id='word_1_263' title='bbox 1197 2267 1416 2317; x_wconf 81' lang='lat' dir='ltr'><strong>regnum</strong></span> <span class='ocrx_word' id='word_1_264' title='bbox 1481 2251 1595 2318; x_wconf 77' lang='lat' dir='ltr'><strong>ejus</strong></span> <span class='ocrx_word' id='word_1_265' title='bbox 1657 2250 1914 2307; x_wconf 86' lang='lat' dir='ltr'><strong>deﬁcere,</strong></span> <span class='ocrx_word' id='word_1_266' title='bbox 1976 2262 2191 2316; x_wconf 84' lang='lat' dir='ltr'><strong>regnum</strong></span> 
     </span>
    </p>
   </div>
   <div class='ocr_carea' id='block_1_38' title="bbox 656 2336 2199 2411">
    <p class='ocr_par' dir='ltr' id='par_1_38' title="bbox 656 2336 2199 2411">
     <span class='ocr_line' id='line_1_38' title="bbox 656 2336 2199 2411; baseline -0.007 -13"><span class='ocrx_word' id='word_1_267' title='bbox 656 2358 867 2411; x_wconf 85' lang='lat' dir='ltr'><strong>quoque</strong></span> <span class='ocrx_word' id='word_1_268' title='bbox 935 2343 1259 2395; x_wconf 88' lang='lat' dir='ltr'><strong>Francorum</strong></span> <span class='ocrx_word' id='word_1_269' title='bbox 1328 2338 1711 2406; x_wconf 85' lang='lat' dir='ltr'><strong>augmentando</strong></span> <span class='ocrx_word' id='word_1_270' title='bbox 1763 2337 2038 2405; x_wconf 87' lang='lat' dir='ltr'><strong>proﬁcere.</strong></span> <span class='ocrx_word' id='word_1_271' title='bbox 2117 2336 2199 2388; x_wconf 85' lang='lat' dir='ltr'><strong>ln-</strong></span> 
     </span>
    </p>
   </div>
   <div class='ocr_carea' id='block_1_39' title="bbox 654 2425 2202 2485">
    <p class='ocr_par' dir='ltr' id='par_1_39' title="bbox 654 2425 2202 2485">
     <span class='ocr_line' id='line_1_39' title="bbox 654 2425 2202 2485; baseline -0.006 0"><span class='ocrx_word' id='word_1_272' title='bbox 654 2434 896 2485; x_wconf 88' lang='lat' dir='ltr'><strong>ﬁrmatus</strong></span> <span class='ocrx_word' id='word_1_273' title='bbox 938 2439 1113 2482; x_wconf 84' lang='lat' dir='ltr'><strong>autem</strong></span> <span class='ocrx_word' id='word_1_274' title='bbox 1163 2428 1305 2481; x_wconf 84' lang='lat' dir='ltr'><strong>misit</strong></span> <span class='ocrx_word' id='word_1_275' title='bbox 1352 2427 1416 2479; x_wconf 88' lang='lat' dir='ltr'><strong>ad</strong></span> <span class='ocrx_word' id='word_1_276' title='bbox 1459 2428 1628 2478; x_wconf 90' lang='lat' dir='ltr'><strong>virum</strong></span> <span class='ocrx_word' id='word_1_277' title='bbox 1671 2435 2016 2479; x_wconf 87' lang='lat' dir='ltr'><strong>memoratum</strong></span> <span class='ocrx_word' id='word_1_278' title='bbox 2067 2425 2202 2477; x_wconf 82' lang='lat' dir='ltr'><strong>Vor-</strong></span> 
     </span>
    </p>
   </div>
   <div class='ocr_carea' id='block_1_40' title="bbox 653 2515 2197 2588">
    <p class='ocr_par' dir='ltr' id='par_1_40' title="bbox 653 2515 2197 2588">
     <span class='ocr_line' id='line_1_40' title="bbox 653 2515 2197 2588; baseline -0.005 -15"><span class='ocrx_word' id='word_1_279' title='bbox 653 2522 883 2588; x_wconf 88' lang='lat' dir='ltr'><strong>singum,</strong></span> <span class='ocrx_word' id='word_1_280' title='bbox 907 2517 1178 2585; x_wconf 89' lang='lat' dir='ltr'><strong>postulans</strong></span> <span class='ocrx_word' id='word_1_281' title='bbox 1206 2524 1264 2568; x_wconf 93' lang='lat' dir='ltr'><strong>ut</strong></span> <span class='ocrx_word' id='word_1_282' title='bbox 1288 2516 1353 2568; x_wconf 87' lang='lat' dir='ltr'><strong>ad</strong></span> <span class='ocrx_word' id='word_1_283' title='bbox 1384 2531 1441 2568; x_wconf 91' lang='lat' dir='ltr'><strong>se</strong></span> <span class='ocrx_word' id='word_1_284' title='bbox 1471 2515 1663 2569; x_wconf 89' lang='lat' dir='ltr'><strong>rediret</strong></span> <span class='ocrx_word' id='word_1_285' title='bbox 1700 2524 2005 2583; x_wconf 90' lang='lat' dir='ltr'><strong>recepturus</strong></span> <span class='ocrx_word' id='word_1_286' title='bbox 2031 2515 2197 2567; x_wconf 74' lang='lat' dir='ltr'><strong>lucre-</strong></span> 
     </span>
    </p>
   </div>
   <div class='ocr_carea' id='block_1_41' title="bbox 652 2601 2198 2671">
    <p class='ocr_par' dir='ltr' id='par_1_41' title="bbox 652 2601 2198 2671">
     <span class='ocr_line' id='line_1_41' title="bbox 652 2601 2198 2671; baseline -0.005 -12"><span class='ocrx_word' id='word_1_287' title='bbox 652 2606 869 2659; x_wconf 88' lang='lat' dir='ltr'><strong>ditatem</strong></span> <span class='ocrx_word' id='word_1_288' title='bbox 917 2620 1083 2666; x_wconf 88' lang='lat' dir='ltr'><strong>suam,</strong></span> <span class='ocrx_word' id='word_1_289' title='bbox 1117 2605 1329 2671; x_wconf 90' lang='lat' dir='ltr'><strong>insuper</strong></span> <span class='ocrx_word' id='word_1_290' title='bbox 1356 2611 1408 2654; x_wconf 91' lang='lat' dir='ltr'><strong>et</strong></span> <span class='ocrx_word' id='word_1_291' title='bbox 1436 2602 1536 2655; x_wconf 89' lang='lat' dir='ltr'><strong>alia</strong></span> <span class='ocrx_word' id='word_1_292' title='bbox 1582 2602 1741 2653; x_wconf 89' lang='lat' dir='ltr'><strong>multa</strong></span> <span class='ocrx_word' id='word_1_293' title='bbox 1780 2616 1835 2653; x_wconf 77' lang='lat' dir='ltr'><strong>se</strong></span> <span class='ocrx_word' id='word_1_294' title='bbox 1880 2602 2123 2659; x_wconf 83' lang='lat' dir='ltr'><strong>daturum</strong></span> <span class='ocrx_word' id='word_1_295' title='bbox 2151 2601 2198 2652; x_wconf 92' lang='lat' dir='ltr'><strong>ei</strong></span> 
     </span>
    </p>
   </div>
   <div class='ocr_carea' id='block_1_42' title="bbox 653 2689 2201 2763">
    <p class='ocr_par' dir='ltr' id='par_1_42' title="bbox 653 2689 2201 2763">
     <span class='ocr_line' id='line_1_42' title="bbox 653 2689 2201 2763; baseline -0.005 -15"><span class='ocrx_word' id='word_1_296' title='bbox 653 2694 955 2763; x_wconf 82' lang='lat' dir='ltr'><strong>spOpondit,</strong></span> <span class='ocrx_word' id='word_1_297' title='bbox 985 2694 1027 2747; x_wconf 89' lang='lat' dir='ltr'><strong>si</strong></span> <span class='ocrx_word' id='word_1_298' title='bbox 1058 2708 1240 2761; x_wconf 83' lang='lat' dir='ltr'><strong>pacem</strong></span> <span class='ocrx_word' id='word_1_299' title='bbox 1272 2707 1450 2744; x_wconf 90' lang='lat' dir='ltr'><strong>secum</strong></span> <span class='ocrx_word' id='word_1_300' title='bbox 1480 2698 1658 2745; x_wconf 86' lang='lat' dir='ltr'><strong>tenere</strong></span> <span class='ocrx_word' id='word_1_301' title='bbox 1687 2692 1958 2743; x_wconf 85' lang='lat' dir='ltr'><strong>voluisset.</strong></span> <span class='ocrx_word' id='word_1_302' title='bbox 1990 2691 2093 2742; x_wconf 89' lang='lat' dir='ltr'><strong>Sed</strong></span> <span class='ocrx_word' id='word_1_303' title='bbox 2122 2689 2201 2740; x_wconf 90' lang='lat' dir='ltr'><strong>vir</strong></span> 
     </span>
    </p>
   </div>
   <div class='ocr_carea' id='block_1_43' title="bbox 654 2779 2199 2849">
    <p class='ocr_par' dir='ltr' id='par_1_43' title="bbox 654 2779 2199 2849">
     <span class='ocr_line' id='line_1_43' title="bbox 654 2779 2199 2849; baseline -0.005 -12"><span class='ocrx_word' id='word_1_304' title='bbox 654 2783 945 2837; x_wconf 82' lang='lat' dir='ltr'><strong>catholicus</strong></span> <span class='ocrx_word' id='word_1_305' title='bbox 966 2782 1208 2849; x_wconf 85' lang='lat' dir='ltr'><strong>precibus</strong></span> <span class='ocrx_word' id='word_1_306' title='bbox 1228 2779 1342 2847; x_wconf 84' lang='lat' dir='ltr'><strong>ejus</strong></span> <span class='ocrx_word' id='word_1_307' title='bbox 1362 2796 1463 2833; x_wconf 88' lang='lat' dir='ltr'><strong>non</strong></span> <span class='ocrx_word' id='word_1_308' title='bbox 1488 2779 1769 2848; x_wconf 84' lang='lat' dir='ltr'><strong>acquievit.</strong></span> <span class='ocrx_word' id='word_1_309' title='bbox 1803 2780 1995 2831; x_wconf 89' lang='lat' dir='ltr'><strong>lterum</strong></span> <span class='ocrx_word' id='word_1_310' title='bbox 2025 2786 2199 2830; x_wconf 82' lang='lat' dir='ltr'><strong>autem</strong></span> 
     </span>
    </p>
   </div>
   <div class='ocr_carea' id='block_1_44' title="bbox 604 2865 2200 2935">
    <p class='ocr_par' dir='ltr' id='par_1_44' title="bbox 604 2865 2200 2935">
     <span class='ocr_line' id='line_1_44' title="bbox 604 2865 2200 2935; baseline -0.004 -12"><span class='ocrx_word' id='word_1_311' title='bbox 604 2872 607 2875; x_wconf 84' lang='grc'><em>’</em></span> <span class='ocrx_word' id='word_1_312' title='bbox 654 2870 937 2923; x_wconf 85' lang='lat' dir='ltr'><strong>Radbodus</strong></span> <span class='ocrx_word' id='word_1_313' title='bbox 984 2868 1125 2921; x_wconf 89' lang='lat' dir='ltr'><strong>misit</strong></span> <span class='ocrx_word' id='word_1_314' title='bbox 1150 2868 1213 2921; x_wconf 85' lang='lat' dir='ltr'><strong>ad</strong></span> <span class='ocrx_word' id='word_1_315' title='bbox 1240 2882 1358 2920; x_wconf 93' lang='lat' dir='ltr'><strong>eum</strong></span> <span class='ocrx_word' id='word_1_316' title='bbox 1385 2867 1657 2935; x_wconf 84' lang='lat' dir='ltr'><strong>postulans</strong></span> <span class='ocrx_word' id='word_1_317' title='bbox 1677 2906 1694 2930; x_wconf 91' lang='lat'><strong>,</strong></span> <span class='ocrx_word' id='word_1_318' title='bbox 1726 2873 1782 2919; x_wconf 92' lang='lat' dir='ltr'><strong>ut</strong></span> <span class='ocrx_word' id='word_1_319' title='bbox 1813 2867 1855 2917; x_wconf 88' lang='lat' dir='ltr'><strong>si</strong></span> <span class='ocrx_word' id='word_1_320' title='bbox 1887 2867 1996 2933; x_wconf 91' lang='lat' dir='ltr'><strong>ipse</strong></span> <span class='ocrx_word' id='word_1_321' title='bbox 2020 2865 2200 2918; x_wconf 89' lang='lat' dir='ltr'><strong>venire</strong></span> 
     </span>
    </p>
   </div>
   <div class='ocr_carea' id='block_1_45' title="bbox 654 2949 2201 3016">
    <p class='ocr_par' dir='ltr' id='par_1_45' title="bbox 654 2949 2201 3016">
     <span class='ocr_line' id='line_1_45' title="bbox 654 2949 2201 3016; baseline -0.005 -8"><span class='ocrx_word' id='word_1_322' title='bbox 654 2955 927 3016; x_wconf 86' lang='lat' dir='ltr'><strong>noluisset,</strong></span> <span class='ocrx_word' id='word_1_323' title='bbox 974 2955 1158 3006; x_wconf 88' lang='lat' dir='ltr'><strong>saltem</strong></span> <span class='ocrx_word' id='word_1_324' title='bbox 1191 2954 1356 3005; x_wconf 88' lang='lat' dir='ltr'><strong>ﬁlium</strong></span> <span class='ocrx_word' id='word_1_325' title='bbox 1403 2969 1554 3006; x_wconf 89' lang='lat' dir='ltr'><strong>suum</strong></span> <span class='ocrx_word' id='word_1_326' title='bbox 1584 2954 1648 3005; x_wconf 88' lang='lat' dir='ltr'><strong>ad</strong></span> <span class='ocrx_word' id='word_1_327' title='bbox 1675 2966 1730 3006; x_wconf 81' lang='lat' dir='ltr'><strong>se</strong></span> <span class='ocrx_word' id='word_1_328' title='bbox 1757 2953 2012 3013; x_wconf 85' lang='lat' dir='ltr'><strong>mitteret,</strong></span> <span class='ocrx_word' id='word_1_329' title='bbox 2042 2960 2095 3002; x_wconf 82' lang='lat' dir='ltr'><strong>et</strong></span> <span class='ocrx_word' id='word_1_330' title='bbox 2119 2949 2201 3016; x_wconf 89' lang='lat' dir='ltr'><strong>ju-</strong></span> 
     </span>
    </p>
   </div>
   <div class='ocr_carea' id='block_1_46' title="bbox 655 3038 2203 3107">
    <p class='ocr_par' dir='ltr' id='par_1_46' title="bbox 655 3038 2203 3107">
     <span class='ocr_line' id='line_1_46' title="bbox 655 3038 2203 3107; baseline -0.007 -10"><span class='ocrx_word' id='word_1_331' title='bbox 655 3044 794 3097; x_wconf 86' lang='lat' dir='ltr'><strong>ravit</strong></span> <span class='ocrx_word' id='word_1_332' title='bbox 815 3057 871 3095; x_wconf 88' lang='lat' dir='ltr'><strong>se</strong></span> <span class='ocrx_word' id='word_1_333' title='bbox 896 3043 955 3094; x_wconf 78' lang='lat' dir='ltr'><strong>ci~</strong></span> <span class='ocrx_word' id='word_1_334' title='bbox 973 3043 1215 3094; x_wconf 89' lang='lat' dir='ltr'><strong>daturum</strong></span> <span class='ocrx_word' id='word_1_335' title='bbox 1258 3040 1513 3107; x_wconf 88' lang='lat' dir='ltr'><strong>quidquid</strong></span> <span class='ocrx_word' id='word_1_336' title='bbox 1538 3040 1636 3092; x_wconf 86' lang='lat' dir='ltr'><strong>sibi</strong></span> <span class='ocrx_word' id='word_1_337' title='bbox 1664 3040 1995 3106; x_wconf 88' lang='lat' dir='ltr'><strong>promiserat.</strong></span> <span class='ocrx_word' id='word_1_338' title='bbox 2042 3038 2203 3103; x_wconf 85' lang='lat' dir='ltr'><strong>Igitur</strong></span> 
     </span>
    </p>
   </div>
   <div class='ocr_carea' id='block_1_47' title="bbox 663 3117 2200 3197">
    <p class='ocr_par' dir='ltr' id='par_1_47' title="bbox 663 3117 2200 3197">
     <span class='ocr_line' id='line_1_47' title="bbox 663 3117 2200 3197; baseline -0.005 -13"><span class='ocrx_word' id='word_1_339' title='bbox 663 3132 949 3197; x_wconf 80' lang='lat' dir='ltr'><strong>Vursingus</strong></span> <span class='ocrx_word' id='word_1_340' title='bbox 973 3117 1221 3195; x_wconf 74' lang='lat' dir='ltr'><strong>precibus</strong></span> <span class='ocrx_word' id='word_1_341' title='bbox 1252 3128 1422 3180; x_wconf 86' lang='lat' dir='ltr'><strong>victus</strong></span> <span class='ocrx_word' id='word_1_342' title='bbox 1449 3128 1591 3180; x_wconf 90' lang='lat' dir='ltr'><strong>misit</strong></span> <span class='ocrx_word' id='word_1_343' title='bbox 1615 3128 1680 3179; x_wconf 84' lang='lat' dir='ltr'><strong>ad</strong></span> <span class='ocrx_word' id='word_1_344' title='bbox 1707 3141 1826 3179; x_wconf 86' lang='lat' dir='ltr'><strong>cum</strong></span> <span class='ocrx_word' id='word_1_345' title='bbox 1858 3125 2021 3177; x_wconf 88' lang='lat' dir='ltr'><strong>ﬁlium</strong></span> <span class='ocrx_word' id='word_1_346' title='bbox 2048 3140 2200 3189; x_wconf 83' lang='lat' dir='ltr'><strong>suum</strong></span> 
     </span>
    </p>
   </div>
   <div class='ocr_carea' id='block_1_48' title="bbox 2220 1888 3829 1970">
    <p class='ocr_par' dir='ltr' id='par_1_48' title="bbox 2220 1888 3829 1970">
     <span class='ocr_line' id='line_1_48' title="bbox 2220 1888 3829 1970; baseline -0.005 -17"><span class='ocrx_word' id='word_1_347' title='bbox 2220 1908 2260 1963; x_wconf 75' lang='grc' dir='ltr'><strong><em>Β</em></strong></span> <span class='ocrx_word' id='word_1_348' title='bbox 2290 1903 2375 1970; x_wconf 85' lang='lat' dir='ltr'><strong>qui</strong></span> <span class='ocrx_word' id='word_1_349' title='bbox 2407 1900 2577 1955; x_wconf 87' lang='lat' dir='ltr'><strong>etiam</strong></span> <span class='ocrx_word' id='word_1_350' title='bbox 2597 1900 2747 1967; x_wconf 85' lang='lat' dir='ltr'><strong>primi</strong></span> <span class='ocrx_word' id='word_1_351' title='bbox 2775 1888 3008 1952; x_wconf 77' lang='lat' dir='ltr'><strong>omnium</strong></span> <span class='ocrx_word' id='word_1_352' title='bbox 3034 1898 3204 1966; x_wconf 88' lang='lat' dir='ltr'><strong>gentis</strong></span> <span class='ocrx_word' id='word_1_353' title='bbox 3233 1897 3520 1949; x_wconf 75' lang='lat' dir='ltr'><strong>Fresonum</strong></span> <span class='ocrx_word' id='word_1_354' title='bbox 3551 1896 3829 1947; x_wconf 84' lang='lat' dir='ltr'><strong>clericatus</strong></span> 
     </span>
    </p>
   </div>
   <div class='ocr_carea' id='block_1_49' title="bbox 2292 1981 3829 2056">
    <p class='ocr_par' dir='ltr' id='par_1_49' title="bbox 2292 1981 3829 2056">
     <span class='ocr_line' id='line_1_49' title="bbox 2292 1981 3829 2056; baseline -0.008 -11"><span class='ocrx_word' id='word_1_355' title='bbox 2292 1991 2518 2045; x_wconf 89' lang='lat' dir='ltr'><strong>ollieium</strong></span> <span class='ocrx_word' id='word_1_356' title='bbox 2556 1996 2887 2056; x_wconf 85' lang='lat' dir='ltr'><strong>acceperunt.</strong></span> <span class='ocrx_word' id='word_1_357' title='bbox 2928 1987 3123 2039; x_wconf 89' lang='lat' dir='ltr'><strong>llorum</strong></span> <span class='ocrx_word' id='word_1_358' title='bbox 3147 1987 3288 2053; x_wconf 90' lang='lat' dir='ltr'><strong>prior</strong></span> <span class='ocrx_word' id='word_1_359' title='bbox 3319 1986 3369 2037; x_wconf 90' lang='lat' dir='ltr'><strong>in</strong></span> <span class='ocrx_word' id='word_1_360' title='bbox 3394 1986 3670 2037; x_wconf 72' lang='lat' dir='ltr'><strong>levitarum</strong></span> <span class='ocrx_word' id='word_1_361' title='bbox 3700 1981 3829 2035; x_wconf 89' lang='lat' dir='ltr'><strong>obiit</strong></span> 
     </span>
    </p>
   </div>
   <div class='ocr_carea' id='block_1_50' title="bbox 2293 2066 3829 2149">
    <p class='ocr_par' dir='ltr' id='par_1_50' title="bbox 2293 2066 3829 2149">
     <span class='ocr_line' id='line_1_50' title="bbox 2293 2066 3829 2149; baseline -0.008 -18"><span class='ocrx_word' id='word_1_362' title='bbox 2293 2081 2475 2149; x_wconf 84' lang='lat' dir='ltr'><strong>gradu,</strong></span> <span class='ocrx_word' id='word_1_363' title='bbox 2503 2077 2681 2143; x_wconf 84' lang='lat' dir='ltr'><strong>junior</strong></span> <span class='ocrx_word' id='word_1_364' title='bbox 2708 2093 2808 2129; x_wconf 86' lang='lat' dir='ltr'><strong>non</strong></span> <span class='ocrx_word' id='word_1_365' title='bbox 2837 2075 3071 2142; x_wconf 67' lang='lat' dir='ltr'><strong>pervenit</strong></span> <span class='ocrx_word' id='word_1_366' title='bbox 3098 2074 3161 2126; x_wconf 83' lang='lat' dir='ltr'><strong>ad</strong></span> <span class='ocrx_word' id='word_1_367' title='bbox 3185 2072 3423 2141; x_wconf 84' lang='lat' dir='ltr'><strong>gradum,</strong></span> <span class='ocrx_word' id='word_1_368' title='bbox 3451 2070 3543 2124; x_wconf 84' lang='lat' dir='ltr'><strong>sed</strong></span> <span class='ocrx_word' id='word_1_369' title='bbox 3571 2069 3644 2123; x_wconf 83' lang='lat' dir='ltr'><strong>ita</strong></span> <span class='ocrx_word' id='word_1_370' title='bbox 3670 2068 3721 2120; x_wconf 91' lang='lat' dir='ltr'><strong>in</strong></span> <span class='ocrx_word' id='word_1_371' title='bbox 3743 2066 3829 2133; x_wconf 83' lang='lat' dir='ltr'><strong>ju-</strong></span> 
     </span>
    </p>
   </div>
   <div class='ocr_carea' id='block_1_51' title="bbox 2294 2163 3180 2231">
    <p class='ocr_par' dir='ltr' id='par_1_51' title="bbox 2294 2163 3180 2231">
     <span class='ocr_line' id='line_1_51' title="bbox 2294 2163 3180 2231; baseline -0.007 -12"><span class='ocrx_word' id='word_1_372' title='bbox 2294 2178 2507 2221; x_wconf 86' lang='lat' dir='ltr'><strong>ventutc</strong></span> <span class='ocrx_word' id='word_1_373' title='bbox 2538 2168 2599 2219; x_wconf 86' lang='lat' dir='ltr'><strong>de</strong></span> <span class='ocrx_word' id='word_1_374' title='bbox 2627 2168 2723 2218; x_wconf 85' lang='lat' dir='ltr'><strong>hac</strong></span> <span class='ocrx_word' id='word_1_375' title='bbox 2754 2166 2869 2216; x_wconf 87' lang='lat' dir='ltr'><strong>luce</strong></span> <span class='ocrx_word' id='word_1_376' title='bbox 2901 2163 3180 2231; x_wconf 83' lang='lat' dir='ltr'><strong>migrabat.</strong></span> 
     </span>
    </p>
   </div>
   <div class='ocr_carea' id='block_1_52' title="bbox 2363 2244 3835 2311">
    <p class='ocr_par' dir='ltr' id='par_1_52' title="bbox 2363 2244 3835 2311">
     <span class='ocr_line' id='line_1_52' title="bbox 2363 2244 3835 2311; baseline -0.01 -2"><span class='ocrx_word' id='word_1_377' title='bbox 2363 2259 2413 2309; x_wconf 87' lang='lat'><strong>6.</strong></span> <span class='ocrx_word' id='word_1_378' title='bbox 2458 2258 2739 2310; x_wconf 73' lang='lat' dir='ltr'><strong>Memorato</strong></span> <span class='ocrx_word' id='word_1_379' title='bbox 2768 2253 2898 2305; x_wconf 80' lang='lat' dir='ltr'><strong>Liaf;</strong></span> <span class='ocrx_word' id='word_1_380' title='bbox 2921 2253 3070 2311; x_wconf 90' lang='lat' dir='ltr'><strong>urcb,</strong></span> <span class='ocrx_word' id='word_1_381' title='bbox 3108 2262 3225 2303; x_wconf 84' lang='lat' dir='ltr'><strong>eum</strong></span> <span class='ocrx_word' id='word_1_382' title='bbox 3270 2257 3393 2300; x_wconf 85' lang='lat' dir='ltr'><strong>nata</strong></span> <span class='ocrx_word' id='word_1_383' title='bbox 3418 2254 3581 2307; x_wconf 88' lang='lat' dir='ltr'><strong>esset,</strong></span> <span class='ocrx_word' id='word_1_384' title='bbox 3611 2244 3835 2298; x_wconf 85' lang='lat' dir='ltr'><strong>habebat</strong></span> 
     </span>
    </p>
   </div>
   <div class='ocr_carea' id='block_1_53' title="bbox 2296 2333 3835 2412">
    <p class='ocr_par' dir='ltr' id='par_1_53' title="bbox 2296 2333 3835 2412">
     <span class='ocr_line' id='line_1_53' title="bbox 2296 2333 3835 2412; baseline -0.008 -16"><span class='ocrx_word' id='word_1_385' title='bbox 2296 2346 2466 2396; x_wconf 89' lang='lat' dir='ltr'><strong>aviam</strong></span> <span class='ocrx_word' id='word_1_386' title='bbox 2512 2343 2778 2412; x_wconf 82' lang='lat' dir='ltr'><strong>gentilem,</strong></span> <span class='ocrx_word' id='word_1_387' title='bbox 2809 2348 3030 2393; x_wconf 84' lang='lat' dir='ltr'><strong>matrem</strong></span> <span class='ocrx_word' id='word_1_388' title='bbox 3060 2337 3302 2389; x_wconf 86' lang='lat' dir='ltr'><strong>videlicet</strong></span> <span class='ocrx_word' id='word_1_389' title='bbox 3348 2334 3511 2402; x_wconf 84' lang='lat' dir='ltr'><strong>patris</strong></span> <span class='ocrx_word' id='word_1_390' title='bbox 3556 2333 3637 2386; x_wconf 90' lang='lat' dir='ltr'><strong>sui</strong></span> <span class='ocrx_word' id='word_1_391' title='bbox 3684 2333 3835 2384; x_wconf 88' lang='lat' dir='ltr'><strong>abre-</strong></span> 
     </span>
    </p>
   </div>
   <div class='ocr_carea' id='block_1_54' title="bbox 2297 2422 3835 2491">
    <p class='ocr_par' dir='ltr' id='par_1_54' title="bbox 2297 2422 3835 2491">
     <span class='ocr_line' id='line_1_54' title="bbox 2297 2422 3835 2491; baseline -0.008 -5"><span class='ocrx_word' id='word_1_392' title='bbox 2297 2434 2620 2486; x_wconf 84' lang='lat' dir='ltr'><strong>nuntiantem</strong></span> <span class='ocrx_word' id='word_1_393' title='bbox 2650 2430 2866 2484; x_wconf 89' lang='lat' dir='ltr'><strong>omnino</strong></span> <span class='ocrx_word' id='word_1_394' title='bbox 2892 2428 3008 2481; x_wconf 87' lang='lat' dir='ltr'><strong>ﬁdei</strong></span> <span class='ocrx_word' id='word_1_395' title='bbox 3044 2427 3313 2480; x_wconf 73' lang='lat' dir='ltr'><strong>catholica:</strong></span> <span class='ocrx_word' id='word_1_396' title='bbox 3339 2442 3352 2475; x_wconf 93' lang='lat'><strong>:</strong></span> <span class='ocrx_word' id='word_1_397' title='bbox 3379 2438 3496 2491; x_wconf 64' lang='lat' dir='ltr'><strong>qua:</strong></span> <span class='ocrx_word' id='word_1_398' title='bbox 3537 2438 3642 2474; x_wconf 89' lang='lat' dir='ltr'><strong>non</strong></span> <span class='ocrx_word' id='word_1_399' title='bbox 3667 2422 3835 2474; x_wconf 86' lang='lat' dir='ltr'><strong>nomi-</strong></span> 
     </span>
    </p>
   </div>
   <div class='ocr_carea' id='block_1_55' title="bbox 2298 2514 3837 2582">
    <p class='ocr_par' dir='ltr' id='par_1_55' title="bbox 2298 2514 3837 2582">
     <span class='ocr_line' id='line_1_55' title="bbox 2298 2514 3837 2582; baseline -0.01 -6"><span class='ocrx_word' id='word_1_400' title='bbox 2298 2523 2466 2576; x_wconf 84' lang='lat' dir='ltr'><strong>nanda</strong></span> <span class='ocrx_word' id='word_1_401' title='bbox 2492 2537 2609 2573; x_wconf 90' lang='lat' dir='ltr'><strong>cum</strong></span> <span class='ocrx_word' id='word_1_402' title='bbox 2644 2519 2821 2573; x_wconf 86' lang='lat' dir='ltr'><strong>furore</strong></span> <span class='ocrx_word' id='word_1_403' title='bbox 2847 2518 2872 2557; x_wconf 75' lang='grc' dir='ltr'><strong><em>ἀ</em></strong></span> <span class='ocrx_word' id='word_1_404' title='bbox 2903 2532 3175 2577; x_wconf 85' lang='lat' dir='ltr'><strong>conversa,</strong></span> <span class='ocrx_word' id='word_1_405' title='bbox 3202 2530 3265 2567; x_wconf 89' lang='lat' dir='ltr'><strong>eo</strong></span> <span class='ocrx_word' id='word_1_406' title='bbox 3292 2514 3429 2582; x_wconf 85' lang='lat' dir='ltr'><strong>quod</strong></span> <span class='ocrx_word' id='word_1_407' title='bbox 3461 2514 3837 2581; x_wconf 76' lang='lat' dir='ltr'><strong>przcnominata</strong></span> 
     </span>
    </p>
   </div>
   <div class='ocr_carea' id='block_1_56' title="bbox 2298 2599 3838 2676">
    <p class='ocr_par' dir='ltr' id='par_1_56' title="bbox 2298 2599 3838 2676">
     <span class='ocr_line' id='line_1_56' title="bbox 2298 2599 3838 2676; baseline -0.011 -12"><span class='ocrx_word' id='word_1_408' title='bbox 2298 2612 2484 2676; x_wconf 83' lang='lat' dir='ltr'><strong>conjux</strong></span> <span class='ocrx_word' id='word_1_409' title='bbox 2529 2610 2661 2661; x_wconf 82' lang='lat' dir='ltr'><strong>ﬁlias</strong></span> <span class='ocrx_word' id='word_1_410' title='bbox 2708 2617 2907 2661; x_wconf 90' lang='lat' dir='ltr'><strong>tantum</strong></span> <span class='ocrx_word' id='word_1_411' title='bbox 2949 2606 3234 2673; x_wconf 77' lang='lat' dir='ltr'><strong>genuisset,</strong></span> <span class='ocrx_word' id='word_1_412' title='bbox 3276 2611 3331 2665; x_wconf 83' lang='lat' dir='ltr'><strong>et</strong></span> <span class='ocrx_word' id='word_1_413' title='bbox 3363 2602 3531 2654; x_wconf 87' lang='lat' dir='ltr'><strong>ﬁlium</strong></span> <span class='ocrx_word' id='word_1_414' title='bbox 3578 2599 3838 2651; x_wconf 79' lang='lat' dir='ltr'><strong>viventem</strong></span> 
     </span>
    </p>
   </div>
   <div class='ocr_carea' id='block_1_57' title="bbox 2301 2686 3839 2759">
    <p class='ocr_par' dir='ltr' id='par_1_57' title="bbox 2301 2686 3839 2759">
     <span class='ocr_line' id='line_1_57' title="bbox 2301 2686 3839 2759; baseline -0.012 -6"><span class='ocrx_word' id='word_1_415' title='bbox 2301 2716 2401 2753; x_wconf 88' lang='lat' dir='ltr'><strong>non</strong></span> <span class='ocrx_word' id='word_1_416' title='bbox 2450 2702 2682 2756; x_wconf 75' lang='lat' dir='ltr'><strong>haleret.</strong></span> <span class='ocrx_word' id='word_1_417' title='bbox 2712 2698 2853 2749; x_wconf 87' lang='lat' dir='ltr'><strong>misit</strong></span> <span class='ocrx_word' id='word_1_418' title='bbox 2901 2697 3132 2755; x_wconf 88' lang='lat' dir='ltr'><strong>lictores,</strong></span> <span class='ocrx_word' id='word_1_419' title='bbox 3170 2693 3258 2759; x_wconf 87' lang='lat' dir='ltr'><strong>qui</strong></span> <span class='ocrx_word' id='word_1_420' title='bbox 3311 2697 3557 2757; x_wconf 84' lang='lat' dir='ltr'><strong>repareut</strong></span> <span class='ocrx_word' id='word_1_421' title='bbox 3603 2686 3839 2739; x_wconf 85' lang='lat' dir='ltr'><strong>eamdem</strong></span> 
     </span>
    </p>
   </div>
   <div class='ocr_carea' id='block_1_58' title="bbox 2302 2773 3839 2843">
    <p class='ocr_par' dir='ltr' id='par_1_58' title="bbox 2302 2773 3839 2843">
     <span class='ocr_line' id='line_1_58' title="bbox 2302 2773 3839 2843; baseline -0.011 -2"><span class='ocrx_word' id='word_1_422' title='bbox 2302 2792 2459 2842; x_wconf 86' lang='lat' dir='ltr'><strong>ﬁliam</strong></span> <span class='ocrx_word' id='word_1_423' title='bbox 2490 2796 2613 2840; x_wconf 89' lang='lat' dir='ltr'><strong>tunc</strong></span> <span class='ocrx_word' id='word_1_424' title='bbox 2639 2796 2815 2838; x_wconf 85' lang='lat' dir='ltr'><strong>natam</strong></span> <span class='ocrx_word' id='word_1_425' title='bbox 2845 2785 2909 2838; x_wconf 91' lang='lat' dir='ltr'><strong>de</strong></span> <span class='ocrx_word' id='word_1_426' title='bbox 2936 2784 3053 2836; x_wconf 90' lang='lat' dir='ltr'><strong>sinu</strong></span> <span class='ocrx_word' id='word_1_427' title='bbox 3078 2781 3281 2843; x_wconf 70' lang='lat' dir='ltr'><strong>matris,</strong></span> <span class='ocrx_word' id='word_1_428' title='bbox 3308 2787 3359 2829; x_wconf 90' lang='lat' dir='ltr'><strong>et</strong></span> <span class='ocrx_word' id='word_1_429' title='bbox 3392 2784 3644 2830; x_wconf 88' lang='lat' dir='ltr'><strong>necarent</strong></span> <span class='ocrx_word' id='word_1_430' title='bbox 3668 2773 3839 2840; x_wconf 87' lang='lat' dir='ltr'><strong>prius-</strong></span> 
     </span>
    </p>
   </div>
   <div class='ocr_carea' id='block_1_59' title="bbox 2300 2868 3843 2947">
    <p class='ocr_par' dir='ltr' id='par_1_59' title="bbox 2300 2868 3843 2947">
     <span class='ocr_line' id='line_1_59' title="bbox 2300 2868 3843 2947; baseline -0.014 -16"><span class='ocrx_word' id='word_1_431' title='bbox 2300 2894 2457 2947; x_wconf 82' lang='lat' dir='ltr'><strong>quam</strong></span> <span class='ocrx_word' id='word_1_432' title='bbox 2489 2876 2569 2929; x_wconf 77' lang='lat' dir='ltr'><strong>lac</strong></span> <span class='ocrx_word' id='word_1_433' title='bbox 2597 2881 2804 2940; x_wconf 76' lang='lat' dir='ltr'><strong>Sngcrct</strong></span> <span class='ocrx_word' id='word_1_434' title='bbox 2829 2873 3040 2933; x_wconf 85' lang='lat' dir='ltr'><strong>matris,</strong></span> <span class='ocrx_word' id='word_1_435' title='bbox 3071 2871 3194 2936; x_wconf 87' lang='lat' dir='ltr'><strong>quia</strong></span> <span class='ocrx_word' id='word_1_436' title='bbox 3227 2868 3305 2920; x_wconf 89' lang='lat' dir='ltr'><strong>sic</strong></span> <span class='ocrx_word' id='word_1_437' title='bbox 3338 2879 3449 2917; x_wconf 92' lang='lat' dir='ltr'><strong>mos</strong></span> <span class='ocrx_word' id='word_1_438' title='bbox 3475 2871 3594 2916; x_wconf 89' lang='lat' dir='ltr'><strong>erat</strong></span> <span class='ocrx_word' id='word_1_439' title='bbox 3618 2874 3843 2929; x_wconf 80' lang='lat' dir='ltr'><strong>pagano-</strong></span> 
     </span>
    </p>
   </div>
   <div class='ocr_carea' id='block_1_60' title="bbox 2306 2948 3844 3023">
    <p class='ocr_par' dir='ltr' id='par_1_60' title="bbox 2306 2948 3844 3023">
     <span class='ocr_line' id='line_1_60' title="bbox 2306 2948 3844 3023; baseline -0.014 -6"><span class='ocrx_word' id='word_1_440' title='bbox 2306 2982 2438 3023; x_wconf 75' lang='lat' dir='ltr'><strong>rum,</strong></span> <span class='ocrx_word' id='word_1_441' title='bbox 2464 2974 2522 3014; x_wconf 92' lang='lat' dir='ltr'><strong>ut</strong></span> <span class='ocrx_word' id='word_1_442' title='bbox 2550 2965 2591 3013; x_wconf 88' lang='lat' dir='ltr'><strong>si</strong></span> <span class='ocrx_word' id='word_1_443' title='bbox 2624 2964 2783 3012; x_wconf 84' lang='lat' dir='ltr'><strong>ﬁlium</strong></span> <span class='ocrx_word' id='word_1_444' title='bbox 2808 2967 2897 3010; x_wconf 89' lang='lat' dir='ltr'><strong>aut</strong></span> <span class='ocrx_word' id='word_1_445' title='bbox 2920 2958 3077 3010; x_wconf 88' lang='lat' dir='ltr'><strong>ﬁliam</strong></span> <span class='ocrx_word' id='word_1_446' title='bbox 3106 2969 3295 3009; x_wconf 90' lang='lat' dir='ltr'><strong>nccare</strong></span> <span class='ocrx_word' id='word_1_447' title='bbox 3314 2953 3622 3011; x_wconf 86' lang='lat' dir='ltr'><strong>voluissent,</strong></span> <span class='ocrx_word' id='word_1_448' title='bbox 3648 2948 3844 3013; x_wconf 87' lang='lat' dir='ltr'><strong>absque</strong></span> 
     </span>
    </p>
   </div>
   <div class='ocr_carea' id='block_1_61' title="bbox 2303 3037 3845 3106">
    <p class='ocr_par' dir='ltr' id='par_1_61' title="bbox 2303 3037 3845 3106">
     <span class='ocr_line' id='line_1_61' title="bbox 2303 3037 3845 3106; baseline -0.013 0"><span class='ocrx_word' id='word_1_449' title='bbox 2303 3054 2419 3106; x_wconf 83' lang='lat' dir='ltr'><strong>cibo</strong></span> <span class='ocrx_word' id='word_1_450' title='bbox 2448 3061 2657 3103; x_wconf 77' lang='lat' dir='ltr'><strong>terreno</strong></span> <span class='ocrx_word' id='word_1_451' title='bbox 2702 3055 3033 3100; x_wconf 77' lang='lat' dir='ltr'><strong>necarentur.</strong></span> <span class='ocrx_word' id='word_1_452' title='bbox 3080 3044 3314 3095; x_wconf 86' lang='lat' dir='ltr'><strong>Lictores</strong></span> <span class='ocrx_word' id='word_1_453' title='bbox 3339 3050 3534 3100; x_wconf 90' lang='lat' dir='ltr'><strong>autem,</strong></span> <span class='ocrx_word' id='word_1_454' title='bbox 3565 3040 3701 3091; x_wconf 89' lang='lat' dir='ltr'><strong>sicut</strong></span> <span class='ocrx_word' id='word_1_455' title='bbox 3741 3037 3845 3089; x_wconf 75' lang='lat' dir='ltr'><strong>illis</strong></span> 
     </span>
    </p>
   </div>
   <div class='ocr_carea' id='block_1_62' title="bbox 2304 3131 3846 3205">
    <p class='ocr_par' dir='ltr' id='par_1_62' title="bbox 2304 3131 3846 3205">
     <span class='ocr_line' id='line_1_62' title="bbox 2304 3131 3846 3205; baseline -0.012 -10"><span class='ocrx_word' id='word_1_456' title='bbox 2304 3142 2474 3194; x_wconf 85' lang='lat' dir='ltr'><strong>fuerat</strong></span> <span class='ocrx_word' id='word_1_457' title='bbox 2496 3140 2830 3205; x_wconf 82' lang='lat' dir='ltr'><strong>imperatum,</strong></span> <span class='ocrx_word' id='word_1_458' title='bbox 2858 3143 3143 3203; x_wconf 86' lang='lat' dir='ltr'><strong>rapuerunt</strong></span> <span class='ocrx_word' id='word_1_459' title='bbox 3163 3148 3279 3187; x_wconf 87' lang='lat' dir='ltr'><strong>eam</strong></span> <span class='ocrx_word' id='word_1_460' title='bbox 3302 3139 3353 3185; x_wconf 90' lang='lat' dir='ltr'><strong>et</strong></span> <span class='ocrx_word' id='word_1_461' title='bbox 3377 3131 3705 3183; x_wconf 75' lang='lat' dir='ltr'><strong>deduxerunt</strong></span> <span class='ocrx_word' id='word_1_462' title='bbox 3727 3142 3846 3181; x_wconf 86' lang='lat' dir='ltr'><strong>eam</strong></span> 
     </span>
    </p>
   </div>
   <div class='ocr_carea' id='block_1_63' title="bbox 652 3203 2208 3298">
    <p class='ocr_par' dir='ltr' id='par_1_63' title="bbox 652 3213 2207 3288">
     <span class='ocr_line' id='line_1_63' title="bbox 652 3213 2207 3288; baseline -0.006 -15"><span class='ocrx_word' id='word_1_463' title='bbox 652 3217 939 3288; x_wconf 69' lang='lat' dir='ltr'><strong>iuniorem,</strong></span> <span class='ocrx_word' id='word_1_464' title='bbox 967 3232 1122 3285; x_wconf 91' lang='lat' dir='ltr'><strong>quem</strong></span> <span class='ocrx_word' id='word_1_465' title='bbox 1155 3216 1241 3270; x_wconf 91' lang='lat' dir='ltr'><strong>ille</strong></span> <span class='ocrx_word' id='word_1_466' title='bbox 1265 3216 1488 3283; x_wconf 79' lang='lat' dir='ltr'><strong>benigne</strong></span> <span class='ocrx_word' id='word_1_467' title='bbox 1518 3216 1809 3283; x_wconf 83' lang='lat' dir='ltr'><strong>suscipiens</strong></span> <span class='ocrx_word' id='word_1_468' title='bbox 1838 3213 1961 3266; x_wconf 88' lang='lat' dir='ltr'><strong>fecit</strong></span> <span class='ocrx_word' id='word_1_469' title='bbox 1995 3214 2207 3267; x_wconf 88' lang='lat' dir='ltr'><strong>honori-</strong></span> 
     </span>
    </p>
   </div>
   <div class='ocr_carea' id='block_1_64' title="bbox 2303 3203 3847 3298">
    <p class='ocr_par' dir='ltr' id='par_1_64' title="bbox 2306 3203 3847 3298">
     <span class='ocr_line' id='line_1_64' title="bbox 2306 3203 3847 3298; baseline -0.011 -14"><span class='ocrx_word' id='word_1_470' title='bbox 2306 3240 2357 3285; x_wconf 90' lang='lat' dir='ltr'><strong>et</strong></span> <span class='ocrx_word' id='word_1_471' title='bbox 2388 3203 2613 3298; x_wconf 80' lang='lat' dir='ltr'><strong>portavit</strong></span> <span class='ocrx_word' id='word_1_472' title='bbox 2661 3228 2798 3279; x_wconf 83' lang='lat' dir='ltr'><strong>illam</strong></span> <span class='ocrx_word' id='word_1_473' title='bbox 2831 3241 2992 3277; x_wconf 82' lang='lat' dir='ltr'><strong>mium</strong></span> <span class='ocrx_word' id='word_1_474' title='bbox 3023 3224 3337 3290; x_wconf 83' lang='lat' dir='ltr'><strong>mancipium</strong></span> <span class='ocrx_word' id='word_1_475' title='bbox 3367 3221 3430 3274; x_wconf 86' lang='lat' dir='ltr'><strong>ad</strong></span> <span class='ocrx_word' id='word_1_476' title='bbox 3458 3219 3668 3272; x_wconf 90' lang='lat' dir='ltr'><strong>situlam</strong></span> <span class='ocrx_word' id='word_1_477' title='bbox 3709 3230 3847 3283; x_wconf 74' lang='lat' dir='ltr'><strong>aqua</strong></span> 
     </span>
    </p>
   </div>
   <div class='ocr_carea' id='block_1_65' title="bbox 660 3302 2206 3366">
    <p class='ocr_par' dir='ltr' id='par_1_65' title="bbox 660 3302 2206 3366">
     <span class='ocr_line' id='line_1_65' title="bbox 660 3302 2206 3366; baseline -0.008 -3"><span class='ocrx_word' id='word_1_478' title='bbox 660 3309 759 3363; x_wconf 87' lang='lat' dir='ltr'><strong>ﬁce</strong></span> <span class='ocrx_word' id='word_1_479' title='bbox 802 3306 1040 3361; x_wconf 86' lang='lat' dir='ltr'><strong>habitare</strong></span> <span class='ocrx_word' id='word_1_480' title='bbox 1070 3319 1272 3365; x_wconf 90' lang='lat' dir='ltr'><strong>secum,</strong></span> <span class='ocrx_word' id='word_1_481' title='bbox 1302 3312 1355 3355; x_wconf 90' lang='lat' dir='ltr'><strong>et</strong></span> <span class='ocrx_word' id='word_1_482' title='bbox 1381 3304 1614 3356; x_wconf 85' lang='lat' dir='ltr'><strong>restituit</strong></span> <span class='ocrx_word' id='word_1_483' title='bbox 1646 3303 1693 3352; x_wconf 88' lang='lat' dir='ltr'><strong>ei</strong></span> <span class='ocrx_word' id='word_1_484' title='bbox 1722 3302 2080 3353; x_wconf 72' lang='lat' dir='ltr'><strong>hmreditatem</strong></span> <span class='ocrx_word' id='word_1_485' title='bbox 2110 3315 2206 3366; x_wconf 86' lang='lat' dir='ltr'><strong>pa-</strong></span> 
     </span>
    </p>
   </div>
   <div class='ocr_carea' id='block_1_66' title="bbox 661 3387 2210 3461">
    <p class='ocr_par' dir='ltr' id='par_1_66' title="bbox 661 3387 2210 3461">
     <span class='ocr_line' id='line_1_66' title="bbox 661 3387 2210 3461; baseline -0.007 -10"><span class='ocrx_word' id='word_1_486' title='bbox 661 3398 779 3451; x_wconf 88' lang='lat' dir='ltr'><strong>tris.</strong></span> <span class='ocrx_word' id='word_1_487' title='bbox 808 3396 923 3461; x_wconf 89' lang='lat' dir='ltr'><strong>lpse</strong></span> <span class='ocrx_word' id='word_1_488' title='bbox 964 3402 1138 3445; x_wconf 90' lang='lat' dir='ltr'><strong>tamen</strong></span> <span class='ocrx_word' id='word_1_489' title='bbox 1170 3399 1322 3458; x_wconf 87' lang='lat' dir='ltr'><strong>pater</strong></span> <span class='ocrx_word' id='word_1_490' title='bbox 1361 3404 1481 3443; x_wconf 88' lang='lat' dir='ltr'><strong>cum</strong></span> <span class='ocrx_word' id='word_1_491' title='bbox 1524 3389 1730 3442; x_wconf 84' lang='lat' dir='ltr'><strong>seniore</strong></span> <span class='ocrx_word' id='word_1_492' title='bbox 1772 3388 1878 3440; x_wconf 88' lang='lat' dir='ltr'><strong>ﬁlio</strong></span> <span class='ocrx_word' id='word_1_493' title='bbox 1907 3396 1960 3439; x_wconf 91' lang='lat' dir='ltr'><strong>et</strong></span> <span class='ocrx_word' id='word_1_494' title='bbox 2004 3387 2210 3440; x_wconf 79' lang='lat' dir='ltr'><strong>ﬁliabus</strong></span> 
     </span>
    </p>
   </div>
   <div class='ocr_carea' id='block_1_67' title="bbox 662 3476 2206 3550">
    <p class='ocr_par' dir='ltr' id='par_1_67' title="bbox 662 3476 2206 3550">
     <span class='ocr_line' id='line_1_67' title="bbox 662 3476 2206 3550; baseline -0.008 -10"><span class='ocrx_word' id='word_1_495' title='bbox 662 3484 920 3540; x_wconf 87' lang='lat' dir='ltr'><strong>habitavit</strong></span> <span class='ocrx_word' id='word_1_496' title='bbox 955 3483 1007 3536; x_wconf 92' lang='lat' dir='ltr'><strong>in</strong></span> <span class='ocrx_word' id='word_1_497' title='bbox 1054 3481 1266 3550; x_wconf 82' lang='lat' dir='ltr'><strong>regione</strong></span> <span class='ocrx_word' id='word_1_498' title='bbox 1314 3479 1637 3533; x_wconf 79' lang='lat' dir='ltr'><strong>Francorum</strong></span> <span class='ocrx_word' id='word_1_499' title='bbox 1683 3492 1848 3546; x_wconf 88' lang='lat' dir='ltr'><strong>usque</strong></span> <span class='ocrx_word' id='word_1_500' title='bbox 1897 3478 1961 3530; x_wconf 88' lang='lat' dir='ltr'><strong>ad</strong></span> <span class='ocrx_word' id='word_1_501' title='bbox 2006 3476 2206 3547; x_wconf 75' lang='lat' dir='ltr'><strong>obitum</strong></span> 
     </span>
    </p>
   </div>
   <div class='ocr_carea' id='block_1_68' title="bbox 663 3572 1783 3641">
    <p class='ocr_par' dir='ltr' id='par_1_68' title="bbox 663 3572 1783 3641">
     <span class='ocr_line' id='line_1_68' title="bbox 663 3572 1783 3641; baseline -0.008 -15"><span class='ocrx_word' id='word_1_502' title='bbox 663 3572 806 3641; x_wconf 80' lang='lat' dir='ltr'><strong>regis</strong></span> <span class='ocrx_word' id='word_1_503' title='bbox 837 3572 884 3623; x_wconf 69' lang='grc' dir='ltr'><strong>δ.</strong></span> <span class='ocrx_word' id='word_1_504' title='bbox 911 3608 923 3622; x_wconf 94' lang='grc'><em>.</em></span> <span class='ocrx_word' id='word_1_505' title='bbox 959 3606 973 3622; x_wconf 92' lang='grc'><strong><em>.</em></strong></span> <span class='ocrx_word' id='word_1_506' title='bbox 1780 3630 1783 3633; x_wconf 95' lang='lat'><em>_</em></span> 
     </span>
    </p>
   </div>
   <div class='ocr_carea' id='block_1_69' title="bbox 634 3654 2210 3728">
    <p class='ocr_par' dir='ltr' id='par_1_69' title="bbox 634 3654 2210 3728">
     <span class='ocr_line' id='line_1_69' title="bbox 634 3654 2210 3728; baseline -0.008 -11"><span class='ocrx_word' id='word_1_507' title='bbox 634 3680 642 3688; x_wconf 96' lang='grc'><strong>·</strong></span> <span class='ocrx_word' id='word_1_508' title='bbox 732 3660 964 3728; x_wconf 83' lang='lat' dir='ltr'><strong>Contigit</strong></span> <span class='ocrx_word' id='word_1_509' title='bbox 1009 3666 1183 3710; x_wconf 88' lang='lat' dir='ltr'><strong>autem</strong></span> <span class='ocrx_word' id='word_1_510' title='bbox 1228 3656 1511 3723; x_wconf 87' lang='lat' dir='ltr'><strong>Pippinum</strong></span> <span class='ocrx_word' id='word_1_511' title='bbox 1555 3656 1741 3708; x_wconf 89' lang='lat' dir='ltr'><strong>ducem</strong></span> <span class='ocrx_word' id='word_1_512' title='bbox 1783 3654 2107 3707; x_wconf 83' lang='lat' dir='ltr'><strong>Francorum</strong></span> <span class='ocrx_word' id='word_1_513' title='bbox 2146 3654 2210 3705; x_wconf 91' lang='lat' dir='ltr'><strong>de</strong></span> 
     </span>
    </p>
   </div>
   <div class='ocr_carea' id='block_1_70' title="bbox 656 3743 2211 3813">
    <p class='ocr_par' dir='ltr' id='par_1_70' title="bbox 656 3743 2211 3813">
     <span class='ocr_line' id='line_1_70' title="bbox 656 3743 2211 3813; baseline -0.006 -9"><span class='ocrx_word' id='word_1_514' title='bbox 656 3753 769 3804; x_wconf 66' lang='lat' dir='ltr'><strong>mae</strong></span> <span class='ocrx_word' id='word_1_515' title='bbox 797 3749 913 3801; x_wconf 87' lang='lat' dir='ltr'><strong>luce</strong></span> <span class='ocrx_word' id='word_1_516' title='bbox 941 3748 1225 3813; x_wconf 76' lang='lat' dir='ltr'><strong>migrasse,</strong></span> <span class='ocrx_word' id='word_1_517' title='bbox 1250 3755 1304 3797; x_wconf 87' lang='lat' dir='ltr'><strong>et</strong></span> <span class='ocrx_word' id='word_1_518' title='bbox 1334 3745 1498 3796; x_wconf 92' lang='lat' dir='ltr'><strong>ﬁlium</strong></span> <span class='ocrx_word' id='word_1_519' title='bbox 1524 3743 1638 3809; x_wconf 88' lang='lat' dir='ltr'><strong>ejus</strong></span> <span class='ocrx_word' id='word_1_520' title='bbox 1666 3744 1911 3796; x_wconf 83' lang='lat' dir='ltr'><strong>Carolum</strong></span> <span class='ocrx_word' id='word_1_521' title='bbox 1938 3758 2097 3809; x_wconf 88' lang='lat' dir='ltr'><strong>regno</strong></span> <span class='ocrx_word' id='word_1_522' title='bbox 2121 3757 2211 3808; x_wconf 87' lang='lat' dir='ltr'><strong>po-</strong></span> 
     </span>
    </p>
   </div>
   <div class='ocr_carea' id='block_1_71' title="bbox 659 3832 2212 3907">
    <p class='ocr_par' dir='ltr' id='par_1_71' title="bbox 659 3832 2212 3907">
     <span class='ocr_line' id='line_1_71' title="bbox 659 3832 2212 3907; baseline -0.005 -15"><span class='ocrx_word' id='word_1_523' title='bbox 659 3839 754 3892; x_wconf 72' lang='lat' dir='ltr'><strong>tiri</strong></span> <span class='ocrx_word' id='word_1_524' title='bbox 779 3838 964 3907; x_wconf 87' lang='lat' dir='ltr'><strong>patris,</strong></span> <span class='ocrx_word' id='word_1_525' title='bbox 997 3837 1085 3905; x_wconf 90' lang='lat' dir='ltr'><strong>qui</strong></span> <span class='ocrx_word' id='word_1_526' title='bbox 1130 3835 1323 3888; x_wconf 89' lang='lat' dir='ltr'><strong>multas</strong></span> <span class='ocrx_word' id='word_1_527' title='bbox 1348 3842 1530 3903; x_wconf 87' lang='lat' dir='ltr'><strong>gentes</strong></span> <span class='ocrx_word' id='word_1_528' title='bbox 1556 3833 1783 3900; x_wconf 86' lang='lat' dir='ltr'><strong>sceptris</strong></span> <span class='ocrx_word' id='word_1_529' title='bbox 1824 3832 2014 3900; x_wconf 87' lang='lat' dir='ltr'><strong>adjecit</strong></span> <span class='ocrx_word' id='word_1_530' title='bbox 2046 3832 2212 3885; x_wconf 84' lang='lat' dir='ltr'><strong>Fran-</strong></span> 
     </span>
    </p>
   </div>
   <div class='ocr_carea' id='block_1_72' title="bbox 665 3922 2213 3991">
    <p class='ocr_par' dir='ltr' id='par_1_72' title="bbox 665 3922 2213 3991">
     <span class='ocr_line' id='line_1_72' title="bbox 665 3922 2213 3991; baseline -0.003 -11"><span class='ocrx_word' id='word_1_531' title='bbox 665 3942 871 3988; x_wconf 90' lang='lat' dir='ltr'><strong>corum,</strong></span> <span class='ocrx_word' id='word_1_532' title='bbox 898 3927 1036 3978; x_wconf 90' lang='lat' dir='ltr'><strong>iuter</strong></span> <span class='ocrx_word' id='word_1_533' title='bbox 1063 3940 1193 3991; x_wconf 87' lang='lat' dir='ltr'><strong>quas</strong></span> <span class='ocrx_word' id='word_1_534' title='bbox 1231 3924 1390 3976; x_wconf 88' lang='lat' dir='ltr'><strong>etiam</strong></span> <span class='ocrx_word' id='word_1_535' title='bbox 1435 3938 1555 3975; x_wconf 91' lang='lat' dir='ltr'><strong>cum</strong></span> <span class='ocrx_word' id='word_1_536' title='bbox 1599 3922 1846 3989; x_wconf 90' lang='lat' dir='ltr'><strong>triumphi</strong></span> <span class='ocrx_word' id='word_1_537' title='bbox 1878 3922 2042 3991; x_wconf 87' lang='lat' dir='ltr'><strong>gloria</strong></span> <span class='ocrx_word' id='word_1_538' title='bbox 2088 3922 2213 3975; x_wconf 86' lang='lat' dir='ltr'><strong>Fre-</strong></span> 
     </span>
    </p>
   </div>
   <div class='ocr_carea' id='block_1_73' title="bbox 666 4010 2213 4077">
    <p class='ocr_par' dir='ltr' id='par_1_73' title="bbox 666 4010 2213 4077">
     <span class='ocr_line' id='line_1_73' title="bbox 666 4010 2213 4077; baseline -0.006 -8"><span class='ocrx_word' id='word_1_539' title='bbox 666 4016 822 4077; x_wconf 84' lang='lat' dir='ltr'><strong>siam,</strong></span> <span class='ocrx_word' id='word_1_540' title='bbox 853 4014 1119 4067; x_wconf 77' lang='lat' dir='ltr'><strong>exstincto</strong></span> <span class='ocrx_word' id='word_1_541' title='bbox 1155 4011 1429 4072; x_wconf 85' lang='lat' dir='ltr'><strong>Radbodo,</strong></span> <span class='ocrx_word' id='word_1_542' title='bbox 1459 4018 1680 4077; x_wconf 90' lang='lat' dir='ltr'><strong>paterno</strong></span> <span class='ocrx_word' id='word_1_543' title='bbox 1717 4010 1860 4062; x_wconf 89' lang='lat' dir='ltr'><strong>addit</strong></span> <span class='ocrx_word' id='word_1_544' title='bbox 1889 4010 2130 4077; x_wconf 88' lang='lat' dir='ltr'><strong>imperio,</strong></span> <span class='ocrx_word' id='word_1_545' title='bbox 2162 4010 2213 4061; x_wconf 91' lang='lat' dir='ltr'><strong>in</strong></span> 
     </span>
    </p>
   </div>
   <div class='ocr_carea' id='block_1_74' title="bbox 669 4098 2216 4172">
    <p class='ocr_par' dir='ltr' id='par_1_74' title="bbox 669 4098 2216 4172">
     <span class='ocr_line' id='line_1_74' title="bbox 669 4098 2216 4172; baseline -0.001 -20"><span class='ocrx_word' id='word_1_546' title='bbox 669 4118 772 4172; x_wconf 86' lang='lat' dir='ltr'><strong>qua</strong></span> <span class='ocrx_word' id='word_1_547' title='bbox 796 4111 921 4153; x_wconf 89' lang='lat' dir='ltr'><strong>tunc</strong></span> <span class='ocrx_word' id='word_1_548' title='bbox 941 4108 1095 4167; x_wconf 85' lang='lat' dir='ltr'><strong>gente</strong></span> <span class='ocrx_word' id='word_1_549' title='bbox 1118 4107 1331 4152; x_wconf 86' lang='lat' dir='ltr'><strong>sanctus</strong></span> <span class='ocrx_word' id='word_1_550' title='bbox 1356 4098 1723 4150; x_wconf 84' lang='lat' dir='ltr'><strong>Willibrordus</strong></span> <span class='ocrx_word' id='word_1_551' title='bbox 1746 4099 1950 4164; x_wconf 88' lang='lat' dir='ltr'><strong>positus</strong></span> <span class='ocrx_word' id='word_1_552' title='bbox 1978 4108 2059 4150; x_wconf 89' lang='lat' dir='ltr'><strong>est</strong></span> <span class='ocrx_word' id='word_1_553' title='bbox 2082 4112 2216 4164; x_wconf 69' lang='lat' dir='ltr'><strong>pra:—</strong></span> 
     </span>
    </p>
   </div>
   <div class='ocr_carea' id='block_1_75' title="bbox 671 4184 2217 4255">
    <p class='ocr_par' dir='ltr' id='par_1_75' title="bbox 671 4184 2217 4255">
     <span class='ocr_line' id='line_1_75' title="bbox 671 4184 2217 4255; baseline -0.004 -11"><span class='ocrx_word' id='word_1_554' title='bbox 671 4193 895 4251; x_wconf 81' lang='lat' dir='ltr'><strong>dicator,</strong></span> <span class='ocrx_word' id='word_1_555' title='bbox 921 4188 1176 4255; x_wconf 86' lang='lat' dir='ltr'><strong>sedesque</strong></span> <span class='ocrx_word' id='word_1_556' title='bbox 1203 4186 1514 4255; x_wconf 85' lang='lat' dir='ltr'><strong>episcopalis</strong></span> <span class='ocrx_word' id='word_1_557' title='bbox 1538 4185 1590 4237; x_wconf 90' lang='lat' dir='ltr'><strong>in</strong></span> <span class='ocrx_word' id='word_1_558' title='bbox 1621 4184 1861 4249; x_wconf 85' lang='lat' dir='ltr'><strong>Trajeeto</strong></span> <span class='ocrx_word' id='word_1_559' title='bbox 1887 4185 2102 4238; x_wconf 87' lang='lat' dir='ltr'><strong>castello</strong></span> <span class='ocrx_word' id='word_1_560' title='bbox 2131 4186 2217 4238; x_wconf 90' lang='lat' dir='ltr'><strong>de-</strong></span> 
     </span>
    </p>
   </div>
   <div class='ocr_carea' id='block_1_76' title="bbox 672 4273 2216 4348">
    <p class='ocr_par' dir='ltr' id='par_1_76' title="bbox 672 4273 2216 4348">
     <span class='ocr_line' id='line_1_76' title="bbox 672 4273 2216 4348; baseline -0.004 -17"><span class='ocrx_word' id='word_1_561' title='bbox 672 4282 843 4348; x_wconf 83' lang='lat' dir='ltr'><strong>legata</strong></span> <span class='ocrx_word' id='word_1_562' title='bbox 882 4285 981 4335; x_wconf 91' lang='lat' dir='ltr'><strong>est,</strong></span> <span class='ocrx_word' id='word_1_563' title='bbox 1012 4277 1148 4329; x_wconf 87' lang='lat' dir='ltr'><strong>sicut</strong></span> <span class='ocrx_word' id='word_1_564' title='bbox 1178 4275 1229 4327; x_wconf 90' lang='lat' dir='ltr'><strong>in</strong></span> <span class='ocrx_word' id='word_1_565' title='bbox 1256 4274 1432 4328; x_wconf 90' lang='lat' dir='ltr'><strong>libello</strong></span> <span class='ocrx_word' id='word_1_566' title='bbox 1457 4274 1521 4326; x_wconf 89' lang='lat' dir='ltr'><strong>de</strong></span> <span class='ocrx_word' id='word_1_567' title='bbox 1548 4274 1666 4327; x_wconf 81' lang='lat' dir='ltr'><strong>Via</strong></span> <span class='ocrx_word' id='word_1_568' title='bbox 1697 4273 1860 4340; x_wconf 90' lang='lat' dir='ltr'><strong>ipsius</strong></span> <span class='ocrx_word' id='word_1_569' title='bbox 1890 4273 2216 4327; x_wconf 79' lang='lat' dir='ltr'><strong>VVillibrOrdi</strong></span> 
     </span>
    </p>
   </div>
   <div class='ocr_carea' id='block_1_77' title="bbox 668 4365 2219 4436">
    <p class='ocr_par' dir='ltr' id='par_1_77' title="bbox 668 4365 2219 4436">
     <span class='ocr_line' id='line_1_77' title="bbox 668 4365 2219 4436; baseline -0.002 -14"><span class='ocrx_word' id='word_1_570' title='bbox 668 4370 927 4436; x_wconf 81' lang='lat' dir='ltr'><strong>scriptum</strong></span> <span class='ocrx_word' id='word_1_571' title='bbox 977 4366 1190 4435; x_wconf 85' lang='lat' dir='ltr'><strong>legitur.</strong></span> <span class='ocrx_word' id='word_1_572' title='bbox 1260 4366 1414 4419; x_wconf 88' lang='lat' dir='ltr'><strong>Dedit</strong></span> <span class='ocrx_word' id='word_1_573' title='bbox 1458 4366 1617 4435; x_wconf 87' lang='lat' dir='ltr'><strong>igitur</strong></span> <span class='ocrx_word' id='word_1_574' title='bbox 1662 4365 1880 4419; x_wconf 80' lang='lat' dir='ltr'><strong>Carolus</strong></span> <span class='ocrx_word' id='word_1_575' title='bbox 1930 4375 2219 4419; x_wconf 89' lang='lat' dir='ltr'><strong>memorato</strong></span> 
     </span>
    </p>
   </div>
   <div class='ocr_carea' id='block_1_78' title="bbox 674 4452 2219 4523">
    <p class='ocr_par' dir='ltr' id='par_1_78' title="bbox 674 4452 2219 4523">
     <span class='ocr_line' id='line_1_78' title="bbox 674 4452 2219 4523; baseline -0.001 -14"><span class='ocrx_word' id='word_1_576' title='bbox 674 4456 936 4523; x_wconf 78' lang='lat' dir='ltr'><strong>Vursiugo</strong></span> <span class='ocrx_word' id='word_1_577' title='bbox 956 4452 1268 4507; x_wconf 87' lang='lat' dir='ltr'><strong>beneﬁcium</strong></span> <span class='ocrx_word' id='word_1_578' title='bbox 1290 4453 1345 4505; x_wconf 81' lang='lat' dir='ltr'><strong>in</strong></span> <span class='ocrx_word' id='word_1_579' title='bbox 1368 4454 1596 4506; x_wconf 85' lang='lat' dir='ltr'><strong>conﬁnio</strong></span> <span class='ocrx_word' id='word_1_580' title='bbox 1621 4454 1929 4515; x_wconf 81' lang='lat' dir='ltr'><strong>Fresonum,</strong></span> <span class='ocrx_word' id='word_1_581' title='bbox 1953 4463 2006 4507; x_wconf 90' lang='lat' dir='ltr'><strong>et</strong></span> <span class='ocrx_word' id='word_1_582' title='bbox 2028 4454 2219 4509; x_wconf 78' lang='lat' dir='ltr'><strong>direxit</strong></span> 
     </span>
    </p>
   </div>
   <div class='ocr_carea' id='block_1_79' title="bbox 673 4526 2217 4608">
    <p class='ocr_par' dir='ltr' id='par_1_79' title="bbox 673 4526 2217 4608">
     <span class='ocr_line' id='line_1_79' title="bbox 673 4526 2217 4608; baseline -0.002 -12"><span class='ocrx_word' id='word_1_583' title='bbox 673 4558 799 4596; x_wconf 84' lang='lat' dir='ltr'><strong>eum</strong></span> <span class='ocrx_word' id='word_1_584' title='bbox 840 4542 906 4594; x_wconf 87' lang='lat' dir='ltr'><strong>ad</strong></span> <span class='ocrx_word' id='word_1_585' title='bbox 945 4541 1169 4608; x_wconf 81' lang='lat' dir='ltr'><strong>patriam</strong></span> <span class='ocrx_word' id='word_1_586' title='bbox 1209 4554 1357 4593; x_wconf 89' lang='lat' dir='ltr'><strong>suam</strong></span> <span class='ocrx_word' id='word_1_587' title='bbox 1399 4526 1555 4593; x_wconf 83' lang='lat' dir='ltr'><strong>causa</strong></span> <span class='ocrx_word' id='word_1_588' title='bbox 1603 4540 1721 4594; x_wconf 87' lang='lat' dir='ltr'><strong>ﬁdei</strong></span> <span class='ocrx_word' id='word_1_589' title='bbox 1764 4542 2090 4595; x_wconf 72' lang='lat' dir='ltr'><strong>roborandm.</strong></span> <span class='ocrx_word' id='word_1_590' title='bbox 2121 4541 2217 4605; x_wconf 82' lang='lat' dir='ltr'><strong>Qui</strong></span> 
     </span>
    </p>
   </div>
   <div class='ocr_carea' id='block_1_80' title="bbox 679 4626 2223 4697">
    <p class='ocr_par' dir='ltr' id='par_1_80' title="bbox 679 4626 2223 4697">
     <span class='ocr_line' id='line_1_80' title="bbox 679 4626 2223 4697; baseline 0.001 -16"><span class='ocrx_word' id='word_1_591' title='bbox 679 4630 918 4689; x_wconf 84' lang='lat' dir='ltr'><strong>veniens,</strong></span> <span class='ocrx_word' id='word_1_592' title='bbox 945 4635 1157 4694; x_wconf 81' lang='lat' dir='ltr'><strong>accepta</strong></span> <span class='ocrx_word' id='word_1_593' title='bbox 1181 4626 1484 4681; x_wconf 59' lang='lat' dir='ltr'><strong>haereditate</strong></span> <span class='ocrx_word' id='word_1_594' title='bbox 1504 4630 1733 4697; x_wconf 90' lang='lat' dir='ltr'><strong>propria,</strong></span> <span class='ocrx_word' id='word_1_595' title='bbox 1749 4629 2006 4682; x_wconf 86' lang='lat' dir='ltr'><strong>habitavit</strong></span> <span class='ocrx_word' id='word_1_596' title='bbox 2030 4628 2082 4681; x_wconf 91' lang='lat' dir='ltr'><strong>in</strong></span> <span class='ocrx_word' id='word_1_597' title='bbox 2107 4629 2223 4682; x_wconf 89' lang='lat' dir='ltr'><strong>loco</strong></span> 
     </span>
    </p>
   </div>
   <div class='ocr_carea' id='block_1_81' title="bbox 676 4715 2225 4787">
    <p class='ocr_par' dir='ltr' id='par_1_81' title="bbox 676 4715 2225 4787">
     <span class='ocr_line' id='line_1_81' title="bbox 676 4715 2225 4787; baseline -0.001 -15"><span class='ocrx_word' id='word_1_598' title='bbox 676 4720 770 4787; x_wconf 83' lang='lat' dir='ltr'><strong>qui</strong></span> <span class='ocrx_word' id='word_1_599' title='bbox 797 4719 989 4771; x_wconf 86' lang='lat' dir='ltr'><strong>dicitur</strong></span> <span class='ocrx_word' id='word_1_600' title='bbox 1011 4715 1250 4769; x_wconf 90' lang='lat' dir='ltr'><strong>Snabsua</strong></span> <span class='ocrx_word' id='word_1_601' title='bbox 1278 4726 1298 4753; x_wconf 77' lang='grc' dir='ltr'>ε</span> <span class='ocrx_word' id='word_1_602' title='bbox 1326 4716 1477 4783; x_wconf 78' lang='lat' dir='ltr'><strong>juxta</strong></span> <span class='ocrx_word' id='word_1_603' title='bbox 1500 4716 1820 4783; x_wconf 89' lang='lat' dir='ltr'><strong>Trajectum,</strong></span> <span class='ocrx_word' id='word_1_604' title='bbox 1843 4727 1895 4772; x_wconf 90' lang='lat' dir='ltr'><strong>et</strong></span> <span class='ocrx_word' id='word_1_605' title='bbox 1923 4718 2082 4785; x_wconf 70' lang='lat' dir='ltr'><strong>erepit</strong></span> <span class='ocrx_word' id='word_1_606' title='bbox 2109 4732 2225 4771; x_wconf 89' lang='lat' dir='ltr'><strong>esse</strong></span> 
     </span>
    </p>
   </div>
   <div class='ocr_carea' id='block_1_82' title="bbox 676 4804 2228 4875">
    <p class='ocr_par' dir='ltr' id='par_1_82' title="bbox 676 4804 2228 4875">
     <span class='ocr_line' id='line_1_82' title="bbox 676 4804 2228 4875; baseline -0.002 -13"><span class='ocrx_word' id='word_1_607' title='bbox 676 4808 891 4875; x_wconf 77' lang='lat' dir='ltr'><strong>adjutor</strong></span> <span class='ocrx_word' id='word_1_608' title='bbox 932 4806 1101 4859; x_wconf 85' lang='lat' dir='ltr'><strong>sancti</strong></span> <span class='ocrx_word' id='word_1_609' title='bbox 1148 4804 1476 4857; x_wconf 84' lang='lat' dir='ltr'><strong>Willibrordi</strong></span> <span class='ocrx_word' id='word_1_610' title='bbox 1518 4821 1638 4859; x_wconf 92' lang='lat' dir='ltr'><strong>cum</strong></span> <span class='ocrx_word' id='word_1_611' title='bbox 1682 4806 1802 4860; x_wconf 90' lang='lat' dir='ltr'><strong>ﬁliis</strong></span> <span class='ocrx_word' id='word_1_612' title='bbox 1841 4815 1894 4860; x_wconf 90' lang='lat' dir='ltr'><strong>et</strong></span> <span class='ocrx_word' id='word_1_613' title='bbox 1920 4806 2228 4875; x_wconf 88' lang='lat' dir='ltr'><strong>propinquis</strong></span> 
     </span>
    </p>
   </div>
   <div class='ocr_carea' id='block_1_83' title="bbox 678 4893 2225 4962">
    <p class='ocr_par' dir='ltr' id='par_1_83' title="bbox 678 4893 2225 4962">
     <span class='ocr_line' id='line_1_83' title="bbox 678 4893 2225 4962; baseline -0.003 -11"><span class='ocrx_word' id='word_1_614' title='bbox 678 4899 809 4955; x_wconf 88' lang='lat' dir='ltr'><strong>suis,</strong></span> <span class='ocrx_word' id='word_1_615' title='bbox 842 4897 893 4947; x_wconf 91' lang='lat' dir='ltr'><strong>in</strong></span> <span class='ocrx_word' id='word_1_616' title='bbox 922 4895 1319 4961; x_wconf 89' lang='lat' dir='ltr'><strong>quibuscunque</strong></span> <span class='ocrx_word' id='word_1_617' title='bbox 1348 4901 1610 4960; x_wconf 88' lang='lat' dir='ltr'><strong>potuerat.</strong></span> <span class='ocrx_word' id='word_1_618' title='bbox 1664 4893 1921 4962; x_wconf 86' lang='lat' dir='ltr'><strong>Diligebat</strong></span> <span class='ocrx_word' id='word_1_619' title='bbox 1950 4908 2070 4947; x_wconf 91' lang='lat' dir='ltr'><strong>eum</strong></span> <span class='ocrx_word' id='word_1_620' title='bbox 2102 4910 2225 4947; x_wconf 90' lang='lat' dir='ltr'><strong>san-</strong></span> 
     </span>
    </p>
   </div>
   <div class='ocr_carea' id='block_1_84' title="bbox 679 4981 2229 5050">
    <p class='ocr_par' dir='ltr' id='par_1_84' title="bbox 679 4981 2229 5050">
     <span class='ocr_line' id='line_1_84' title="bbox 679 4981 2229 5050; baseline -0.003 -11"><span class='ocrx_word' id='word_1_621' title='bbox 679 4997 802 5040; x_wconf 79' lang='lat' dir='ltr'><strong>ctus</strong></span> <span class='ocrx_word' id='word_1_622' title='bbox 828 4981 1201 5038; x_wconf 85' lang='lat' dir='ltr'><strong>Willibrordus</strong></span> <span class='ocrx_word' id='word_1_623' title='bbox 1234 4982 1404 5044; x_wconf 90' lang='lat' dir='ltr'><strong>valde,</strong></span> <span class='ocrx_word' id='word_1_624' title='bbox 1433 4997 1496 5035; x_wconf 92' lang='lat' dir='ltr'><strong>eo</strong></span> <span class='ocrx_word' id='word_1_625' title='bbox 1526 4982 1666 5050; x_wconf 86' lang='lat' dir='ltr'><strong>quod</strong></span> <span class='ocrx_word' id='word_1_626' title='bbox 1696 4991 1834 5037; x_wconf 89' lang='lat' dir='ltr'><strong>esset</strong></span> <span class='ocrx_word' id='word_1_627' title='bbox 1874 4985 1954 5036; x_wconf 87' lang='lat' dir='ltr'><strong>vir</strong></span> <span class='ocrx_word' id='word_1_628' title='bbox 1977 4986 2148 5039; x_wconf 89' lang='lat' dir='ltr'><strong>bonus</strong></span> <span class='ocrx_word' id='word_1_629' title='bbox 2174 4991 2229 5035; x_wconf 90' lang='lat' dir='ltr'><strong>et</strong></span> 
     </span>
    </p>
   </div>
   <div class='ocr_carea' id='block_1_85' title="bbox 683 5070 2232 5144">
    <p class='ocr_par' dir='ltr' id='par_1_85' title="bbox 683 5070 2232 5144">
     <span class='ocr_line' id='line_1_85' title="bbox 683 5070 2232 5144; baseline -0.003 -16"><span class='ocrx_word' id='word_1_630' title='bbox 683 5075 872 5144; x_wconf 88' lang='lat' dir='ltr'><strong>plenus</strong></span> <span class='ocrx_word' id='word_1_631' title='bbox 900 5071 1004 5126; x_wconf 89' lang='lat' dir='ltr'><strong>ﬁde</strong></span> <span class='ocrx_word' id='word_1_632' title='bbox 1024 5081 1080 5127; x_wconf 83' lang='lat' dir='ltr'><strong>et</strong></span> <span class='ocrx_word' id='word_1_633' title='bbox 1110 5070 1447 5140; x_wconf 81' lang='lat' dir='ltr'><strong>acceptabilis</strong></span> <span class='ocrx_word' id='word_1_634' title='bbox 1470 5070 1728 5125; x_wconf 73' lang='lat' dir='ltr'><strong>universa:</strong></span> <span class='ocrx_word' id='word_1_635' title='bbox 1768 5072 1908 5141; x_wconf 85' lang='lat' dir='ltr'><strong>plebi</strong></span> <span class='ocrx_word' id='word_1_636' title='bbox 1932 5081 1985 5126; x_wconf 91' lang='lat' dir='ltr'><strong>et</strong></span> <span class='ocrx_word' id='word_1_637' title='bbox 2019 5073 2232 5127; x_wconf 89' lang='lat' dir='ltr'><strong>castita-</strong></span> 
     </span>
    </p>
   </div>
   <div class='ocr_carea' id='block_1_86' title="bbox 688 5174 1696 5217">
    <p class='ocr_par' dir='ltr' id='par_1_86' title="bbox 688 5174 1696 5217">
     <span class='ocr_line' id='line_1_86' title="bbox 688 5174 1696 5217; baseline -0.011 0"><span class='ocrx_word' id='word_1_638' title='bbox 688 5174 795 5217; x_wconf 87' lang='lat' dir='ltr'><strong>tem</strong></span> <span class='ocrx_word' id='word_1_639' title='bbox 830 5175 1069 5215; x_wconf 83' lang='lat' dir='ltr'><strong>servans.</strong></span> <span class='ocrx_word' id='word_1_640' title='bbox 1692 5182 1696 5186; x_wconf 69' lang='grc'><em>’</em></span> 
     </span>
    </p>
   </div>
   <div class='ocr_carea' id='block_1_87' title="bbox 757 5248 2229 5321">
    <p class='ocr_par' dir='ltr' id='par_1_87' title="bbox 757 5248 2229 5321">
     <span class='ocr_line' id='line_1_87' title="bbox 757 5248 2229 5321; baseline -0.003 -15"><span class='ocrx_word' id='word_1_641' title='bbox 757 5253 808 5306; x_wconf 81' lang='lat'><strong>5.</strong></span> <span class='ocrx_word' id='word_1_642' title='bbox 846 5251 1185 5321; x_wconf 81' lang='lat' dir='ltr'><strong>Nothgrimut</strong></span> <span class='ocrx_word' id='word_1_643' title='bbox 1232 5250 1388 5318; x_wconf 84' lang='lat' dir='ltr'><strong>igitur</strong></span> <span class='ocrx_word' id='word_1_644' title='bbox 1416 5249 1554 5303; x_wconf 87' lang='lat' dir='ltr'><strong>ﬁlius</strong></span> <span class='ocrx_word' id='word_1_645' title='bbox 1588 5248 1703 5317; x_wconf 90' lang='lat' dir='ltr'><strong>ejus</strong></span> <span class='ocrx_word' id='word_1_646' title='bbox 1726 5251 1904 5305; x_wconf 85' lang='lat' dir='ltr'><strong>senior</strong></span> <span class='ocrx_word' id='word_1_647' title='bbox 1930 5251 2080 5321; x_wconf 73' lang='lat' dir='ltr'><strong>duxit</strong></span> <span class='ocrx_word' id='word_1_648' title='bbox 2103 5265 2229 5303; x_wconf 73' lang='lat' dir='ltr'><strong>uxo-</strong></span> 
     </span>
    </p>
   </div>
   <div class='ocr_carea' id='block_1_88' title="bbox 690 5320 2228 5404">
    <p class='ocr_par' dir='ltr' id='par_1_88' title="bbox 690 5320 2228 5404">
     <span class='ocr_line' id='line_1_88' title="bbox 690 5320 2228 5404; baseline -0.002 -9"><span class='ocrx_word' id='word_1_649' title='bbox 690 5355 805 5396; x_wconf 89' lang='lat' dir='ltr'><strong>rem</strong></span> <span class='ocrx_word' id='word_1_650' title='bbox 845 5320 1050 5394; x_wconf 77' lang='lat' dir='ltr'><strong>ﬁdelem</strong></span> <span class='ocrx_word' id='word_1_651' title='bbox 1093 5338 1354 5404; x_wconf 85' lang='lat' dir='ltr'><strong>similiter,</strong></span> <span class='ocrx_word' id='word_1_652' title='bbox 1386 5347 1439 5393; x_wconf 88' lang='lat' dir='ltr'><strong>et</strong></span> <span class='ocrx_word' id='word_1_653' title='bbox 1465 5339 1586 5393; x_wconf 64' lang='lat' dir='ltr'><strong>ﬁlia:</strong></span> <span class='ocrx_word' id='word_1_654' title='bbox 1612 5348 1719 5393; x_wconf 90' lang='lat' dir='ltr'><strong>tres</strong></span> <span class='ocrx_word' id='word_1_655' title='bbox 1757 5322 1875 5393; x_wconf 83' lang='lat' dir='ltr'><strong>cum</strong></span> <span class='ocrx_word' id='word_1_656' title='bbox 1909 5320 2094 5395; x_wconf 81' lang='lat' dir='ltr'><strong>timore</strong></span> <span class='ocrx_word' id='word_1_657' title='bbox 2124 5339 2228 5392; x_wconf 85' lang='lat' dir='ltr'><strong>Do—</strong></span> 
     </span>
    </p>
   </div>
   <div class='ocr_carea' id='block_1_89' title="bbox 761 5468 2234 5540">
    <p class='ocr_par' dir='ltr' id='par_1_89' title="bbox 761 5468 2234 5540">
     <span class='ocr_line' id='line_1_89' title="bbox 761 5468 2234 5540; baseline 0 -17"><span class='ocrx_word' id='word_1_658' title='bbox 761 5482 788 5511; x_wconf 81' lang='grc' dir='ltr'>ι</span> <span class='ocrx_word' id='word_1_659' title='bbox 826 5469 924 5523; x_wconf 80' lang='lat' dir='ltr'><strong>Hic</strong></span> <span class='ocrx_word' id='word_1_660' title='bbox 950 5468 1250 5540; x_wconf 83' lang='lat' dir='ltr'><strong>Grimoldus</strong></span> <span class='ocrx_word' id='word_1_661' title='bbox 1279 5471 1390 5540; x_wconf 82' lang='lat' dir='ltr'><strong>dux</strong></span> <span class='ocrx_word' id='word_1_662' title='bbox 1418 5478 1535 5523; x_wconf 87' lang='lat' dir='ltr'><strong>erat</strong></span> <span class='ocrx_word' id='word_1_663' title='bbox 1573 5471 1797 5540; x_wconf 83' lang='lat' dir='ltr'><strong>Pippini,</strong></span> <span class='ocrx_word' id='word_1_664' title='bbox 1830 5468 2234 5537; x_wconf 88' lang='lat' dir='ltr'><strong>majorisdomus</strong></span> 
     </span>
    </p>
   </div>
   <div class='ocr_carea' id='block_1_90' title="bbox 689 5537 1464 5671">
    <p class='ocr_par' dir='ltr' id='par_1_90' title="bbox 689 5537 1464 5671">
     <span class='ocr_line' id='line_1_90' title="bbox 689 5537 1396 5602; baseline -0.004 -8"><span class='ocrx_word' id='word_1_665' title='bbox 689 5538 855 5602; x_wconf 67' lang='lat' dir='ltr'><strong>ﬁlius,</strong></span> <span class='ocrx_word' id='word_1_666' title='bbox 882 5547 936 5593; x_wconf 90' lang='lat' dir='ltr'><strong>et</strong></span> <span class='ocrx_word' id='word_1_667' title='bbox 960 5537 1089 5591; x_wconf 89' lang='lat' dir='ltr'><strong>obiit</strong></span> <span class='ocrx_word' id='word_1_668' title='bbox 1111 5554 1250 5591; x_wconf 90' lang='lat' dir='ltr'><strong>anno</strong></span> <span class='ocrx_word' id='word_1_669' title='bbox 1276 5539 1396 5591; x_wconf 73' lang='grc'><strong>714.</strong></span> 
     </span>
     <span class='ocr_line' id='line_1_91' title="bbox 769 5606 1464 5671; baseline 0.001 -12"><span class='ocrx_word' id='word_1_670' title='bbox 769 5609 796 5646; x_wconf 68' lang='grc' dir='ltr'><strong><em>ιι</em></strong></span> <span class='ocrx_word' id='word_1_671' title='bbox 830 5606 928 5671; x_wconf 85' lang='lat' dir='ltr'><strong>Qui</strong></span> <span class='ocrx_word' id='word_1_672' title='bbox 951 5607 1168 5671; x_wconf 72' lang='lat' dir='ltr'><strong>contigit</strong></span> <span class='ocrx_word' id='word_1_673' title='bbox 1199 5621 1335 5660; x_wconf 87' lang='lat' dir='ltr'><strong>anno</strong></span> <span class='ocrx_word' id='word_1_674' title='bbox 1365 5608 1464 5660; x_wconf 88' lang='lat' dir='ltr'><strong>7l9</strong></span> 
     </span>
    </p>
   </div>
   <div class='ocr_carea' id='block_1_91' title="bbox 763 5623 2233 5744">
    <p class='ocr_par' dir='ltr' id='par_1_91' title="bbox 763 5623 2233 5744">
     <span class='ocr_line' id='line_1_92' title="bbox 769 5623 1483 5675; baseline -0.001 -16"><span class='ocrx_word' id='word_1_675' title='bbox 769 5623 796 5646; x_wconf 78' lang='grc' dir='ltr'><strong><em>υ</em></strong></span> <span class='ocrx_word' id='word_1_676' title='bbox 830 5623 928 5671; x_wconf 75' lang='lat' dir='ltr'><strong>uni</strong></span> <span class='ocrx_word' id='word_1_677' title='bbox 951 5623 1168 5675; x_wconf 74' lang='lat' dir='ltr'><strong>contigit</strong></span> <span class='ocrx_word' id='word_1_678' title='bbox 1199 5623 1335 5660; x_wconf 88' lang='lat' dir='ltr'><strong>anno</strong></span> <span class='ocrx_word' id='word_1_679' title='bbox 1374 5623 1483 5660; x_wconf 69' lang='lat' dir='ltr'><strong>ua.</strong></span> 
     </span>
     <span class='ocr_line' id='line_1_93' title="bbox 763 5673 2233 5744; baseline -0.001 -17"><span class='ocrx_word' id='word_1_680' title='bbox 763 5684 789 5711; x_wconf 67' lang='grc' dir='ltr'><em>ε</em></span> <span class='ocrx_word' id='word_1_681' title='bbox 832 5673 887 5727; x_wconf 84' lang='lat' dir='ltr'><strong>In</strong></span> <span class='ocrx_word' id='word_1_682' title='bbox 914 5675 1204 5744; x_wconf 85' lang='lat' dir='ltr'><strong>rhythmica</strong></span> <span class='ocrx_word' id='word_1_683' title='bbox 1223 5675 1339 5727; x_wconf 87' lang='lat' dir='ltr'><strong>Vita</strong></span> <span class='ocrx_word' id='word_1_684' title='bbox 1363 5675 1605 5729; x_wconf 80' lang='lat' dir='ltr'><strong>Sualisna</strong></span> <span class='ocrx_word' id='word_1_685' title='bbox 1626 5676 1842 5739; x_wconf 85' lang='lat' dir='ltr'><strong>dicitur;</strong></span> <span class='ocrx_word' id='word_1_686' title='bbox 1871 5676 1920 5727; x_wconf 90' lang='lat' dir='ltr'><strong>in</strong></span> <span class='ocrx_word' id='word_1_687' title='bbox 1937 5690 2035 5728; x_wconf 91' lang='lat' dir='ltr'><strong>ms.</strong></span> <span class='ocrx_word' id='word_1_688' title='bbox 2055 5674 2233 5728; x_wconf 84' lang='lat' dir='ltr'><strong>Budic.</strong></span> 
     </span>
    </p>
   </div>
   <div class='ocr_carea' id='block_1_92' title="bbox 2305 3311 3850 3387">
    <p class='ocr_par' dir='ltr' id='par_1_92' title="bbox 2305 3311 3850 3387">
     <span class='ocr_line' id='line_1_94' title="bbox 2305 3311 3850 3387; baseline -0.012 -15"><span class='ocrx_word' id='word_1_689' title='bbox 2305 3321 2530 3387; x_wconf 76' lang='lat' dir='ltr'><strong>plenam,</strong></span> <span class='ocrx_word' id='word_1_690' title='bbox 2559 3317 2775 3382; x_wconf 88' lang='lat' dir='ltr'><strong>cupiens</strong></span> <span class='ocrx_word' id='word_1_691' title='bbox 2814 3330 2929 3366; x_wconf 87' lang='lat' dir='ltr'><strong>eam</strong></span> <span class='ocrx_word' id='word_1_692' title='bbox 2962 3314 3019 3364; x_wconf 82' lang='lat' dir='ltr'><strong>in</strong></span> <span class='ocrx_word' id='word_1_693' title='bbox 3062 3313 3225 3378; x_wconf 89' lang='lat' dir='ltr'><strong>ipsam</strong></span> <span class='ocrx_word' id='word_1_694' title='bbox 3269 3323 3458 3377; x_wconf 88' lang='lat' dir='ltr'><strong>aquam</strong></span> <span class='ocrx_word' id='word_1_695' title='bbox 3504 3318 3759 3374; x_wconf 87' lang='lat' dir='ltr'><strong>mergere,</strong></span> <span class='ocrx_word' id='word_1_696' title='bbox 3788 3311 3850 3355; x_wconf 87' lang='lat' dir='ltr'><strong>ut</strong></span> 
     </span>
    </p>
   </div>
   <div class='ocr_carea' id='block_1_93' title="bbox 2307 3396 3849 3465">
    <p class='ocr_par' dir='ltr' id='par_1_93' title="bbox 2307 3396 3849 3465">
     <span class='ocr_line' id='line_1_95' title="bbox 2307 3396 3849 3465; baseline -0.01 -6"><span class='ocrx_word' id='word_1_697' title='bbox 2307 3408 2481 3459; x_wconf 90' lang='lat' dir='ltr'><strong>ﬁniret</strong></span> <span class='ocrx_word' id='word_1_698' title='bbox 2523 3405 2705 3456; x_wconf 87' lang='lat' dir='ltr'><strong>vitam.</strong></span> <span class='ocrx_word' id='word_1_699' title='bbox 2757 3402 2859 3454; x_wconf 87' lang='lat' dir='ltr'><strong>Sed</strong></span> <span class='ocrx_word' id='word_1_700' title='bbox 2914 3401 3046 3451; x_wconf 86' lang='lat' dir='ltr'><strong>miro</strong></span> <span class='ocrx_word' id='word_1_701' title='bbox 3093 3397 3473 3465; x_wconf 82' lang='lat' dir='ltr'><strong>Omnipotcntis</strong></span> <span class='ocrx_word' id='word_1_702' title='bbox 3504 3396 3641 3448; x_wconf 91' lang='lat' dir='ltr'><strong>dono</strong></span> <span class='ocrx_word' id='word_1_703' title='bbox 3672 3402 3849 3446; x_wconf 84' lang='lat' dir='ltr'><strong>aetum</strong></span> 
     </span>
    </p>
   </div>
   <div class='ocr_carea' id='block_1_94' title="bbox 2306 3479 3847 3560">
    <p class='ocr_par' dir='ltr' id='par_1_94' title="bbox 2306 3479 3847 3560">
     <span class='ocr_line' id='line_1_96' title="bbox 2306 3479 3847 3560; baseline -0.012 -10"><span class='ocrx_word' id='word_1_704' title='bbox 2306 3505 2406 3557; x_wconf 89' lang='lat' dir='ltr'><strong>est,</strong></span> <span class='ocrx_word' id='word_1_705' title='bbox 2434 3504 2489 3545; x_wconf 91' lang='lat' dir='ltr'><strong>ut</strong></span> <span class='ocrx_word' id='word_1_706' title='bbox 2518 3492 2720 3560; x_wconf 85' lang='lat' dir='ltr'><strong>puclla,</strong></span> <span class='ocrx_word' id='word_1_707' title='bbox 2753 3506 2869 3557; x_wconf 74' lang='lat' dir='ltr'><strong>qua:</strong></span> <span class='ocrx_word' id='word_1_708' title='bbox 2916 3487 3137 3541; x_wconf 87' lang='lat' dir='ltr'><strong>necdum</strong></span> <span class='ocrx_word' id='word_1_709' title='bbox 3185 3490 3396 3537; x_wconf 69' lang='lat' dir='ltr'><strong>auxerat</strong></span> <span class='ocrx_word' id='word_1_710' title='bbox 3438 3486 3602 3535; x_wconf 87' lang='lat' dir='ltr'><strong>ubera</strong></span> <span class='ocrx_word' id='word_1_711' title='bbox 3643 3479 3847 3540; x_wconf 87' lang='lat' dir='ltr'><strong>matris,</strong></span> 
     </span>
    </p>
   </div>
   <div class='ocr_carea' id='block_1_95' title="bbox 2306 3569 3854 3641">
    <p class='ocr_par' dir='ltr' id='par_1_95' title="bbox 2306 3569 3854 3641">
     <span class='ocr_line' id='line_1_97' title="bbox 2306 3569 3854 3641; baseline -0.011 -5"><span class='ocrx_word' id='word_1_712' title='bbox 2306 3583 2541 3637; x_wconf 82' lang='lat' dir='ltr'><strong>extensis</strong></span> <span class='ocrx_word' id='word_1_713' title='bbox 2572 3579 2801 3635; x_wconf 86' lang='lat' dir='ltr'><strong>brachiis</strong></span> <span class='ocrx_word' id='word_1_714' title='bbox 2840 3577 2949 3629; x_wconf 88' lang='lat' dir='ltr'><strong>suis</strong></span> <span class='ocrx_word' id='word_1_715' title='bbox 2981 3583 3201 3641; x_wconf 89' lang='lat' dir='ltr'><strong>utraque</strong></span> <span class='ocrx_word' id='word_1_716' title='bbox 3243 3587 3398 3624; x_wconf 91' lang='lat' dir='ltr'><strong>manu</strong></span> <span class='ocrx_word' id='word_1_717' title='bbox 3432 3569 3854 3638; x_wconf 86' lang='lat' dir='ltr'><strong>apprehenderet</strong></span> 
     </span>
    </p>
   </div>
   <div class='ocr_carea' id='block_1_96' title="bbox 2310 3657 3853 3738">
    <p class='ocr_par' dir='ltr' id='par_1_96' title="bbox 2310 3657 3853 3738">
     <span class='ocr_line' id='line_1_98' title="bbox 2310 3657 3853 3738; baseline -0.008 -16"><span class='ocrx_word' id='word_1_718' title='bbox 2310 3671 2599 3738; x_wconf 82' lang='lat' dir='ltr'><strong>marginem</strong></span> <span class='ocrx_word' id='word_1_719' title='bbox 2628 3666 2816 3725; x_wconf 67' lang='lat' dir='ltr'><strong>situlte,</strong></span> <span class='ocrx_word' id='word_1_720' title='bbox 2844 3664 3076 3716; x_wconf 83' lang='lat' dir='ltr'><strong>renitens</strong></span> <span class='ocrx_word' id='word_1_721' title='bbox 3101 3675 3166 3714; x_wconf 90' lang='lat' dir='ltr'><strong>ne</strong></span> <span class='ocrx_word' id='word_1_722' title='bbox 3188 3669 3534 3729; x_wconf 88' lang='lat' dir='ltr'><strong>mergeretur.</strong></span> <span class='ocrx_word' id='word_1_723' title='bbox 3560 3657 3706 3710; x_wconf 81' lang='lat' dir='ltr'><strong>lianc</strong></span> <span class='ocrx_word' id='word_1_724' title='bbox 3724 3670 3853 3724; x_wconf 87' lang='lat' dir='ltr'><strong>ergo</strong></span> 
     </span>
    </p>
   </div>
   <div class='ocr_carea' id='block_1_97' title="bbox 2311 3742 3854 3820">
    <p class='ocr_par' dir='ltr' id='par_1_97' title="bbox 2311 3742 3854 3820">
     <span class='ocr_line' id='line_1_99' title="bbox 2311 3742 3854 3820; baseline -0.01 -11"><span class='ocrx_word' id='word_1_725' title='bbox 2311 3754 2671 3810; x_wconf 80' lang='lat' dir='ltr'><strong>fortitudinem</strong></span> <span class='ocrx_word' id='word_1_726' title='bbox 2714 3751 3011 3804; x_wconf 80' lang='lat' dir='ltr'><strong>tenerrima:</strong></span> <span class='ocrx_word' id='word_1_727' title='bbox 3035 3748 3220 3815; x_wconf 73' lang='lat' dir='ltr'><strong>puella:</strong></span> <span class='ocrx_word' id='word_1_728' title='bbox 3260 3761 3326 3798; x_wconf 76' lang='lat' dir='ltr'><strong>ex</strong></span> <span class='ocrx_word' id='word_1_729' title='bbox 3367 3745 3544 3800; x_wconf 82' lang='lat' dir='ltr'><strong>divina</strong></span> <span class='ocrx_word' id='word_1_730' title='bbox 3591 3742 3854 3820; x_wconf 84' lang='lat' dir='ltr'><strong>credimus</strong></span> 
     </span>
    </p>
   </div>
   <div class='ocr_carea' id='block_1_98' title="bbox 2313 3830 3853 3907">
    <p class='ocr_par' dir='ltr' id='par_1_98' title="bbox 2313 3830 3853 3907">
     <span class='ocr_line' id='line_1_100' title="bbox 2313 3830 3853 3907; baseline -0.01 -11"><span class='ocrx_word' id='word_1_731' title='bbox 2313 3853 2483 3896; x_wconf 81' lang='lat' dir='ltr'><strong>actam</strong></span> <span class='ocrx_word' id='word_1_732' title='bbox 2529 3838 3010 3907; x_wconf 61' lang='lat' dir='ltr'><strong>prtedestinatione,</strong></span> <span class='ocrx_word' id='word_1_733' title='bbox 3037 3849 3101 3889; x_wconf 89' lang='lat' dir='ltr'><strong>eo</strong></span> <span class='ocrx_word' id='word_1_734' title='bbox 3128 3835 3267 3902; x_wconf 88' lang='lat' dir='ltr'><strong>quod</strong></span> <span class='ocrx_word' id='word_1_735' title='bbox 3299 3849 3362 3886; x_wconf 78' lang='lat' dir='ltr'><strong>ex</strong></span> <span class='ocrx_word' id='word_1_736' title='bbox 3389 3847 3452 3887; x_wconf 89' lang='lat' dir='ltr'><strong>ea</strong></span> <span class='ocrx_word' id='word_1_737' title='bbox 3477 3833 3582 3885; x_wconf 91' lang='lat' dir='ltr'><strong>dno</strong></span> <span class='ocrx_word' id='word_1_738' title='bbox 3623 3830 3853 3898; x_wconf 79' lang='lat' dir='ltr'><strong>episeopi</strong></span> 
     </span>
    </p>
   </div>
   <div class='ocr_carea' id='block_1_99' title="bbox 2312 3918 3857 3988">
    <p class='ocr_par' dir='ltr' id='par_1_99' title="bbox 2312 3918 3857 3988">
     <span class='ocr_line' id='line_1_101' title="bbox 2312 3918 3857 3988; baseline -0.01 -4"><span class='ocrx_word' id='word_1_739' title='bbox 2312 3932 2533 3985; x_wconf 81' lang='lat' dir='ltr'><strong>fuissent</strong></span> <span class='ocrx_word' id='word_1_740' title='bbox 2570 3927 2798 3983; x_wconf 88' lang='lat' dir='ltr'><strong>oriundi.</strong></span> <span class='ocrx_word' id='word_1_741' title='bbox 2834 3934 3049 3980; x_wconf 89' lang='lat' dir='ltr'><strong>sanctus</strong></span> <span class='ocrx_word' id='word_1_742' title='bbox 3090 3923 3333 3977; x_wconf 86' lang='lat' dir='ltr'><strong>videlicet</strong></span> <span class='ocrx_word' id='word_1_743' title='bbox 3373 3921 3643 3988; x_wconf 79' lang='lat' dir='ltr'><strong>Ludgems</strong></span> <span class='ocrx_word' id='word_1_744' title='bbox 3665 3930 3714 3975; x_wconf 88' lang='lat' dir='ltr'><strong>et</strong></span> <span class='ocrx_word' id='word_1_745' title='bbox 3745 3918 3857 3971; x_wconf 78' lang='lat' dir='ltr'><strong>Hil-</strong></span> 
     </span>
    </p>
   </div>
   <div class='ocr_carea' id='block_1_100' title="bbox 2313 4008 3858 4088">
    <p class='ocr_par' dir='ltr' id='par_1_100' title="bbox 2313 4008 3858 4088">
     <span class='ocr_line' id='line_1_102' title="bbox 2313 4008 3858 4088; baseline -0.008 -16"><span class='ocrx_word' id='word_1_746' title='bbox 2313 4021 2587 4088; x_wconf 85' lang='lat' dir='ltr'><strong>digriinus.</strong></span> <span class='ocrx_word' id='word_1_747' title='bbox 2631 4018 2688 4070; x_wconf 89' lang='lat' dir='ltr'><strong>lu</strong></span> <span class='ocrx_word' id='word_1_748' title='bbox 2731 4017 2831 4070; x_wconf 87' lang='lat' dir='ltr'><strong>hac</strong></span> <span class='ocrx_word' id='word_1_749' title='bbox 2868 4028 2997 4083; x_wconf 88' lang='lat' dir='ltr'><strong>ergo</strong></span> <span class='ocrx_word' id='word_1_750' title='bbox 3035 4011 3405 4066; x_wconf 88' lang='lat' dir='ltr'><strong>colluctatione</strong></span> <span class='ocrx_word' id='word_1_751' title='bbox 3448 4008 3673 4062; x_wconf 84' lang='lat' dir='ltr'><strong>mirabili</strong></span> <span class='ocrx_word' id='word_1_752' title='bbox 3703 4008 3858 4075; x_wconf 77' lang='lat' dir='ltr'><strong>juxta</strong></span> 
     </span>
    </p>
   </div>
   <div class='ocr_carea' id='block_1_101' title="bbox 2316 4095 3857 4167">
    <p class='ocr_par' dir='ltr' id='par_1_101' title="bbox 2316 4095 3857 4167">
     <span class='ocr_line' id='line_1_103' title="bbox 2316 4095 3857 4167; baseline -0.008 -9"><span class='ocrx_word' id='word_1_753' title='bbox 2316 4105 2671 4158; x_wconf 83' lang='lat' dir='ltr'><strong>misericordis</strong></span> <span class='ocrx_word' id='word_1_754' title='bbox 2723 4103 2815 4155; x_wconf 90' lang='lat' dir='ltr'><strong>Dei</strong></span> <span class='ocrx_word' id='word_1_755' title='bbox 2885 4100 3279 4167; x_wconf 80' lang='lat' dir='ltr'><strong>dispositionem</strong></span> <span class='ocrx_word' id='word_1_756' title='bbox 3335 4096 3634 4165; x_wconf 89' lang='lat' dir='ltr'><strong>supervenit</strong></span> <span class='ocrx_word' id='word_1_757' title='bbox 3683 4095 3857 4148; x_wconf 80' lang='lat' dir='ltr'><strong>vicina</strong></span> 
     </span>
    </p>
   </div>
   <div class='ocr_carea' id='block_1_102' title="bbox 2317 4186 3857 4255">
    <p class='ocr_par' dir='ltr' id='par_1_102' title="bbox 2317 4186 3857 4255">
     <span class='ocr_line' id='line_1_104' title="bbox 2317 4186 3857 4255; baseline -0.006 -9"><span class='ocrx_word' id='word_1_758' title='bbox 2317 4196 2523 4255; x_wconf 89' lang='lat' dir='ltr'><strong>mulier,</strong></span> <span class='ocrx_word' id='word_1_759' title='bbox 2540 4203 2593 4246; x_wconf 87' lang='lat' dir='ltr'><strong>et</strong></span> <span class='ocrx_word' id='word_1_760' title='bbox 2615 4191 2971 4245; x_wconf 88' lang='lat' dir='ltr'><strong>misericordia</strong></span> <span class='ocrx_word' id='word_1_761' title='bbox 2995 4197 3135 4243; x_wconf 85' lang='lat' dir='ltr'><strong>mota</strong></span> <span class='ocrx_word' id='word_1_762' title='bbox 3154 4188 3347 4253; x_wconf 86' lang='lat' dir='ltr'><strong>eripuit</strong></span> <span class='ocrx_word' id='word_1_763' title='bbox 3364 4186 3588 4253; x_wconf 91' lang='lat' dir='ltr'><strong>puellam</strong></span> <span class='ocrx_word' id='word_1_764' title='bbox 3612 4186 3675 4239; x_wconf 91' lang='lat' dir='ltr'><strong>de</strong></span> <span class='ocrx_word' id='word_1_765' title='bbox 3696 4190 3857 4237; x_wconf 78' lang='lat' dir='ltr'><strong>manu</strong></span> 
     </span>
    </p>
   </div>
   <div class='ocr_carea' id='block_1_103' title="bbox 2316 4272 3859 4351">
    <p class='ocr_par' dir='ltr' id='par_1_103' title="bbox 2316 4272 3859 4351">
     <span class='ocr_line' id='line_1_105' title="bbox 2316 4272 3859 4351; baseline -0.008 -16"><span class='ocrx_word' id='word_1_766' title='bbox 2316 4283 2520 4351; x_wconf 55' lang='lat' dir='ltr'><strong>praefati</strong></span> <span class='ocrx_word' id='word_1_767' title='bbox 2570 4280 2838 4347; x_wconf 83' lang='lat' dir='ltr'><strong>mancipii,</strong></span> <span class='ocrx_word' id='word_1_768' title='bbox 2878 4277 3211 4343; x_wconf 89' lang='lat' dir='ltr'><strong>cucurritque</strong></span> <span class='ocrx_word' id='word_1_769' title='bbox 3259 4289 3377 4327; x_wconf 93' lang='lat' dir='ltr'><strong>cum</strong></span> <span class='ocrx_word' id='word_1_770' title='bbox 3424 4286 3487 4325; x_wconf 89' lang='lat' dir='ltr'><strong>ea</strong></span> <span class='ocrx_word' id='word_1_771' title='bbox 3535 4272 3601 4324; x_wconf 86' lang='lat' dir='ltr'><strong>ad</strong></span> <span class='ocrx_word' id='word_1_772' title='bbox 3644 4272 3859 4324; x_wconf 89' lang='lat' dir='ltr'><strong>domum</strong></span> 
     </span>
    </p>
   </div>
   <div class='ocr_carea' id='block_1_104' title="bbox 2318 4362 3859 4433">
    <p class='ocr_par' dir='ltr' id='par_1_104' title="bbox 2318 4362 3859 4433">
     <span class='ocr_line' id='line_1_106' title="bbox 2318 4362 3859 4433; baseline -0.005 -11"><span class='ocrx_word' id='word_1_773' title='bbox 2318 4386 2490 4432; x_wconf 89' lang='lat' dir='ltr'><strong>suam,</strong></span> <span class='ocrx_word' id='word_1_774' title='bbox 2519 4377 2571 4421; x_wconf 90' lang='lat' dir='ltr'><strong>et</strong></span> <span class='ocrx_word' id='word_1_775' title='bbox 2599 4368 2848 4421; x_wconf 88' lang='lat' dir='ltr'><strong>claudens</strong></span> <span class='ocrx_word' id='word_1_776' title='bbox 2872 4373 2990 4433; x_wconf 90' lang='lat' dir='ltr'><strong>post</strong></span> <span class='ocrx_word' id='word_1_777' title='bbox 3011 4379 3067 4418; x_wconf 90' lang='lat' dir='ltr'><strong>se</strong></span> <span class='ocrx_word' id='word_1_778' title='bbox 3106 4364 3321 4425; x_wconf 79' lang='lat' dir='ltr'><strong>ostium,</strong></span> <span class='ocrx_word' id='word_1_779' title='bbox 3348 4363 3587 4431; x_wconf 90' lang='lat' dir='ltr'><strong>pervenit</strong></span> <span class='ocrx_word' id='word_1_780' title='bbox 3613 4362 3676 4415; x_wconf 86' lang='lat' dir='ltr'><strong>ad</strong></span> <span class='ocrx_word' id='word_1_781' title='bbox 3708 4363 3859 4418; x_wconf 86' lang='lat' dir='ltr'><strong>cubi-</strong></span> 
     </span>
    </p>
   </div>
   <div class='ocr_carea' id='block_1_105' title="bbox 2320 4451 3862 4523">
    <p class='ocr_par' dir='ltr' id='par_1_105' title="bbox 2320 4451 3862 4523">
     <span class='ocr_line' id='line_1_107' title="bbox 2320 4451 3862 4523; baseline -0.004 -13"><span class='ocrx_word' id='word_1_782' title='bbox 2320 4459 2491 4511; x_wconf 90' lang='lat' dir='ltr'><strong>culum</strong></span> <span class='ocrx_word' id='word_1_783' title='bbox 2518 4459 2569 4509; x_wconf 93' lang='lat' dir='ltr'><strong>in</strong></span> <span class='ocrx_word' id='word_1_784' title='bbox 2599 4471 2702 4523; x_wconf 86' lang='lat' dir='ltr'><strong>quo</strong></span> <span class='ocrx_word' id='word_1_785' title='bbox 2733 4464 2848 4507; x_wconf 89' lang='lat' dir='ltr'><strong>erat</strong></span> <span class='ocrx_word' id='word_1_786' title='bbox 2874 4453 3004 4513; x_wconf 90' lang='lat' dir='ltr'><strong>mel,</strong></span> <span class='ocrx_word' id='word_1_787' title='bbox 3037 4460 3091 4505; x_wconf 91' lang='lat' dir='ltr'><strong>et</strong></span> <span class='ocrx_word' id='word_1_788' title='bbox 3127 4452 3268 4505; x_wconf 91' lang='lat' dir='ltr'><strong>misit</strong></span> <span class='ocrx_word' id='word_1_789' title='bbox 3290 4467 3357 4505; x_wconf 77' lang='lat' dir='ltr'><strong>ex</strong></span> <span class='ocrx_word' id='word_1_790' title='bbox 3382 4451 3534 4504; x_wconf 87' lang='lat' dir='ltr'><strong>melle</strong></span> <span class='ocrx_word' id='word_1_791' title='bbox 3573 4451 3660 4503; x_wconf 93' lang='lat' dir='ltr'><strong>illo</strong></span> <span class='ocrx_word' id='word_1_792' title='bbox 3705 4452 3755 4504; x_wconf 90' lang='lat' dir='ltr'><strong>in</strong></span> <span class='ocrx_word' id='word_1_793' title='bbox 3802 4466 3862 4504; x_wconf 90' lang='lat' dir='ltr'><strong>os</strong></span> 
     </span>
    </p>
   </div>
   <div class='ocr_carea' id='block_1_106' title="bbox 2316 4536 3859 4616">
    <p class='ocr_par' dir='ltr' id='par_1_106' title="bbox 2316 4536 3859 4616">
     <span class='ocr_line' id='line_1_108' title="bbox 2316 4536 3859 4616; baseline -0.003 -18"><span class='ocrx_word' id='word_1_794' title='bbox 2316 4545 2630 4616; x_wconf 78' lang='lat' dir='ltr'><strong>jnvenculae,</strong></span> <span class='ocrx_word' id='word_1_795' title='bbox 2664 4536 2782 4611; x_wconf 67' lang='lat' dir='ltr'><strong>quae</strong></span> <span class='ocrx_word' id='word_1_796' title='bbox 2810 4542 2987 4596; x_wconf 87' lang='lat' dir='ltr'><strong>statim</strong></span> <span class='ocrx_word' id='word_1_797' title='bbox 3024 4541 3227 4593; x_wconf 88' lang='lat' dir='ltr'><strong>sorbuit</strong></span> <span class='ocrx_word' id='word_1_798' title='bbox 3263 4539 3423 4593; x_wconf 77' lang='lat' dir='ltr'><strong>illud.</strong></span> <span class='ocrx_word' id='word_1_799' title='bbox 3468 4541 3733 4594; x_wconf 82' lang='lat' dir='ltr'><strong>Venerunt</strong></span> <span class='ocrx_word' id='word_1_800' title='bbox 3774 4542 3859 4595; x_wconf 87' lang='lat' dir='ltr'><strong>in-</strong></span> 
     </span>
    </p>
   </div>
   <div class='ocr_carea' id='block_1_107' title="bbox 2324 4627 3863 4701">
    <p class='ocr_par' dir='ltr' id='par_1_107' title="bbox 2324 4627 3863 4701">
     <span class='ocr_line' id='line_1_109' title="bbox 2324 4627 3863 4701; baseline -0.003 -13"><span class='ocrx_word' id='word_1_801' title='bbox 2324 4644 2467 4688; x_wconf 87' lang='lat' dir='ltr'><strong>terea</strong></span> <span class='ocrx_word' id='word_1_802' title='bbox 2506 4632 2743 4701; x_wconf 68' lang='lat' dir='ltr'><strong>praadicti</strong></span> <span class='ocrx_word' id='word_1_803' title='bbox 2772 4629 3050 4683; x_wconf 86' lang='lat' dir='ltr'><strong>carniﬁces</strong></span> <span class='ocrx_word' id='word_1_804' title='bbox 3067 4627 3214 4695; x_wconf 87' lang='lat' dir='ltr'><strong>jussa</strong></span> <span class='ocrx_word' id='word_1_805' title='bbox 3259 4627 3484 4681; x_wconf 67' lang='lat' dir='ltr'><strong>domina:</strong></span> <span class='ocrx_word' id='word_1_806' title='bbox 3530 4642 3638 4681; x_wconf 70' lang='lat' dir='ltr'><strong>suae</strong></span> <span class='ocrx_word' id='word_1_807' title='bbox 3685 4629 3863 4696; x_wconf 81' lang='lat' dir='ltr'><strong>exple-</strong></span> 
     </span>
    </p>
   </div>
   <div class='ocr_carea' id='block_1_108' title="bbox 2328 4719 3863 4781">
    <p class='ocr_par' dir='ltr' id='par_1_108' title="bbox 2328 4719 3863 4781">
     <span class='ocr_line' id='line_1_110' title="bbox 2328 4719 3863 4781; baseline -0.005 0"><span class='ocrx_word' id='word_1_808' title='bbox 2328 4728 2430 4781; x_wconf 91' lang='lat' dir='ltr'><strong>turi</strong></span> <span class='ocrx_word' id='word_1_809' title='bbox 2451 4742 2465 4779; x_wconf 87' lang='lat'><strong>:</strong></span> <span class='ocrx_word' id='word_1_810' title='bbox 2490 4724 2858 4779; x_wconf 89' lang='lat' dir='ltr'><strong>dominabatur</strong></span> <span class='ocrx_word' id='word_1_811' title='bbox 2882 4722 3024 4775; x_wconf 90' lang='lat' dir='ltr'><strong>enim</strong></span> <span class='ocrx_word' id='word_1_812' title='bbox 3064 4720 3151 4774; x_wconf 90' lang='lat' dir='ltr'><strong>illa</strong></span> <span class='ocrx_word' id='word_1_813' title='bbox 3183 4719 3461 4774; x_wconf 78' lang='lat' dir='ltr'><strong>furibunda</strong></span> <span class='ocrx_word' id='word_1_814' title='bbox 3488 4719 3541 4771; x_wconf 92' lang='lat' dir='ltr'><strong>in</strong></span> <span class='ocrx_word' id='word_1_815' title='bbox 3567 4728 3677 4773; x_wconf 75' lang='lat' dir='ltr'><strong>tota</strong></span> <span class='ocrx_word' id='word_1_816' title='bbox 3706 4721 3863 4774; x_wconf 85' lang='lat' dir='ltr'><strong>domo</strong></span> 
     </span>
    </p>
   </div>
   <div class='ocr_carea' id='block_1_109' title="bbox 2328 4808 3864 4877">
    <p class='ocr_par' dir='ltr' id='par_1_109' title="bbox 2328 4808 3864 4877">
     <span class='ocr_line' id='line_1_111' title="bbox 2328 4808 3864 4877; baseline -0.006 -8"><span class='ocrx_word' id='word_1_817' title='bbox 2328 4817 2420 4871; x_wconf 87' lang='lat' dir='ltr'><strong>ﬁlii</strong></span> <span class='ocrx_word' id='word_1_818' title='bbox 2451 4816 2552 4868; x_wconf 91' lang='lat' dir='ltr'><strong>sui.</strong></span> <span class='ocrx_word' id='word_1_819' title='bbox 2598 4813 2783 4866; x_wconf 81' lang='lat' dir='ltr'><strong>Mulier</strong></span> <span class='ocrx_word' id='word_1_820' title='bbox 2824 4819 2997 4865; x_wconf 89' lang='lat' dir='ltr'><strong>autem</strong></span> <span class='ocrx_word' id='word_1_821' title='bbox 3023 4824 3139 4877; x_wconf 66' lang='lat' dir='ltr'><strong>qua:</strong></span> <span class='ocrx_word' id='word_1_822' title='bbox 3165 4808 3417 4861; x_wconf 82' lang='lat' dir='ltr'><strong>infantem</strong></span> <span class='ocrx_word' id='word_1_823' title='bbox 3456 4809 3649 4874; x_wconf 88' lang='lat' dir='ltr'><strong>rapuit,</strong></span> <span class='ocrx_word' id='word_1_824' title='bbox 3679 4824 3864 4862; x_wconf 53' lang='lat' dir='ltr'><strong>occur-</strong></span> 
     </span>
    </p>
   </div>
   <div class='ocr_carea' id='block_1_110' title="bbox 2331 4897 3864 4965">
    <p class='ocr_par' dir='ltr' id='par_1_110' title="bbox 2331 4897 3864 4965">
     <span class='ocr_line' id='line_1_112' title="bbox 2331 4897 3864 4965; baseline -0.005 -8"><span class='ocrx_word' id='word_1_825' title='bbox 2331 4921 2452 4958; x_wconf 90' lang='lat' dir='ltr'><strong>rens</strong></span> <span class='ocrx_word' id='word_1_826' title='bbox 2481 4904 2754 4958; x_wconf 89' lang='lat' dir='ltr'><strong>lictoribus</strong></span> <span class='ocrx_word' id='word_1_827' title='bbox 2793 4902 2944 4965; x_wconf 80' lang='lat' dir='ltr'><strong>dixit,</strong></span> <span class='ocrx_word' id='word_1_828' title='bbox 2973 4898 3077 4953; x_wconf 90' lang='lat' dir='ltr'><strong>mel</strong></span> <span class='ocrx_word' id='word_1_829' title='bbox 3116 4897 3410 4952; x_wconf 87' lang='lat' dir='ltr'><strong>comedisse</strong></span> <span class='ocrx_word' id='word_1_830' title='bbox 3437 4897 3685 4965; x_wconf 86' lang='lat' dir='ltr'><strong>puellam,</strong></span> <span class='ocrx_word' id='word_1_831' title='bbox 3713 4905 3767 4950; x_wconf 88' lang='lat' dir='ltr'><strong>et</strong></span> <span class='ocrx_word' id='word_1_832' title='bbox 3791 4900 3864 4952; x_wconf 88' lang='lat' dir='ltr'><strong>si-</strong></span> 
     </span>
    </p>
   </div>
   <div class='ocr_carea' id='block_1_111' title="bbox 2330 4987 3866 5058">
    <p class='ocr_par' dir='ltr' id='par_1_111' title="bbox 2330 4987 3866 5058">
     <span class='ocr_line' id='line_1_113' title="bbox 2330 4987 3866 5058; baseline -0.004 -11"><span class='ocrx_word' id='word_1_833' title='bbox 2330 4995 2437 5047; x_wconf 90' lang='lat' dir='ltr'><strong>mul</strong></span> <span class='ocrx_word' id='word_1_834' title='bbox 2465 4994 2692 5047; x_wconf 87' lang='lat' dir='ltr'><strong>ostendit</strong></span> <span class='ocrx_word' id='word_1_835' title='bbox 2725 4992 2826 5045; x_wconf 90' lang='lat' dir='ltr'><strong>illis</strong></span> <span class='ocrx_word' id='word_1_836' title='bbox 2844 5005 2962 5045; x_wconf 88' lang='lat' dir='ltr'><strong>eam</strong></span> <span class='ocrx_word' id='word_1_837' title='bbox 2990 4990 3161 5043; x_wconf 88' lang='lat' dir='ltr'><strong>adhuc</strong></span> <span class='ocrx_word' id='word_1_838' title='bbox 3184 4988 3321 5042; x_wconf 88' lang='lat' dir='ltr'><strong>labia</strong></span> <span class='ocrx_word' id='word_1_839' title='bbox 3360 5004 3455 5042; x_wconf 85' lang='lat' dir='ltr'><strong>sua</strong></span> <span class='ocrx_word' id='word_1_840' title='bbox 3481 4987 3786 5058; x_wconf 80' lang='lat' dir='ltr'><strong>ﬁngentem,</strong></span> <span class='ocrx_word' id='word_1_841' title='bbox 3817 4997 3866 5041; x_wconf 88' lang='lat' dir='ltr'><strong>et</strong></span> 
     </span>
    </p>
   </div>
   <div class='ocr_carea' id='block_1_112' title="bbox 2328 5076 3866 5152">
    <p class='ocr_par' dir='ltr' id='par_1_112' title="bbox 2328 5076 3866 5152">
     <span class='ocr_line' id='line_1_114' title="bbox 2328 5076 3866 5152; baseline -0.004 -17"><span class='ocrx_word' id='word_1_842' title='bbox 2328 5093 2541 5150; x_wconf 90' lang='lat' dir='ltr'><strong>propter</strong></span> <span class='ocrx_word' id='word_1_843' title='bbox 2584 5083 2685 5135; x_wconf 85' lang='lat' dir='ltr'><strong>hoc</strong></span> <span class='ocrx_word' id='word_1_844' title='bbox 2732 5080 2970 5133; x_wconf 91' lang='lat' dir='ltr'><strong>illicitum</strong></span> <span class='ocrx_word' id='word_1_845' title='bbox 3008 5084 3124 5152; x_wconf 84' lang='lat' dir='ltr'><strong>erat</strong></span> <span class='ocrx_word' id='word_1_846' title='bbox 3156 5077 3309 5145; x_wconf 81' lang='lat' dir='ltr'><strong>juxta</strong></span> <span class='ocrx_word' id='word_1_847' title='bbox 3348 5091 3548 5130; x_wconf 89' lang='lat' dir='ltr'><strong>morem</strong></span> <span class='ocrx_word' id='word_1_848' title='bbox 3597 5076 3866 5145; x_wconf 87' lang='lat' dir='ltr'><strong>gentilium</strong></span> 
     </span>
    </p>
   </div>
   <div class='ocr_carea' id='block_1_113' title="bbox 2331 5163 3867 5226">
    <p class='ocr_par' dir='ltr' id='par_1_113' title="bbox 2331 5163 3867 5226">
     <span class='ocr_line' id='line_1_115' title="bbox 2331 5163 3867 5226; baseline -0.005 -2"><span class='ocrx_word' id='word_1_849' title='bbox 2331 5185 2519 5223; x_wconf 88' lang='lat' dir='ltr'><strong>necare</strong></span> <span class='ocrx_word' id='word_1_850' title='bbox 2547 5169 2707 5222; x_wconf 89' lang='lat' dir='ltr'><strong>illam.</strong></span> <span class='ocrx_word' id='word_1_851' title='bbox 2739 5168 2885 5220; x_wconf 89' lang='lat' dir='ltr'><strong>Tunc</strong></span> <span class='ocrx_word' id='word_1_852' title='bbox 2908 5167 3122 5220; x_wconf 90' lang='lat' dir='ltr'><strong>lictores</strong></span> <span class='ocrx_word' id='word_1_853' title='bbox 3148 5165 3460 5218; x_wconf 87' lang='lat' dir='ltr'><strong>dimiserunt</strong></span> <span class='ocrx_word' id='word_1_854' title='bbox 3486 5163 3651 5226; x_wconf 88' lang='lat' dir='ltr'><strong>illam,</strong></span> <span class='ocrx_word' id='word_1_855' title='bbox 3679 5175 3733 5216; x_wconf 88' lang='lat' dir='ltr'><strong>et</strong></span> <span class='ocrx_word' id='word_1_856' title='bbox 3755 5179 3867 5217; x_wconf 84' lang='lat' dir='ltr'><strong>mu-</strong></span> 
     </span>
    </p>
   </div>
   <div class='ocr_carea' id='block_1_114' title="bbox 2330 5253 3867 5325">
    <p class='ocr_par' dir='ltr' id='par_1_114' title="bbox 2330 5253 3867 5325">
     <span class='ocr_line' id='line_1_116' title="bbox 2330 5253 3867 5325; baseline -0.003 -15"><span class='ocrx_word' id='word_1_857' title='bbox 2330 5258 2426 5310; x_wconf 91' lang='lat' dir='ltr'><strong>lier</strong></span> <span class='ocrx_word' id='word_1_858' title='bbox 2446 5273 2564 5325; x_wconf 71' lang='lat' dir='ltr'><strong>qum</strong></span> <span class='ocrx_word' id='word_1_859' title='bbox 2580 5271 2695 5309; x_wconf 89' lang='lat' dir='ltr'><strong>eam</strong></span> <span class='ocrx_word' id='word_1_860' title='bbox 2722 5266 2986 5323; x_wconf 88' lang='lat' dir='ltr'><strong>rapuerat,</strong></span> <span class='ocrx_word' id='word_1_861' title='bbox 3010 5254 3212 5307; x_wconf 83' lang='lat' dir='ltr'><strong>occulte</strong></span> <span class='ocrx_word' id='word_1_862' title='bbox 3236 5253 3454 5307; x_wconf 87' lang='lat' dir='ltr'><strong>nutrivit</strong></span> <span class='ocrx_word' id='word_1_863' title='bbox 3474 5267 3593 5307; x_wconf 81' lang='lat' dir='ltr'><strong>eam</strong></span> <span class='ocrx_word' id='word_1_864' title='bbox 3615 5255 3867 5308; x_wconf 85' lang='lat' dir='ltr'><strong>mittendo</strong></span> 
     </span>
    </p>
   </div>
   <div class='ocr_carea' id='block_1_115' title="bbox 2329 5341 3867 5415">
    <p class='ocr_par' dir='ltr' id='par_1_115' title="bbox 2329 5341 3867 5415">
     <span class='ocr_line' id='line_1_117' title="bbox 2329 5341 3867 5415; baseline -0.004 -17"><span class='ocrx_word' id='word_1_865' title='bbox 2329 5347 2409 5403; x_wconf 81' lang='lat' dir='ltr'><strong>lac</strong></span> <span class='ocrx_word' id='word_1_866' title='bbox 2438 5361 2531 5414; x_wconf 76' lang='lat' dir='ltr'><strong>per</strong></span> <span class='ocrx_word' id='word_1_867' title='bbox 2557 5360 2721 5398; x_wconf 88' lang='lat' dir='ltr'><strong>cornu</strong></span> <span class='ocrx_word' id='word_1_868' title='bbox 2747 5343 2798 5395; x_wconf 90' lang='lat' dir='ltr'><strong>in</strong></span> <span class='ocrx_word' id='word_1_869' title='bbox 2824 5358 2885 5397; x_wconf 89' lang='lat' dir='ltr'><strong>os</strong></span> <span class='ocrx_word' id='word_1_870' title='bbox 2909 5342 3043 5410; x_wconf 87' lang='lat' dir='ltr'><strong>ejus.</strong></span> <span class='ocrx_word' id='word_1_871' title='bbox 3073 5341 3238 5415; x_wconf 79' lang='lat' dir='ltr'><strong>Mater</strong></span> <span class='ocrx_word' id='word_1_872' title='bbox 3261 5355 3470 5409; x_wconf 87' lang='lat' dir='ltr'><strong>quoque</strong></span> <span class='ocrx_word' id='word_1_873' title='bbox 3487 5343 3699 5396; x_wconf 89' lang='lat' dir='ltr'><strong>occulte</strong></span> <span class='ocrx_word' id='word_1_874' title='bbox 3729 5342 3867 5396; x_wconf 86' lang='lat' dir='ltr'><strong>misit</strong></span> 
     </span>
    </p>
   </div>
   <div class='ocr_carea' id='block_1_116' title="bbox 2334 5472 3867 5597">
    <p class='ocr_par' dir='ltr' id='par_1_116' title="bbox 2334 5472 3867 5597">
     <span class='ocr_line' id='line_1_118' title="bbox 2334 5472 3867 5597; baseline -0.003 -68"><span class='ocrx_word' id='word_1_875' title='bbox 2334 5475 2572 5597; x_wconf 62' lang='grc' dir='ltr'><strong>ἱςιςςῖιιιεςηα</strong></span> <span class='ocrx_word' id='word_1_876' title='bbox 2602 5516 2616 5539; x_wconf 86' lang='grc'><em>,</em></span> <span class='ocrx_word' id='word_1_877' title='bbox 2663 5474 3037 5529; x_wconf 88' lang='lat' dir='ltr'><strong>adnotantibus</strong></span> <span class='ocrx_word' id='word_1_878' title='bbox 3086 5474 3188 5527; x_wconf 86' lang='lat' dir='ltr'><strong>hoc</strong></span> <span class='ocrx_word' id='word_1_879' title='bbox 3241 5473 3734 5541; x_wconf 79' lang='lat' dir='ltr'><strong>Antwerpiensibus</strong></span> <span class='ocrx_word' id='word_1_880' title='bbox 3777 5472 3867 5526; x_wconf 85' lang='lat' dir='ltr'><strong>Pa-</strong></span> 
     </span>
     <span class='ocr_line' id='line_1_119' title="bbox 2361 5561 2521 5597; baseline -0.013 0"><span class='ocrx_word' id='word_1_881' title='bbox 2361 5561 2521 5597; x_wconf 81' lang='lat' dir='ltr'><strong>mus.</strong></span> 
     </span>
    </p>
   </div>
   <div class='ocr_carea' id='block_1_117' title="bbox 2335 5556 3503 5680">
    <p class='ocr_par' dir='ltr' id='par_1_117' title="bbox 2335 5556 3503 5680">
     <span class='ocr_line' id='line_1_120' title="bbox 2335 5556 3503 5680; baseline -0.003 -15"><span class='ocrx_word' id='word_1_882' title='bbox 2335 5556 2734 5680; x_wconf 32' lang='lat' dir='ltr'><strong>&quot;immunem.</strong></span> <span class='ocrx_word' id='word_1_883' title='bbox 2768 5619 2821 5666; x_wconf 89' lang='lat' dir='ltr'><strong>et</strong></span> <span class='ocrx_word' id='word_1_884' title='bbox 2850 5609 3139 5675; x_wconf 84' lang='lat' dir='ltr'><strong>Benedict.,</strong></span> <span class='ocrx_word' id='word_1_885' title='bbox 3168 5610 3222 5664; x_wconf 82' lang='lat' dir='ltr'><strong>in</strong></span> <span class='ocrx_word' id='word_1_886' title='bbox 3255 5610 3503 5679; x_wconf 70' lang='lat' dir='ltr'><strong>furorem.</strong></span> 
     </span>
    </p>
   </div>
  </div>
