4110 6426
161 434 267 494 713

1441 437 1612 490 ACTA
1652 439 1707 491 S.
1748 439 1830 492 LL'
1842 438 2054 495 DGER].

3223 454 3328 510 7⁸14

155 551 225 605 ad
249 563 368 604 eam
407 549 666 603 nutricem
696 549 878 615 puellae
911 546 1210 600 aﬂ'erentem
1249 565 1364 616 qua:
1397 551 1689 603 necessaria
1723 557 1763 608 Α
1861 553 1910 604 9.
1951 554 2106 608 Venit
2146 557 2342 611 interea
2389 561 2468 612 vir
2506 562 2716 629 quidam
2759 563 2822 618 de
2863 572 3003 620 terra
3034 564 3318 635 Anglorum

156 637 389 698 fuerant,
417 635 757 702 quoadusque
783 634 1000 702 praefata
1029 634 1114 686 illa
1150 633 1294 687 ferox
1321 637 1510 689 mulier
1533 639 1692 690 vitam

156 723 446 777 ﬁniretzet
473 730 597 776 tunc
639 721 848 775 demum
891 722 1091 787 accepit
1137 731 1304 776 mater
1339 722 1499 775 ﬁliani
1542 739 1692 777 suam

154 809 509 861 nutriendam.
540 807 642 861 Sed
667 809 730 861 de
754 809 835 860 his
867 808 966 860 ista
991 807 1267 861 sulﬁciant.

223 895 275 946 7.
313 894 461 948 Nunc
489 896 648 948 etiam
672 895 793 962 quia
830 894 894 946 de
933 905 1116 947 sancto
1155 895 1395 962 Ludgero
1433 896 1575 964 loqui
1613 899 1690 949 in-

152 985 482 1047 choavimus,
507 983 658 1036 libuit
673 985 739 1036 de
757 998 822 1035 eo
844 997 1025 1041 verum
1053 996 1078 1024 ι
1099 985 1352 1051 replicare
1373 1001 1685 1039 sermonem.

147 1071 282 1126 Cum
311 1074 540 1125 venisset
559 1079 731 1124 autem
758 1069 1133 1139 Tliiatgrimus,
1153 1081 1303 1140 pater
1320 1073 1452 1139 ejus,
1475 1075 1538 1128 de
1561 1090 1689 1144 quo-

149 1162 269 1214 dam
298 1161 506 1221 itinere,
533 1168 587 1212 et
611 1167 776 1212 mater
794 1159 907 1226 ejus
927 1169 1204 1228 praegnans
1228 1170 1385 1222 esset,
1415 1163 1688 1230 vicinaque

145 1248 320 1313 partui
349 1255 561 1315 gestans
586 1245 636 1297 in
659 1253 808 1298 utero
830 1246 1067 1298 eumdem
1096 1244 1326 1299 futurum
1357 1249 1680 1314 episcopum,

143 1335 328 1386 audito
367 1335 506 1401 quod
547 1333 627 1385 vir
669 1331 783 1398 ejus
823 1333 1045 1396 veniret,
1079 1333 1418 1388 immoderate
1454 1337 1686 1402 gaudens

141 1421 447 1488 properavit
472 1421 537 1472 ad
568 1435 708 1482 eum,
735 1429 789 1472 et
814 1420 1014 1474 oﬂ'enso
1038 1424 1171 1488 pede
1197 1423 1416 1486 corruit,
1443 1425 1683 1476 intravit-

140 1522 246 1576 que
276 1505 427 1574 palus
475 1521 570 1573 per
611 1507 747 1558 latus
785 1506 916 1571 ejus,
945 1515 996 1560 et
1029 1509 1201 1560 ablata
1243 1519 1323 1563 est
1354 1518 1576 1572 mortua,
1612 1514 1681 1564 ita

139 1603 202 1645 ut
246 1594 421 1646 nullus
463 1593 676 1660 putaret
717 1607 833 1645 eam
865 1593 946 1645 vel
978 1596 1094 1646 vitae
1120 1597 1360 1660 praesenti
1402 1599 1681 1651 restituen-

138 1682 280 1741 dam,
315 1682 396 1734 vel
444 1681 606 1734 ﬁlium
656 1697 811 1748 quem
841 1685 1064 1749 gestavit
1097 1684 1146 1736 in
1192 1693 1371 1748 utero;
1406 1688 1496 1739 sed
1527 1690 1681 1740 mise-

139 1776 295 1822 rante
323 1769 496 1820 divina
527 1769 804 1822 clementia
832 1770 1021 1822 revixit
1049 1773 1264 1836 spiritus
1293 1773 1432 1840 ejus,
1466 1783 1518 1827 et
1548 1776 1678 1828 bene

136 1858 312 1909 fuerat
332 1865 512 1910 curata
533 1875 545 1920 ;
578 1858 628 1910 in
654 1874 813 1925 puero
830 1873 1039 1926 quoque
1059 1870 1176 1927 pust
1193 1877 1386 1928 paucos
1413 1863 1520 1915 dies
1541 1866 1679 1916 edito

134 1947 279 1998 nulla
330 1946 561 1999 Ιωδίοηίδ
604 1945 806 1999 macula
856 1949 1112 2014 apparuit.
1160 1950 1457 2016 Baptizatus
1505 1963 1677 2002 autem

132 2033 341 2100 accepit
379 2031 689 2085 vocabulum
735 2032 1022 2099 Ludgerus.
1061 2034 1158 2098 Qui
1203 2037 1378 2088 statim
1411 2044 1466 2086 ut
1492 2039 1676 2088 ambu-

131 2119 248 2171 lare
294 2126 346 2169 et
391 2119 532 2186 loqui
574 2128 807 2185 poterat,
833 2121 993 2186 erepit
1040 2123 1282 2189 colligere
1323 2123 1591 2190 pelliculas
1626 2134 1679 2176 et

131 2206 366 2258 cortices
405 2207 652 2258 arborum
689 2209 711 2244 ιι
735 2245 747 2267 ,
787 2209 978 2274 quibus
1019 2210 1084 2260 ad
1127 2211 1401 2262 luminaria
1440 2214 1510 2262 uti
1540 2214 1675 2264 sole-

131 2309 270 2354 mus,
292 2302 347 2346 et
371 2292 623 2361 quidquid
649 2296 750 2348 tale
775 2296 1009 2349 invenire
1029 2308 1255 2365 poterat,
1274 2300 1675 2368 ludentibusque

130 2385 313 2449 pueris
342 2385 478 2444 aliis,
508 2385 618 2451 ipse
659 2388 866 2438 consuit
893 2387 990 2439 sibi
1021 2390 1084 2440 de
1114 2390 1238 2455 ipsis
1282 2393 1676 2447 collectionibus

128 2471 285 2537 quasi
318 2471 536 2523 libellos.
567 2471 799 2539 Cumque
827 2473 1108 2527 invenisset
1136 2478 1232 2529 sibi
1271 2478 1523 2544 liquorem
1555 2484 1672 2533 imi-

130 2559 350 2610 tabatur.
388 2559 690 2625 scriptores,
740 2569 794 2613 et
842 2561 1093 2614 aﬁ'crebat
1136 2567 1325 2618 nutrici
1375 2583 1479 2620 sum
1525 2574 1670 2636 quasi

129 2649 290 2703 utiles
317 2651 480 2704 libros
507 2650 910 2704 custodiendos:
939 2651 1002 2704 Et
1045 2669 1161 2705 cum
1207 2655 1253 2707 ei
1296 2658 1412 2721 quis
1454 2657 1672 2718 diceret,

126 2735 267 2799 Quid
295 2735 462 2789 fecisti
491 2738 674 2792 hodie?
702 2739 834 2791 dixit
859 2753 915 2802 se
937 2755 1029 2806 per
1057 2750 1218 2793 totum
1243 2744 1380 2795 diem
1411 2755 1502 2795 aut
1529 2761 1672 2796 com-

125 2836 327 2889 ponere
348 2823 512 2876 libros
541 2833 632 2876 aut
656 2825 1011 2886 scribere,aut
1036 2828 1192 2878 etiam
1221 2828 1408 2894 legere.
1438 2829 1672 2897 Cumque

125 2911 320 2962 iterum
378 2909 812 2978 interrogaretur,
841 2911 968 2976 Quis
1016 2922 1064 2966 te
1105 2914 1316 2968 docuit?
1348 2916 1668 2983 Respondit:

127 3001 266 3053 Deus
306 3015 389 3053 me
411 3000 609 3052 docuit.
653 2999 1002 3053 Meditabatur
1029 3011 1205 3055 autem
1236 3005 1288 3056 in
1320 3013 1496 3058 tenera
1518 3016 1671 3060 aetate

119 3090 265 3155 quod
292 3098 473 3154 postea
501 3089 718 3142 devotus
748 3090 1001 3156 implevit.
1601 3099 1606 3108 ’

190 3179 244 3231 8.
288 3176 413 3230 Post
458 3178 571 3229 brec
608 3177 766 3228 etiam
803 3185 988 3230 auctus
1035 3177 1218 3246 majori
1248 3180 1436 3247 gratia,
1467 3183 1668 3248 rogavit

118 3275 375 3332 parentes
419 3279 545 3317 suos
579 3272 636 3316 ut
682 3279 739 3318 se
778 3265 933 3318 alicui
979 3267 1094 3318 viro
1139 3266 1230 3320 Dei
1277 3271 1668 3322 committerent

117 3351 492 3406 erudiendum.
521 3350 590 3403 At
613 3350 705 3414 illi,
737 3367 855 3405 cum
881 3362 1058 3406 essent
1088 3354 1314 3422 benigni,
1343 3357 1510 3423 gloriﬁ
1547 3374 1668 3410 ave-

117 3446 246 3490 runt
284 3437 474 3500 Deum,
496 3438 732 3492 videntes
771 3438 1115 3494 intentionem
1149 3441 1376 3506 juvenis,
1405 3459 1668 3498 commen-

117 3527 488 3592 daveruntque
517 3539 637 3577 eum
659 3525 773 3578 viro
796 3529 1084 3580 venerabili
1112 3527 1372 3598 Gregorio
1412 3531 1667 3600 discipulo

115 3624 169 3666 et
211 3611 512 3668 successori
542 3613 709 3667 sancti
753 3614 1005 3670 Bonifacii
1034 3619 1302 3686 martyris,
1330 3620 1548 3673 Domino
1576 3638 1667 3674 nu-

115 3704 411 3764 triendum,
446 3702 533 3768 qui
578 3701 801 3757 libenter
843 3710 961 3758 eum
1006 3709 1267 3775 suscepit,
1300 3717 1352 3761 et
1399 3715 1664 3778 comperta

116 3789 409 3857 sagacitate
451 3789 620 3856 pueri,
670 3791 902 3843 studiose
946 3792 1091 3843 illum
1143 3795 1434 3848 erudiebat.
1488 3797 1666 3850 Crevit

118 3879 301 3945 itaque
323 3875 595 3941 Ludgerus
622 3878 900 3944 proﬁciens
926 3880 980 3930 in
1006 3879 1193 3934 timore
1219 3883 1330 3944 Dei,
1359 3893 1409 3937 et
1430 3885 1666 3952 deposito

117 3966 364 4017 saeculari
390 3965 571 4018 habitu
602 3964 652 4016 in
696 3965 906 4019 Triecto
943 3966 1229 4037 (Trajecto)
1258 3975 1580 4026 monasterio
1609 3989 1665 4027 se

116 4053 347 4107 contulit
375 4054 440 4105 ad
466 4052 696 4105 studium
723 4054 853 4106 artis
874 4055 1184 4122 spiritualis.
1220 4057 1382 4110 Erant
1408 4070 1583 4114 autem
1613 4062 1665 4114 in

118 4141 204 4192 illa
251 4138 434 4193 schola
467 4138 704 4208 Gregorii
755 4149 806 4194 et
851 4142 936 4194 alii
982 4145 1324 4211 condiscipuli
1373 4149 1571 4202 nobiles
1612 4157 1667 4203 et

116 4227 428 4293 prudentes,
454 4239 484 4278 e
507 4227 699 4293 quibus
743 4227 830 4279 alii
868 4229 1095 4296 episcopi
1125 4239 1304 4296 postea
1329 4235 1662 4298 exstiterunt,

117 4315 204 4366 alii
251 4315 308 4366 in
357 4315 649 4366 minoribus
697 4316 946 4382 gradibus
992 4317 1233 4370 doctores
1289 4321 1661 4385 ecclesiarum;

117 4402 257 4468 apud
294 4415 434 4467 quos
455 4399 592 4452 idem
620 4398 892 4469 Ludgerus
925 4403 976 4454 in
1008 4418 1195 4470 magno
1223 4405 1515 4460 habebatur
1541 4408 1664 4462 aﬁ'e-

117 4497 228 4550 ctu,
271 4502 339 4540 eo
388 4479 528 4554 quod
573 4496 714 4541 esset
756 4486 835 4541 vir
860 4491 1005 4543 mira:
1053 4493 1487 4556 mansuetudinis,
1517 4497 1663 4550 vultu

120 4575 297 4636 hilari,
334 4588 439 4627 non
467 4583 639 4628 tamen
660 4574 828 4629 facilis
861 4576 912 4628 in
940 4578 1063 4638 risu,
1097 4588 1150 4630 et
1188 4581 1240 4632 in
1267 4583 1508 4636 omnibus
1536 4585 1664 4637 acti—

117 4662 218 4713 bus
245 4660 584 4728 prudentiam
627 4674 747 4713 cum
776 4666 1118 4729 temperantia
1161 4668 1503 4733 amplectens.
1538 4671 1665 4725 Erat

116 4752 258 4806 enim
308 4750 558 4804 assiduus
588 4750 870 4804 meditator
900 4747 1091 4806 divinae
1124 4753 1427 4822 Scriptum,
1451 4768 1504 4812 et
1551 4762 1662 4826 ejus

115 4841 387 4908 praecipue
415 4850 533 4907 quae
558 4839 978 4906 adJaudem‘Dei
1001 4881 1015 4903 ,
1044 4850 1096 4894 et
1123 4844 1187 4895 ad
1226 4844 1517 4898 doctrinam
1545 4862 1664 4915 pcr-

116 4928 322 4980 tinebat
352 4926 682 4988 catholicam,
699 4943 794 4994 pro
812 4930 1001 4996 quibus
1021 4945 1048 4982 a
1073 4931 1357 4984 venerabili
1387 4936 1656 5002 magistro,

112 5016 257 5071 velut
285 5016 482 5070 unicus
509 5015 668 5079 illius,
693 5010 1027 5086 diligebatur.

182 5180 208 5236 9
241 5169 525 5236 Antwerp.
555 5175 610 5220 et
636 5165 852 5236 Bened.,
884 5167 1068 5219 iterum

181 5235 210 5275 δ
244 5234 513 5305 Ραργιξιιήι
543 5234 880 5305 appellabant
898 5243 1122 5305 veteres.
1154 5235 1378 5289 Μηιω..

181 5300 479 5374 {Benedq
517 5300 780 5374 Afather-th.
833 5300 927 5354 Ms.
966 5301 1170 5366 Budic.,
1200 5306 1339 5371 quod
1386 5304 1654 5374 Antwerp.

115 5370 420 5432 laudabant,
444 5369 766 5423 Adelbertiu.

178 5437 204 5476 ἀ
242 5439 520 5506 Antwerp.
549 5445 603 5491 et
631 5437 846 5497 Bened.,
871 5435 1043 5506 Caroli
1081 5439 1306 5505 junioris
1344 5441 1397 5492 in
1443 5439 1659 5494 Turoni-

116 5504 222 5587 ξω.
249 5504 682 5587 Ῥεςλυὶιῐοτεεη
713 5513 887 5587 autem
928 5504 1176 5587 Carolth
1329 5508 1660 5587 intelligitur

115 5571 330 5642 Carolus
363 5571 604 5642 Magnus,
641 5572 818 5623 habita
864 5573 1068 5626 ratione
1109 5573 1282 5628 Caroli
1329 5571 1544 5628 Martelli
1573 5577 1654 5628 avi

103 5639 274 5701 illius.

1791 640 2006 694 Alubrct
2035 653 2057 680 ε
2093 647 2301 699 nomine
2345 649 2409 700 ad
2447 651 2690 704 abbatem
2733 651 3062 719 Gregorium,
3104 657 3323 723 cupiens

1792 727 2010 781 Domino
2054 743 2366 797 cooperante
2410 735 2547 802 plebi
2598 741 2762 806 partis
2809 738 2946 794 illius
2987 742 3040 794 in
3081 743 3320 798 doctrina

1788 818 2036 882 prodesse
2079 817 2251 887 (erant
2294 824 2432 875 enim
2476 826 2631 879 rudes
2671 827 2722 879 in
2772 827 2930 896 ﬁde),
2961 845 3114 897 quem
3157 833 3323 886 abbas

1786 900 2074 970 Gregorius
2106 906 2329 961 libenter
2357 912 2613 978 suscepit,
2643 921 2695 965 et
2723 925 2993 980 comperto
3019 920 3156 985 quod
3183 927 3323 972 esset

1785 990 1868 1041 vir
1899 992 2067 1045 bonus
2095 1003 2149 1046 et
2175 996 2379 1058 doctus,
2411 1000 2575 1052 suasit
2599 1009 2654 1052 ut
2697 989 3100 1071 sibi‘episeopus
3130 1007 3278 1060 ﬁeret
3303 1027 3315 1058 :

1787 1092 1889 1129 non
1919 1080 2056 1132 enim
2091 1080 2262 1134 fuerat
2300 1085 2436 1137 idem
2464 1085 2750 1154 Gregorius
2781 1091 2846 1142 ad
2871 1091 3087 1158 gradum
3112 1095 3318 1159 episco-

1785 1164 1953 1230 palem
2013 1169 2320 1233 ordinatus,
2367 1174 2455 1224 sed
2501 1176 2812 1242 presbyterii
2861 1181 3212 1242 perseveravit
3266 1181 3318 1232 in

1784 1249 1970 1315 gradu.
2002 1252 2095 1303 Vir
2123 1253 2281 1320 igitur
2309 1257 2556 1322 prudens,
2584 1261 2649 1312 ad
2677 1260 2789 1313 haec
2813 1279 2826 1312 :
2852 1261 2921 1316 Ut
2943 1265 3098 1326 scias,
3129 1266 3314 1333 inquit,

1784 1353 1868 1390 me
1897 1354 2015 1392 cum
2045 1341 2252 1395 licentia
2285 1352 2337 1396 et
2366 1347 2584 1400 consilio
2627 1349 2859 1417 episcopi
2887 1354 2986 1404 mei
3015 1353 3118 1407 huc
3143 1362 3317 1407 trans-

1785 1440 1980 1489 meare,
2003 1429 2151 1480 mitte
2183 1446 2382 1483 mccuni
2406 1431 2596 1487 fratres
2621 1435 2799 1490 ﬁdeles
2823 1438 2886 1489 ad
2913 1446 3105 1493 terram
3125 1443 3188 1494 de
3211 1458 3314 1509 qua

1781 1528 2025 1580 egressus
2052 1533 2186 1580 sum,
2211 1522 2276 1572 ad
2299 1522 2598 1590 episcopum
2625 1541 2816 1591 meum,
2846 1537 2902 1581 ut
2929 1532 2994 1583 ab
3014 1545 3078 1584 eo
3103 1533 3321 1587 ordincr

1779 1617 1875 1669 ego
1902 1613 1953 1656 et
1980 1604 2072 1666 illi,
2103 1608 2190 1659 tali
2220 1611 2373 1662 modo
2397 1627 2708 1666 consensum
2731 1618 2954 1681 praebeo.
2980 1617 3125 1682 Quod
3153 1621 3316 1675 abbas

1779 1691 2062 1761 Gregorius
2097 1696 2319 1752 libenter
2359 1702 2594 1763 audiens,
2624 1705 2813 1757 direxit
2855 1721 2973 1758 eum
3001 1717 3054 1760 et
3089 1722 3206 1760 cuiu
3249 1725 3317 1763 eo

1780 1779 2075 1847 Ludgerum
2114 1784 2376 1852 aliumque
2418 1788 2632 1842 fratrem
2683 1791 2948 1844 fortiorem
2977 1802 3149 1854 aetate.
3174 1793 3313 1862 Sigi-

1714 1843 1752 1898 Β
1783 1843 1975 1921 bodum
2016 1873 2225 1926 nomine
2248 1912 2262 1935 ,
2294 1843 2360 1927 ad
2411 1878 2731 1944 episcopum,
2771 1843 2850 1932 de

1784 1957 2138 2025 dixerat:qui
2177 1962 2415 2014 eumdem
2462 1964 2766 2018 Alul-ertuni
2808 1969 3070 2021 ordinavit
3114 1972 3313 2037 episeo-

1782 2059 1924 2111 pum,
1958 2045 2257 2113 Sigibodum
2288 2051 2667 2118 presbyterum,
2690 2051 2983 2117 Ludgerum
3013 2055 3317 2120 diaconum,

1781 2144 1831 2187 et
1858 2145 2159 2190 manserunt
2201 2138 2302 2191 illic
2344 2154 2480 2192 anno
2508 2156 2627 2191 uno.
2671 2141 2919 2195 Aleuinns
2956 2143 3109 2196 etiam
3142 2143 3228 2198 illo
3256 2145 3312 2200 in

1780 2223 1892 2274 loco
1926 2232 2048 2277 tunc
2081 2227 2325 2292 magister
2363 2236 2496 2289 erat,
2525 2230 2609 2294 qui
2645 2235 2821 2296 postea
2865 2233 3187 2298 temporibus
3213 2230 3314 2286 Ca-

1781 2313 1874 2363 roli
1908 2312 2130 2364 Turonis
2159 2313 2183 2351 ἀ
2211 2322 2264 2365 et
2291 2315 2342 2365 in
2388 2314 2607 2368 Francia
2655 2319 3010 2384 magisterium
3055 2321 3311 2375 exercuit.

1777 2396 1868 2446 Cui
1898 2399 2073 2448 statim
2102 2397 2368 2464 Ludgerus
2394 2401 2642 2455 hauriens
2667 2405 2918 2469 spiritalia
2947 2407 3187 2471 dogmata
3217 2418 3309 2459 ο...

1775 2491 1891 2548 post
1919 2485 2038 2535 anni
2067 2499 2189 2537 vero
2219 2486 2468 2538 circulum
2497 2497 2835 2550 revertentes,
2858 2492 2946 2556 qui
2972 2492 3113 2543 missi
3135 2501 3310 2556 erant,

1777 2569 1993 2636 Domino
2041 2574 2379 2640 gubernante,
2420 2584 2674 2626 venerunt
2719 2579 2782 2628 ad
2828 2579 3066 2629 abbatem
3110 2578 3307 2650 Grego-

1776 2660 1931 2719 rium,
1956 2661 2043 2725 qui
2091 2661 2312 2728 benigne
2344 2663 2632 2728 suscipiens
2669 2679 2785 2722 eos,
2818 2666 3028 2732 gavisus
3052 2678 3129 2718 est
3157 2668 3309 2723 valde

1774 2741 1825 2790 in
1857 2741 2078 2791 adventu
2106 2756 2310 2802 eorum,
2342 2751 2392 2793 et
2422 2747 2613 2796 mansit
2639 2759 2756 2797 cum
2781 2761 2853 2798 eo
2873 2747 3169 2812 Alubertus,
3198 2751 3310 2804 col-

1774 2827 2016 2880 laborans
2042 2829 2090 2880 in
2120 2843 2278 2895 opere
2304 2829 2528 2882 Domini.

1842 2913 1925 2965 10.
1966 2913 2021 2966 S.
2053 2914 2322 2982 Ludgerus
2369 2918 2527 2984 igitur
2556 2917 2770 2984 cupiens
2800 2933 2856 2970 se
2882 2927 3121 2973 saturare
3166 2938 3308 2990 pra-

1772 3002 1914 3054 libati
1941 3003 2212 3054 dulcedine
2239 3002 2340 3055 favi
2371 3004 2414 3065 ί,
2451 3007 2597 3070 petiit
2638 3007 2714 3058 ab-
2746 3007 2932 3060 abbate
2959 3007 3212 3077 Gregorio
3247 3012 3314 3063 lio

1772 3089 1994 3141 centiam
2029 3089 2276 3142 redeundi
2305 3091 2370 3142 ad
2398 3094 2704 3158 magistrum
2731 3095 3038 3158 Alcuiuum,
3060 3102 3197 3164 quod
3222 3100 3316 3154 ille

1772 3175 1988 3227 moleste
2030 3173 2222 3240 ferens,
2265 3177 2374 3230 ﬁeri
2408 3180 2647 3241 retinuit;
2686 3181 2850 3233 noluit
2891 3190 3065 3235 tamen
3109 3190 3306 3240 contri-

1767 3263 1892 3313 stari
1924 3269 2183 3329 petentem
2202 3303 2216 3326 ,
2247 3265 2338 3317 sed
2374 3266 2576 3319 blandis
2606 3268 2932 3322 sermonibus
2973 3275 3132 3338 cmpit
3160 3288 3302 3326 com-

1765 3360 1979 3412 pescere
2003 3363 2143 3400 eum.
2189 3350 2424 3416 Cumque
2467 3362 2704 3414 cerneret
2733 3356 2972 3409 se-nullis
2996 3358 3302 3424 objectioni-
3353 3376 3360 3379 ‘

1764 3435 1862 3485 bus
1903 3434 2047 3486 illum
2073 3449 2101 3486 a
2125 3450 2217 3488 sua
2248 3437 2534 3490 intentione
2562 3453 2807 3491 revocare
2840 3455 3010 3507 posse,
3042 3447 3309 3498 accensitoi

1763 3532 1910 3587 patre
1939 3522 2076 3575 illius
2105 3524 2421 3590 postulavit,
2449 3534 2503 3577 ut
2533 3537 2813 3580 conaretur
2849 3544 3094 3583 revocare
3119 3547 3237 3584 eum
3266 3549 3307 3585 a-

1763 3618 1934 3677 ccepto
1965 3611 2168 3675 itinere,
2214 3613 2304 3666 sed
2347 3615 2612 3669 studiosus
2639 3617 2790 3668 levita
2829 3619 3084 3672 instanter.
3111 3622 3175 3671 in-
3204 3635 3301 3674 suo

1763 3707 1884 3751 voto
1910 3702 2218 3766 permansit.
2258 3701 2404 3754 Tune
2433 3711 2679 3769 parentes
2721 3698 2950 3769 ejusdem
2992 3706 3215 3775 Ludgeri
3244 3717 3300 3760 et

1763 3786 2067 3856 Gregorius,
2090 3792 2363 3856 quandove
2384 3792 2626 3858 precibus
2654 3794 2831 3854 evicti,
2859 3794 3158 3846 direxerunt
3179 3811 3298 3848 eum

1762 3877 1827 3928 ad
1856 3876 2131 3942 prmfatum
2172 3879 2485 3944 magistrum
2534 3880 2804 3934 Eboraicte
2837 3883 3062 3934 civitatis
3104 3885 3308 3952 Anglo—

1762 3975 1900 4020 rum,
1943 3963 2236 4026 praebentes
2273 3977 2388 4028 quae
2437 3962 2509 4015 illi
2548 3979 2678 4030 opus
2710 3973 2864 4018 erant
2906 3967 2956 4019 in
3003 3969 3307 4035 viazquetn-

1763 4050 2013 4117 magister
2039 4048 2255 4101 illustris
2284 4048 2534 4103 Alcuinus
2563 4066 2680 4104 cum
2710 4067 2899 4120 magno
2925 4055 3154 4120 suscepit
3174 4071 3302 4123 gan-

1763 4135 1869 4189 dio.
1896 4136 2186 4203 Susceptus
2212 4139 2386 4204 itaque
2416 4139 2708 4205 Ludgerus,
2738 4150 2851 4194 erat
2879 4153 3125 4195 consueto
3157 4159 3309 4197 more

1763 4226 2006 4277 omnibus
2031 4225 2242 4285 chartis,
2271 4241 2334 4277 eo
2360 4229 2496 4292 quod
2537 4235 2677 4278 esset
2700 4239 2917 4282 ornatus
2943 4231 3174 4282 moribus
3197 4231 3289 4281 bo—

1764 4313 1863 4372 nis,
1889 4296 1946 4363 et
1974 4312 2160 4364 studiis
2185 4314 2410 4374 sanctis,
2437 4322 2490 4366 et
2517 4316 2711 4366 mansit
2744 4315 2816 4368 ibi
2855 4318 3006 4369 annis
3045 4319 3214 4370 tribus
3247 4326 3304 4370 et

1765 4401 2035 4453 mensibus
2079 4415 2196 4462 sex,
2218 4400 2498 4467 proﬁciens
2529 4403 2578 4454 in
2605 4403 2856 4455 doctrinae
2886 4404 3078 4456 studio.
3110 4404 3302 4472 Cupie-

1761 4489 1852 4540 bat
1896 4487 2037 4541 enim
2077 4489 2270 4542 ibidem
2299 4490 2493 4543 diutius
2523 4492 2574 4541 in
2613 4500 2793 4544 saneto
2835 4506 3048 4546 manere
3084 4493 3302 4559 studio;

1759 4577 1851 4630 sed
1878 4592 1981 4630 non
2010 4577 2108 4630 fuit
2141 4593 2388 4632 concessa
2432 4577 2652 4632 facultas
2677 4595 2696 4632 :
2717 4596 2837 4633 nam
2882 4577 3302 4652 ingrédientibus

1757 4667 1964 4720 civibus
1991 4667 2093 4720 illis
2121 4668 2186 4719 ad
2212 4667 2406 4720 bellum
2425 4677 2607 4721 contra
2645 4669 2886 4721 inimicos
2913 4682 3060 4728 suos,
3081 4670 3302 4736 contigit

1760 4764 1816 4807 ut
1848 4770 1943 4822 per
1981 4756 2148 4807 rixam
2189 4756 2572 4808 interﬁceretur
2601 4755 2738 4808 ﬁlius
2779 4753 3046 4820 cujusdam
3089 4757 3304 4808 comitis
3343 4786 3353 4797 ο

1759 4847 1922 4914 ipsius
1973 4847 2257 4914 provincia:
2281 4863 2310 4898 a
2338 4847 2565 4898 Fresone
2597 4847 2823 4912 quodam
2876 4847 3216 4913 negotiatore,
3244 4856 3300 4902 et

1760 4936 1956 4988 idcirco
2002 4935 2261 4989 Fresones
2310 4933 2688 4988 festinaverunt
2737 4935 2913 5002 egredi
2958 4935 3022 4988 de
3081 4936 3300 5013 regione

1758 5021 2066 5086 Anglorum,
2109 5022 2354 5074 timentes
2403 5022 2534 5073 iram
2576 5023 2985 5087 propinquorum
3032 5021 3300 5078 interfecti

1832 5183 1852 5209 ο
1894 5170 2086 5239 Supple
2131 5186 2197 5224 ex
2249 5173 2512 5236 Antvverp.
2555 5178 2609 5222 et
2650 5169 2869 5234 Bened.,
2896 5169 3071 5223 sedule
3111 5170 3301 5239 jungﬂ

1757 5239 1944 5358 ρας.ἲῆ
1969 5305 2193 5358 Suriana
2208 5305 2432 5373 Ludgeri
2451 5306 2565 5357 Vita
2589 5305 2688 5357 alia
2711 5302 3093 5373 ratioatfertur,
3107 5319 3295 5371 nempe

1755 5374 1893 5442 quod
1924 5374 2211 5439 Ludgerus,
2245 5372 2352 5426 tum
2383 5375 2650 5434 diaconus,
2680 5388 2798 5425 cum
2826 5372 3295 5442 coramuGregorio

1757 5439 2094 5507 Evangelium
2153 5442 2328 5509 legens
2372 5442 2424 5493 in
2476 5442 2698 5508 quodam
2749 5441 2908 5492 verbo
2951 5439 3291 5509 oil‘endisset,

1755 5505 2062 5584 emendatus
2087 5525 2120 5584 εξ
2149 5505 2440 5578 Gregorio,
2482 5505 2663 5584 statuit
2711 5509 2902 5584 reverti
2949 5507 3014 5584 ad
3061 5505 3296 5584 scholam

1755 5576 1984 5638 Alcuini,
2014 5575 2284 5643 indignum
2311 5592 2367 5629 se
2397 5576 2826 5643 putansdiaconii
2851 5575 3040 5642 gradu,
3069 5575 3156 5640 qui
3188 5589 3299 5629 non

1752 5653 1932 5712 posset
1957 5646 2232 5698 emendate
2260 5646 2449 5712 legere.
2967 5671 2972 5677 -
