4110 6478
694 485 799 538 715

1661 493 1751 544 AD
1787 493 1843 547 S.
1886 497 2177 553 LUDGERI
2212 497 2490 552 SCRIPTA
2528 498 2887 551 APPENDIX.

3318 128 3331 137 ε

3758 504 3854 559 776

688 596 919 667 juvenis.
951 597 1096 651 Tunc
1114 594 1363 651 Aleuinus
1385 599 1694 653 necessitate
1717 604 2018 670 compulsus
2038 581 2229 659 direxit
2259 610 2301 663 Α
2330 605 2696 657 dieens:Nnnc
2724 607 2846 673 quia
2875 606 3034 657 frater
3068 621 3213 660 tuens
3242 607 3611 663 dilectissimus
3636 625 3716 675 es,
3738 623 3851 681 pcto

697 689 1015 759 Ludgerum,
1035 696 1090 741 et
1111 702 1231 741 cum
1256 701 1320 741 eo
1348 688 1616 742 diaeonem
1645 704 1795 743 suum
1819 694 2026 746 nomine
2046 692 2221 755 Putnl,

694 794 814 832 cum
856 775 1089 846 praefatis
1138 777 1549 845 negotiatoribus
1592 789 1648 841 ι,
1691 779 1882 834 timens
1928 796 1993 834 ne
2046 797 2226 837 amore

692 867 926 923 discendi
947 866 1103 919 aliam
1128 865 1358 935 regionis
1384 866 1522 920 illius
1542 868 1810 921 civitatem
1838 869 2025 932 adiret,
2054 879 2107 924 et
2128 886 2225 939 pro

692 956 889 1013 ultione
923 954 1159 1025 praedicti
1182 953 1393 1021 juvenis
1433 956 1636 1024 aliquas
1677 964 1945 1023 pateretur
1987 957 2221 1013 insidias.
2244 979 2268 984 υ

690 1044 907 1098 Dicebat
926 1043 1066 1096 enim
1084 1056 1140 1098 se
1162 1042 1339 1111 potius
1363 1042 1496 1095 velle
1519 1043 1650 1095 mori
1676 1057 1831 1109 quam
1857 1051 1916 1096 ut
1940 1044 2078 1099 filius
2097 1062 2222 1102 suus

690 1132 913 1186 dilectus
938 1132 1224 1200 quidquam
1252 1137 1521 1197 pateretur
1561 1130 1767 1184 lethalis
1809 1131 1952 1184 mali.
1983 1132 2223 1189 Directus

687 1223 866 1291 itaque
884 1221 1180 1290 Ludgerus,
1199 1234 1452 1288 prospero
1472 1235 1628 1273 cursu
1648 1223 1887 1288 pervenit
1910 1223 1976 1276 ad
1995 1224 2221 1291 patriam

685 1323 835 1361 suam
874 1307 1008 1361 bene
1061 1306 1351 1360 instructus
1375 1343 1392 1370 ,
1442 1306 1643 1361 habens
1688 1307 1893 1374 copiam
1941 1307 2217 1372 librorum,

682 1405 903 1464 eratque
928 1396 1065 1464 patri
1092 1394 1345 1464 Gregorio
1383 1402 1438 1448 et
1468 1395 1674 1448 caneris
1697 1403 1843 1449 tanto
1868 1404 1993 1450 tunc
2012 1395 2221 1466 dignior

681 1495 735 1539 et
762 1486 1044 1555 acceptior,
1074 1492 1273 1554 quanto
1302 1484 1403 1539 fuit
1422 1493 1478 1539 et
1503 1485 1555 1537 in
1579 1486 1884 1539 monasticis
1906 1487 2217 1541 eruditioni-

686 1577 782 1629 bus
824 1574 1095 1629 illustrior.
1140 1574 1402 1628 Diaeonus
1425 1589 1573 1637 vero,
1598 1575 1690 1642 qui
1727 1583 1945 1629 venerat
1982 1590 2104 1629 eum
2130 1590 2213 1641 eo,

670 1662 824 1731 juxta
846 1661 1236 1731 dispositionem
1264 1660 1472 1715 Alcuini
1504 1662 1738 1728 perrexit
1760 1660 2002 1726 Romam,
2025 1663 2214 1716 iterum

679 1765 1006 1815 reversurus,
1032 1750 1122 1818 qui
1166 1752 1329 1806 etiam
1371 1758 1554 1819 postea
1581 1766 1703 1805 cum
1743 1750 1967 1806 Alcuino
1992 1752 2135 1806 venit
2161 1754 2215 1807 in

674 1838 899 1894 Galliam
926 1840 979 1892 in
1006 1838 1192 1892 ordine
1214 1839 1549 1907 presbyterii.

2324 702 2380 743 ut
2421 693 2733 746 desiderium
2780 710 2951 746 meum
3000 685 3431 762 impleasjloens
3463 701 3604 753 enim
3652 702 3702 755 in
3750 719 3850 771 quo

2320 788 2532 832 sanctus
2558 780 2785 843 Domini,
2815 781 3119 835 Liafnvinus
3143 785 3418 853 presbyter
3439 825 3453 848 ,
3486 803 3642 854 quem
3673 793 3847 851 ‘nosti,

2320 866 2372 918 in
2398 882 2554 934 opere
2578 869 2780 931 Domini
2817 886 2981 937 usque
3010 871 3073 924 ad
3102 879 3323 925 mortem
3352 876 3680 941 persistcndo
3706 879 3848 933 labo-

2320 955 2474 1017 ravit,
2510 956 2596 1009 ubi
2625 972 2833 1010 sacrum
2863 956 2976 1023 ejus
3015 972 3207 1025 corpus
3251 964 3516 1028 sepultura
3558 966 3768 1033 tegitur.
3798 969 3849 1019 in

2318 1040 2649 1095 solitudinem
2681 1051 2761 1095 est
2790 1044 3056 1107 redactus;
3105 1048 3445 1113 quamobrem
3490 1061 3613 1117 peto
3638 1062 3694 1104 ut
3734 1071 3849 1108 eum

2319 1130 2615 1181 restaurare
2648 1131 2879 1188 studeas,
2910 1139 2963 1184 et
2994 1146 3151 1198 super
3175 1148 3364 1202 corpus
3387 1139 3551 1191 sancti
3573 1139 3848 1193 ecclesiam

2319 1215 2625 1268 reaetliiices.

2387 1300 2471 1352 14.
2511 1301 2598 1353 Dei
2637 1303 2796 1370 igitur
2840 1303 3063 1359 famulus
3099 1307 3368 1376 Ludgerus
3394 1315 3648 1382 magistri
3686 1315 3853 1383 jussis

2315 1386 2684 1455 obtemperans
2728 1393 2970 1457 quaesivit
3005 1394 3057 1445 in
3088 1395 3202 1448 loco
3239 1402 3620 1463 pramominato
3662 1417 3853 1469 corpus

2316 1477 2484 1530 sancti
2518 1486 2571 1529 et
2612 1493 2714 1530 non
2749 1479 2961 1542 invenit,
2992 1481 3083 1533 sed
3119 1489 3291 1536 tamen
3320 1485 3454 1536 intra
3482 1489 3709 1553 spatium
3749 1489 3849 1541 loci

2316 1563 2403 1616 ubi
2444 1564 2570 1617 illud
2595 1578 2710 1617 esse
2736 1567 2967 1633 putabat,
2996 1569 3153 1635 coepit
3201 1578 3507 1627 construere
3550 1575 3846 1627 ecclesiam.

2313 1650 2548 1720 Cumque
2593 1655 2850 1720 posuisset
2880 1654 3064 1717 bases,
3093 1665 3147 1709 et
3172 1658 3400 1723 parietes
3427 1671 3709 1713 conaretur
3735 1664 3844 1714 eri-

2314 1754 2459 1806 gere,
2509 1741 2749 1808 apparuit
2792 1742 2839 1795 ei
2893 1741 3136 1797 sacerdos
3182 1744 3387 1800 Domini
3434 1746 3744 1802 Liafuvinus
3796 1751 3849 1801 in

2313 1821 2546 1889 somniis,
2574 1830 2753 1883 dicens
2778 1847 2790 1881 :
2814 1829 3001 1883 Frater
3045 1833 3681 1906 dilectissimeILudgere,
3718 1839 3852 1891 bene

742 1930 830 1981 “-
870 1927 1001 1981 cum
1029 1927 1152 1980 una
1175 1899 1513 1997 sgnum“
1541 1928 1685 1981 νωίι
1702 1928 1917 1997 quidam
1940 1929 2215 1998 presbyter
2243 1899 2288 1959 Β
2313 1914 2483 1995 fecisti
2518 1919 2858 1970 restaurando
2882 1916 2971 1971 Dei
3018 1921 3266 1988 templum
3294 1899 3595 1988 iamdudum
3617 1925 3848 1977 deletum

673 2024 888 2071 sanctus
916 2023 971 2070 et
990 2015 1194 2079 doctus,
1218 2016 1283 2070 de
1307 2029 1500 2084 genere
1522 2014 1831 2085 Anglorum,
1854 2017 2065 2071 nomine
2093 2016 2213 2069 Lia-

672 2104 902 2165 fuvinus,
916 2104 982 2157 ad
1000 2104 1247 2158 abbatem
1268 2103 1602 2174 Gregorium,
1619 2105 1796 2159 dicens
1818 2104 1916 2159 sibi
1937 2119 1966 2157 a
1988 2104 2210 2159 Domino

670 2195 983 2249 terribiliter
1022 2195 1161 2247 trina
1199 2193 1557 2248 admonitione
1584 2195 1748 2248 fuisse
1785 2205 2123 2263 praeceptum,
2153 2202 2211 2247 ut

648 2285 726 2355 in
750 2281 979 2337 confinio
1006 2282 1325 2336 Francorum
1355 2289 1513 2349 atque
1535 2281 1799 2335 Saxonum
1824 2295 1975 2335 secus
1996 2280 2210 2335 ﬂuvium

667 2372 768 2425 lsla
794 2370 932 2438 plebi
964 2371 1017 2423 in
1057 2370 1293 2423 doctrina
1333 2370 1583 2438 prodesse
1624 2368 1856 2432 deberet,
1904 2368 2211 2436 rogavitque

670 2469 728 2512 ut
761 2459 828 2511 ad
853 2458 1023 2512 locum
1052 2458 1193 2510 illum
1237 2472 1295 2511 se
1334 2457 1544 2525 perduci
1579 2456 1791 2524 jubet-et
1816 2463 1870 2510 et
1900 2457 1966 2509 ad
1991 2455 2208 2510 ﬂuvium

667 2546 769 2600 sibi
798 2560 829 2598 a
858 2546 1079 2600 Domino
1117 2546 1571 2614 pramominatum.
1615 2545 1761 2599 Tune
1802 2543 2115 2614 Gregorius,
2143 2558 2207 2598 eo

666 2634 805 2702 quod
834 2634 977 2687 locus
1007 2632 1143 2685 idem
1168 2632 1232 2685 ad
1257 2632 1557 2700 parochiam
1582 2646 1731 2685 suam
1774 2632 2081 2698 pertineret,
2110 2631 2205 2684 be-

664 2723 823 2792 nigne
846 2737 966 2775 eum
994 2720 1100 2773 illic
1126 2721 1355 2789 dirigere
1380 2720 1584 2781 statuit,
1604 2733 1766 2786 agens
1784 2720 1982 2786 gratias
2004 2719 2204 2786 pastori

662 2825 893 2873 summo,
921 2824 985 2864 eo
1013 2808 1152 2875 quod
1179 2807 1419 2860 vis-itaret
1442 2807 1648 2875 plebem
1677 2822 1846 2860 suam.
1878 2807 2018 2860 Misit
2043 2810 2203 2862 etiam

637 2913 783 2953 eum
825 2913 890 2951 eo
914 2906 967 2951 et
997 2895 1371 2949 Marchelmum
1400 2910 1609 2963 servum
1640 2895 1731 2948 Dei
1761 2896 1825 2949 de
1865 2910 2057 2964 genere
2097 2895 2205 2948 An-

662 2987 866 3056 glorum
884 3025 899 3050 ,
931 2996 985 3039 et
1023 3000 1052 3038 a
1082 2994 1266 3039 sancto
1291 2983 1632 3039 Willibrordo
1654 2986 1899 3053 episcopo
1926 2999 1955 3037 a
1979 2986 2202 3053 pueritia

660 3075 858 3130 sanctis
899 3074 1213 3127 instructum
1252 3074 1507 3137 moribus,
1529 3080 1588 3127 ut
1613 3088 1732 3127 eum
1762 3082 2089 3142 pracponeret
2110 3088 2204 3142 po.

658 3163 801 3232 polo.
828 3162 1115 3231 Susceptus
1136 3177 1264 3231 ergo
1282 3163 1557 3231 presbyter
1574 3161 1882 3216 Liafuvinns
1905 3178 1934 3215 a
1960 3158 2198 3218 matrima

656 3239 883 3322 quadam
928 3254 1138 3309 nomine
1180 3252 1482 3315 Averhilda,
1510 3254 1819 3321 exterisque
1849 3252 2091 3307 fidelibus
2117 3269 2202 3307 se-

657 3343 893 3395 minabat
907 3343 1217 3417 documenta
1233 3332 1436 3405 salutis,
1452 3350 1507 3396 et
1526 3342 1730 3410 rigabat
1752 3350 1901 3409 prata
1924 3343 2196 3396 mentium.

2310 2020 2339 2057 a
2365 1999 2666 2073 gentilibus,
2694 2008 2786 2061 sed
2812 2018 2866 2061 et
2907 2024 3097 2078 corpus
3125 2027 3297 2065 meum
3327 2013 3467 2080 quod
3506 2016 3737 2082 qumsisti
3769 2017 3851 2068 in—

2309 2094 2489 2148 venies
2518 2096 2613 2148 sub
2635 2096 2876 2159 australi,
2893 2111 3048 2164 quem
3073 2100 3310 2163 erexisti,
3326 2102 3526 2167 pariete
3550 2103 3845 2156 humatum.

2306 2184 2578 2254 Ludgerus
2607 2185 2765 2253 igitur
2785 2202 2938 2240 mane
2960 2187 3163 2241 Domini
3194 2189 3433 2245 laudibus
3454 2193 3676 2259 expletis
3705 2193 3850 2247 inve-

2306 2272 2383 2324 nit
2412 2287 2602 2340 corpus
2628 2275 2795 2327 sancti
2828 2275 2881 2326 in
2910 2275 3023 2329 loco
3047 2277 3146 2330 sibi
3172 2277 3224 2331 in
3252 2279 3455 2333 visione
3491 2282 3763 2348 pnedicto,
3795 2294 3848 2334 ct

2306 2359 2520 2413 collecta
2564 2361 2894 2415 multitudine
2936 2362 3060 2416 fecit
3106 2366 3370 2418 transvehi
3411 2367 3566 2420 bases
3609 2369 3847 2436 ejusdem

2304 2448 2510 2502 mlificii
2542 2448 2592 2500 in
2623 2458 2824 2516 partem
2855 2451 3160 2516 australem,
3194 2459 3248 2505 et
3275 2453 3346 2505 ita
3382 2452 3520 2506 infra
3564 2456 3845 2510 ecclesiam

2304 2538 2515 2608 collegit
2536 2539 2834 2605 sepulcrum
2868 2538 2965 2591 viri
3011 2540 3121 2592 Dei.
3151 2539 3385 2595 Perfecta
3418 2540 3593 2611 itaque
3620 2552 3703 2597 est
3730 2545 3846 2611 ipsa

2301 2630 2525 2683 ecclesia
2571 2637 2622 2682 et
2664 2639 2992 2694 consecrata,
3042 2645 3158 2697 quze
3201 2646 3470 2699 nunquam
3522 2634 3772 2700 deinceps
3816 2652 3844 2686 a

2301 2717 2581 2786 gentilibus
2609 2716 2776 2769 fuerat
2803 2718 3174 2770 contaminata.
3223 2719 3326 2772 Sed
3360 2720 3413 2772 in
3459 2719 3574 2773 loco
3620 2721 3710 2774 illo
3745 2737 3848 2788 per

2301 2820 2509 2857 servum
2539 2820 2687 2857 suum
2729 2804 3057 2858 Liafuvinum
3093 2807 3341 2860 Dominus
3379 2808 3571 2863 multas
3614 2811 3845 2865 virtutes

2300 2900 2549 2959 operatur
2594 2906 2759 2959 usque
2800 2893 2851 2944 in
2889 2893 3197 2946 hodiernum
3245 2894 3403 2957 diem,
3434 2897 3521 2949 ubi
3556 2906 3639 2951 est
3679 2900 3844 2951 etiam

2302 2995 2439 3033 nunc
2508 2981 2802 3033 cmnobium
2872 2982 3243 3034 canonicorum
3295 2982 3518 3037 Domino
3583 2983 3846 3039 famulan-

2306 3068 2455 3120 tium.

2376 3157 2456 3209 15.
2493 3155 2619 3210 Post
2654 3158 2767 3211 tunc
2794 3157 2936 3209 misit
2963 3156 3203 3211 Albricus
3231 3157 3528 3226 Ludgcrum
3554 3168 3749 3214 etcum
3776 3177 3845 3217 eo

2302 3251 2433 3304 alios
2475 3263 2657 3303 servos
2686 3248 2776 3302 Dei
2805 3256 2862 3301 ut
2890 3247 3218 3302 destruerent
3249 3248 3367 3301 fana
3404 3250 3639 3312 deorum,
3668 3259 3718 3303 et
3749 3267 3838 3305 va-

2301 3336 2407 3389 rias
2447 3334 2678 3389 culturas
2725 3334 2981 3388 idolormn
3015 3336 3065 3387 in
3112 3345 3267 3404 gente
3309 3336 3620 3391 Fresonum.
3652 3340 3719 3391 At
3767 3341 3847 3394 illi

656 3429 917 3484 Fecerunt
962 3438 1138 3483 autem
1167 3430 1215 3483 ei
1255 3431 1545 3485 οηιοιοίυιη
1593 3430 1648 3483 in
1688 3429 2008 3485 occidentali
2048 3439 2199 3498 parte
2292 3423 2439 3490 jussa
2458 3422 3842 3492 complentesattulcruntmagnumthesaurutnenmc

652 3516 855 3587 praefati
884 3517 1134 3581 ﬂuminis,
1173 3514 1369 3572 inloco
1397 3519 1487 3586 qui
1515 3518 1684 3587 Bulpa
1717 3528 1953 3573 vocatur.
2296 3527 2453 3582 quem
2491 3513 2545 3566 in
2577 3511 2808 3567 delubris
2845 3512 3178 3576 invenerant,
3205 3528 3270 3566 ex
3298 3528 3402 3582 quo
3425 3514 3648 3571 Carolus
3676 3518 3847 3587 impe-

726 3606 808 3659 12.
848 3605 973 3662 Post
1010 3608 1122 3661 bare
1162 3608 1321 3662 etiam
1348 3606 1741 3662 azdiﬂcaverunt
1766 3610 1814 3661 ei
1844 3608 2119 3662 ecclesiam
2146 3610 2195 3662 in
2297 3613 2445 3657 rator
2483 3604 2613 3657 duas
2658 3611 2835 3671 partes
2877 3603 3098 3671 accepit,
3125 3602 3333 3657 tertiam
3362 3618 3490 3658 vero
3532 3614 3740 3672 partem
3776 3607 3846 3660 ad

651 3694 829 3747 littore
852 3695 1094 3747 orientali
1120 3692 1354 3759 ejusdem
1378 3678 1629 3754 ﬂuminis,
1658 3694 1709 3746 in
1732 3694 1845 3748 loco
1867 3694 2018 3761 cujus
2041 3710 2196 3749 voca-
2295 3708 2423 3747 usus
2453 3708 2575 3746 suos
2605 3691 2876 3745 Albricum
2908 3690 3140 3758 recipere
3164 3692 3434 3761 praecepit.

600 3850 603 3855 _
651 3783 830 3836 bulum
855 3791 939 3835 est
968 3783 1246 3844 Daventre,
1269 3794 1497 3850 eumque
1523 3782 1589 3835 ad
1613 3795 1731 3834 eam
1757 3781 1976 3850 populus
2004 3783 2072 3835 ob
2095 3783 2191 3835 viri
2362 3785 2607 3838 Albricus
2632 3789 2807 3835 autem
2833 3796 2952 3834 eum
2982 3783 3035 3834 in
3057 3782 3271 3835 Colonia
3298 3770 3518 3852 gi‘a'dum
3546 3782 3846 3849 accepisset

648 3870 818 3925 sancti
840 3870 1143 3925 doctrinam:
1162 3870 1469 3937 conﬂueret,
1495 3868 1733 3924 Saxones
1757 3871 1844 3939 qui
1872 3886 1937 3926 eo
1957 3880 2193 3940 tempore
2292 3872 2663 3943 episc0palcm,
2695 3870 2816 3924 fecit
2855 3880 2909 3925 et
2951 3868 3247 3938 Ludgerum
3299 3883 3481 3922 secum
3521 3869 3845 3936 presbyterii

650 3961 866 4031 laganis
910 3960 1260 4016 fuscabantur
1316 3961 1541 4025 ritibus,
1574 3961 1629 4015 in
1679 3959 1908 4015 furerem
1952 3963 2190 4016 conversi
2290 3964 2561 4032 percipere
2587 3961 2821 4029 gradum,
2849 3971 2902 4014 et
2926 3957 3198 4013 constituit
3220 3971 3339 4011 eum
3368 3954 3643 4010 doctorem
3664 3956 3842 4009 cccle-

647 4048 868 4103 collecto
909 4049 1149 4103 exercitu
1198 4047 1561 4118 eﬂ‘ugaverunt
1606 4047 1933 4105 Christianos
1979 4051 2045 4104 ab
2088 4051 2192 4103 illis
2291 4053 2382 4104 sim
2410 4053 2459 4104 in
2504 4067 2656 4119 pago,
2688 4052 2769 4105 cui
2798 4067 2985 4106 nomen
3014 4050 3270 4105 Ostracine
3300 4048 3502 4120 (idest,
3530 4048 3841 4121 Ostergau),

647 4136 794 4196 locis,
830 4145 884 4189 et
911 4136 1187 4189 ecclesiam
1214 4139 1619 4192 combusserunt
1646 4138 1771 4207 igni.
1818 4139 1963 4193 Tunc
1992 4139 2073 4191 vir
2097 4139 2187 4192 Dei
2289 4139 2341 4191 in
2374 4145 2487 4193 loco
2513 4142 2596 4199 ubi
2625 4151 2836 4196 sanctus
2875 4141 3174 4194 Bonifacius
3204 4140 3458 4209 martyrio
3485 4149 3570 4194 est
3610 4154 3843 4193 corona-

647 4222 955 4280 Liafuvinus
1004 4241 1250 4281 reversus
1276 4227 1341 4280 ad
1366 4228 1607 4280 abbatem
1631 4226 1941 4297 Gregorium
1971 4236 2189 4296 praesto-
2291 4239 2393 4282 tus.
2427 4231 2712 4298 Divisitque
2740 4230 2875 4283 idem
2916 4231 3159 4283 Albricus
3197 4244 3390 4282 annum
3421 4230 3475 4281 in
3505 4229 3844 4283 distributio-

645 4315 853 4368 labatur
880 4315 1291 4370 consolationem
1319 4330 1347 4368 a
1379 4315 1618 4369 Domino.
1664 4313 1859 4370 Sedato
1904 4318 2067 4386 igitur
2112 4326 2189 4370 tu-

647 4403 815 4455 multu
837 4404 1165 4471 reversisque
1191 4406 1529 4473 praedonibus
1556 4406 1608 4459 in
1634 4420 1748 4471 sua,
1779 4407 1861 4459 vir
1884 4408 1974 4461 Dei
2003 4409 2186 4463 recedi-

644 4492 820 4545 ﬂcavit
843 4494 1120 4548 ecclesiam
1148 4510 1269 4564 qua:
1306 4493 1480 4550 fuerat
1505 4499 1810 4563 combusta;
1843 4508 1897 4553 et
1923 4515 2069 4554 more
2095 4517 2184 4555 so-

643 4584 736 4636 lito
762 4597 865 4636 non
889 4584 1131 4637 cessabat
1159 4585 1473 4640 documenta
1489 4586 1675 4640 salutis
1694 4588 1996 4656 impendere
2012 4590 2181 4659 gregi,

640 4669 983 4739 quoadusque
1019 4673 1219 4738 pastori
1267 4672 1474 4727 summo
1509 4672 1755 4728 dilectam
1803 4676 2046 4730 redderet
2071 4679 2183 4730 ani-

574 4780 587 4790 -
642 4775 801 4825 mam,
830 4766 885 4813 et
931 4758 1209 4815 defunctus
1258 4761 1311 4815 in
1357 4763 1544 4823 eadem
1599 4764 1820 4818 ecclesia
1872 4774 1954 4819 est
2001 4766 2179 4835 sepul-

640 4856 745 4903 IIIS.

708 4939 793 4991 15.
836 4939 961 4993 Post
987 4938 1044 4994 S.
1075 4938 1340 4993 Liafuvini
1368 4941 1571 4996 obitum
1602 4942 1793 4996 iterum
1821 4943 1968 5012 impii
2013 4943 2178 5000 Saxo-

638 5040 734 5080 nes
763 5034 1105 5081 vastaverunt
1129 5028 1303 5082 locum
1326 5027 1493 5092 illum,
1521 5038 1577 5084 et
1600 5032 1986 5087 succenderunt
2011 5033 2180 5089 eccle-

637 5114 792 5178 siam,
822 5117 1117 5184 eorpusiwe
1142 5115 1255 5183 ejus
1278 5130 1376 5185 per
1408 5123 1520 5172 tres
1539 5117 1653 5172 dies
1678 5120 2047 5189 quaesiverunt,
2080 5137 2180 5178 nec

638 5201 878 5255 invenire
899 5209 1201 5269 potuerunt.
1230 5203 1333 5257 Sed
1356 5212 1411 5258 et
1438 5205 1601 5259 abbas
1623 5204 1909 5277 Gregorius
1935 5212 2180 5280 migravit

637 5289 705 5342 ad
731 5290 1011 5345 Dominum
1038 5291 1068 5331 δ
1086 5332 1100 5355 ,
1125 5300 1176 5345 et
1207 5294 1435 5363 suscepit
1459 5309 1640 5349 curam
1665 5299 1980 5364 pastoralem
2006 5300 2179 5353 Albi-i-

636 5390 734 5429 eus
756 5391 919 5444 nepos
940 5377 1073 5446 ejus,
1102 5381 1190 5449 qui
1214 5381 1885 5452 venerabilemrLudgerum
1914 5400 2034 5440 cum
2063 5400 2177 5440 ma-

636 5478 741 5533 gno
785 5464 1032 5534 diligebat
1074 5469 1280 5528 affectu.
1310 5479 1468 5538 atque
1505 5484 1627 5525 eum
1668 5471 1741 5525 ita
1775 5472 2033 5530 allocutus
2070 5484 2173 5540 est,

693 5552 699 5558 '
1358 5547 1411 5590 il

705 5594 1138 5673 -_Antwerp.f.et
1153 5593 1388 5654 BeneJ.:
1418 5616 1452 5673 c_
1472 5598 1665 5673 direxit
1708 5601 2006 5673 Ludgerum
2051 5621 2171 5661 cum

636 5663 868 5728 praefatis
910 5663 1349 5734 negotiatoribus,
1382 5667 1525 5723 misit
1556 5669 1716 5722 etiam
1745 5663 1867 5725 cum
1892 5686 1956 5727 eo
1976 5683 2034 5728 "et
2061 5676 2175 5730 dia-

637 5741 827 5784 conum
851 5731 1026 5801 suum,
1059 5731 1272 5787 nomine
1298 5732 1475 5802 Putul,
1506 5735 1717 5803 timens,
1738 5757 1755 5789 ι
1787 5748 1891 5794 etc.

2288 4333 2382 4371 nes
2424 4327 2671 4386 quatuor,
2701 4320 2772 4372 ita
2800 4329 2857 4373 ut
2888 4321 2941 4373 in
2968 4319 3210 4387 Trajecto
3248 4321 3567 4374 monasterio
3592 4336 3701 4389 pra:
3732 4336 3842 4376 ca:-

2288 4406 2415 4460 teris
2438 4407 2731 4476 prtepositis
2771 4408 2883 4476 ipse
2912 4408 2964 4461 in
2991 4417 3228 4477 tempore
3264 4409 3464 4462 vernali
3492 4409 3547 4461 in
3576 4409 3841 4465 doctrinas

2286 4496 2458 4550 studio
2496 4505 2551 4550 et
2599 4510 2796 4552 sancta:
2839 4499 3251 4553 conversationis
3280 4507 3528 4567 praeesset
3573 4498 3840 4554 fratribus

2288 4596 2494 4637 menses
2545 4594 2675 4649 tres,
2703 4585 2892 4640 deinde
2931 4594 3051 4655 post
3095 4600 3215 4640 eum
3268 4588 3323 4641 in
3369 4597 3552 4642 aestate
3597 4589 3841 4659 Adalger

2286 4673 2557 4741 presbyter
2579 4675 2630 4726 in
2655 4674 2771 4729 vice
2795 4690 2888 4728 sua
2915 4689 3124 4730 menses
3150 4683 3281 4740 tres,
3308 4686 3431 4746 post
3454 4678 3595 4732 hunc
3614 4677 3836 4748 Ludge-

2289 4774 2378 4813 rus
2420 4762 2695 4830 presbyter
2722 4777 2930 4818 menses
2960 4774 3068 4819 tres
3087 4802 3103 4829 ,
3131 4763 3322 4820 deinde
3347 4765 3401 4820 in
3429 4765 3604 4821 hieme
3636 4767 3834 4822 Thiat-

2280 4850 2404 4904 brat
2426 4851 2701 4920 presbyter
2723 4868 2805 4908 me
2822 4869 2929 4909 uses
2954 4862 3081 4909 tres.

2351 4936 2437 4990 16.
2474 4936 2745 5017 Ludgerus
2768 4940 2930 5011 igitur
2960 4942 3012 4996 in
3037 4942 3223 4997 ordine
3243 4943 3375 4999 vicis
3398 4957 3511 4997 sum
3546 4949 3833 5001 nocturnis

2279 5029 2606 5096 temporibus
2626 5031 2748 5099 post
2768 5032 3113 5100 psalmodiam
3137 5017 3506 5098 et-orationes,
3531 5050 3665 5103 quas
3684 5051 3817 5091 sem

2276 5128 2373 5183 per
2393 5128 2695 5183 amaverat,
2719 5118 2773 5173 in
2803 5119 2997 5174 solario
3025 5120 3275 5175 ecclesia?
3292 5122 3463 5177 sancti
3503 5121 3830 5190 Salvatoris,

2276 5217 2434 5271 quam
2483 5214 2698 5260 sanctus
2740 5205 3113 5279 Willibrordns
3162 5209 3490 5266 conﬂuxerat
3512 5250 3529 5276 ,
3579 5214 3829 5269 membra

2276 5293 2441 5359 quieti
2465 5294 2590 5348 dare
2634 5306 2997 5363 consueverat,
3028 5298 3116 5353 ubi
3142 5298 3189 5352 ei
3217 5307 3374 5353 nocte
3399 5299 3632 5369 quadam
3656 5314 3828 5357 vene-

2278 5381 2459 5435 rabilis
2475 5382 2639 5436 abbas
2658 5381 2939 5453 Gregorius
2958 5401 3056 5455 per
3077 5387 3330 5442 visionem
3348 5391 3594 5458 apparuit
3612 5389 3824 5446 dicens:

2276 5468 2462 5525 Frater
2480 5470 2977 5542 Ludgcre,sequere
2999 5490 3117 5541 me;
3154 5489 3311 5544 quem
3338 5477 3464 5531 dum
3491 5478 3608 5546 ipse
3630 5494 3825 5548 seque-

2342 5603 2372 5644 δ
2407 5605 2719 5673 Gregorium
2740 5607 2983 5662 abbatem
3010 5623 3148 5664 anno
3164 5608 3264 5665 776
3286 5610 3581 5668 decessisse
3606 5614 3817 5669 demon-

2273 5680 2511 5746 strarunt
2540 5674 2725 5728 Patres
2747 5675 3192 5746 Aptvverpienses.

2346 5753 2368 5781 ο
2402 5742 2675 5812 Antwerp.
2706 5751 2760 5798 et
2780 5742 2981 5798 Bened.
