4110 6482
665 411 764 463 779

1620 412 1708 462 AD
1747 411 1800 463 S.
1844 410 2139 467 LUDGERI
2177 411 2459 465 SCRIPT.\
2501 410 2847 463 APPF‘JDIV

3512 117 3785 209 Ἰ*

3721 404 3822 456 780

663 522 943 574 nebrosam
987 518 1051 571 de
1091 518 1271 571 eadem
1314 518 1428 568 navi
1476 516 1845 585 egredientem,
1888 531 1989 583 qua
2038 531 2179 568 rcce-
2208 521 2250 575 Α
2280 520 2447 577 desse,
2489 519 2753 582 erutisque
2794 514 3097 565 idololatria:
3128 514 3292 583 Spinis
3331 514 3555 566 verbum
3588 513 3678 567 Dei
3705 515 3825 566 dilir

664 609 841 669 dente,
869 620 1051 674 magna
1070 605 1133 657 in
1158 620 1217 658 ea
1250 605 1506 659 serenitas
1533 603 1775 670 perstitit.
1808 602 1954 656 Tunc
1992 603 2072 653 vir
2097 603 2185 654 Dei

665 696 736 746 ait
762 712 774 745 :
801 694 1019 757 Videtis,
1044 692 1269 759 qualiter
1292 705 1388 760 per
1427 690 1838 744 misericordiam
1869 690 1959 742 Dei
1987 688 2185 755 ell’uga-

665 795 746 837 tus
773 789 853 837 est
879 782 1139 843 inimicus,
1166 780 1255 848 qui
1282 780 1427 848 prius
1465 780 1689 848 caligine
1725 784 2073 847 occupaverat
2110 777 2188 828 in-

663 873 829 925 sulam
858 862 1430 924 hanc.‘Pervenientes
1473 877 1647 921 autem
1683 868 1749 921 ad
1778 867 2012 920 eamdem
2043 866 2187 920 insu-

663 960 785 1020 lam,
815 960 1200 1013 dextruxerunt
1227 958 1402 1010 omnia
1427 957 1659 1023 ejusdem
1679 957 1883 1010 Fosetis
1902 956 2043 1027 lana,
2071 970 2188 1023 quae.

661 1048 766 1099 illic
786 1046 934 1100 fuere
952 1052 1274 1105 constructa,
1293 1053 1453 1111 etpro
1482 1043 1559 1097 eis
1579 1043 1772 1097 Christi
1800 1043 2189 1096 fabricaverunt

660 1122 928 1188 ecclesias.
960 1132 1195 1211 Cumque
1217 1132 1539 1186 habitatores
1573 1140 1728 1186 terrae
1755 1132 1897 1185 illius
1918 1130 2019 1183 ﬁde
2037 1129 2189 1184 Chri-

656 1222 727 1273 sti
758 1221 1032 1281 imbueret.
1061 1219 1344 1287 baptizavit
1365 1234 1457 1277 eos
1481 1234 1600 1273 cum
1641 1219 1969 1273 invocatione
1995 1228 2188 1272 sancta:

659 1309 951 1372 Trinitatis,
978 1308 1028 1360 in
1050 1307 1215 1371 fonte,
1236 1307 1325 1374 qui
1353 1307 1425 1360 ibi
1447 1306 1745 1371 ebulliehat,
1774 1308 1826 1360 in
1855 1322 1959 1375 quo
1980 1305 2033 1361 S.
2056 1307 2189 1359 Wil-

654 1399 921 1452 librordus
954 1397 1101 1465 prius
1139 1396 1378 1449 homines
1420 1395 1794 1462 baptizaverat,
1838 1410 1867 1447 a
1895 1409 1998 1463 quo
2026 1394 2185 1447 etiam

652 1484 802 1539 fonte
830 1498 989 1538 nemo
1007 1483 1150 1551 prius
1169 1484 1380 1535 haurire
1413 1497 1602 1549 aquam
1632 1483 1729 1538 nisi
1770 1490 1950 1536 tacens
1984 1496 2186 1548 pnes"-

657 1574 849 1627 mebat.
883 1568 1161 1635 Cujusdam
1190 1570 1350 1623 etiam
1374 1583 1554 1622 eorum
1581 1568 1835 1637 principis
1863 1568 2027 1621 ﬁlium
2051 1568 2188 1620 Lan-

656 1659 857 1713 dricum
884 1658 1094 1711 nomine
1118 1657 1322 1723 accepit
1363 1671 1391 1707 a
1423 1655 1585 1719 fonte,
1614 1670 1768 1723 quem
1811 1657 1974 1709 sacris
2002 1655 2187 1707 litteris
2230 1651 2246 1664 '

656 1749 913 1802 imbutum
941 1745 1204 1799 ordinavit
1246 1746 1629 1813 presbyterum,
1676 1745 1766 1813 qui
1812 1744 1988 1797 multis
2034 1744 2186 1796 annis

655 1838 798 1907 genti
834 1836 1125 1889 Fresonum
1172 1834 1223 1886 in
1270 1834 1519 1887 doctrinae
1559 1833 1765 1909 praefuit
1805 1833 1994 1886 studio.
2040 1833 2186 1886 Tunc

657 1928 848 1979 iterum
881 1930 1130 1992 operante
1155 1922 1383 1988 maligno
1400 1921 1476 1973 ab
1502 1921 1840 1975 orientalibus
1868 1918 2188 1976 Fresonibus

656 2028 762 2066 nox
787 2010 1107 2085 inﬁdelitatis
1130 2023 1329 2077 magna?
1352 2008 1734 2072 fueratexorta,
1759 2007 1907 2075 cujus
1927 2008 2187 2062 Maluiuno

662 2097 966 2169 (Malumno)
989 2105 1043 2152 et
1065 2096 1232 2149 Eilrat
1253 2107 1277 2134 ι
1304 2094 1451 2149 fuere
1488 2097 1770 2163 principes,
1809 2105 1861 2150 et
1899 2098 2188 2150 combusta:

656 2197 779 2242 sunt
819 2187 1052 2241 ecclesia:
1100 2184 1341 2251 servique
1386 2184 1476 2235 Dei
1526 2183 1751 2251 repulsi;
1805 2183 1898 2235 sed
1953 2182 2189 2235 radiante

656 2276 766 2330 sole
784 2274 999 2341 justitia:
1028 2271 1262 2337 eﬁ‘ugatae
1294 2281 1415 2323 sunt
1439 2271 1668 2325 tenebrae
1695 2271 1947 2324 radiantis
1969 2270 2186 2334 erroris,

660 2367 733 2418 ita
757 2372 814 2415 ut
835 2369 951 2430 post
976 2360 1097 2413 anni
1124 2357 1374 2411 circulum
1418 2356 1472 2409 S.
1497 2356 1769 2425 Ludgerus
1795 2372 1914 2410 cum
1939 2357 2049 2410 suis
2074 2357 2185 2423 pri-

658 2467 748 2505 sca
787 2447 1161 2504 consuetudine
1206 2444 1518 2499 ﬁducialitcr
1562 2444 1699 2513 plebi
1746 2444 1820 2497 illi
1850 2444 2037 2513 pabula
2068 2444 2186 2497 ﬁdei

661 2537 961 2591 ministrare
1000 2548 1106 2587 non
1153 2532 1450 2595 desisteret,
1477 2539 1529 2584 et
1560 2530 1779 2584 Domino
1817 2530 2104 2599 opitulante
2134 2532 2187 2584 in

655 2641 740 2690 ea,
764 2638 921 2693 quam
950 2630 1074 2674 tunc
1101 2626 1426 2688 receperant,
1453 2618 1860 2686 perseverabant
1882 2617 2002 2671 ﬁde.

726 2713 812 2767 20.
861 2711 1063 2764 interea
1108 2721 1204 2775 per
1246 2705 1639 2772 dispositionem
1687 2703 2046 2757 misericordis
2092 2703 2189 2757 Dei

661 2804 898 2856 Saxones
942 2796 1179 2851 conversi
1212 2802 1335 2848 sunt
1352 2794 1435 2847 .ad
1457 2793 1753 2857 Dominum,
1778 2800 1831 2846 et
1855 2807 1946 2845 rex
1972 2791 2191 2848 Carolus

658 2889 899 2943 eumdem
923 2887 1094 2937 virum
1119 2882 1211 2937 Dei
1238 2881 1537 2949 Ludgerum
1557 2889 1823 2947 pastorem
1864 2880 1917 2932 in
1946 2880 2190 2933 orientali

658 2984 809 3044 parte
835 2974 1101 3026 Saxonum
1133 2967 1425 3043 constituit,
1454 2965 1602 3033 cujus
1630 2966 1890 3035 parochia:
1923 2965 2074 3019 sedes
2109 2974 2191 3019 est

662 3061 965 3129 principalis
994 3060 1020 3097 δ
1052 3059 1103 3111 in
1153 3056 1266 3109 loco
1304 3053 1691 3123 Mimigernel‘or
1717 3052 1888 3121 (Infra
1909 3069 1927 3106 :
1952 3053 2192 3122 Miniger-

2284 604 2467 673 genter
2492 619 2587 672 per
2618 604 2730 655 loca
2758 603 2958 667 singula
2985 615 3176 662 serere,
3210 600 3462 654 ecclesias
3488 610 3823 660 construere,

2283 704 2337 747 et
2364 709 2456 761 per
2483 708 2571 747 eas
2595 690 2825 759 singulos
2848 692 3095 744 ordinare
3132 692 3491 759 presbyteros,
3521 707 3656 759 quos
3678 694 3789 744 verl
3812 694 3823 743 ἒ

2285 784 2374 835 Dei
2410 790 2777 849 conperatores
2804 780 2902 833 sibi
2938 780 3034 848 ipsi
3073 780 3387 833 nutriverat.
3425 779 3683 848 Cupiebat
3726 782 3829 847 igi-

2286 879 2371 922 tur
2410 871 2464 921 in
2493 878 2663 936 capte
2704 868 3093 937 evangeiizaudi
3129 882 3287 935 opere
3320 867 3502 922 multis
3544 872 3827 921 subvenire

2283 959 2551 1024 gentibus;
2587 959 2678 1010 sed
2718 965 2890 1009 tamen
2917 954 3267 1024 pontiﬁcalem
3297 956 3521 1023 gradum
3552 954 3827 1008 humiliter

2285 1048 2586 1101 declinare:
2616 1046 2812 1100 idcirco
2853 1060 2976 1099 suos
3018 1046 3322 1114 frequenter
3361 1044 3513 1113 petiit
3563 1045 3827 1103 alumnos,

2286 1142 2341 1187 ut
2368 1134 2556 1202 aliquis
2580 1148 2647 1187 ex
2675 1135 2752 1187 eis
2777 1147 2872 1201 pro
2898 1148 2960 1187 eo
2985 1132 3331 1202 episcopalem
3360 1133 3655 1198 susciperet
3681 1142 3830 1184 orn:-

2284 1238 2423 1276 nem.
2464 1221 2559 1275 Cui
2584 1237 2703 1276 cum
2730 1221 3055 1274 Hildibaldus
3078 1222 3354 1289 cpiscopus
3377 1220 3741 1287 persuaderet,
3770 1229 3831 1271 ut

2284 1310 2563 1377 cpiscopus
2601 1308 2836 1362 ordinari
2882 1308 3178 1370 debuisset;
3225 1307 3351 1361 illud
3380 1307 3729 1375 apostolicum
3773 1310 3828 1358 ei

2286 1397 2571 1461 respondit,
2618 1396 2834 1449 dicens:
2875 1394 3078 1464 Oportet
3125 1396 3412 1464 φίδεορυηι
3450 1394 3827 1465 irreprekcnsi-

2285 1484 2431 1537 bilem
2457 1500 2580 1537 esse.
2602 1483 2796 1545 Atille,
2821 1491 2876 1535 ut
2894 1490 3013 1537 erat
3051 1482 3282 1541 humilis.
3325 1490 3381 1536 et
3408 1481 3527 1535 viro
3555 1481 3649 1533 Dei
3690 1481 3827 1533 arui-

2284 1574 2557 1635 cissimus,
2603 1586 2721 1625 cum
2770 1572 2965 1640 gemitu
3016 1571 3199 1624 dixit:
3236 1569 3348 1623 Hoc
3395 1571 3451 1622 in
3494 1585 3553 1623 se
3608 1571 3829 1622 miuiute

2284 1659 2442 1712 fuisse
2470 1660 2803 1726 completum.
2842 1658 3075 1712 Tandem
3110 1672 3369 1711 consensu
3395 1657 3634 1710 omnium
3664 1672 3817 1725 supe-

2287 1755 2452 1809 ratus,
2480 1756 2532 1799 et
2564 1746 2731 1815 magis
2752 1745 2847 1798 Dei
2883 1744 3224 1814 dispositione
3256 1752 3491 1809 coactus,
3532 1747 3818 1812 aCQUlc“:l.

2218 1817 2351 1888 Bne
2391 1835 2732 1901 plurimorum
2788 1835 3040 1898 consilio,
3092 1835 3199 1888 imo
3246 1835 3341 1888 Dei
3392 1834 3649 1888 voluntati
3697 1850 3815 1889 con.

2287 1926 2479 1978 trarius
2508 1938 2625 1978 esse
2649 1924 2933 1979 videretur.
3068 1986 3071 1991 ί

2352 2014 2437 2064 2|.
2465 2012 2696 2081 Accepto
2744 2014 2918 2081 itaque
2963 2026 3115 2065 sacro
3140 2012 3323 2064 ordine
3365 2011 3657 2080 pontiﬁcali
3701 2025 3827 2064 cum

2284 2100 2423 2152 omni
2450 2100 2737 2168 sagacitate
2760 2108 2814 2152 et
2839 2099 3092 2153 modestia
3119 2098 3264 2168 gregi
3292 2098 3558 2153 Saxonico
3580 2099 3682 2153 sibi
3707 2114 3831 2153 cre—

2286 2186 2394 2237 dito
2439 2186 2748 2239 documenta
2793 2185 2979 2241 salutis
3023 2186 3288 2239 uberrime
3324 2185 3663 2248 ministravit,
3690 2200 3812 2253 quo

2286 2272 2520 2340 adusque
2548 2272 2767 2328 Domino
2790 2273 3045 2342 largiente
3072 2273 3138 2325 ad
3166 2272 3451 2340 perlectam
3483 2268 3831 2341 illos‘perdn-

2286 2369 2432 2414 ceret
2478 2362 2655 2415 ﬁdem.
2700 2362 2809 2414 illis
2856 2363 3012 2415 etiam
3055 2363 3285 2429 quinque
3310 2361 3550 2430 pagellis,
3590 2376 3723 2430 quos
3774 2364 3831 2414 in

2286 2449 2465 2501 Fresia
2510 2450 2577 2501 ad
2618 2449 2937 2518 agnitionem
2979 2463 3117 2501 verte
3146 2457 3200 2501 et
3243 2448 3522 2503 individua:
3548 2449 3832 2503 Trinitatis

2286 2537 2350 2588 de
2400 2535 2689 2604 gentilitate
2733 2536 3049 2603 perduxerat
3095 2540 3179 2603 (eo
3198 2534 3336 2603 quod
3358 2534 3505 2603 prius
3534 2550 3638 2588 non
3666 2537 3831 2591 habe-

2288 2629 2403 2673 rent
2442 2620 2763 2690 episcopum)
2794 2621 2949 2675 simili
2993 2622 3146 2675 modo
3169 2622 3458 2690 pontiﬁcali
3492 2630 3715 2691 praterat
3744 2639 3829 2678 εὐ·-

2286 2709 2498 2775 gimine.
2523 2706 2627 2761 Sed
2646 2716 2702 2762 et
2719 2722 3051 2763 successores
3070 2708 3185 2774 ejus
3210 2718 3431 2777 utraque
3453 2709 3569 2763 loca
3597 2724 3695 2777 pro
3721 2726 3831 2764 una

2287 2795 2583 2850 habuerunt
2628 2796 2896 2866 parochia,
2956 2797 3209 2865 deditque
3251 2796 3301 2849 ei
3350 2809 3443 2849 rex
3491 2796 3715 2851 Karolus
3774 2807 3832 2851 ut

2287 2883 2341 2937 in
2379 2897 2536 2952 regno
2560 2883 2880 2941 Francorum
2911 2884 2963 2937 in
2984 2898 3114 2953 pago
3137 2882 3428 2936 Brachante
3466 2882 3830 2953 (Bracbante).

2289 2971 2342 3022 in
2371 2970 2485 3024 loco
2515 2972 2603 3038 qui
2632 2971 2803 3025 Locus
2825 2982 2846 3009 ο
2887 2982 3104 3027 vocatur
3129 2971 3507 3027 monasterium
3536 2972 3704 3024 sancti
3733 2971 3830 3026 Pe-

2289 3061 2355 3112 tri
2406 3061 2800 3129 gubernandum
2842 3076 2963 3116 cum
3007 3062 3249 3115 omnibus
3288 3060 3651 3127 adjacentibus
3694 3062 3829 3123 suis,
3892 3110 3899 3115 .

658 3118 890 3215 neford).
919 3146 1005 3198 ubi
1029 3142 1250 3199 Domino
1293 3143 1404 3211 ipse
1434 3118 2032 3195 llonesmm'COlISlmlil
2072 3118 2185 3195 Illo-
2215 3118 2260 3180 ο
2288 3118 2524 3202 θεειξεὶἰε
2550 3158 2603 3205 et
2638 3150 2847 3205 villulis.
2893 3150 3040 3205 Tunc
3078 3118 3416 3219 adimpletum
3444 3157 3525 3203 est
3566 3118 3830 3203 somnium

662 3226 950 3289 nasterium
971 3231 1065 3284 sub
1088 3229 1265 3296 regula
1286 3229 1536 3281 canonica
1560 3228 1780 3281 Domino
1800 3226 2184 3282 famulantium.

657 3322 841 3390 Itaque
861 3334 1007 3375 more
1027 3317 1178 3372 solito
1198 3331 1316 3370 cum
1336 3316 1477 3369 omni
1503 3315 1750 3368 aviditate
1770 3324 1824 3369 et
1844 3316 2191 3371 sollicitudine

660 3411 878 3468 rudibus
902 3410 1167 3461 Saxonum
1202 3406 1404 3476 populis
1445 3406 1687 3459 studebat
1732 3406 1784 3459 in
1813 3408 2048 3459 doctrina
2074 3422 2193 3475 pro—

733 3545 1163 3627 f‘i‘Antwerpiens.
1196 3552 1250 3596 et
1289 3541 1614 3595 Benedictini
1655 3558 1669 3593 :
1708 3542 1857 3609 cujus
1887 3542 2010 3595 mali
2037 3541 2189 3596 [Iuno

667 3625 712 3666 ﬂ
734 3614 1177 3744 gtgi‘iiiveerlpiens.
1202 3687 1255 3745 et
1282 3676 1601 3730 Benedictini
1636 3694 1647 3728 :
1689 3694 1707 3726 ι
1737 3676 1899 3730 Sedes
1925 3686 2005 3731 est
2051 3679 2195 3745 prin-

667 3747 850 3813 cipalis
898 3748 951 3799 in
997 3761 1129 3813 pago
1192 3744 1473 3812 Sudergoe,
1533 3746 1586 3796 in
1639 3745 1753 3797 loco
1809 3746 1957 3813 cujus
1998 3744 2196 3801 vocabu

2290 3237 2427 3305 quod
2451 3236 2501 3291 ei
2522 3238 2603 3291 vir
2629 3239 2721 3292 Dei
2748 3239 3095 3295 Marcltelmus
3125 3238 3271 3308 prius
3307 3236 3482 3291 fuerat
3508 3237 3832 3306 interpreta-

2292 3333 2377 3377 tus
2401 3326 2463 3378 de
2492 3325 2796 3381 collectione
2841 3327 2997 3380 trium
3035 3325 3373 3391 tumulorum,
3415 3324 3830 3394 signiﬁcantium

2294 3416 2452 3468 trium
2478 3417 2831 3485 gubernacula
2858 3418 3186 3489 populorum.

2229 3624 2240 3635 .
2292 3548 2397 3602 lum
2423 3551 2965 3635 est_Mimigerneforil,
3011 3572 3029 3604 υ
3068 3551 3256 3635 9ιῇΙᾴ
3282 3551 3440 3635 ὴῳίο
3463 3550 3827 3635 est-'Muuster.

2362 3630 2383 3657 ο
2402 3687 2406 3688 ί
2427 3620 2514 3672 ὶιίἰ
2537 3620 2687 3674 codd.
2714 3620 2893 3685 Lotus,
2916 3621 3122 3675 Lotusa.
3146 3620 3310 3688 Vulgo
3330 3620 3512 3683 uase,
3541 3621 3829 3673 Hannoni:

2292 3687 2539 3754 oppidum
2578 3688 2717 3742 inter
2738 3689 2932 3743 Athum
2969 3699 3023 3742 et
3048 3687 3364 3742 Tornacum.

1799 3958 2088 4062 LIBER
2141 3987 2680 4064 SECUNDUS.
2732 3970 2735 3971 ί

740 4224 791 4275 l.
824 4219 1072 4286 Quamvis
1096 4214 1507 4287 praeponendum
1548 4214 1619 4267 sit
1658 4214 2007 4283 ministerium
2038 4229 2197 4268 evan-

2295 4231 2441 4284 pere,
2468 4226 2785 4287 acceptaque
2804 4219 2872 4273 ab
2894 4234 2958 4275 eo
2979 4220 3134 4288 hujus
3159 4222 3234 4276 rei
3256 4224 3558 4291 sponsiune,
3578 4222 3741 4294 jussit
3768 4237 3828 4280 ut

672 4314 850 4384 gelicaz
886 4308 1292 4379 prmdicationis,
1328 4315 1383 4359 et
1418 4304 1700 4357 multorum
1732 4302 2043 4355 illuminatio
2080 4318 2195 4356 θοι·-
2223 4329 2269 4387 D
2297 4302 2381 4355 die
2409 4303 2636 4356 crastina
2664 4305 2867 4359 veniret
2900 4306 2965 4359 ad
2990 4322 3065 4362 se.
3111 4306 3351 4363 Crastina
3393 4323 3521 4365 vero
3569 4314 3826 4379 equjmmi

671 4403 814 4455 dium
858 4394 1251 4466 operationibus
1290 4392 1681 4454 miraculorum,
1711 4390 2195 4457 ostensionibusque

671 4490 960 4558 signorum,
989 4483 1055 4536 ad
1076 4483 1327 4535 honorem
1348 4477 1524 4533 tamen
1548 4479 1816 4546 largientis
1835 4478 2037 4531 Domini
2063 4478 2197 4546 style

672 4573 875 4643 alligari
916 4570 1152 4631 fecimus,
1198 4582 1313 4635 qua:
1356 4564 1423 4618 al)
1465 4565 1644 4618 eodem
1692 4572 1873 4617 sancto
1909 4564 2020 4617 viro
2058 4564 2197 4619 facta

678 4662 976 4718 recolimus.

743 4750 874 4802 Cum
909 4742 1298 4814 evangelizandi
1325 4741 1492 4809 gratia
1527 4741 1577 4792 in
1605 4740 1785 4794 Fresia
1825 4740 1890 4793 ad
1917 4741 2198 4808 quamdam

675 4838 851 4890 villam
865 4833 1073 4887 nomine
1088 4830 1333 4885 llelewirt
1347 4828 1688 4896 pervenisset,
1706 4837 1945 4880 matrona
1962 4828 2199 4894 quredam

679 4925 902 4979 Measuit
947 4923 1152 4975 nomine
1195 4919 1399 4987 excepit
1436 4917 1579 4969 illum
1611 4917 1661 4968 in
1708 4916 1919 4969 domum
1954 4931 2121 4979 suam,
2148 4925 2203 4968 et

678 5026 800 5065 ecce
836 5010 921 5063 illo
951 5006 1305 5061 discumbente
1328 5020 1445 5057 cum
1470 5003 1736 5069 discipulis
1762 5003 1870 5055 suis
1891 5002 2098 5055 oblatus
2122 5010 2202 5054 est

676 5109 869 5157 aecus,
888 5093 1139 5147 vocabulo
1162 5089 1389 5151 Bernlef,
1411 5091 1497 5157 qui
1523 5104 1552 5141 a
1577 5089 1762 5143 vicinis
1783 5088 1891 5141 suis
1916 5088 2062 5141 valde
2089 5088 2203 5140 dili-

679 5184 918 5255 gebatur,
944 5194 1006 5233 eo
1034 5180 1170 5247 quod
1190 5186 1329 5231 esset
1354 5176 1593 5240 aliabilis,
1618 5185 1671 5230 et
1697 5176 2030 5243 antiquorum
2054 5185 2204 5229 actus

680 5284 735 5327 et
783 5287 963 5341 regum
1008 5271 1292 5324 certamina
1338 5270 1472 5322 bene
1516 5277 1733 5321 noverat
1775 5268 2041 5335 psallendo
2084 5284 2205 5337 pro-

682 5374 859 5422 mere;
896 5358 986 5411 sed
1022 5372 1116 5424 per
1141 5357 1420 5409 triennium
1453 5356 1699 5409 continua
1734 5357 1968 5409 uecitate
1993 5371 2204 5424 percus-

684 5462 775 5500 sus
829 5452 927 5506 est,
958 5445 1029 5497 ita
1066 5452 1123 5497 ut
1154 5443 1350 5496 nullum
1391 5444 1490 5495 sibi
1524 5444 1699 5496 lumen
1725 5442 1807 5495 vel
1856 5452 2100 5495 extrema:
2127 5443 2203 5493 vi-

684 5532 848 5586 sionis
884 5540 1197 5585 remaneret.
1228 5534 1390 5594 Quem
1418 5532 1538 5581 dum
1574 5532 1715 5583 vultu
1759 5530 1911 5582 hilari
1952 5540 2089 5583 esset
2128 5530 2204 5581 in-

689 5621 870 5681 tuitus,
904 5618 1238 5684 interrogavit
1265 5620 1307 5671 si
1337 5620 1690 5686 paenitentiam
1730 5636 1758 5670 a
1796 5635 1848 5672 se
1884 5620 2031 5671 vellet
2063 5617 2203 5671 acci—

2293 4391 2407 4441 viro
2429 4390 2521 4444 Dei
2550 4392 2733 4445 obvius
2759 4390 2932 4448 factus
2954 4405 3033 4448 est
3061 4395 3198 4450 idem
3222 4410 3393 4452 caecus
3416 4415 3429 4448 :
3456 4408 3675 4467 accepto
3698 4414 3825 4470 ergo

2293 4476 2385 4529 Dei
2427 4476 2651 4532 famulus
2684 4493 2779 4548 per
2818 4478 3022 4535 frenum
3050 4482 3163 4549 ejus
3187 4481 3410 4548 caballo,
3440 4493 3493 4539 et
3517 4486 3670 4539 duxit
3701 4501 3821 4541 eum

2295 4578 2323 4615 a
2356 4562 2507 4616 turba
2551 4578 2785 4618 seorsum
2814 4575 2868 4620 et
2889 4568 3157 4622 conﬁtenti
3189 4579 3405 4638 peccata
3446 4588 3542 4626 sua
3567 4576 3823 4642 pmniten-

2295 4650 2422 4702 tiam
2464 4650 2669 4705 indixit.
2726 4652 2920 4707 Deinde
2962 4655 3166 4723 signum
3208 4666 3406 4711 sancta:
3445 4660 3621 4712 crucis
3659 4660 3822 4714 oculis

2294 4734 2408 4802 ejus
2452 4737 2717 4805 imposuit,
2761 4747 2815 4791 et
2856 4749 3039 4795 tenens
3079 4758 3290 4796 manum
3336 4759 3483 4798 suam
3518 4760 3697 4799 coram
3737 4760 3815 4805 eo.

2296 4825 2639 4892 interrogavit
2683 4828 2728 4879 si
2763 4827 2960 4894 aliquid
2984 4830 3220 4884 videret?
3254 4831 3369 4898 Ipse
3397 4846 3523 4884 vero
3551 4847 3673 4886 cum
3706 4848 3818 4886 ma-

2295 4927 2397 4981 gno
2419 4913 2609 4980 gaudio
2634 4914 2784 4978 dixit,
2813 4931 2869 4969 se
2906 4931 3117 4969 manum
3162 4917 3302 4973 illius
3339 4919 3516 4973 videre
3559 4935 3738 4987 posse;
3772 4929 3822 4972 at

2299 5000 2402 5063 ille,
2420 5001 2550 5069 Age,
2580 5002 2766 5068 inquit,
2797 5005 3137 5071 omnipotenti
3167 5006 3273 5059 Deo
3300 5008 3515 5075 gratias.
3557 5009 3817 5063 Sermoci-

2298 5092 2542 5143 nantibus
2565 5105 2770 5158 quoque
2794 5093 2871 5145 eis
2894 5093 2959 5146 de
2983 5078 3083 5147 fide
3103 5095 3360 5149 catholica
3387 5109 3739 5163 pervenerunt
3759 5100 3819 5151 ad

2298 5179 2471 5233 villam
2500 5179 2709 5231 nomine
2734 5180 2998 5235 Vuerthen
3039 5180 3167 5251 [Al.,
3190 5180 3482 5247 Werl'hem,
3502 5181 3817 5244 Wersheim,

2298 5266 2621 5337 lmerfhem],
2669 5275 2723 5321 et
2764 5269 3105 5338 interrogavit
3149 5286 3161 5321 :
3211 5270 3253 5322 si
3302 5270 3469 5337 ipsam
3507 5272 3689 5325 videre
3732 5286 3820 5340 po-

2301 5356 2523 5409 tuisset?
2561 5356 2650 5410 llic
2688 5370 2814 5409 vero
2861 5359 3037 5410 statim
3084 5358 3195 5423 ipso
3235 5357 3490 5411 vocabulo
3537 5358 3821 5411 nominavit

2297 5459 2414 5498 eam
2440 5454 2492 5496 et
2515 5444 2730 5498 arbores
2747 5454 2799 5497 et
2824 5457 3041 5512 quinque
3066 5442 3177 5510 ejus
3197 5444 3415 5497 aedilicia
3437 5458 3495 5496 se
3513 5443 3652 5499 bene
3678 5459 3820 5512 passa

2300 5518 2598 5601 conspicere
2632 5532 2897 5601 professus
2931 5541 3030 5586 est.
3080 5532 3165 5585 Ait
3210 5540 3385 5585 autem
3430 5530 3822 5599 ille:0muipo-

2303 5622 2427 5672 tenti
2473 5620 2578 5673 Deo
2608 5636 2701 5687 age
2741 5621 2953 5687 gratias,
2985 5622 3071 5685 qui
3120 5628 3169 5672 te
3217 5618 3550 5672 illuminavit.
3598 5617 3820 5684 Cumque
