4110 6432
157 466 250 517 ’ἶέὶ

1439 454 1610 507 ACTA
1654 452 1708 503 S.
1750 453 2066 506 LUDGERI.

3228 459 3326 510 781’

160 575 424 626 ι’(δτιὶειεηυι
456 571 521 623 ad
566 569 737 623 villam
767 570 1057 623 Wiscuuirt
1102 566 1235 636 [ΑΙἿ
1263 566 1527 632 Usquurd,
1560 564 1691 616 Yus-
1722 570 1765 620 Α
1796 564 1999 616 videbo.
2044 562 2206 628 Hujus
2247 578 2373 633 ergo
2397 565 2628 618 vaticinii
2660 566 2850 619 veritas
2878 567 3110 635 ejusdem
3135 571 3331 623 sororis

156 662 371 714 Clllll‘tilS
392 700 405 723 ,
429 659 667 728 Vusgurd
686 698 701 721 ,
733 655 1079 726 Wuscurdusj
1126 655 1359 715 nomine,
1391 652 1479 705 ubi
1520 662 1697 705 orato~

159 755 297 805 rium
342 759 455 805 erat
503 756 881 809 constructum,
915 746 1039 800 fecit
1087 760 1207 799 eum
1235 758 1412 796 secum
1445 756 1597 795 orare
1647 748 1699 793 et

161 841 268 894 Deo
298 839 498 908 gratias
529 852 701 905 agere,
734 835 1152 901 constrinxitque
1173 846 1294 885 eum
1341 838 1695 887 sacramento,

158 938 220 981 ut
252 938 373 979 ante
413 926 550 979 diem
591 924 764 977 obitus
803 923 884 976 sui
928 922 1073 982 nulli,
1115 918 1341 986 qualiter
1381 916 1702 969 illuminatus

162 1016 339 1076 fuerit,
369 1014 644 1065 indicaret.
674 1008 965 1077 Complevit
1005 1009 1090 1060 ille
1114 1007 1213 1059 viri
1237 1005 1328 1057 Dei
1358 1014 1698 1073 prmceptum,

159 1109 214 1153 et
260 1115 356 1167 per
400 1099 513 1152 dies
564 1097 768 1165 aliquos
819 1096 1109 1148 cmeitatem
1164 1090 1460 1149 simulando
1509 1090 1698 1141 ducatu

162 1193 335 1242 alieno
370 1188 645 1247 utebatur;
676 1183 766 1235 sed
796 1192 913 1250 post
937 1181 1137 1234 obitum
1165 1176 1301 1244 ejus,
1328 1174 1555 1244 qualiter
1580 1174 1699 1226 illu-

163 1278 399 1330 minatus
427 1272 605 1334 fuerit,
632 1270 875 1324 asseruit.

229 1367 284 1416 κ.
332 1362 392 1414 in
435 1359 663 1413 secunda
699 1358 858 1426 igitur
892 1354 1200 1422 expulsione
1234 1365 1509 1406 servorum
1550 1350 1640 1402 Dei
1672 1364 1701 1401 a

163 1451 368 1511 Fresia,
395 1448 458 1502 de
485 1445 868 1514 qumsuperius
888 1443 995 1509 jam
1028 1443 1275 1504 diximus,
1303 1441 1462 1509 jussit
1491 1447 1703 1493 sanctus

166 1542 245 1593 vir
271 1539 545 1605 Ludgerus
563 1534 811 1599 eumdem
841 1532 1151 1586 Bernlevum
1183 1530 1267 1599 (eo
1295 1530 1434 1598 quod
1461 1529 1703 1595 diligere-

166 1636 250 1678 tur
286 1634 318 1676 ξι
348 1622 547 1691 multis)
577 1637 671 1690 per
700 1620 1022 1690 singulorum
1062 1620 1251 1671 domos
1280 1617 1609 1671 discurrere.
1651 1622 1705 1668 et

161 1714 435 1782 persuasis
485 1711 777 1773 matronis,
827 1710 1113 1763 morituros
1161 1706 1366 1759 illorum
1420 1702 1704 1757 infantulos

166 1802 457 1868 baptizare,
489 1798 760 1852 benedicta
790 1796 1097 1864 Simpliciter
1128 1809 1261 1861 aqua
1294 1794 1343 1846 in
1367 1792 1580 1845 nomine
1606 1791 1702 1843 Do-

164 1888 293 1940 mini
320 1886 568 1939 intinctos
586 1885 667 1937 vel
687 1882 990 1952 superfusus
1016 1897 1135 1935 cum
1164 1881 1494 1934 invocatione
1519 1887 1710 1930 sanetu-

164 1974 462 2027 Trinitatis.
503 1972 572 2025 At
607 1971 690 2027 ille
720 1970 882 2037 jussis
918 1969 1031 2036 ejus
1072 1968 1295 2022 libenter
1328 1965 1579 2019 obediens
1612 1964 1707 2016 ba—

164 2063 387 2131 ptizavit
426 2063 477 2114 in
526 2062 638 2130 ipsa
680 2059 1074 2128 perturbatione
1143 2055 1371 2109 infantes
1427 2056 1606 2107 decem
1658 2058 1711 2101 et

161 2159 308 2213 octo,
332 2150 419 2217 qui
444 2162 629 2202 omnes
653 2162 835 2214 nuper,
860 2155 919 2199 ut
942 2146 1194 2213 baptizati
1223 2143 1451 2204 fuerant,
1478 2139 1707 2195 derum-ti

161 2245 314 2301 sunt,
363 2237 595 2304 exceptis
641 2235 846 2289 duobus
889 2249 1022 2303 quos
1065 2233 1250 2286 beatus
1296 2232 1589 2300 Ludgerus,
1625 2244 1708 2280 re-

163 2328 361 2380 deunte
386 2338 535 2393 pace,
562 2338 683 2377 cum
714 2330 893 2376 sancta
920 2322 1219 2375 chrismatis
1244 2319 1491 2372 unctione
1519 2316 1711 2370 confir-

162 2413 350 2466 mavit.
377 2412 492 2481 ipse
526 2425 653 2465 vero
674 2408 889 2463 Bernlef
910 2410 1207 2477 ubicunque
1243 2409 1413 2481 virum
1445 2406 1536 2459 Dei
1563 2420 1711 2473 repe-

163 2502 347 2564 tisset,
379 2498 561 2571 didicit
590 2499 656 2552 ab
675 2487 1015 2560 eoPsalmos,
1042 2506 1095 2557 et
1125 2498 1178 2550 in
1206 2512 1289 2559 ea,
1315 2498 1472 2564 quam
1502 2508 1711 2562 recepe-

165 2594 252 2640 rat
286 2585 665 2641 illuminatione
701 2585 1017 2652 permansit,
1057 2586 1397 2651 quoadusque
1444 2598 1628 2645 senex,
1657 2589 1713 2635 et

161 2676 356 2746 plenus
378 2674 581 2728 dierum
608 2673 780 2727 obiret
806 2672 858 2727 in
884 2687 1031 2740 pace.
1056 2673 1222 2738 Quem
1248 2672 1372 2725 dum
1402 2670 1712 2724 morientem

162 2780 306 2820 uxor
332 2778 426 2818 sua
454 2762 626 2817 ﬂendo
670 2763 1041 2831 interrogaret,
1079 2760 1317 2833 qualiter,
1333 2767 1451 2827 post
1488 2772 1608 2812 eum
1635 2759 1713 2811 vi-

165 2867 296 2909 vere
320 2852 596 2920 potuisset,
626 2849 897 2919 respondit
935 2849 1152 2925 dicens};
1194 2846 1249 2899 Si
1284 2861 1382 2914 ego
1431 2862 1461 2898 a
1488 2845 1713 2898 Domino

70 2946 86 2962 °
163 2941 374 3009 aliquid
417 2940 700 3010 impetrare
746 2944 952 3005 potero,
980 2944 1100 3005 post
1126 2922 1316 2992 "meum
1361 2935 1561 2989 obitum
1606 2948 1712 2988 non

164 3031 330 3097 longo
369 3037 604 3096 tempore
642 3026 694 3079 in
721 3026 822 3079 hoc
857 3024 1047 3080 saeculo
1078 3022 1188 3081 eris
1212 3023 1435 3078 victura.
1476 3023 1714 3091 Dumque

162 3133 304 3174 sana
328 3126 383 3171 et
434 3116 713 3171 incolumis
739 3116 875 3169 hanc
897 3115 1010 3184 ejus
1033 3113 1429 3184 responsionem
1455 3112 1707 3187 audisset,

168 3206 262 3260 die
290 3205 478 3273 quinto
500 3204 704 3259 decimo
728 3203 999 3255 moriendo
1025 3203 1306 3254 subsecuta
1335 3208 1435 3255 est.

242 3292 298 3346 5.
326 3291 446 3346 Alio
477 3304 689 3361 quoque
720 3297 953 3357 tempore
980 3288 1103 3341 dum
1132 3296 1273 3341 esset
1302 3276 1489 3344 beatis
1511 3286 1712 3356 Ludge-

172 3396 270 3435 rus
300 3394 460 3435 secus
502 3392 666 3441 mare,
713 3378 767 3431 in
810 3376 926 3432 loco
950 3377 1042 3445 qui
1080 3384 1298 3431 vocatur
1324 3376 1598 3439 Werdina,
1628 3377 1714 3431 ubi

170 3469 290 3538 ipse
330 3468 433 3522 sibi
486 3468 539 3521 in
582 3467 887 3522 bzcreditate
924 3472 1140 3534 paterna
1202 3465 1497 3519 construxit
1542 3464 1715 3519 cccle-

169 3558 354 3620 siam,
383 3555 617 3610 terribile
651 3556 779 3610 vidit
821 3555 1113 3617 somnium,
1151 3554 1291 3621 quod
1336 3566 1560 3607 narrans
1588 3550 1716 3605 lier-

171 3647 362 3714 burga:
403 3645 574 3699 soroﬁ
608 3657 717 3697 suae
753 3643 885 3696 dixit
918 3660 931 3694 :
970 3643 1090 3696 Vidi
1121 3656 1217 3711 per
1265 3641 1524 3695 somnium
1568 3640 1717 3708 quasi

169 3736 345 3791 solem
389 3727 671 3803 fligienter‘
712 3746 872 3799 supra
912 3744 1058 3785 mare
1101 3746 1130 3784 a
1162 3731 1397 3800 partibus
1423 3730 1715 3798 Aquilonis,

169 3832 228 3878 et
257 3823 431 3877 nubes
455 3821 753 3875 teterrimas
804 3828 1100 3888 sequentes,
1130 3820 1221 3888 qui
1266 3819 1469 3889 fugiens
1496 3833 1559 3873 ac
1586 3818 1717 3871 deii-

174 3916 329 3969 ciens
354 3910 695 3981 pertransivit
721 3924 834 3973 nos,
852 3911 923 3963 ita
949 3918 1007 3963 ut
1033 3909 1307 3977 eiongatus
1334 3924 1363 3962 a
1384 3909 1535 3963 nobis
1554 3908 1719 3961 videri

173 4016 284 4057 non
313 4007 513 4069 posset.
546 4006 601 4053 et
626 3998 874 4067 caligines
914 4013 1031 4068 qtae
1059 4006 1215 4053 erant
1240 4005 1453 4061 secutzn,
1480 3998 1723 4055 obtinue-

173 4099 307 4144 runt
361 4088 536 4143 omnia
575 4086 688 4140 loca
717 4089 832 4141 hzcc
872 4087 1156 4139 maritima.
1202 4086 1327 4139 Post
1355 4085 1574 4139 multum
1598 4100 1724 4139 vero

176 4175 459 4246 temporis,
486 4188 729 4230 reversus
763 4182 845 4229 cst
871 4175 949 4243 sol
980 4175 1152 4227 minor
1185 4181 1237 4230 et
1265 4173 1526 4243 pallidior,
1566 4187 1721 4241 quam

172 4265 375 4319 fuisset
398 4263 568 4333 prius,
592 4262 962 4333 ‘etl‘ugavitque
990 4263 1241 4334 caligines
1269 4274 1416 4317 trans
1454 4278 1621 4319 mare.
1659 4264 1725 4317 Et

175 4354 296 4406 ilth
319 4351 524 4414 dicens,
552 4348 777 4404 ubertim
804 4348 989 4404 faciem
1015 4365 1164 4404 suam
1193 4349 1435 4420 irrigavit
1457 4350 1721 4419 lacryrnis.

173 4439 355 4504 Quem
394 4437 517 4489 dum
554 4437 763 4491 ﬂentem
800 4451 950 4491 soror
983 4451 1077 4491 sua
1114 4438 1460 4507 conspiceret,
1502 4436 1646 4492 ﬂevit
1670 4448 1724 4493 et

171 4529 313 4597 ipsa,
348 4525 532 4591 dicens
558 4542 571 4578 :
598 4525 731 4591 Quid
764 4525 863 4581 sibi
890 4525 1002 4579 vult
1025 4527 1126 4581 hoc
1151 4526 1483 4594 sompnium?
1513 4525 1610 4581 Cui
1633 4526 1723 4582 ille

172 4612 460 4683 respondit
484 4630 497 4665 :
525 4613 769 4667 Ventura:
792 4619 915 4667 sunt
941 4628 971 4665 a
1003 4611 1380 4666 Northmannis
1406 4615 1725 4679 persecutio-

173 4719 278 4759 nes
326 4715 558 4770 magnae,
582 4711 636 4755 et
671 4702 920 4755 instantia
959 4701 1118 4756 bella.
1166 4702 1590 4769 vastationesque
1627 4700 1725 4753 im-

173 4808 405 4856 mensat,
428 4792 500 4845 ita
531 4799 589 4848 ut
613 4792 727 4846 lucc
759 4791 1087 4846 delectabilia
1114 4791 1230 4845 ioca
1249 4791 1514 4844 maritima
1538 4806 1726 4859 pecca-

174 4882 247 4936 tis
272 4879 625 4948 exigentibus
636 4893 768 4947 pene
796 4879 1156 4934 inhabitabilis
1182 4885 1506 4933 remaneant.
1528 4877 1727 4933 Deinde

172 4970 440 5037 posthaec,
487 4965 700 5022 favente
719 4967 848 5032 Deo,
875 4966 1079 5021 reddita
1110 4968 1211 5021 erit
1252 4982 1358 5035 pax
1383 4966 1638 5028 ecclesiae,
1671 4974 1727 5020 et

173 5054 527 5111 severissima
573 5055 725 5125 plaga
773 5071 891 5124 quae
940 5058 1242 5124 regionibus
1278 5056 1362 5111 his
1397 5055 1725 5118 incubuerat,

172 5142 321 5198 infra
355 5143 501 5210 ipsos
530 5142 918 5197 Nortbmannos
961 5145 1371 5213 retorquebitur.
1395 5143 1463 5197 At
1492 5144 1578 5197 illa
1608 5160 1726 5198 cum

174 5232 384 5302 gemitu
436 5232 609 5285 dixit:
636 5231 680 5287 0
711 5232 906 5285 utinam
951 5233 1194 5301 dignetur
1239 5249 1321 5286 me
1359 5232 1609 5286 Dominus
1637 5248 1730 5285 au-

178 5322 321 5377 ferre
365 5321 434 5374 de
468 5320 569 5375 hoc
605 5321 812 5385 saeculo,
858 5322 1163 5391 priusquam
1201 5322 1585 5389 superveniant.
1634 5320 1728 5375 Cui

176 5416 311 5469 ille:
343 5413 463 5468 Non
506 5414 579 5467 ita
622 5413 747 5487 erit,
788 5416 977 5483 inquit,
1024 5413 1115 5468 sed
1161 5413 1212 5466 in
1257 5412 1442 5468 diebus
1488 5413 1596 5466 tuis
1618 5413 1729 5467 base

177 5511 375 5565 erunt;
407 5515 508 5569 ego
548 5516 673 5556 vero
711 5511 909 5570 pestem
957 5502 1100 5556 illam
1148 5502 1201 5553 in
1229 5501 1329 5555 hoc
1353 5514 1575 5571 corpore
1620 5513 1725 5553 non

1797 664 1906 702 sua:
1934 653 2230 719 nostrisque
2258 662 2336 706 est
2365 654 2583 721 probata
2610 655 2949 721 temporibus.

1865 738 1996 792 Nam
2025 740 2267 793 omnibus
2293 741 2475 793 diebus
2505 742 2695 810 quibus
2726 743 2860 794 idem
2886 742 2975 795 Dei
3020 741 3250 798 famulus
3284 747 3334 798 in

1798 828 1898 881 hoc
1926 828 2103 881 seculo
2134 829 2357 891 vixerat,
2380 845 2486 897 pax
2535 827 2630 881 fuit
2658 830 2886 897 undique
2916 832 3055 895 lmta,
3080 839 3141 885 ut
3166 834 3340 886 nullus

1797 925 2005 984 putaret
2051 917 2133 969 his
2186 918 2487 988 regionibus
2537 917 2764 984 aliquam
2814 918 3267 985 perturbationem
3311 939 3338 973 a

1799 1002 2177 1078 Nortbmanuis
2218 1005 2428 1058 evenire
2471 1021 2654 1072 posse;
2708 1005 2798 1058 sed
2839 1013 2954 1074 post
2999 1008 3196 1060 obitum
3229 1000 3343 1072 eius

1800 1109 1828 1145 a
1858 1101 2011 1161 gente
2052 1094 2381 1146 severissima
2412 1094 2685 1163 [Amwerp.
2713 1104 2759 1147 et
2786 1095 2997 1159 Bened.,
3026 1097 3337 1167 smvissima]

1801 1178 2277 1234 Northmanuurum
2315 1182 2711 1235 innumerabilia
2754 1198 2885 1250 pene
2933 1185 3084 1239 annis
3124 1186 3342 1254 singulis

1798 1269 2034 1337 perpessi
2059 1284 2239 1322 sumus
2268 1270 2424 1321 mala.
2467 1268 2598 1321 Nam
2627 1279 2987 1324 concremata:
3018 1280 3139 1325 sunt
3172 1275 3340 1328 eccle-

1802 1355 1925 1430 siaa;
1955 1356 2274 1408 monasteria
2302 1356 2600 1418 destructa;
2637 1357 2841 1410 deserta
2867 1358 2933 1409 ab
2956 1358 3342 1415 habitatoribus

1801 1442 2024 1510 praedia,
2046 1442 2097 1494 in
2126 1451 2327 1495 tantum
2348 1483 2361 1506 ,
2398 1453 2456 1495 ut
2484 1445 2714 1510 peccatis
2742 1444 3074 1514 exigentibus
3100 1447 3343 1516 regiones

1804 1528 2103 1592 maritima),
2128 1543 2258 1596 quas
2299 1531 2445 1597 prius
2491 1530 2773 1585 multitudo
2811 1533 3025 1587 tenebat
3052 1535 3340 1597 hominum,

1800 1630 1935 1683 pene
1969 1619 2074 1671 sint
2116 1618 2167 1672 in
2197 1619 2527 1674 solitudinem
2573 1620 2819 1675 redactae.
2849 1620 2967 1693 Sed,
2984 1625 3148 1678 solem
3191 1625 3340 1694 justi-

1806 1703 1908 1765 tiae,
1938 1704 2024 1770 qui
2055 1719 2151 1771 pro
2181 1704 2375 1777 nostris
2397 1706 2633 1772 peccatis
2658 1706 2930 1773 elongatus
2956 1707 3233 1771 abscessit,
3264 1725 3346 1761 re-

1806 1804 2081 1843 versurum
2111 1805 2403 1859 speramus,
2431 1799 2484 1845 et
2500 1790 2651 1858 juxta
2676 1794 2991 1865 pnesagium
3014 1796 3111 1849 viri
3138 1796 3229 1852 Dei
3254 1811 3345 1865 pa-

1748 1872 1785 1925 li
1816 1892 1931 1930 cem
1954 1878 2191 1934 ecclesia:
2228 1880 2536 1934 redituram.
3334 1893 3371 1905 ί

1875 1964 1928 2016 4.
1962 1967 2115 2019 Venit
2143 1981 2352 2035 quoque
2378 1967 2513 2019 idem
2541 1966 2622 2019 vir
2648 1966 2739 2019 Dei
2772 1968 2823 2021 in
2853 1968 2990 2034 loco,
3016 1969 3107 2038 qui
3132 1978 3351 2025 vocatur

1807 2050 2074 2105 Bilurbike
2112 2052 2254 2122 [Ant.
2285 2064 2332 2106 et
2354 2053 2570 2129 Bened.,
2596 2054 2901 2127 Billurbeki]
2943 2060 3009 2112 ad
3047 2060 3347 2124 ecclesiam,

1807 2148 1861 2193 et
1888 2156 2010 2198 ecce
2051 2142 2240 2196 mulier
2269 2144 2525 2211 quaedam.
2556 2147 2883 2212 qumillieito
2928 2159 3043 2201 erat
3087 2153 3349 2205 connubio

1809 2245 1905 2285 suo
1948 2232 2188 2300 copulata
2238 2234 2371 2296 viro,
2402 2232 2517 2301 ejus
2545 2235 2722 2288 volens
2774 2238 3016 2305 mitigare
3067 2250 3346 2306 terrorem,

1810 2321 1955 2373 misit
1998 2321 2071 2373 illi
2116 2321 2220 2374 mel
2249 2324 2400 2391 quasi
2442 2338 2537 2391 pro
2579 2324 2970 2390 benedictione;
3026 2336 3083 2380 at
3123 2327 3206 2381 ille
3244 2329 3347 2384 tale

1810 2425 2001 2464 munus
2026 2410 2266 2478 accipere
2295 2410 2628 2479 despicienda
2656 2414 2845 2488 renuit.
2914 2414 3137 2480 Quidam
3171 2426 3349 2471 tamen

1803 2498 2025 2566 juvenes
2066 2512 2131 2550 ex
2170 2498 2440 2565 discipulis
2479 2498 2595 2565 ejus
2637 2501 2761 2554 illud
2790 2501 2892 2555 mel
2917 2505 3350 2572 concupiscentia

1811 2593 2150 2653 acceperunt,
2191 2593 2246 2638 et
2276 2585 2329 2638 in
2374 2586 2599 2640 ecclesia
2648 2596 2788 2642 retro
2817 2588 2981 2642 altare
3025 2590 3232 2645 occulte
3257 2606 3350 2659 po-

1813 2681 2051 2737 suerunt,
2074 2688 2298 2741 cumque
2321 2673 2403 2726 vir
2424 2672 2515 2727 Dei
2547 2675 2613 2727 ad
2657 2676 2793 2728 idem
2824 2676 2988 2731 altare
3022 2678 3238 2733 missam
3266 2693 3353 2732 ee—

1813 2763 2130 2825 iebraturus,
2177 2755 2471 2835 accederet,
2516 2772 2569 2817 et
2608 2780 2668 2818 os
2713 2765 2776 2817 ad
2819 2781 3002 2833 preces
3032 2768 3344 2835 aperuisset,

1812 2850 2089 2918 confestim
2138 2865 2233 2919 vas
2282 2857 2527 2914 testeum,
2574 2853 2625 2905 in
2669 2860 2774 2920 quo
2809 2854 2933 2907 illud
2982 2855 3348 2911 iuobedientia:

1808 2935 1915 2991 mel
1944 2937 2258 3001 habebatur,
2290 2940 2585 2993 minutatim
2615 2941 2839 3008 crepuit,
2866 2949 2919 2994 et
2944 2942 3239 3010 dispersum
3266 2953 3350 2999 est

1814 3023 1917 3078 mel
1939 3025 2078 3092 quod
2101 3024 2407 3094 colligentes
2428 3026 2763 3095 projecerunt
2791 3027 2952 3082 foras.
2984 3028 3096 3084 Non
3122 3032 3351 3087 cessavit

1814 3117 1990 3165 autem
2030 3111 2181 3165 miles
2243 3110 2441 3165 Christi
2485 3114 2764 3182 quominus
2806 3114 2931 3169 illud
2991 3116 3231 3172 illicitum
3260 3119 3351 3173 de-

1735 3181 1781 3241 C
1813 3192 2042 3252 strueret
2084 3197 2402 3269 coniugium,
2435 3201 2525 3254 sed
2555 3194 2609 3254 et
2648 3203 2819 3255 virum
2865 3203 3056 3272 ipsum,
3086 3206 3173 3275 qui
3222 3207 3349 3262 illud

1815 3294 2119 3355 perpetrare
2150 3303 2311 3343 ausus
2342 3298 2442 3352 est,
2470 3291 2840 3344 exterminavit
2864 3291 3112 3359 apalria.

1883 3374 1935 3427 5.
1975 3375 2106 3429 Cum
2135 3377 2296 3443 igitur
2334 3377 2386 3430 in
2413 3377 2594 3431 Fresia
2631 3377 2850 3432 docendi
2879 3380 3052 3449 gratia
3088 3381 3153 3435 ad
3188 3381 3355 3439 eccle-

1816 3464 1945 3517 siam
1980 3478 2127 3518 suam
2152 3465 2398 3527 venisset,
2419 3464 2569 3532 juxta
2600 3465 2813 3519 fluvium
2843 3467 2982 3520 Lude
3019 3470 3171 3537 petiit
3212 3472 3351 3526 illius

1815 3551 1917 3604 luci
1947 3552 2258 3619 piscatores,
2283 3555 2372 3622 qui
2401 3555 2448 3609 ci
2480 3556 2652 3624 pisces
2677 3554 2864 3610 alferre
2887 3556 3143 3622 solebant,
3168 3569 3228 3613 ut
3255 3561 3352 3614 ali-

1815 3656 1973 3709 quem
1999 3643 2287 3697 sturionem
2316 3645 2752 3713 comprehensum
2776 3644 3044 3699 aﬂ'errcnt.
3064 3647 3135 3701 At
3167 3648 3238 3703 illi
3275 3649 3353 3704 di~

1818 3740 2009 3786 xerunt
2056 3732 2207 3801 longe
2233 3746 2351 3787 esse
2377 3733 2700 3802 praeteritum
2729 3740 2955 3802 tempus,
2986 3749 3091 3804 quo
3118 3736 3250 3791 tales
3275 3737 3355 3806 pi-

1817 3835 1935 3874 sces
1974 3821 2345 3888 comprehendi
2376 3829 2633 3889 poterant
2670 3821 2808 3890 (erat
2832 3824 2972 3876 enim
3017 3824 3069 3877 in
3109 3826 3349 3893 proximo

1818 3917 2025 3977 tempus
2073 3907 2302 3976 hiemis).
2360 3908 2561 3973 Quibus
2615 3909 2699 3962 ille
2750 3910 2871 3974 laeto
2914 3911 3059 3963 vultu
3107 3914 3218 3965 ait:
3251 3914 3349 3975 lte.

1818 3996 1931 4059 lilii,
1962 3994 2119 4051 facite
2152 4011 2268 4064 qua:
2293 3996 2429 4058 dixi;
2460 3993 2648 4064 petens
2673 4004 2755 4049 est
2791 3997 2929 4051 Deus
2953 3998 3094 4052 omni
3124 4007 3359 4069 tempore

1819 4084 1989 4138 servis
2018 4085 2127 4138 suis
2170 4086 2465 4138 desiderata
2510 4094 2783 4153 prmstare.
2832 4085 2934 4155 ipsi
2963 4102 3089 4142 vero
3115 4090 3359 4158 precibus

1818 4172 1919 4225 viri
1949 4172 2038 4226 Dei
2072 4174 2241 4226 coacti
2269 4181 2542 4242 coeperunt
2570 4187 2717 4227 more
2744 4174 2899 4229 solito
2940 4183 3053 4231 rete
3077 4192 3173 4246 per
3197 4193 3362 4246 aquas

1819 4256 2050 4326 trahere,
2097 4270 2169 4324 et,
2217 4276 2371 4325 ecce,
2422 4264 2596 4317 subito
2638 4262 2859 4318 elevatis
2884 4264 3070 4327 oculis,
3110 4266 3359 4321 viderunt

1820 4362 1970 4403 avem
2014 4364 2261 4418 magnam
2307 4351 2707 4406 descendentem
2738 4352 2803 4406 de
2832 4352 2967 4407 celo
2990 4368 3169 4409 coram
3197 4369 3274 4420 se,
3306 4364 3362 4410 et

1822 4436 1946 4490 dum
1986 4437 2186 4491 intente
2226 4438 2278 4492 in
2304 4438 2446 4491 illam
2474 4438 2744 4493 oculorum
2768 4439 2988 4508 figerent
3014 4441 3205 4506 aciem,
3228 4443 3362 4502 dixit

1825 4541 1963 4581 unus
1985 4528 2051 4581 ad
2075 4527 2299 4582 alterum
2327 4546 2340 4580 :
2366 4528 2503 4583 Vere
2543 4528 2937 4603 similitudinem
2975 4529 3136 4586 habet
3178 4532 3356 4603 piscis.

1826 4615 2138 4670 Mirantibus
2183 4617 2357 4685 itaque
2395 4618 2472 4669 eis
2512 4630 2576 4670 ac
2614 4631 2808 4686 pavore
2840 4621 3136 4689 perterritis
3171 4621 3358 4676 cecidit

1826 4706 1938 4775 ipsa
1966 4706 2127 4776 piscis
2153 4705 2350 4774 eiligies
2368 4705 2499 4759 sive
2542 4705 2656 4759 avis
2682 4720 2861 4761 coram
2904 4708 3034 4778 ipsis
3062 4708 3114 4762 in
3140 4723 3356 4778 aquam,

1826 4791 2053 4865 cumque
2095 4793 2161 4845 ad
2204 4792 2374 4862 ipsum
2418 4791 2591 4846 locum
2623 4794 3005 4862 pervenissent,
3051 4794 3271 4851 intravit
3302 4797 3354 4851 in

1827 4883 2037 4951 illorum
2062 4887 2173 4935 rete
2196 4880 2357 4949 piscis
2380 4879 2527 4935 mirze
2554 4879 2953 4950 magnitudinis,
2980 4897 3140 4951 quem
3169 4885 3365 4939 sturioo

1827 4982 1946 5022 nem
1990 4979 2019 5011 ι
2062 4974 2272 5029 vocant,
2321 4982 2478 5037 quem
2522 4968 2604 5021 vir
2629 4967 2723 5021 Dei
2771 4968 3125 5025 desiderabat.
3179 4973 3249 5025 At
3288 4971 3362 5026 illi

1826 5055 2263 5122 comprehensum
2307 5054 2450 5106 illum
2478 5054 2772 5109 attulerunt
2797 5057 2912 5110 viro
2936 5056 3050 5119 Dei,
3084 5068 3368 5115 narrantes
3438 5126 3441 5129 Α

1830 5139 2102 5203 miracula,
2132 5154 2248 5209 qua:
2292 5138 2504 5193 fuerunt
2546 5150 2710 5210 gesta.
2738 5141 2939 5209 Quibus
2968 5143 3369 5213 illezAgamus.

1820 5231 2020 5298 inquit,
2048 5229 2391 5297 omnipotenti
2421 5229 2527 5283 Deo
2551 5230 2766 5298 gratias,
2794 5231 2881 5298 qui
2907 5232 2997 5286 dat
3018 5248 3192 5287 escam
3218 5237 3365 5289 omni
3433 5221 3436 5227 ’

1830 5319 1999 5374 carni.
2032 5317 2368 5372 Commonuit
2412 5318 2571 5371 etiam
2603 5333 2712 5381 eos,
2744 5335 2812 5375 ne
2837 5321 2939 5375 hoc
2982 5322 3120 5377 idem
3149 5339 3247 5393 pro
3273 5339 3338 5379 cu

1818 5408 2066 5476 jusquam
2108 5408 2387 5461 sanctitate
2416 5406 2495 5460 vel
2530 5408 2740 5493 meritis
2766 5417 2941 5466 actutm
2974 5425 3197 5469 narrare
3229 5427 3370 5485 prte-

1826 5504 2116 5551 sumerent.

251 5649 276 5677 ι
299 5633 475 5698 Vulgo
502 5631 637 5687 Sior.
659 5633 901 5701 Antiquis
921 5632 1237 5694 Saxonibus,
1263 5639 1318 5683 ut
1339 5631 1494 5685 hodie
1517 5628 2052 5698 Septentrionalibus,
2077 5637 2183 5680 star
2207 5641 2450 5694 maguum
2485 5628 2762 5695 signilirat,
2805 5639 2858 5682 ct
2905 5629 3084 5698 Anglis
3121 5639 3256 5684 stare
3285 5641 3365 5686 est

184 5705 370 5758 abund
392 5702 541 5754 'ntia.
