4110 6474
557 1532 601 1576 ν.

672 413 774 467 783

1618 401 1706 452 Al)
1746 402 1798 451 ὃ.
1842 397 2133 453 LL'DCERI
2179 395 2459 481 δειίίρτλ
2500 394 2854 447 ΑΓΡΕΝΜΧ.

3745 388 3839 445 784

733 521 785 572 6.
825 517 948 572 Erat
977 513 1032 568 S.
1065 515 1334 582 Ludgerus
1357 513 1411 565 in
1431 511 1717 578 Scripturis
1747 509 1910 562 sacris
1954 523 2056 561 non
2088 521 2194 558 mea
2225 513 2269 566 Α
2299 512 2594 570 nuncupato
2635 503 2935 564 Billurbike,
2967 503 3051 554 ubi
3100 500 3392 553 inﬁrmatus
3443 501 3555 568 ipse
3599 512 3837 566 corpore,

669 607 918 661 diocriter
942 603 1194 663 eruditus,
1227 602 1361 654 sicut
1385 597 1594 652 inlibro
1637 599 1703 650 ab
1728 612 1791 651 eo
1823 596 2115 662 composito
2141 595 2206 645 de

675 697 790 748 Vita
818 691 1194 746 venerabilium
1222 690 1335 757 ejus
1363 687 1635 740 doctorum
1664 684 1904 751 Gregorii
1931 681 2130 736 scilicet
2155 689 2207 733 et

667 783 861 838 Albrici
911 788 1089 848 aperte
1126 780 1406 846 probatur;
1441 776 1532 828 sed
1580 783 1633 828 et
1660 773 1944 842 primordia
1975 772 2030 825 S.
2056 772 2209 825 Boni-

669 873 790 926 facii
841 871 1093 924 adventus
1144 875 1300 934 atque
1339 864 1701 926 ordinationis,
1756 878 1871 930 qua:
1922 861 2126 913 fuerant
2156 860 2206 912 in

670 960 771 1013 alio
813 957 1064 1025 opusculo
1118 953 1505 1023 prartermissa,
1551 952 1770 1019 pulchro
1806 964 2044 1003 sermone
2101 949 2210 1015 ipse

669 1047 998 1114 conscripsit.
1025 1043 1307 1110 Discipulis
1325 1041 1480 1094 etiam
1509 1041 1618 1093 suis
1643 1053 1794 1093 mane
1818 1039 2002 1092 diebus
2027 1038 2208 1105 singu-

669 1137 734 1190 lis
757 1137 961 1188 tradere
986 1115 1078 1200 per
1105 1147 1159 1185 se
1181 1131 1438 1184 lectiones
1478 1145 1581 1182 non
1609 1127 1859 1197 neglexit,
1887 1134 1941 1180 et
1961 1125 2210 1193 quicquid

676 1226 731 1279 in
763 1226 930 1278 sacris
956 1222 1236 1276 Codicibus
1263 1220 1556 1273 faciendum
1600 1218 1814 1277 invenit,
1850 1217 1974 1268 illud
2011 1217 2212 1268 instan-

672 1313 873 1366 tissime
892 1311 1093 1364 studuit
1116 1310 1395 1363 observare
1423 1316 1477 1360 et
1503 1310 1710 1360 dooere.
1734 1304 1958 1359 Caverat
1978 1318 2125 1370 ergo,
2148 1317 2212 1354 ne

671 1401 772 1455 sibi
797 1399 1077 1466 aliquando
1101 1412 1292 1451 nomen
1317 1395 1516 1449 faceret
1536 1395 1712 1456 inane,
1736 1402 1790 1446 et
1818 1393 2015 1445 idcirco
2031 1403 2216 1443 secun-

640 1491 796 1576 ⁸ωιτη
824 1487 1133 1556 Apostolum
1153 1486 1329 1541 omnia
1347 1491 1650 1540 mensurate
1689 1482 1862 1536 facere
1895 1480 2213 1547 concupivit.

672 1567 964 1638 Cucullam,
987 1587 1052 1630 eo
1093 1574 1231 1642 quod
1258 1572 1662 1641 promissionem
1691 1567 2078 1628 observationis
2108 1582 2217 1618 mo-

672 1667 1090 1720 nachorum-non
1121 1662 1340 1724 fecerat,
1372 1669 1582 1728 portare
1617 1658 1822 1718 desivit,
1857 1657 2010 1710 cilicii
2043 1665 2215 1708 tamen

671 1755 1058 1815 indumentum,
1077 1742 1216 1819 quod
1239 1750 1404 1818 magis
1423 1747 1672 1802 abscondi
1703 1747 1892 1814 potuit,
1916 1744 1981 1797 ad
2001 1758 2214 1798 carnem

2307 601 2362 645 ut
2388 608 2542 660 supra
2571 591 2863 652 retulimus,
2889 591 2980 644 sed
3007 586 3210 644 fervore
3233 589 3508 660 cliaritatis
3530 587 3735 641 validus
3756 589 3843 640 de-

2308 694 2426 736 vote
2447 685 2723 736 missarum
2746 683 2925 735 ultima
2957 681 3239 735 celebravit
3262 680 3541 742 snit-mnia;
3569 679 3656 733 ubi
3685 680 3842 736 etiam

2308 773 2416 838 ipsa
2469 771 2806 838 subsequenti
2839 781 2990 824 nocte
3033 770 3247 824 assistei.
3313 783 3401 823 ius
3429 767 3698 836 discipulis
3719 766 3845 820 dile-

2307 872 2444 913 ctam
2474 862 2694 914 Domino
2725 861 2951 915 reddidit
2977 861 3224 919 animam.
3267 859 3324 912 la
3350 859 3460 926 ipsa
3491 858 3653 926 igitur
3675 858 3846 909 exitus

2309 953 2386 1004 sui
2416 952 2544 1003 liora
2571 949 2864 1004 clementiae
2891 965 2998 1002 sate
3026 949 3276 1008 Dominus
3301 947 3544 1016 dignatus
3565 954 3642 1000 est
3671 955 3845 1000 osten-

2311 1043 2435 1094 dere
2457 1043 2684 1110 signum.
2715 1039 2846 1093 Nam
2869 1037 3141 1093 Cerfridus
3167 1040 3441 1107 presbyter
3468 1052 3628 1106 nepos
3655 1035 3768 1103 ejus
3795 1043 3849 1088 et

2311 1147 2582 1184 successor
2606 1147 2726 1185 cum
2752 1139 2905 1183 nocte
2929 1130 3116 1182 eadem
3145 1142 3248 1180 una
3272 1142 3388 1180 cum
3423 1124 3695 1186 fratribus,
3721 1138 3849 1190 gra-

2310 1223 2380 1273 lin
2407 1219 2673 1279 visitandi,
2699 1220 2762 1271 ad
2787 1218 2933 1269 illum
2965 1215 3186 1268 festinus
3210 1220 3564 1283 properasset,
3594 1219 3650 1266 et
3669 1210 3852 1278 paulu—

2310 1311 2416 1360 lum
2443 1310 2610 1360 adhuc
2635 1308 2836 1360 itineris
2857 1315 3168 1366 remaneret,
3195 1303 3439 1356 viderunt
3457 1311 3579 1355 ante
3601 1315 3656 1354 se
3677 1300 3852 1352 lumen

2313 1414 2578 1466 magnum,
2613 1397 2761 1465 quasi
2790 1396 2958 1465 ignem
2989 1395 3039 1446 in
3066 1390 3612 1451 sublimeasecndere,
3641 1403 3704 1442 ac
3727 1402 3855 1441 cun-

2313 1500 2423 1542 ctas
2444 1496 2592 1540 tetrtc
2620 1486 2789 1538 noctis
2819 1474 2955 1537 illius
2985 1482 3240 1552 eﬂugasse
3262 1482 3524 1535 tenebras.
3550 1479 3616 1532 Et
3635 1493 3731 1546 per
3749 1477 3848 1530 hoc

2313 1578 2489 1628 statim
2527 1575 2777 1628 indicium
2823 1573 3172 1642 intelligentes
3217 1571 3385 1624 sancti
3434 1585 3496 1623 ac
3540 1567 3857 1622 venerabilis

2314 1668 2411 1720 viri
2445 1669 2665 1729 obitum,
2714 1653 2852 1734 quod
2890 1665 3151 1731 reliquum
3189 1671 3303 1717 erat
3335 1662 3455 1724 viae,
3505 1675 3624 1713 cum
3667 1673 3857 1726 magna

2313 1755 2591 1808 velocitate
2619 1745 2950 1821 peregerunt,
2975 1749 3190 1818 jamque
3225 1764 3346 1804 eum
3387 1747 3689 1802 defunctum
3715 1747 3860 1798 inve-

671 1857 839 1911 usque
867 1843 932 1894 ad
956 1840 1113 1894 finem
1136 1841 1253 1892 vita:
1282 1853 1389 1892 suae
1412 1838 1612 1892 habuit.
1641 1835 1828 1894 Carnis
1865 1850 2012 1889 esum
2055 1834 2214 1887 certis

2319 1852 2526 1906 nerunt,
2558 1852 2610 1895 et
2661 1841 2924 1895 subtiliter
2961 1841 3309 1908 requirentes,
3350 1843 3676 1906 agnoverunt
3719 1834 3861 1902 quod

671 1931 998 1999 temporibus
1025 1943 1128 1986 non
1188 1928 1390 1989 renuit;
1425 1926 1670 1992 satiatum
1717 1933 1890 1977 tamen
1923 1923 2067 1975 illum
2096 1922 2214 1974 cibo

669 2018 752 2072 vel
772 2025 917 2086 potu,
945 2015 1321 2084 discipulorum
1346 2012 1458 2081 ejus
1480 2028 1635 2067 nemo
1671 2027 1901 2080 unquam
1930 2012 2087 2072 vidit;
2123 2009 2214 2063 scd

670 2124 790 2161 cum
818 2109 885 2161 ad
908 2124 964 2162 se
990 2122 1135 2160 more
1168 2105 1320 2160 solito
1340 2121 1601 2174 pauperes
1631 2120 1691 2157 ac
1717 2102 1906 2156 divites
1928 2116 2227 2169 pransuros.

675 2199 966 2259 invitasset,
999 2197 1168 2250 dulcia
1218 2199 1432 2250 aeterna:
1462 2196 1581 2247 vitae
1613 2193 1818 2246 illorum
1860 2191 2104 2244 cordibus
2133 2190 2215 2241 in-

637 2351 655 2360 _
679 2288 901 2340 fundere
932 2286 1244 2339 documenta
1271 2300 1372 2337 non
1402 2283 1647 2345 cessavit,
1673 2281 1740 2334 ita
1765 2289 1821 2333 ut
1842 2281 1958 2349 plus
1975 2279 2218 2346 spiritua-

679 2376 837 2436 libus,
887 2390 1042 2443 quam
1074 2373 1387 2426 "carnalibus
1437 2371 1638 2425 deliciis
1684 2369 1857 2423 satiati
1902 2374 2213 2422 remearent.

677 2463 801 2516 Erat
828 2463 1001 2530 itaque
1023 2470 1169 2529 pater
1193 2475 1474 2530 egenorum
1499 2467 1552 2512 et
1581 2459 1855 2526 despector
1897 2456 1975 2509 sui
2009 2470 2022 2506 :
2051 2462 2102 2507 et
2130 2469 2213 2507 se-

677 2552 905 2606 ciindum
939 2550 1266 2619 Apostolum,
1306 2551 1382 2602 sic
1428 2563 1484 2602 se
1517 2547 1760 2600 omnibus
1788 2555 2032 2612 coaptare
2054 2559 2215 2596 cura-

675 2643 774 2704 vit,
803 2648 860 2694 ut
903 2640 1147 2693 omnibus
1169 2639 1418 2706 prodesse
1459 2638 1734 2704 potuisset.
1767 2635 1888 2688 Fuit
1924 2642 2099 2686 autem
2125 2647 2216 2685 cu-

676 2730 826 2797 piens
848 2728 1020 2789 anxie,
1048 2728 1215 2795 gratia
1243 2726 1485 2790 docendi,
1512 2724 1898 2778 Nortbmannos
1930 2723 2094 2787 adire,
2127 2725 2216 2778 sed

679 2831 769 2867 rev
795 2813 1013 2868 Carolus
1038 2814 1333 2867 nullatenus
1356 2829 1625 2867 assensum
1650 2814 1889 2880 praebuit.

749 2907 798 2958 7.
845 2904 1080 2971 Cumque
1126 2904 1457 2970 omnipotens
1502 2903 1639 2955 Deus
1685 2917 1965 2969 perennem
2022 2916 2220 2954 merce—

679 2997 804 3046 dem
818 2994 1034 3046 reddere
1063 2992 1170 3044 suis
1189 2992 1287 3058 piis
1316 2992 1500 3043 studiis
1522 2991 1852 3052 decrevisset,
1883 2999 2000 3042 ante
2020 2991 2218 3042 obitum

678 3097 829 3136 suum
850 3082 1115 3149 aliquanto
1142 3090 1370 3148 tempore
1395 3081 1631 3148 corporis
1678 3081 1913 3134 molestia
1940 3082 2219 3148 depressus

2315 1935 2499 1986 eodem
2527 1939 2793 1984 momento
2810 1930 2922 1982 veri
2962 1927 3173 1980 luminis
3210 1927 3450 1980 assiduus
3477 1924 3776 1992 speculator
3799 1931 3855 1975 et

2318 2031 2521 2074 amator
2549 2017 2794 2088 migravit
2815 2020 2880 2092 ad
2905 2020 3206 2083 Dominum,
3223 2033 3326 2088 quo
3343 2019 3418 2071 eis
3441 2016 3537 2070 fuit
3557 2031 3654 2084 per
3680 2015 3859 2067 lumen

2317 2119 2605 2164 ostensum.

2386 2199 2437 2250 8.
2460 2197 2634 2263 ‘lgitur
2653 2198 2894 2266 discipuli
2919 2213 3024 2252 non
3067 2198 3423 2260 immemores,
3454 2193 3681 2264 qualiter
3725 2192 3862 2245 idem

2320 2288 2566 2340 sacerdos
2595 2288 2796 2340 Domini
2825 2288 3152 2353 disposuerat
3179 2286 3349 2339 adhuc
3370 2283 3570 2347 vivens,
3591 2290 3651 2336 ut
3674 2282 3728 2334 in
3749 2280 3865 2334 loco

2318 2384 2618 2442 nuncupato
2646 2373 2944 2436 Weithina,
2972 2374 3061 2427 ubi
3092 2374 3146 2425 in
3184 2373 3490 2426 haereditate
3533 2369 3750 2439 prepria
3794 2368 3866 2420 ob

2320 2465 2675 2519 habitaculum
2706 2456 3081 2517 ntonacborum
3109 2463 3161 2515 in
3211 2463 3408 2515 honore
3451 2460 3508 2515 S.
3552 2459 3865 2517 Salvatoris,

2317 2562 2514 2607 sanet-.e
2536 2553 2627 2606 Dei
2658 2553 2952 2621 genitricis,
2983 2553 3253 2620 sanctique
3289 2550 3644 2618 apostolorum
3671 2542 3863 2617 princi-

2314 2644 2400 2708 pis
2427 2641 2570 2693 Petri
2600 2642 2710 2708 ipse
2737 2641 3033 2692 construxit
3078 2640 3379 2702 ecclesiam,
3417 2640 3532 2706 ejus
3558 2637 3862 2705 sepeliretur

2321 2747 2531 2799 corpus.
2565 2730 2668 2783 Sed
2697 2747 2814 2784 cum
2865 2732 2932 2784 ad
2985 2733 3083 2784 hoc
3128 2731 3408 2800 agendum,
3457 2729 3681 2798 populus
3729 2729 3868 2780 illius

2320 2829 2498 2874 sancta
2531 2819 2770 2874 recolens
2797 2820 3003 2881 inerita,
3052 2822 3390 2874 vehementer
3419 2819 3706 2878 resisteret,
3740 2819 3868 2870 inito

2320 2910 2540 2960 consilio
2569 2910 2634 2961 ad
2661 2911 3038 2962 monasterium
3067 2911 3131 2962 ab
3150 2923 3213 2964 eo
3226 2916 3587 2962 constructum
3615 2905 3869 2959 vocabulo

2322 2995 2771 3063 lllimigerneford,
2803 2997 2868 3050 de
2913 3011 3018 3064 quo
3062 2999 3170 3066 jam
3213 2998 3454 3064 superius
3473 2997 3718 3056 diximus,
3750 3011 3868 3064 per-

2320 3085 2585 3138 duxerunt
2615 3084 2770 3147 illud;
2803 3092 2960 3152 atque
2995 3084 3045 3136 in
3073 3084 3295 3138 ecclesia
3340 3092 3536 3137 sanctae
3583 3083 3760 3136 Mariae
3791 3084 3870 3135 in-

677 3180 774 3226 est.
793 3170 862 3224 in
889 3172 1192 3224 inﬁrmitate
1221 3179 1394 3222 tamen
1422 3171 1623 3238 positus
1649 3179 1899 3223 consueto
1929 3185 2072 3222 more
2099 3184 2218 3221 san-
2245 3149 2289 3209 (ἶ
2319 3173 2594 3226 humatum
2611 3149 2965 3239 reliquerunt,
3008 3171 3177 3225 donec
3227 3170 3538 3224 venerabilis
3590 3172 3871 3239 cpiscopus

678 3260 779 3312 etis
807 3275 1014 3327 seraper
1041 3258 1244 3310 actibus
1277 3259 1627 3311 intentissime
1654 3267 1878 3312 mentem
1925 3259 2220 3325 occupavit,

680 3357 771 3401 aut
798 3348 848 3400 in
873 3348 1183 3401 lectionibus
1207 3347 1371 3399 sacris
1399 3347 1676 3409 audiendo,
1700 3357 1787 3399 aut
1810 3349 1858 3398 in
1881 3347 2102 3400 Psalmis
2130 3363 2219 3399 ca-

682 3440 874 3501 uendo,
903 3434 984 3491 vel
1014 3437 1169 3490 etiam
1199 3435 1248 3489 in
1277 3436 1395 3488 aliis
1420 3435 1741 3502 quibuslibet
1786 3437 1940 3489 rebus
1977 3436 2222 3501 spiritua-

681 3533 822 3584 libus
849 3529 1085 3598 agendo;
1119 3543 1185 3581 ne
1217 3543 1446 3594 unquam
1474 3542 1501 3579 a
1532 3541 1758 3594 superna
1782 3525 2223 3592 contemplatione

681 3619 934 3674 dissoluta
977 3615 1125 3671 mens
1168 3626 1478 3684 tepesceret,
1527 3625 1578 3670 et
1611 3632 1742 3684 pene
1771 3618 1953 3670 diebus
2003 3616 2224 3683 singulis

682 3713 965 3764 missarum
993 3715 1320 3762 sacramenta
1341 3707 1581 3773 quamvis
1605 3714 1833 3773 aegrotus
1876 3719 2113 3772 corpore,
2148 3706 2216 3756 in-

685 3801 930 3867 t'atigatus
957 3808 1129 3851 tamen
1153 3797 1328 3849 animo
1358 3796 1656 3849 celebravit.
1701 3794 1817 3862 lpso
1855 3809 1980 3848 vero
2007 3795 2090 3848 die
2119 3795 2222 3848 Do-

689 3907 717 3938 l'
745 3889 898 3950 inieo,
919 3903 1035 3940 cum
1055 3887 1107 3939 in
1129 3885 1465 3953 subsequenti
1490 3893 1640 3938 nocte
1663 3886 1725 3938 de
1749 3886 1846 3938 hoc
1869 3885 2060 3947 mundo
2085 3893 2225 3938 esset

687 3979 855 4031 iturus
898 3979 962 4031 ad
1002 3976 1298 4037 Dominum,
1326 3975 1473 4042 quasi
1513 3974 2082 4036 valefaciens,.-reditis
2125 3974 2223 4026 sibi

686 4069 930 4120 omnibus
956 4066 1007 4117 in
1036 4065 1238 4118 duabus
1261 4064 1369 4116 suis
1395 4063 1632 4117 ecclesiis
1654 4065 1858 4132 publice
1896 4063 2223 4130 praidicavit‘,

689 4171 841 4209 tuane
885 4154 1082 4207 scilicet
1125 4153 1177 4204 in
1217 4152 1349 4214 loco,
1401 4153 1489 4217 qui
1515 4153 1704 4205 dicitur
1728 4152 1972 4212 Coasfelt,
2004 4137 2193 4204 canen‘.

688 4247 993 4316 presbytero
1019 4245 1247 4307 missam,
1282 4251 1333 4295 et
1370 4243 1508 4296 circa
1556 4245 1741 4296 horam
1789 4245 1997 4297 tertiam
2030 4246 2082 4297 in
2109 4243 2223 4300 loco

999 4369 1216 4380 ——————.—-

726 4376 786 4383 --ν
793 4372 988 4383 τωο-,ομ

2317 3261 2555 3315 ecclesiae
2584 3260 2982 3323 Cadolonensis,
3014 3261 3354 3330 Hildigrimus
3391 3262 3624 3321 nomine,
3667 3273 3871 3327 germa-

2328 3364 2428 3400 nus
2459 3347 2693 3415 ejusdem
2722 3347 2822 3398 viri
2852 3345 2944 3399 Dei
2973 3355 3128 3414 atque
3173 3348 3408 3400 eruditus
3455 3347 3522 3400 ab
3556 3361 3640 3409 eo,
3692 3356 3871 3415 ageret

2323 3453 2439 3490 cum
2464 3437 2693 3506 glorioso
2720 3450 2842 3505 rege
2867 3435 3161 3500 Carolo,‘ut
3199 3437 3311 3504 ejus
3358 3438 3598 3506 imperio,
3633 3437 3740 3490 imo
3780 3436 3871 3488 Dei

2324 3528 2560 3592 consilio,
2591 3529 2641 3580 in
2671 3528 2806 3590 loco,
2838 3528 2926 3581 nl;i
2957 3528 3066 3595 ipse
3092 3528 3242 3581 vivus
3276 3528 3602 3590 decreverat,
3631 3535 3870 3580 sanctum

2325 3620 2464 3673 illius
2511 3621 2830 3674 conderetur
2880 3633 3089 3687 corpus,
3140 3626 3285 3671 extra
3331 3618 3608 3672 ecclesiam
3647 3617 3699 3668 in
3719 3625 3873 3684 parte.

2325 3710 2566 3771 orientis,
2596 3718 2654 3761 ut
2685 3708 2917 3774 jusserat
2955 3710 3105 3776 ipse:
3145 3724 3248 3761 non
3295 3709 3435 3761 enim
3477 3717 3596 3762 erat
3641 3722 3871 3774 unquam

2325 3799 2679 3860 consentiens,
2704 3805 2762 3850 ut
2788 3798 2839 3850 in
2859 3798 3083 3851 ecclesia
3109 3812 3202 3850 sua
3225 3808 3531 3851 consecrata
3560 3798 3874 3865 sepeliretur

2311 3903 2516 3958 corpus
2543 3890 2846 3942 humanum.
2895 3889 3183 3944 Defunctus
3211 3896 3292 3941 est
3332 3889 3511 3955 itaque
3539 3901 3679 3940 anno
3707 3885 3874 3938 domi-

2327 3982 2457 4033 niczc
2515 3979 2892 4032 incarnationis
2943 3978 3376 4046 octingentesimo
3429 3991 3596 4036 nono,
3653 3975 3872 4042 septima

2326 4069 2588 4120 Kalendas
2610 4067 2822 4136 Aprilis,
2856 4076 2906 4120 et
2935 4069 3202 4120 tricesimo
3231 4064 3460 4119 secundo
3485 4064 3570 4116 die
3597 4064 3677 4116 sui
3707 4063 3872 4114 sancti

2320 4160 2513 4220 obitus,
2541 4159 2639 4212 hoc
2665 4165 2766 4222 est,
2794 4166 2950 4212 sexto
2968 4158 3228 4211 Kalendas
3244 4157 3362 4209 Maii
3387 4155 3610 4208 mirifice
3629 4153 3868 4222 fragmni

2322 4249 2374 4300 in
2401 4249 2585 4302 eodem
2614 4250 2727 4303 loco
2751 4249 2982 4317 sepultus
3004 4259 3099 4302 est.

1865 4465 2155 4546 LIBER
2216 4474 2680 4549 TERTIUS.

2109 4612 2444 4629 ——————

762 4691 809 4740 1.
853 4688 1033 4738 Divina
1061 4685 1217 4753 igitur
1241 4685 1468 4737 donante
1514 4684 1811 4745 clementia,
1846 4692 1901 4736 ut
1932 4684 2081 4736 vivus
2108 4692 2229 4736 ante
2261 4686 2306 4742 D
2333 4684 2544 4752 proprio
2567 4682 2791 4743 vocavit,
2819 4682 2998 4736 dicens
3026 4698 3036 4732 :
3069 4679 3354 4748 lrmenger,
3375 4680 3596 4749 vigilas?
3623 4680 3721 4746 Qui
3751 4697 3869 4735 eum

692 4779 1007 4834 desideravit
1035 4773 1294 4845 profuisse
1325 4773 1520 4832 multis,
1548 4775 1622 4826 sic
1649 4775 1806 4826 etiam
1846 4785 1963 4840 post
1989 4773 2101 4840 ejus
2120 4770 2231 4824 obi-

695 4881 804 4922 tum
835 4875 1014 4922 sancta
1040 4865 1177 4918 illius
1221 4866 1404 4918 merita
1433 4861 1705 4930 suffragari
1737 4878 1836 4936 non
1862 4871 2090 4924 cessant,
2118 4863 2233 4928 qui-

695 4959 910 5011 busdam
938 4954 1088 5022 longe
1113 4951 1461 5012 manentibus,
1494 4950 1801 5017 quibusdam
1824 4952 1982 5004 etiam
2010 4949 2072 5002 ad
2097 4941 2234 5001 illius

695 5045 990 5112 sepulcrum
1038 5039 1368 5098 meantibus,
1419 5037 1534 5090 aliis
1572 5053 1697 5091 vero
1735 5038 1836 5090 illic
1882 5038 2230 5100 manentibus,

697 5133 777 5185 vel
806 5131 924 5183 inde
951 5130 1160 5181 domum
1187 5126 1554 5187 redeuntibus;
1583 5142 1645 5178 ex
1673 5124 1861 5192 quibus
1885 5142 1966 5187 ea,
2010 5142 2126 5191 (pne
2169 5126 2231 5178 ad

699 5219 1006 5275 memoriam
1036 5216 1272 5277 veniunt,
1294 5213 1613 5266 intimamus.
1696 5237 1700 5241 -

770 5307 890 5358 Fuit
918 5305 1124 5373 quidam
1159 5302 1208 5352 in
1235 5315 1367 5368 pago
1414 5300 1606 5369 North
1647 5301 1960 5369 lrmingerus
2001 5303 2233 5363 nomine,

702 5399 790 5466 qui
820 5395 988 5447 eidem
1007 5402 1188 5453 sancto
1215 5391 1449 5459 Ludgero
1480 5390 1818 5457 injuventute
1843 5391 2122 5452 serviebat,
2152 5393 2236 5443 cui

703 5482 939 5550 contigit,
967 5491 1022 5531 ut
1051 5481 1223 5533 lumen
1249 5478 1516 5533 oculorum
1566 5479 1848 5540 amitteret,
1889 5488 1941 5532 et
1987 5480 2235 5532 tredecim

706 5577 859 5628 annis
883 5571 1144 5626 continuis
1166 5571 1216 5621 in
1239 5570 1471 5623 excitate
1503 5571 1807 5638 permansit.
1824 5570 1915 5622 Cui
1939 5579 2090 5622 nocte
2111 5586 2237 5637 qua-

709 5667 826 5717 dam
845 5671 1054 5716 sanctus
1075 5660 1154 5712 vir
1167 5673 1259 5728 per
1275 5660 1523 5714 visionem
1542 5661 1798 5726 apparuit,
1817 5669 1868 5712 et
1889 5674 2004 5712 cunt
2029 5659 2238 5710 nomine

2333 4785 2389 4823 se
2413 4768 2628 4837 vigilare
2653 4769 2877 4829 diceret,
2911 4766 3080 4836 tetigit
3108 4764 3294 4820 faciem
3323 4767 3434 4834 ejus
3455 4766 3669 4820 dicens:
3705 4766 3871 4821 Sicuti

2333 4860 2546 4927 reliquae
2577 4859 2677 4912 hoc
2703 4859 2754 4911 in
2779 4855 2893 4912 loco
2942 4856 3086 4911 color
3117 4855 3391 4909 dissimilis
3434 4857 3758 4924 apparuerit,
3789 4856 3870 4911 dic

2334 4950 2557 5003 Dindoni
2583 4948 2793 5002 domino
2825 4957 2935 5011 tuo,
2966 4955 3024 5001 ut
3051 4956 3102 5000 te
3131 4946 3286 4999 faciat
3306 4946 3484 5000 venire
3509 4946 3575 5000 ad
3595 4946 3869 5000 ecclesiam

2335 5054 2507 5092 meam
2535 5039 2586 5091 in
2611 5039 2904 5100 Wertbina,
2931 5051 3090 5104 quam
3133 5035 3336 5089 ibidem.
3357 5036 3577 5090 Domino
3600 5033 3867 5098 fabricavi,

2336 5127 2424 5182 ubi
2449 5130 2608 5181 etiam
2634 5141 2823 5194 corpus
2851 5140 3024 5178 meum
3048 5125 3314 5194 sepultura
3343 5125 3552 5193 tegitur,
3595 5134 3651 5177 et
3679 5124 3746 5177 ibi
3775 5124 3872 5177 Dc-

2337 5219 2480 5269 mino
2506 5216 2756 5283 largiente
2807 5215 2981 5268 luareu
3032 5215 3304 5270 oculorum
3346 5213 3588 5282 recipies.
3625 5212 3869 5278 Quicum

2335 5305 2509 5357 taliter
2536 5303 2721 5358 fuisset
2747 5304 3064 5365 admonitus,
3093 5303 3327 5355 narravit
3353 5301 3568 5355 domino
3588 5317 3684 5355 suo
3718 5301 3869 5370 quale

2336 5407 2364 5443 a
2395 5401 2576 5444 sancto
2606 5393 2716 5444 viro
2743 5394 3042 5445 mandatum
3081 5399 3374 5457 acceperat,
3413 5397 3466 5441 et
3507 5388 3684 5452 simul,
3736 5391 3871 5458 quod

2336 5478 2486 5532 faciei
2534 5477 2645 5544 ejus
2687 5480 3005 5547 imposuerat
3048 5480 3272 5546 signum,
3301 5476 3548 5541 ostendit,
3585 5480 3727 5546 quod
3761 5486 3872 5529 erat

2327 5568 2476 5635 juxta
2508 5569 2723 5622 verbum
2748 5569 2839 5622 Dei
2863 5569 2958 5620 viri
2981 5567 3232 5621 dissimile
3263 5567 3367 5618 cuti
3399 5565 3611 5634 reliqua:
3630 5565 3872 5620 omnibus

2339 5657 2517 5710 diebus
2547 5659 2664 5710 vitm
2686 5672 2810 5712 sum.
2859 5657 3006 5709 'l‘unc
3040 5656 3278 5708 donninus
3307 5667 3433 5707 suus
3462 5669 3563 5708 una
3605 5668 3722 5707 cum
3755 5669 3872 5706 Con-
