4110 6436
196 480 301 554 785

1477 474 1649 527 ACTA
1690 472 1745 526 S.
1785 470 2095 527 LL'DGISRI.

3273 480 3369 532 786

182 592 309 660 iuge
336 609 430 647 sua
458 591 522 645 ad
550 589 790 642 eumdem
836 593 1005 640 locum
1048 586 1455 656 gratulabundus
1482 598 1721 652 pergens,
1752 582 1802 637 Α
1827 579 1993 637 baculi
2032 597 2126 650 per
2154 582 2261 636 dies
2286 555 2552 651 plurimos.
2594 586 2829 653 Cumque
2874 591 3198 657 pater-illius
3236 589 3370 656 5ἰεί-

188 677 369 735 secum
398 682 569 750 ipsum
597 676 941 745 lrmingerum
970 675 1134 737 duxit.
1182 673 1411 741 Contigit
1451 672 1633 733 etiam,
1672 679 1729 722 nt

188 772 492 828 Gerfridum
512 770 814 839 episcopum
840 768 897 823 S.
920 767 1143 835 Ludgeri
1172 775 1415 834 nepotem
1444 773 1499 818 et
1516 780 1729 819 succes-

188 879 363 918 sorem
390 876 493 916 una
514 877 631 915 cum
652 860 905 914 fratribus
924 867 977 912 et
1002 857 1273 911 monachis
1316 856 1611 910 invenirent
1632 852 1725 917 ibi,

186 953 379 1021 quibus
406 966 526 1004 cum
540 958 689 1019 gesta
708 956 1003 1010 narrarent,
1027 945 1265 1000 fecerunt
1282 942 1523 997 eumdem
1544 940 1729 995 lmin-

187 1055 372 1108 gerum
420 1039 473 1092 in
527 1036 739 1106 prasfata
785 1037 1005 1090 ecclesia
1029 1050 1091 1088 ea
1120 1042 1270 1087 nocte
1306 1032 1503 1100 jacere,
1543 1031 1595 1083 in
1623 1045 1723 1099 qua

189 1145 308 1182 eum
338 1136 541 1182 orasset
568 1136 621 1180 et
659 1127 947 1194 vigilasset,
971 1124 1219 1177 continuo
1257 1136 1353 1189 per
1376 1121 1468 1174 Dei
1502 1120 1726 1187 gratiam

186 1217 364 1270 lumen
386 1215 657 1269 oculorum
679 1213 875 1281 recepit
898 1212 1182 1266 secundum
1209 1209 1369 1263 verba
1395 1208 1494 1260 viri
1520 1207 1631 1260 Dei.
1670 1207 1725 1259 In

186 1308 372 1359 eadem
399 1314 551 1359 nocte
565 1306 704 1358 circa
727 1302 984 1371 gallorum
1000 1309 1234 1362 cantum,
1254 1306 1377 1353 ante
1426 1298 1724 1366 sepulcrum

186 1394 287 1446 viri
320 1386 413 1447 Dei
459 1392 647 1446 mulier
670 1392 907 1459 quaedam
939 1389 1231 1458 paralytica
1269 1395 1483 1455 repente
1509 1378 1723 1439 sanitati

185 1484 423 1551 corporis
446 1484 683 1537 restituta
712 1490 811 1542 est,
842 1490 893 1533 et
922 1480 1050 1532 abiit
1072 1472 1725 1548 incolumis,magnificans

183 1574 375 1637 Deum,
400 1575 487 1642 qui
517 1589 611 1641 per
635 1586 844 1627 servum
873 1585 1025 1624 suum
1046 1578 1153 1622 tam
1186 1560 1359 1621 subito
1380 1582 1497 1620 eam
1538 1581 1723 1620 curare

183 1663 433 1731 dignatus
453 1672 552 1716 est.

252 1750 305 1801 2.
340 1748 397 1801 ln
421 1764 553 1817 pago
576 1748 809 1817 Suderge
833 1747 963 1819 [Αι.,
996 1746 1285 1823 sudergoc]
1316 1754 1558 1798 matrona
1584 1760 1724 1812 quae-

179 1838 304 1891 dam
356 1836 564 1889 nomine
611 1835 889 1906 Sigiburch
918 1837 1159 1889 colonum
1190 1835 1372 1888 habuit
1412 1833 1722 1887 Reinoldum

1828 668 2009 722 bemus
2030 672 2258 734 nomine,
2277 672 2385 739 jam
2408 683 2531 728 tunc
2551 676 2839 730 monachus
2854 685 3016 731 tracta
3026 696 3079 732 re
3100 682 3367 748 cmpissct,

1830 756 1873 808 si
1904 757 2075 824 aliqua
2101 760 2423 813 medicorum
2463 765 2736 817 curatione
2764 768 3053 819 contractio
3086 783 3371 822 nervorum

1828 844 1942 912 ejus
1969 846 2193 900 relaxari
2218 850 2504 916 potuisset;
2534 866 2657 904 ecce
2679 855 2925 908 sacerdos
2942 856 3145 909 Domini
3170 856 3371 924 Ludge-

1828 947 1919 985 rus
1944 934 2115 988 eidem
2139 936 2452 990 scholastico
2480 939 2530 990 in
2557 948 2701 993 veste
2735 943 3044 1017 sacerdotali
3069 945 3287 997 cidarim
3318 946 3371 997 in

1827 1023 1997 1089 capite
2018 1034 2255 1092 gestans,
2276 1040 2371 1095 per
2398 1029 2650 1081 visionem
2679 1032 2939 1098 apparuit,
2969 1034 3148 1087 dicens
3179 1054 3189 1085 :
3219 1034 3367 1096 Vide,

1828 1126 1893 1164 ne
1916 1126 2011 1178 pro
2043 1128 2128 1177 eo,
2157 1117 2296 1181 quod
2314 1118 2531 1184 pateris,
2550 1120 2814 1173 carnalem
2840 1122 3027 1175 alicubi
3050 1124 3372 1179 medicinam

1826 1214 2367 1268 qumrerepraesumas
2384 1220 2397 1266 ;
2412 1206 2534 1271 quia
2560 1207 2603 1259 si
2627 1207 2730 1260 hoc
2758 1207 2963 1273 feceris,
2986 1210 3181 1263 nullam
3206 1212 3373 1280 ipsius

1826 1288 2187 1343 medicaminis
2228 1292 2552 1345 curationem
2604 1294 2849 1363 recipies,
2896 1306 2950 1350 et
2997 1296 3240 1351 similiter
3275 1314 3371 1366 pro

1822 1376 2038 1430 levitate
2051 1393 2113 1431 ac
2126 1381 2311 1446 puerili
2336 1371 2625 1435 mobilitate
2639 1384 2928 1453 increpavit
2939 1401 3059 1438 eum
3085 1395 3138 1439 et
3162 1388 3369 1442 absces.

1824 1464 1909 1516 sit.
1938 1464 2088 1519 Mane
2108 1477 2282 1521 autem
2311 1468 2473 1534 facto,
2502 1472 2735 1523 narravit
2761 1488 2878 1540 quze
2904 1474 3105 1527 viderat
3131 1493 3142 1525 :
3174 1484 3226 1529 et
3251 1491 3369 1530 cum

1825 1553 1912 1606 die
1935 1555 2119 1609 eodem
2145 1558 2373 1625 peractis
2390 1561 2703 1627 vespertinis
2726 1562 2965 1615 laudibus
2987 1564 3200 1617 domum
3227 1566 3371 1620 infir-

1824 1657 2052 1707 morum,
2085 1646 2137 1698 in
2163 1661 2264 1713 qua
2290 1648 2337 1700 ei
2364 1649 2539 1716 priore
2568 1656 2720 1704 nocte
2744 1651 2826 1703 vir
2853 1661 3063 1704 sanctus
3090 1669 3185 1724 per
3212 1655 3370 1708 visio-
3400 1712 3403 1713 ν

1826 1748 1945 1786 nem
1978 1737 2233 1803 apparuit,
2264 1738 2531 1801 intrasset,
2581 1741 2915 1794 cernentibus
2960 1741 3227 1807 fratribus,
3277 1744 3366 1809 qui

1827 1824 1933 1877 illic
1960 1825 2178 1878 aderant
2204 1840 2269 1879 ex
2299 1827 2491 1894 templo
2536 1829 2605 1881 ad
2647 1832 3090 1895 terramrcorruit,
3117 1841 3170 1885 et
3193 1841 3365 1886 erecta

180 1927 412 1988 nomine,
445 1924 595 1995 cujus
619 1943 751 1981 uxor
777 1927 931 1994 longa
974 1924 1282 1994 aegritudine
1308 1925 1551 1992 depressa
1577 1924 1723 1994 jace-
1756 1914 1798 1971 Β
1824 1919 1907 1964 εει
1930 1911 2041 1978 eius
2068 1911 2196 1965 tibia
2225 1913 2337 1969 sine
2365 1914 2560 1979 dolore,
2591 1906 3003 1986 audiebaturque
3023 1921 3225 1974 sonitus
3250 1937 3367 1974 ner-

181 2018 295 2079 bat,
321 2031 384 2068 ac
410 2028 544 2084 pene
568 2015 895 2083 corporalem
916 2015 1190 2082 desperata
1213 2014 1453 2067 salutem.
1480 2010 1610 2065 Cum
1632 2010 1725 2081 igi-

161 2104 268 2157 tur
312 2111 466 2158 nocte
527 2105 753 2172 quadam
796 2106 936 2158 inter
990 2119 1130 2172 aegra
1177 2101 1402 2170 suspiria
1458 2099 1725 2168 paululum

176 2190 430 2245 membra
469 2190 672 2245 defessa
704 2191 1009 2245 laberentur
1042 2192 1093 2243 in
1151 2180 1409 2253 somnum,
1463 2189 1592 2241 vidit
1632 2202 1727 2254 per

177 2280 443 2333 somnium
487 2280 764 2348 quemdam
808 2281 1141 2333 assistentem
1182 2287 1235 2332 et
1280 2278 1542 2332 dicentem
1583 2278 1722 2331 sibi:

178 2369 424 2436 Loquere
466 2384 587 2423 cum
614 2368 854 2438 Ludgero
883 2370 1145 2437 episcopo.
1192 2368 1261 2421 At
1306 2366 1410 2429 illa,
1442 2374 1499 2418 ut
1541 2374 1722 2433 postea

176 2472 401 2514 narrare
420 2456 639 2520 solebat,
675 2472 772 2511 nec
800 2458 1029 2526 graviter
1060 2457 1343 2518 dormiens,
1377 2470 1473 2508 nec
1496 2450 1727 2523 perfecte

177 2544 423 2611 vigilans,
452 2544 581 2597 vidit
598 2545 740 2597 illum
762 2552 989 2598 stantem
1010 2544 1075 2596 ad
1094 2545 1349 2596 orientem
1370 2557 1679 2596 conversum
1708 2561 1719 2593 :

176 2647 409 2700 cumque
422 2648 543 2685 eum
570 2633 762 2701 alloqui
788 2649 890 2686 non
910 2640 1266 2701 praesumeret,
1297 2630 1381 2686 ille
1404 2647 1557 2684 verso
1578 2632 1723 2685 vultu

175 2721 245 2774 ad
267 2736 385 2774 eam
414 2721 581 2787 inquit
606 2734 623 2772 ε
646 2720 864 2775 Probavi
890 2722 1195 2790 patientiam
1230 2730 1393 2783 tuam,
1415 2718 1721 2788 patientiam

177 2809 375 2862 habeto
398 2816 450 2862 et
475 2807 726 2863 Dominus
752 2811 960 2864 curabit
989 2819 1057 2863 te.
1085 2809 1350 2877 Completa
1374 2825 1498 2877 ergo
1523 2809 1724 2863 visione

175 2903 386 2948 tantum
414 2898 648 2972 vigorem
668 2900 870 2966 accepit
897 2914 1087 2967 corpus
1113 2899 1246 2966 ejus,
1290 2907 1349 2950 ut
1376 2913 1505 2965 pene
1551 2899 1616 2950 ab
1661 2913 1721 2951 ea

177 2984 456 3039 tolleretur
479 2986 729 3051 memoria
753 2987 945 3054 prioris
984 2986 1273 3059 molestiae;
1309 2996 1361 3039 ct
1395 2987 1534 3039 facto
1570 3002 1723 3042 mane

174 3072 299 3126 laeta
328 3074 577 3137 surrexit,
625 3089 848 3127 narrans
892 3074 1128 3128 ordinem
1169 3090 1277 3128 sua:
1306 3074 1719 3144 restaurationis.

174 3163 275 3217 Vir
300 3171 475 3217 autem
500 3162 614 3230 ejus
640 3170 693 3217 et
715 3162 807 3215 filii
830 3178 950 3216 cum
982 3160 1183 3217 familia
1228 3163 1611 3231 congaudentes
1632 3148 1723 3215 be-

175 3252 499 3306 nedixerunt
526 3225 718 3306 Deum.
745 3251 814 3304 At
833 3251 921 3306 illa
961 3251 1205 3320 deinceps
1234 3251 1287 3304 S.
1323 3225 1548 3320 Dudgeri
1592 3266 1719 3305 cou-
1748 3225 1793 3286 ε

176 3351 426 3398 sueverat
446 3356 563 3397 cum
594 3342 881 3411 gratiarum
926 3342 1131 3395 actione
1158 3342 1372 3394 visitare
1401 3341 1716 3409 sepulcrum,

173 3434 265 3487 cui
312 3432 475 3485 etiam
520 3431 750 3500 posthinc
798 3431 1085 3485 revelatum
1125 3438 1207 3483 est
1248 3428 1388 3497 quod
1418 3442 1570 3482 sacro
1615 3443 1719 3481 non

175 3532 326 3577 esset
349 3516 520 3575 abluta
542 3522 876 3589 baptismate,
900 3526 952 3574 et
979 3520 1210 3587 ejusdem
1232 3519 1566 3575 revelationis
1585 3519 1722 3571 veri-

175 3620 288 3665 tate
309 3619 576 3678 comperta
602 3611 848 3679 baptismi
871 3612 1100 3678 suscepit
1126 3612 1370 3678 gratiam.
1504 3662 1538 3691 ﬁ

244 3702 301 3754 3.
342 3699 491 3753 Alius
514 3695 728 3767 quidam
752 3698 1054 3753 Bertbricus
1078 3699 1286 3752 nomine
1307 3700 1360 3752 in
1386 3700 1569 3752 eodem
1585 3713 1720 3767 pago

171 3790 399 3843 colonus
424 3788 597 3857 lgonis
632 3788 797 3841 nostri
822 3788 1137 3857 presbyteri,
1185 3796 1238 3841 et
1260 3788 1457 3842 alumni
1499 3788 1554 3842 S.
1582 3788 1719 3842 Lud-

172 3877 315 3947 geri,
345 3875 507 3931 filiam
556 3876 740 3934 habuit
783 3877 1222 3935 adolescentulam
1250 3877 1478 3948 paralysi
1528 3878 1719 3931 dolori-

172 3971 386 4036 busque
408 3968 729 4021 destitutam.
754 3966 853 4033 Qui
893 3982 1010 4021 cum
1044 3966 1237 4020 famam
1264 3968 1432 4021 sancti
1463 3967 1714 4028 audisset,

172 4074 268 4127 spe
297 4056 488 4127 puellae
508 4056 748 4111 sanitatis
790 4070 1043 4115 accensus
1086 4066 1294 4122 arrepto
1322 4057 1517 4109 itinere
1534 4058 1597 4109 ad
1629 4072 1715 4111 sa-'

154 4153 332 4202 'crum
358 4143 813 4212 illius'sepulcrum
837 4147 1124 4212 perducere
1149 4159 1265 4197 eam
1288 4142 1570 4198 festinavit.
1592 4146 1718 4210 Qui-

166 4237 277 4311 bus
306 4233 435 4287 illuc
484 4231 837 4301 pergentibus,
871 4232 1007 4285 dixit
1048 4231 1133 4283 illa
1162 4230 1311 4284 fratri
1345 4246 1458 4295 suo,
1489 4232 1577 4300 qui
1599 4246 1716 4285 eam

176 4332 302 4377 ante
332 4321 688 4389 seequitando
717 4321 769 4373 in
793 4335 919 4389 sago
947 4319 1164 4381 ferebaL
1197 4319 1395 4372 nullum
1423 4335 1479 4373 se
1509 4320 1560 4372 in
1602 4335 1717 4373 cor-

1823 2017 2004 2055 vorum
2030 2004 2081 2055 in
2108 2004 2320 2078 poplite,
2367 2008 2451 2060 ac'
2472 2006 2514 2061 si
2562 2007 2669 2061 illic
2697 2018 2961 2063 sarmenta
2993 2011 3129 2064 siCca
3161 2011 3367 2081 frange-

1825 2102 2023 2156 rentur,
2054 2100 2107 2147 et
2136 2096 2367 2149 surrexit
2387 2098 2636 2152 continuo
2660 2114 2840 2163 sanus,
2869 2100 2997 2153 nihil
3026 2100 3256 2154 sentiens
3278 2103 3367 2156 de-

1822 2180 2038 2235 bilitatis
2085 2182 2340 2250 pristinae,
2389 2185 2490 2238 sed
2526 2186 2766 2240 exultans
2812 2184 2917 2241 una
2953 2204 3071 2242 cum
3115 2188 3367 2243 fratribus

1824 2272 2088 2326 referebat
2114 2275 2220 2328 Deo
2246 2274 2445 2329 laudes.
2475 2276 2589 2344 lpse
2616 2288 2743 2331 vero
2774 2278 3018 2346 deinceps
3057 2278 3204 2344 juxta
3248 2293 3378 2333 ver--

1822 2364 1945 2417 bum
1993 2364 2090 2417 viri
2140 2364 2233 2417 Dei
2278 2366 2439 2419 vitam
2496 2382 2646 2421 suam
2689 2369 2897 2421 cautius
2942 2369 3209 2439 corrigere
3257 2380 3365 2424 stu-

1826 2454 1958 2506 duit.

1889 2542 1939 2594 5.
1982 2543 2157 2596 Puella
2189 2546 2425 2612 quaedam
2455 2548 2666 2600 nomine
2711 2546 2988 2601 Miniswith
3035 2532 3210 2601 lumen
3236 2550 3365 2601 ami-

1822 2639 1961 2684 serat
1986 2632 2277 2696 eculoruin,
2301 2642 2354 2687 et
2383 2634 2494 2688 sine
2518 2634 2713 2687 lumine
2736 2636 3002 2688 duodenos
3025 2651 3228 2689 menses
3245 2652 3366 2703 per-
3394 2688 3414 2701 ,

1823 2719 2032 2782 mansit,
2058 2729 2116 2771 ut
2140 2735 2239 2773 nec
2267 2706 2517 2774 extremae
2546 2720 2645 2774 frui
2675 2723 2875 2775 valeret
2921 2724 3155 2778 visionis.
3210 2724 3366 2777 i‘atcr

1820 2822 1945 2860 vero
1962 2815 2195 2860 etmater
2217 2804 2489 2862 audientes
2505 2809 2697 2863 famam
2722 2814 2889 2865 Sancti
2906 2812 3151 2882 Ludgeri,
3167 2824 3361 2879 quanta

1819 2915 1913 2967 per
1932 2914 2049 2952 cum
2074 2900 2269 2953 faceret
2294 2882 2544 2955 Dominus
2570 2902 2633 2954 ad
2656 2904 3066 2961 consolationem
3094 2905 3363 2960 infirman—

1788 3018 1791 3019 ν
1821 2989 1971 3049 tium,
1986 2997 2198 3055 peracto
2215 2988 2402 3042 itinere
2416 2993 2774 3057 perduxerunt
2794 3005 2908 3045 eam
2927 2994 2990 3047 ad
3013 2996 3362 3064 supradictam

1820 3076 2114 3137 ecclesiam,
2145 3077 2197 3127 in
2222 3092 2329 3142 qua
2355 3087 2567 3146 accepta
2592 3070 2801 3134 licentia
2830 3097 2932 3135 una
2953 3097 3070 3136 cum
3101 3099 3236 3138 cmca
3258 3084 3364 3139 filia

1825 3176 1943 3218 ante
1964 3167 2257 3234 sepulcrum
2274 3170 2468 3236 egregii
2482 3168 2797 3226 confessoris
2821 3172 2871 3223 in
2896 3174 3135 3229 oratione
3184 3184 3360 3228 trans-

1821 3272 1976 3326 egere
1998 3267 2203 3313 noctem
2229 3278 2240 3312 :
2276 3274 2427 3313 mane
2450 3270 2622 3314 autem
2652 3260 2791 3316 facto
2833 3263 2963 3317 dixit
2989 3278 3045 3317 se
3065 3264 3232 3331 puella
3251 3265 3371 3333 jam”

1821 3350 2059 3415 proprias
2078 3349 2257 3403 videre
2284 3363 2438 3417 posse
2460 3366 2648 3405 manus
2678 3369 2690 3403 :
2720 3362 2773 3406 et
2814 3353 2891 3407 sic
2914 3354 3165 3423 largiente
3188 3355 3363 3409 Domi-

1822 3452 1890 3490 no
1917 3438 2090 3491 lumen
2111 3438 2361 3503 paulatim
2391 3454 2631 3493 crescere
2655 3442 2833 3508 cmpit,
2860 3450 2921 3494 ut
2971 3451 3248 3511 antequam
3276 3449 3367 3495 do-

1821 3539 1960 3576 mum
2000 3525 2261 3589 rediisset,
2302 3525 2442 3580 clare
2474 3527 2651 3583 videre
2678 3506 2954 3597 potuisset,
3001 3506 3161 3599 atque
3204 3506 3269 3583 κ
3303 3547 3365 3585 ea

1819 3612 2034 3674 donum,
2060 3612 2198 3680 quod
2228 3623 2374 3667 caret
2400 3614 2666 3681 figmento,
2699 3625 2809 3671 tota
2822 3619 3109 3686 permansit
3132 3628 3305 3671 :etate.

1888 3700 1938 3754 6.
1974 3703 2088 3754 Alia
2142 3703 2567 3770 quoquepuella
2618 3718 2647 3756 a
2700 3705 2958 3758 daemonio
3008 3714 3154 3758 muto
3178 3715 3363 3759 vexata

1818 3791 2068 3855 perducta
2095 3798 2173 3843 est
2202 3792 2278 3849 ad.
2291 3801 2639 3845 memoratam
2660 3792 2957 3858 ecclesiam,
2984 3808 3140 3862 quam
3166 3809 3283 3846 mox
3308 3801 3363 3845 ut

1820 3879 2395 3947 ingressa.fuit-,statim
2420 3882 2489 3933 ab
2509 3895 2570 3959 ea
2590 3882 2807 3950 spiritus
2832 3882 3133 3936 immundus
3151 3882 3360 3936 absces-

1821 3966 1910 4030 sit,
1940 3974 1992 4017 et
2019 3967 2194 4023 locuta
2218 3976 2316 4029 est,
2346 3982 2461 4036 qua:
2491 3967 2663 4025 fuerat
2701 3977 2875 4033 muta;
2922 3970 3364 4037 interrogavitque

1821 4063 2040 4108 matrem
2062 4071 2247 4119 suam;
2274 4058 2537 4123 quomodo
2560 4057 2686 4111 illuc
2709 4059 3013 4111 adveniret?
3040 4059 3106 4111 Et
3131 4059 3268 4124 dixit
3305 4074 3364 4114 se

1821 4140 2009 4193 famem
2037 4143 2163 4209 pati.
2195 4143 2289 4195 Cui
2320 4158 2438 4196 cum
2470 4150 2640 4196 mater
2689 4145 3040 4198 miserabilem
3064 4145 3366 4214 passionem

1819 4242 1969 4284 suam
1996 4245 2058 4284 ex
2084 4230 2269 4284 ordine
2290 4230 2578 4294 retulisset,
2601 4234 2887 4300 prostravit
2916 4247 2972 4285 se
3022 4242 3142 4286 ante
3191 4233 3363 4301 sepul-

1816 4335 1962 4372 crum
1986 4319 2194 4373 athleue
2220 4319 2332 4383 Dei,
2362 4321 2559 4389 gratias
2601 4335 2762 4388 agens
2807 4321 3028 4374 Domino
3052 4320 3358 4385 Salvatori,

174 4427 309 4480 pore
332 4412 560 4464 sensisse
581 4409 833 4462 dolorem.
854 4408 1131 4467 Aedeinde
1151 4410 1716 4487 subjunxitzDeponite
1814 4408 1905 4475 qui
1934 4420 2027 4473 per
2054 4421 2263 4459 servum
2293 4421 2443 4459 suum
2475 4407 2539 4460 de
2565 4416 2670 4459 tam
2718 4408 2918 4462 crudeli
2950 4424 3065 4462 eam
3092 4412 3361 4473 contami-

174 4515 263 4554 me
288 4506 347 4552 et
367 4498 526 4551 sinite
541 4495 715 4564 abire;
744 4498 881 4563 quod
899 4512 1019 4551 cum
1039 4497 1302 4560 fecissent,
1321 4498 1562 4551 stetitilla
1586 4513 1714 4551 sano
1747 4528 1793 4585 υ
1820 4496 2030 4549 natione
2058 4495 2283 4549 liberare
2304 4496 2545 4566 dignatus
2578 4506 2689 4561 est;
2717 4508 2769 4554 et
2812 4494 3025 4567 accepta
3050 4502 3363 4569 poenitentia

174 4601 406 4657 corpore
431 4592 485 4639 et
507 4586 835 4650 ambulabat;
865 4592 919 4639 et
962 4586 1182 4640 exiliens
1221 4587 1473 4650 cucurrit,
1525 4586 1721 4659 gaude-

173 4680 379 4747 batque
398 4677 739 4729 vehementer
756 4676 809 4729 in
823 4675 1155 4729 ambulando.
1172 4676 1247 4727 Illi
1270 4690 1393 4728 vero
1414 4676 1525 4729 haec
1545 4677 1724 4729 viden-

176 4782 259 4822 tes
281 4764 715 4836 gloriilcaverunt
744 4765 930 4827 Deum,
970 4766 1438 4832 pervenientesque
1462 4766 1527 4819 ad
1553 4765 1724 4819 locum

176 4856 486 4927 prmfatum,
517 4860 859 4905 narraverunt
881 4852 1129 4905 miracula
1178 4867 1292 4919 quie
1321 4862 1465 4920 gesta
1493 4859 1643 4905 erant
1672 4853 1723 4904 in

177 4949 286 5007 via,
320 4943 482 4998 simul
527 4942 863 4996 ostendentes
892 4942 1030 4993 illam
1061 4942 1255 4994 nullam
1278 4942 1508 4994 laisionis
1528 4943 1727 4993 halzen-

180 5044 287 5087 tem
318 5017 605 5084 maculam.
631 5029 1001 5096 Completaqne
1039 5029 1275 5080 oratione
1327 5044 1388 5080 ac
1438 5028 1723 5092 gratiarum

178 5122 397 5177 actione
419 5132 539 5170 cum
570 5117 759 5184 gaudio
784 5117 1051 5171 redierunt
1074 5117 1137 5169 ad
1158 5116 1388 5183 propria.

250 5210 307 5263 Δ.
350 5207 575 5263 Cuidam
602 5215 783 5259 nostro
802 5206 1021 5260 diacono
1059 5208 1316 5260 monacho
1340 5205 1531 5259 accidit
1565 5204 1727 5258 Hildi-

183 5299 316 5351 rado
346 5295 583 5358 nomine,
612 5294 735 5347 dum
764 5294 934 5347 adhuc
964 5294 1014 5346 in
1055 5295 1239 5347 eodem
1280 5293 1599 5346 monasterio
1627 5294 1725 5345 viri

184 5388 278 5441 Dei
326 5382 681 5439 scholasticus
721 5391 879 5461 esset,
910 5382 1044 5435 utin
1083 5383 1231 5450 longa
1258 5383 1565 5451 aegritudine
1601 5397 1725 5435 con-

186 5474 379 5528 tractis
405 5471 586 5529 nervis
608 5470 909 5539 popliteque
931 5480 1165 5534 curvato,
1185 5469 1311 5539 ejus
1331 5471 1455 5524 tibia
1476 5471 1724 5539 jungere-

188 5573 274 5615 tnr
300 5560 515 5620 femori,
544 5568 597 5611 et
628 5566 745 5626 post
780 5557 986 5628 longam
1015 5558 1369 5628 fatigationem
1408 5569 1591 5612 sanato
1612 5574 1726 5612 cor-

187 5664 319 5716 pure
370 5646 577 5714 reliquo
603 5646 710 5714 ipsa
743 5646 885 5710 tibia,
913 5656 968 5699 ut
1001 5648 1183 5709 fuerat,
1213 5656 1424 5700 curvata
1454 5646 1720 5699 remansit.

193 5738 456 5795 Ctebatur
503 5735 640 5787 enim
690 5749 784 5803 pro
823 5738 961 5789 eain
1006 5737 1312 5790 ambulando
1348 5738 1722 5791 sns‘tentatione

1822 4600 1918 4652 pro
1940 4585 2071 4639 actis
2098 4586 2207 4640 suis
2234 4585 2363 4638 abiit
2392 4585 2687 4651 incolumis.

1890 4675 1939 4727 7.
1974 4675 2203 4743 Contigit
2251 4676 2410 4742 igitur
2451 4675 2698 4741 juvenem
2747 4681 3358 4746 quemdam,Heliduvin

1820 4764 2049 4825 nomine,
2067 4762 2327 4833 paralysin
2355 4763 2643 4828 incurrere,
2673 4774 2725 4819 et
2749 4767 2935 4820 diebus
2978 4768 3175 4831 multis,
3201 4771 3361 4824 desti-

1824 4857 1937 4903 tuto
1964 4851 2197 4904 omnium
2227 4852 2578 4906 membrorum
2613 4851 2801 4914 otlicio,
2852 4853 2988 4908 lecto
3034 4854 3361 4919 incumbere,

1822 4939 1971 5006 cujus
1992 4939 2120 4991 tibia
2143 4938 2355 4991 sinistra
2381 4948 2650 4993 contracta
2672 4939 2893 4997 adhaesit
2919 4941 3133 5007 femori,
3160 4953 3212 4996 et
3232 4946 3367 4999 bra-

1822 5030 1997 5082 ehium
2022 5029 2261 5081 dextrum
2285 5027 2527 5081 similiter
2548 5038 2872 5085 contractum
2897 5032 3139 5100 abriguit.
3157 5031 3355 5087 Caetera

1821 5130 1947 5168 vero
1972 5115 2225 5175 membra,
2259 5123 2316 5167 ut
2358 5116 2713 5183 praediximus,
2758 5118 2856 5170 sibi
2885 5117 3089 5172 inutilia
3114 5134 3357 5179 remane-

1822 5203 1965 5262 bant,
1989 5201 2077 5254 sed
2101 5210 2153 5253 et
2173 5216 2291 5255 cum
2326 5202 2615 5259 emissione
2641 5203 2958 5258 miserabilis
3001 5206 3136 5268 soni,
3171 5206 3357 5260 indicis

1822 5290 2035 5351 doloris,
2058 5287 2200 5343 foras
2222 5288 2394 5343 efferri
2422 5288 2637 5343 solebat.
2664 5289 2899 5359 Cumque
2936 5292 3023 5355 diu
3076 5292 3186 5345 hinc
3211 5301 3359 5361 pate-

1822 5387 1984 5439 retur,
2013 5379 2096 5432 die
2127 5380 2349 5446 quadam
2374 5393 2607 5433 sororem
2627 5395 2800 5443 suam,
2855 5394 2971 5446 qua:
3014 5396 3123 5449 prie
3150 5384 3356 5437 caeteris

1823 5466 1935 5533 ejus
1965 5468 2384 5536 compatiebatur
2430 5464 2714 5531 doloribus,
2757 5465 2945 5523 affatus
2991 5477 3074 5525 est
3124 5469 3349 5522 dicens:

1820 5554 2009 5608 Audivi
2039 5558 2101 5608 de
2122 5554 2582 5623 sanct01.udgero,
2624 5555 2849 5623 qualiter
2881 5570 2975 5631 per
3026 5557 3169 5608 illum
3217 5555 3353 5607 Dens

1822 5640 2205 5704 infirmantibus
2258 5642 2509 5695 sanitates
2552 5650 2802 5712 praestare
2854 5642 3097 5711 dignatus
3147 5649 3245 5705 est,
3299 5642 3351 5694 in

1821 5732 1953 5795 101:0,
1985 5731 2071 5785 ubi
2098 5739 2276 5784 saneta
2304 5728 2415 5798 ejus
2464 5730 2696 5783 membra
2740 5729 2987 5785 tumulata
3034 5729 3349 5800 quiesumt:
