4110 6434
651 426 747 480 781

1590 412 1677 463 AD
1717 412 1778 464 S.
1811 410 2103 464 LCDGERI
2143 408 2419 461 SCRIPTA
2461 408 2816 460 APPENDlX.

3468 121 3988 263 ,τη-ψ

3716 409 3817 463 788

649 528 727 580 αις
753 534 909 578 eumn
932 538 1015 576 me
1041 521 1183 574 foras
1208 518 1356 581 ferri,
1384 525 1440 570 et
1470 525 1651 569 contra
1687 515 1824 566 viam
1875 502 1993 582 Quae
2035 512 2177 565 ducit
2206 517 2251 570 Α
2282 520 2403 563 runt
2444 522 2628 563 contra
2655 512 2791 563 viam
2825 526 2940 578 quae
2975 512 3117 565 ducit
3160 514 3227 567 ad
3268 515 3580 576 ecclesiam,
3622 515 3676 568 in
3712 530 3816 583 qua

644 615 785 675 illuc.
828 612 972 680 poni,
1025 619 1083 663 ut
1131 624 1214 663 me
1245 616 1459 661 voveam
1500 607 1574 658 illi
1608 605 1942 666 serviturum,
1981 604 2025 657 si
2065 600 2178 667 ejus

642 699 843 754 meritis
884 697 1167 750 sanitatem
1210 694 1337 747 mihi
1389 692 1643 746 Dominus
1691 692 1889 745 donare
1934 691 2182 760 dignatus

641 788 815 842 fuerit.
833 786 982 851 Quod
1006 801 1127 840 eum
1154 783 1348 838 factum
1375 782 1579 845 fuisset,
1603 782 1782 837 statim
1807 783 1857 834 in
1887 782 1997 849 ipsa
2026 790 2178 835 nocte

638 884 917 945 przestante
946 875 1120 927 divina
1144 874 1331 941 gratia,
1361 871 1558 939 quievit
1581 870 1729 923 dolor
1775 868 1907 935 ejus,
1938 870 2179 922 restituta

639 972 761 1020 sunt
783 965 833 1018 ei
860 964 1035 1017 omnia
1058 962 1297 1031 corporis
1336 960 1525 1021 cilicia,
1574 966 1766 1025 praeter
1791 972 1949 1010 unam
1974 959 2176 1020 tibiam,

638 1068 754 1121 qua:
778 1052 851 1105 ita
886 1050 1199 1121 permansit,
1246 1056 1304 1100 ut
1328 1054 1442 1099 erat
1465 1054 1751 1099 contracta.
1779 1045 1996 1098 Peracta
2021 1046 2180 1114 igitur

639 1141 933 1210 gratiarum
975 1138 1181 1192 actione
1221 1134 1425 1203 rogavit
1472 1132 1738 1185 dominum
1788 1147 1983 1195 suum;
2015 1139 2073 1183 ut
2114 1131 2177 1183 ad

640 1238 987 1283 memoratum
1024 1239 1081 1279 se
1106 1224 1279 1279 locum
1299 1223 1511 1291 perduci
1534 1220 1760 1288 juberet.
1802 1220 2179 1274 Dissimulante

640 1325 816 1370 autem
836 1315 948 1378 illo,
972 1314 1018 1367 is
1038 1327 1197 1380 quem
1210 1311 1493 1365 necessitas
1520 1309 1749 1378 regebat,
1766 1308 1951 1362 baculo
1969 1316 2181 1376 regente

641 1402 813 1458 debile
837 1401 976 1455 latus
996 1400 1252 1468 corporis,
1276 1400 1514 1467 pervenit
1541 1398 1607 1451 ad
1647 1397 1944 1466 sepulcrum
1973 1412 2179 1465 prteno—

642 1493 913 1547 minatum.
944 1489 1178 1544 Peractis
1201 1504 1327 1558 ergo
1370 1488 1441 1541 ibi
1482 1488 1726 1541 noctibus
1750 1487 1980 1554 quinque
2003 1500 2184 1553 super-

645 1580 785 1633 venit
808 1577 1115 1632 solemnitas
1154 1576 1387 1645 ejusdem
1416 1574 1472 1627 S.
1502 1573 1746 1643 Ludgeri.
1778 1572 2012 1640 Cumque
2040 1574 2091 1624 in
2121 1587 2182 1625 ea

642 1666 866 1735 porticu,
897 1681 1014 1735 qua:
1042 1672 1125 1719 est
1148 1672 1284 1718 ante
1309 1661 1542 1716 basilica:
1582 1659 1819 1727 januam,
1869 1659 2003 1712 infra
2027 1673 2183 1726 quam

640 1756 812 1810 sancti
829 1754 1119 1809 sacerdotis
1142 1752 1440 1821 sepulcrum
1462 1758 1758 1818 susceptum
1780 1758 1882 1811 est,
1900 1749 2008 1816 ipsa
2034 1758 2185 1802 nocte

2277 598 2416 651 idem
2442 598 2645 652 Domini
2675 599 2921 652 sacerdos
2955 614 3176 669 corpore
3209 610 3429 668 pausat,
3469 602 3816 655 devoverent.

2275 704 2378 755 que
2407 704 2462 740 se
2491 688 2635 740 illum
2670 687 2733 740 ad
2769 688 2893 741 illud
2922 703 3131 742 sacrum
3178 691 3476 759 sepulcrum
3517 707 3636 745 cum
3674 691 3816 746 ohla-

2278 778 2506 831 tionibus
2559 778 2898 838 aJduetums.
2965 776 3074 832 liae
3117 779 3296 848 itaque
3338 780 3621 848 sponsione
3673 780 3813 833 facta

2276 866 2499 934 ingressi
2537 873 2659 918 sunt
2691 865 2937 928 domum,
2973 874 3026 919 et
3054 880 3177 920 ecce
3212 867 3387 921 subito
3416 883 3549 935 puer
3584 866 3666 920 ille
3707 877 3814 921 ter-

2276 954 2344 1006 sit
2372 953 2578 1005 oculum
2613 942 2881 1014 dextrum,
2907 962 2959 1005 et
2996 962 3179 1022 aperto
3210 969 3273 1007 eo
3303 955 3481 1009 statim
3508 956 3686 1008 videre
3719 970 3818 1024 po-

2279 1042 2397 1103 tuit;
2440 1042 2588 1094 tersit
2616 1041 2840 1094 alterum
2857 1081 2873 1105 ,
2909 1049 2963 1096 et
2993 1042 3235 1095 similiter
3258 1057 3323 1098 eo
3346 1050 3584 1095 reserato
3606 1042 3817 1108 accepit

2275 1128 2477 1191 visum,
2534 1127 2939 1195 exclamansque
2982 1143 3105 1183 cum
3146 1129 3337 1197 gaudio
3389 1129 3524 1182 dixit
3568 1144 3625 1182 se
3665 1128 3819 1182 clare

2275 1231 2428 1283 posse
2453 1216 2651 1270 videre.
2688 1216 2803 1282 Quo
2829 1218 3008 1286 agnito
3042 1226 3293 1283 parentes
3324 1217 3437 1285 ejus
3465 1231 3583 1269 cum
3612 1215 3817 1269 familia

2277 1305 2533 1359 immenso
2559 1304 2740 1373 repleti
2769 1315 2891 1359 sunt
2913 1306 3123 1374 gaudio,
3147 1313 3200 1359 et
3222 1299 3605 1359 benedixerunt
3622 1306 3817 1370 Deum,

2277 1393 2367 1460 qui
2393 1393 2494 1461 per'
2510 1408 2721 1446 servum
2762 1407 2913 1446 suum
2958 1401 3062 1445 tam
3110 1393 3284 1445 subito
3327 1393 3603 1445 sanitatem
3646 1406 3822 1459 puero

2278 1489 2530 1549 przestare
2570 1481 2813 1549 dignatus
2853 1490 2952 1534 est.
2992 1478 3094 1533 Sed
3118 1488 3172 1533 et
3197 1479 3453 1547 promissa
3491 1476 3820 1545 complentes

2278 1569 2341 1621 ad
2374 1577 2715 1622 memoratam
2741 1568 3017 1621 ecclesiam
3044 1566 3403 1635 perduxerunt
3423 1580 3570 1626 eum,
3610 1573 3664 1618 et
3692 1580 3817 1618 cum

2279 1665 2401 1711 vnto
2444 1655 2808 1724 gratulationis
2845 1655 3251 1724 designaverunt
3294 1653 3440 1707 illum
3482 1651 3619 1706 nulla
3667 1657 3816 1721 signa

2281 1745 2509 1799 lmsionis
2536 1744 2587 1796 in
2613 1744 2779 1797 oculis
2805 1744 3103 1796 habentem.

642 1844 881 1898 membra
917 1843 1103 1911 sopori
1139 1842 1385 1903 dedisset,
1407 1840 1454 1894 ei
1489 1855 1586 1908 per
1619 1840 1788 1892 visum
1818 1840 1954 1893 idem
1980 1838 2061 1890 vir
2089 1834 2181 1890 Dei
2213 1821 2257 1881 Β
2350 1833 2433 1884 Η.
2466 1832 2797 1902 Oﬂ'erehatur
2815 1839 2990 1885 autem
3011 1831 3180 1900 puella
3199 1830 3455 1900 quaedam,
3478 1845 3636 1898 quam
3661 1830 3816 1897 longa

640 1934 923 1988 comitatus
946 1947 1135 2001 magno
1166 1931 1359 1984 lumine
1385 1937 1542 1999 atque
1570 1928 1883 1983 clericorum
1910 1928 2181 1997 obsequio,

641 2023 900 2091 apparuit,
926 2021 1201 2091 tetigitque
1222 2018 1459 2075 membra
1483 2017 1638 2080 illius,
1664 2027 1717 2071 et
1740 2016 2011 2079 abscessit,
2043 2030 2104 2068 eo
2133 2017 2184 2069 in

646 2124 834 2180 separe
869 2111 1073 2164 relicto.
1107 2107 1228 2174 Qui,
1257 2109 1379 2162 dum
1404 2108 1551 2177 signa
1583 2106 1645 2160 ad
1672 2115 1957 2159 nocturnas
1980 2104 2188 2172 vigilias

642 2199 1039 2268 erpergefactus
1076 2200 1336 2262 audisset,
1390 2197 1621 2251 surrexit
1672 2211 1851 2258 sanus,
1905 2203 1959 2246 et
1994 2194 2185 2246 oblitus

640 2288 832 2350 baculi,
860 2288 1157 2356 priorisque
1202 2285 1504 2346 debilitatis,
1563 2283 1779 2335 intravit
1824 2296 1945 2335 cum
1992 2280 2106 2333 aliis
2132 2281 2182 2333 in

640 2375 892 2443 templum
918 2364 1144 2428 latus'et
1175 2373 1467 2426 incolumis.
1483 2372 1731 2426 Oratione
1757 2379 1931 2423 autem
1957 2368 2094 2422 facta
2119 2369 2181 2422 ad

643 2477 737 2517 eor
784 2463 992 2515 rediens
1034 2461 1271 2514 narravit
1315 2460 1489 2513 omnia
1532 2474 1648 2526 quae
1695 2458 1835 2510 circa
1880 2470 1935 2509 se
1978 2454 2186 2507 fuerant

637 2563 808 2624 gesta,
834 2564 889 2608 et
913 2562 1122 2623 peracta
1143 2552 1495 2607 celebratione
1514 2549 1690 2617 Operis
1713 2545 1919 2599 Domini
1942 2558 2183 2611 egressus

636 2651 741 2703 est,
763 2642 1112 2708 baculumque
1155 2654 1307 2691 suum
1342 2640 1392 2690 in
1423 2638 1658 2704 ingressu
1684 2634 1916 2701 ejusdem
1955 2631 2185 2704 basilicae

636 2731 696 2784 in
721 2730 857 2793 loco,
879 2728 968 2781 ubi
992 2728 1165 2781 fuerat
1194 2734 1426 2787 sanatus,
1459 2723 1629 2777 infixit
1659 2738 1756 2791 pro
1781 2722 1930 2790 signo
1954 2719 2183 2773 curatio-

616 2821 741 2884 pnis,
762 2835 860 2874 nec
884 2819 1161 2873 immemor
1184 2818 1290 2870 voti
1318 2815 1510 2885 prioris
1532 2814 1754 2867 redemit
1774 2826 1829 2865 se
1853 2827 1882 2863 a
1906 2808 2180 2877 temporali

636 2910 852 2964 domino
872 2923 987 2969 suo,
1014 2915 1067 2960 et
1094 2915 1271 2959 votum
1298 2904 1565 2959 servitutis
1592 2900 1846 2968 implevit.

708 2998 763 3053 8.
796 2995 1045 3061 Quadam
1072 3004 1241 3047 autem
1279 2992 1471 3044 femina
1511 2988 1578 3043 ad
1628 2989 1870 3041 eumdem
1900 2986 2071 3038 locum
2119 2985 2182 3038 de

639 3087 866 3141 Saxonia
896 3098 1033 3138 etcca
1055 3083 1306 3151 perducta
1329 3088 1428 3133 est.
1455 3079 1688 3145 Cumque
1737 3091 1913 3130 coram
1943 3074 2181 3143 sepulcro

2279 1920 2532 1989 aegritudo
2556 1920 2941 1986 continuusque
2979 1917 3127 1971 dolor
3162 1917 3504 1985 paralyticam
3541 1915 3779 1969 fecerant
3800 1955 3817 1975 .

2279 2024 2394 2076 qua:
2417 2009 2576 2061 etiam
2603 2008 2836 2061 brachiis
2860 2008 3107 2060 continue
3131 2012 3287 2073 caput
3311 2004 3672 2073 constringere
3692 2019 3819 2055 con-

2279 2102 2550 2158 sueverat,
2587 2094 2671 2147 cui
2699 2093 2962 2147 maximus
2987 2093 3297 2147 incubuerat
3323 2091 3493 2154 dolor,
3536 2092 3608 2143 ita
3654 2098 3713 2143 ut
3750 2091 3823 2143 de

2277 2181 2495 2235 cerebro
2520 2195 2680 2235 sonus
2703 2180 2853 2249 quasi
2879 2180 3062 2233 sibilus
3084 2179 3339 2248 potuisset
3360 2178 3552 2231 audiri.
3578 2177 3819 2245 Cumque

2278 2266 2329 2319 in
2355 2275 2538 2336 crypta
2580 2282 2711 2320 nova
2751 2266 2976 2320 necdum
3002 2274 3214 2334 peracta
3252 2266 3316 2318 ad
3353 2264 3653 2333 sepulcrum
3678 2262 3826 2317 Lud-

2278 2357 2389 2423 geri
2417 2357 2579 2408 Deum
2606 2364 2853 2423 rogatura
2882 2355 3249 2423 deponeretur,
3280 2353 3415 2406 mira
3442 2352 3821 2420 omnipotentis

2278 2442 2369 2495 Dei
2397 2443 2587 2511 gratia,
2619 2443 2850 2496 surrexit
2874 2436 3122 2495 continuo
3149 2449 3333 2495 curata
3360 2440 3427 2494 ab
3453 2440 3598 2495 omni
3626 2439 3821 2492 debili-

2279 2541 2386 2586 tate
2413 2534 2668 2600 eorporis,
2698 2540 2752 2586 et
2773 2532 3091 2585 benedicens
3114 2529 3278 2583 Deum
3304 2530 3431 2582 abiit
3455 2527 3749 2582 incolumis.

2346 2621 2429 2673 42.
2470 2621 2701 2689 Contigit
2738 2620 2944 2673 cuidam
2979 2618 3091 2671 viro
3128 2619 3192 2671 de
3220 2617 3448 2670 Saxonia
3487 2618 3540 2669 in
3575 2616 3692 2671 loco
3723 2617 3819 2683 qui

2278 2710 2472 2764 dicitur
2502 2709 2792 2762 Yuertbina
2822 2705 2964 2777 [Αηι.
3011 2715 3057 2758 et
3098 2706 3249 2767 Ben.,
3288 2704 3528 2776 Werina]
3555 2745 3570 2765 ,
3618 2712 3679 2756 ut
3721 2719 3822 2772 per

2279 2796 2620 2851 tentationem
2648 2794 2797 2848 ﬁeret
2819 2795 3034 2855 surdus,
3076 2794 3147 2846 ita
3176 2801 3234 2845 ut
3261 2791 3458 2845 nullum
3486 2791 3704 2844 omnino
3730 2807 3821 2844 so-

2280 2897 2403 2934 num
2442 2881 2657 2934 auribus
2683 2887 2914 2948 caperet.
2961 2877 3061 2943 Qui
3096 2892 3213 2932 cum
3250 2877 3339 2930 diu
3376 2876 3614 2930 funditus
3648 2875 3821 2941 ofﬁcio

2280 2964 2484 3023 careret
2514 2968 2717 3022 aurium
2736 3008 2749 3030 ,
2791 2967 3124 3035 tandemspe
3152 2965 3569 3032 recuperationis
3597 2965 3818 3025 ductus,

2282 3056 2519 3125 pervenit
2547 3055 2613 3107 ad
2636 3054 2937 3123 sepulcrum
2962 3052 3052 3106 Dei
3088 3051 3268 3105 famuli
3298 3049 3552 3118 Ludgeri;
3594 3064 3822 3117 cumque

640 3124 866 3141 ww"...
897 3124 1033 3138 ...νη
1058 3124 1306 3151 remus...
1331 3124 1428 3133 νυ-.
1461 3124 1687 3145 πων-
1741 3124 1913 3130 --__-_
1944 3124 2065 3143 --Γ
2101 3124 2114 3126 _
2159 3124 2169 3126 ἡ

640 3174 733 3228 Dci
767 3172 965 3233 famuli,
1004 3171 1279 3225 missarum
1337 3166 1587 3220 solemnia
1639 3172 1935 3232 agerentur,
1966 3162 2018 3213 in
2046 3161 2176 3213 hora

2280 3124 2425 3211 signa
2464 3142 2529 3194 ad
2563 3150 2845 3194 nocturnas
2867 3140 3071 3209 vigilias
3097 3144 3377 3200 sonarent,
3415 3138 3591 3217 subito
3624 3146 3822 3206 aperta

637 3260 953 3330 evangelicae
979 3257 1217 3310 lectionis
1236 3264 1448 3321 repente
1465 3253 1638 3303 lumen
1664 3250 1884 3317 accepit,
1902 3256 1953 3300 et
1967 3255 2178 3316 peracta

638 3349 927 3421 gratiarum
952 3346 1156 3400 actione
1179 3342 1452 3396 incolumis
1472 3341 1535 3392 ad
1558 3338 1768 3407 propria
1799 3337 1969 3390 rediit.

706 3441 758 3493 9.
798 3436 1019 3502 Quidam
1056 3432 1265 3503 juvenis
1307 3431 1360 3482 in
1403 3429 1581 3482 Fresia
1625 3427 1835 3479 nomine
1875 3424 2061 3476 Osbrat
2089 3461 2102 3483 ,
2150 3435 2179 3472 a

637 3512 897 3582 dmnﬁnio
929 3532 1075 3578 mulo
1102 3528 1344 3581 vexatus,
1374 3532 1469 3586 per
1506 3513 1737 3583 singulas
1760 3510 2010 3564 ecclesias
2035 3525 2064 3561 a
2090 3522 2182 3575 pa-

642 3626 723 3668 tre
748 3628 842 3667 suo
869 3610 1121 3666 deductus
1145 3614 1251 3668 est,
1298 3612 1354 3658 ut
1392 3602 1567 3657 curari
1605 3600 1878 3667 potuisset.
1929 3595 2031 3648 Sed
2061 3610 2183 3648 cum

639 3703 693 3755 in
724 3698 863 3753 nuila
889 3694 1275 3751 earum‘curari
1307 3690 1594 3759 potuisset,
1641 3687 1851 3738 tandem
1891 3692 2039 3750 pater
2066 3684 2181 3749 ejus

637 3785 845 3840 ecelitus
893 3783 1181 3850 inspiratus
1230 3786 1443 3846 peracto
1490 3774 1646 3841 longo
1697 3772 1887 3824 itinere
1937 3768 2182 3837 perduxit

639 3887 761 3927 eum
786 3871 851 3924 ad
878 3874 1224 3922 memoratam
1252 3863 1531 3919 ecclesiam
1548 3901 1562 3925 ,
1592 3868 1646 3915 et
1669 3867 1882 3926 accepta
1908 3857 2117 3909 licentia
2151 3870 2180 3907 a

642 3948 948 4016 custodibus
988 3964 1110 4011 ante
1144 3953 1450 4022 sepulcrum
1477 3948 1769 4004 sacerdotis
1819 3944 2014 3999 Christi
2043 3941 2181 3995 Lud-

644 4051 755 4122 geri
775 4058 1032 4103 nocturno
1052 4052 1287 4110 tempore
1308 4042 1360 4094 in
1382 4038 1616 4093 oratione
1636 4034 1939 4103 persistens,
1955 4032 2183 4085 habebat

642 4116 821 4194 secum
847 4134 1089 4187 eumdem
1130 4130 1293 4182 filium
1330 4142 1485 4181 sensu
1520 4132 1575 4178 et
1599 4138 1727 4177 voee
1752 4128 2039 4175 carentem.
2084 4116 2181 4169 Cui

643 4240 738 4293 per
761 4218 1177 4276 misericordiam
1205 4214 1298 4269 Dei
1326 4216 1561 4269 dmmone
1600 4210 1818 4279 expulso
1856 4210 2059 4275 integra
2098 4219 2182 4259 sa-

644 4314 784 4364 nitas
804 4308 975 4362 fuerat
994 4319 1243 4361 concessa
1259 4299 1480 4370 loquela:
1504 4307 1559 4354 et
1579 4313 1781 4353 sensus.
1815 4296 1920 4350 Sed
1939 4304 1994 4349 et
2012 4295 2181 4349 vicina

646 4396 879 4463 ejusdem
905 4393 1117 4448 Osberti
1143 4431 1159 4454 ,
1203 4405 1319 4459 qua:
1362 4395 1479 4442 erat
1513 4385 1823 4454 paralytica,
1849 4383 1915 4436 ad
1941 4381 2180 4435 eamdem

645 4482 921 4538 ecclesiam
960 4479 1212 4549 perducta
1248 4484 1367 4539 est,
1413 4482 1466 4526 et
1500 4480 1713 4541 accepta
1749 4472 1996 4526 continuo
2033 4469 2182 4537 plena

652 4568 1033 4624 restauratione
1081 4565 1311 4634 propriis
1357 4562 1625 4631 gressibus
1674 4559 1931 4613 remeavit
1980 4559 2047 4612 ad
2091 4571 2187 4624 pa-

652 4660 840 4722 triam,
881 4657 1081 4726 gratias
1116 4667 1275 4721 agens
1310 4649 1535 4705 salvanti
1562 4648 1804 4710 Domino,
1833 4647 1921 4714 qui
1950 4660 2046 4713 per
2074 4659 2187 4697 ser-

654 4760 774 4799 vum
804 4759 955 4799 suum
985 4743 1098 4811 ejus
1135 4753 1327 4807 corpus
1367 4738 1677 4790 cunctorum
1718 4735 2075 4788 membrorum
2109 4730 2191 4785 of—

652 4835 771 4889 iieio
789 4832 1093 4887 destitutum
1115 4822 1226 4881 tam
1236 4826 1487 4880 velociter
1505 4831 1805 4876 restaurare
1825 4821 2071 4887 dignatus
2089 4825 2189 4870 est-

718 4923 807 4976 10.
842 4921 1008 4991 igitur
1034 4920 1084 4972 in
1114 4918 1246 4986 pago
1270 4915 1527 4968 Borathra
1554 4912 1769 4967 colonus
1792 4909 2004 4978 quidam
2030 4906 2189 4959 Follit

652 5011 809 5081 (Ant.
859 5017 906 5061 et
952 5007 1103 5068 Ben.,
1156 5000 1425 5069 Folcbad)
1479 5000 1728 5061 nomine,
1786 4996 1951 5050 filium
2004 4991 2189 5081 habuit

649 5078 849 5154 caecum
906 5093 1116 5148 nomine
1165 5088 1521 5149 Gerbaldum,
1572 5087 1661 5154 qui
1707 5085 1833 5145 dum
1879 5096 1976 5151 per
2022 5078 2187 5133 multa

653 5199 803 5240 saera
840 5184 957 5237 loca
992 5180 1278 5242 deductus,
1321 5176 1517 5231 nullam
1561 5173 1817 5227 medelam
1862 5170 2187 5236 susciperet,

655 5275 741 5343 pio
779 5272 994 5325 domino
1039 5267 1321 5334 instigante
1379 5266 1589 5319 demum
1642 5261 1698 5315 S.
1755 5258 1981 5327 Ludgeri
2049 5256 2188 5308 fama

655 5360 721 5414 ad
752 5358 1057 5412 memoriam
1082 5356 1252 5417 venit;
1293 5354 1540 5407 continuo
1566 5359 1814 5420 parentes
1858 5348 1996 5403 illius
2039 5345 2187 5415 pueri

657 5462 748 5514 spe
793 5444 1116 5517 gaudentes,
1172 5444 1436 5497 duxerunt
1476 5454 1597 5494 eum
1646 5438 1823 5499 foras,
1887 5443 1941 5489 et
1988 5440 2185 5487 statue-

2214 4431 2262 4489 D

2276 3240 2400 3285 sunt
2425 3245 2581 3284 aures
2603 3230 2736 3299 ejus,
2761 3238 2815 3282 et
2837 3229 2969 3283 dixit
3008 3245 3066 3284 se
3099 3236 3278 3297 aperte
3304 3242 3493 3282 sonum
3517 3228 3822 3281 cloeearum

2277 3319 2459 3373 audire
2485 3333 2656 3385 posse,
2687 3318 3076 3385 monachosque
3106 3316 3409 3385 psallentes.
3454 3316 3521 3369 Et
3546 3317 3619 3369 ita
3649 3317 3823 3370 conti-

2278 3424 2381 3460 nuo
2428 3417 2672 3474 percepta
2716 3407 3097 3459 restauratione
3125 3394 3367 3468 auditus,
3418 3403 3575 3457 rediit
3605 3403 3827 3456 domum

2279 3495 2622 3562 magniﬁcans
2651 3494 2834 3545 Deum.

2347 3590 2427 3641 15.
2468 3587 2761 3654 Aliquando
2788 3586 3141 3653 etiam‘ipsam
3174 3584 3470 3648 ecclesiam,
3500 3582 3638 3636 infra
3664 3598 3821 3650 quam

2278 3674 2575 3740 sepulcrum
2595 3673 2828 3740 ejusdem
2850 3672 2943 3725 Dei
2963 3671 3140 3724 famuli
3164 3680 3426 3739 receptum
3446 3680 3549 3733 est,
3562 3674 3825 3724 nocturno

2280 3768 2514 3826 tempore
2534 3758 2777 3811 columna
2800 3757 2934 3810 lucis
2949 3755 3231 3810 obtinendo
3253 3758 3506 3825 protexit,
3545 3763 3603 3810 et
3631 3757 3698 3809 ad
3713 3770 3825 3808 ea.»

2278 3848 2386 3901 tum
2433 3860 2598 3915 usque
2643 3852 2887 3915 porrecta
2938 3842 3067 3897 foris
3106 3830 3491 3897 excubantibus
3535 3842 3823 3911 conspicua

2278 3936 2480 3998 stabat;
2514 3935 2605 3987 sed
2632 3942 2687 3987 et
2712 3932 3007 3987 cloeearum
3032 3931 3137 3985 illic
3166 3931 3370 3985 sonitus
3394 3930 3705 4002 frequenter
3731 3942 3825 3980 au—

2279 4022 2538 4083 diebatur,
2581 4021 2808 4073 humana
2846 4032 2950 4071 non
2993 4025 3237 4087 tangente
3276 4032 3455 4082 manu,
3500 4017 3596 4071 sed
3636 4023 3825 4085 agente

2277 4107 2450 4176 potius
2475 4107 2773 4174 cognitione
2798 4106 3021 4160 Deitatis
3046 4119 3289 4159 arecana.

2348 4196 2432 4249 t4.
2473 4195 2655 4249 Caecus
2674 4195 2889 4264 quidam
2910 4206 2934 4233 ει
2953 4194 3019 4249 ad
3042 4193 3339 4262 sepulcrum
3361 4193 3455 4247 Dei
3482 4190 3665 4247 famuli
3684 4191 3827 4245 Lud-

2279 4283 2390 4351 geri
2419 4283 2705 4351 perductus
2732 4291 2842 4345 est,
2870 4283 2966 4349 tibi
2993 4283 3117 4338 dum
3140 4288 3438 4351 prostratus
3462 4288 3706 4343 orasset,
3734 4295 3824 4334 re-

2278 4379 2435 4441 pente
2465 4387 2495 4424 a
2523 4371 2745 4424 Domino
2774 4370 2949 4423 lumen
2975 4370 3195 4437 recepit.
3506 4412 3507 4417 η

2354 4458 2436 4510 15.
2477 4456 2625 4511 Alius
2651 4456 2864 4524 quidam
2893 4468 3066 4509 caecus
3105 4454 3316 4508 nomine
3353 4453 3713 4517 Riebbertus,
3757 4454 3822 4507 ad

2285 4546 2423 4600 idem
2449 4555 2688 4599 sanetum
2713 4545 3005 4611 sepulcrum
3032 4543 3286 4601 adductus
3311 4551 3409 4605 est,
3437 4542 3530 4596 sed
3555 4543 3664 4596 illic
3688 4544 3825 4596 αριθ-

2248 4631 2255 4635 ’
2287 4641 2417 4693 riter
2443 4637 2666 4693 Domino
2694 4637 2977 4689 miserante
3000 4634 3353 4695 illuminatus,
3396 4640 3451 4685 et
3494 4632 3604 4685 Deo
3626 4632 3821 4701 gratias

2287 4745 2467 4798 agens,
2496 4743 2656 4781 sanus
2680 4727 2743 4779 ad
2768 4725 2981 4793 prapria
3007 4723 3180 4777 rediit.

2361 4815 2444 4867 l6.
2484 4814 2770 4867 Monachus
2788 4820 2968 4865 noster
2990 4809 3200 4862 nomine
3217 4806 3541 4860 Adalvardus
3562 4805 3824 4858 allirmare

2284 4905 2417 4958 solet
2440 4918 2577 4965 rem,
2621 4916 2738 4969 quae
2769 4914 2833 4954 eo
2858 4908 3092 4966 tempore
3115 4904 3261 4967 gesta
3284 4906 3396 4958 est,
3439 4909 3543 4963 quo
3583 4894 3821 4950 custodia

2285 4992 2517 5059 ejusdem
2563 4988 2803 5043 ecclesia:
2851 4986 2907 5041 S.
2957 4985 3181 5053 Ludgeri
3231 4983 3329 5051 sibi
3377 4981 3580 5036 credita
3624 4979 3813 5035 fuerat.

2281 5079 2471 5132 Narrat
2498 5078 2637 5148 quod
2660 5074 2886 5144 quodam
2923 5072 3290 5142 tempore,,die
3321 5071 3815 5138 advesperascente,

2250 5206 2267 5219 .
2286 5186 2403 5224 cum
2436 5169 2502 5221 ad
2526 5168 2763 5221 eamdem
2792 5164 3069 5219 ecclesiam
3098 5162 3293 5223 lumen,
3314 5160 3453 5227 quod
3483 5158 3591 5211 illic
3616 5170 3821 5225 semper

2287 5258 2472 5309 ardere
2497 5255 2714 5314 solebat,
2744 5258 3132 5306 restauraturus
3158 5247 3452 5306 accederet,
3476 5243 3629 5310 juxta
3658 5245 3833 5321 ipsius

2290 5344 2521 5399 ecclesiae
2547 5341 2824 5410 angulum,
2863 5340 2951 5394 ubi
2989 5337 3212 5392 interius
3234 5334 3451 5394 lectulus
3479 5332 3595 5400 ejus
3621 5326 3824 5401 positus

2288 5431 2478 5494 fuerat,
2500 5429 2772 5497 antiquum
2797 5428 2998 5481 hostem
3023 5433 3248 5481 stantem
3270 5420 3491 5491 aspexit,
3515 5420 3669 5489 cujus
3691 5417 3823 5472 visio

726 5587 749 5615 ι
774 5574 1041 5643 Antvverp.
1102 5580 1153 5626 et
1211 5572 1397 5643 Bend.,
1459 5563 2128 5643 Caecus‘gm't‘iamnttominc
2174 5557 2387 5614 Eilwold
2410 5557 2472 5610 dc
2498 5558 2604 5611 loro
2629 5557 2714 5626 qui
2743 5564 2945 5609 vocatur
2969 5550 3200 5605 Amalolz.
3261 5550 3540 5602 Browerus
3564 5556 3742 5601 autem
3767 5544 3813 5597 ia

662 5643 894 5711 margine
918 5632 1065 5698 noiat
1092 5642 1231 5696 hunc
1253 5640 1427 5695 locum
1452 5638 1605 5706 vulgo
1630 5632 1855 5701 Atineluy
1882 5632 2004 5686 dici.
