4110 6432
165 476 269 530 789

1456 467 1627 521 ACTA
1654 464 1726 527 ,S.
1761 462 2079 520 LUDGERI.

3242 470 3342 522 τοι)

162 583 458 653 nigerrima
495 595 559 634 ac
595 581 863 633 teterrima
894 578 1007 630 fuit.
1053 576 1167 640 Quo
1194 578 1304 629 viso
1329 573 1576 643 praefatus
1602 588 1714 627 mo-
1743 576 1789 632 Α
1815 573 1905 640 qui
1930 574 2171 628 eumdem
2197 583 2435 629 sanctum
2453 575 2748 645 Ludgerum
2778 577 2829 629 in
2844 589 3064 642 corpore
3086 576 3347 640 viderant,

162 674 371 728 inachus
405 675 614 742 signum
648 676 842 724 sanctae
877 668 1049 720 crucis
1084 664 1186 719 sibi
1220 663 1499 732 imposuit,
1535 669 1619 725 et,
1658 669 1715 714 ut

163 766 399 825 asserit,
444 760 723 815 interritus
763 764 950 812 contra
989 756 1232 810 eumdem
1261 754 1549 822 daemonem
1577 752 1717 819 aspi-

164 857 315 909 ciens
335 853 425 907 diu
450 856 615 905 stetit.
642 849 774 904 Cum
796 856 970 901 autem
993 854 1191 899 tantam
1216 844 1460 898 fiduciam
1483 842 1715 912 ejusdem

165 940 418 993 monachi
446 936 685 996 diabolus
713 942 979 995 cerneret,
1020 930 1177 986 eucm
1206 947 1269 985 ac
1296 937 1497 983 tantum
1528 943 1716 985 sonum

163 1027 452 1087 excitavit,
499 1034 558 1080 ut
600 1026 775 1093 paries
818 1022 1058 1077 ecclesia:
1094 1029 1148 1075 et
1183 1020 1406 1075 lectulus
1440 1018 1584 1087 ejus,
1625 1018 1714 1085 qui

164 1118 396 1171 interius
428 1117 632 1171 locatus
661 1114 861 1176 fuerat,
898 1113 1196 1166 minutatim
1225 1110 1482 1180 confringi
1509 1109 1714 1163 videre-

169 1215 274 1258 tur.
334 1204 450 1270 Quo
497 1203 635 1256 facto
679 1202 817 1255 idem
860 1200 1152 1255 monachus
1197 1198 1445 1252 clamavit
1491 1196 1712 1249 dicens:

167 1291 367 1346 Sancte
395 1290 673 1364 Ludgere,
710 1287 919 1356 adjuva.
972 1285 1209 1355 Cumque
1250 1297 1438 1339 nomen
1480 1284 1577 1336 viri
1624 1282 1718 1337 Dei

166 1381 467 1434 invocanda
499 1380 849 1441 nominasset,
888 1383 1151 1437 annuente
1186 1374 1408 1428 Domino
1436 1373 1571 1426 idem
1603 1374 1718 1425 dia-

164 1470 326 1524 bolus
352 1476 568 1536 repente
591 1466 931 1529 constrictus,
951 1472 1014 1518 .ct
1035 1464 1089 1517 in
1116 1473 1318 1532 partem
1343 1462 1720 1516 occidentalem

126 1606 127 1619 χ
167 1558 473 1611 abstractus
501 1562 611 1615 est,
658 1560 814 1621 atque
841 1567 961 1607 cum
989 1566 1092 1620 qua
1120 1550 1365 1605 violentia
1400 1552 1717 1613 traheretur,

167 1645 469 1715 garriendo,
489 1652 544 1698 et
563 1643 892 1698 miserabiles
906 1635 1060 1696 voces
1081 1639 1367 1695 emittendo
1388 1639 1715 1701 monstravit.

167 1732 466 1787 Monachus
500 1745 629 1785 vero
672 1729 758 1784 ille
803 1730 1015 1794 lumen,
1064 1727 1205 1797 quod
1244 1727 1357 1781 illic
1399 1725 1553 1809 paulo
1599 1732 1721 1778 ante

167 1822 412 1892 reliquit,
440 1812 661 1883 invenit,
694 1828 748 1875 et
780 1820 973 1874 lectum
1002 1834 1155 1873 suum
1183 1825 1236 1872 et
1262 1832 1417 1871 omne
1442 1815 1569 1869 illud
1595 1815 1720 1868 aedi-

167 1891 353 1969 ficium
382 1927 570 1967 sanum
597 1910 885 1965 consistere
906 1909 1072 1973 vidit,
1116 1917 1171 1961 et
1197 1907 1367 1961 adhuc
1395 1919 1577 1959 vocem
1612 1904 1716 1959 dae-
1746 1891 1790 1949 Β

167 1992 351 2054 monis
375 1999 427 2052 in
452 2004 603 2067 parte
626 1982 938 2051 occidentali
964 1994 1245 2065 garrientis
1270 1991 1485 2046 audivit.

242 2087 333 2149 17.
373 2085 560 2140 Mulier
586 2084 827 2153 quaedam
853 2099 973 2138 cum
999 2083 1164 2138 multo
1187 2090 1428 2152 tempore
1455 2081 1721 2159 membro-

168 2188 296 2227 rum
320 2171 491 2226 oificio
517 2172 794 2233 destituta,
831 2170 1314 2238 miserabiliumque
1340 2183 1527 2224 vocum
1554 2167 1725 2235 suspi-

164 2263 254 2316 ria
282 2260 530 2316 emittens
556 2258 694 2313 lecto
719 2258 1068 2331 incumberet,
1092 2259 1406 2326 quandoque
1434 2256 1498 2310 ad
1523 2270 1723 2309 memo-

166 2356 354 2402 ratum
375 2347 671 2415 sepulcrum
690 2349 790 2401 viri
815 2348 904 2402 Dei
928 2347 1155 2417 Ludgeri
1178 2345 1297 2401 cum
1319 2338 1510 2415 magno
1533 2345 1723 2415 gaudio

167 2443 229 2489 et
262 2434 446 2491 labore
479 2434 638 2489 allata
674 2443 773 2491 est.
812 2436 912 2492 Ubi
947 2437 1071 2490 dum
1094 2436 1213 2489 Deo
1240 2434 1446 2491 favente
1479 2432 1723 2488 celeriter

168 2525 459 2594 pristinam
487 2527 845 2581 membrorum
873 2527 1149 2579 sanitatem
1180 2526 1463 2592 reciperet,
1495 2523 1725 2594 gratula-
1757 2517 1769 2526 ’

169 2613 357 2668 bunda
381 2622 435 2668 et
458 2613 706 2669 exultans
729 2608 1000 2684 Deumque
1033 2612 1276 2679 laudans,
1319 2614 1547 2683 propriis
1571 2628 1719 2683 gres-

171 2704 329 2758 sibus
353 2702 420 2757 ad
444 2718 541 2758 sua
568 2718 779 2759 reversa
803 2713 904 2759 est.

248 2790 338 2845 £8.
377 2791 542 2861 igitur
566 2792 846 2862 instigante
872 2786 1120 2860 maligno,
1132 2792 1342 2862 juvenis
1365 2778 1597 2863 quidam,
1626 2808 1722 2848 no-

174 2880 326 2935 mine
368 2880 535 2935 Adam
560 2918 577 2946 ,
625 2880 907 2957 llenrieum
955 2879 1175 2936 fratrem
1221 2897 1373 2937 suum
1416 2897 1513 2950 per
1554 2883 1723 2935 rixam

175 2968 471 3034 interfecit,
487 2977 541 3023 et
556 2983 652 3037 pro
666 2969 767 3023 hac
796 2984 978 3034 causa,
998 2968 1267 3037 judicante
1293 2968 1424 3024 Jona
1451 2970 1717 3039 episcopo,

172 3056 657 3126 flagellatusatque
680 3058 733 3112 in
752 3071 1018 3112 carcerem
1046 3064 1223 3111 trusus
1241 3066 1337 3120 est,
1361 3058 1417 3111 in
1440 3073 1543 3126 quo
1567 3057 1723 3110 etiam

176 3159 290 3198 uno
315 3160 456 3199 anno
479 3144 649 3212 jacuit
672 3185 687 3209 ,
729 3144 917 3199 deinde
949 3145 1287 3198 circumdatis
1320 3143 1551 3197 brachiis
1580 3142 1720 3197 ferro

175 3245 236 3291 et
261 3248 487 3305 corpore
512 3236 714 3300 medio,
760 3234 955 3290 indicto
980 3222 1269 3290 fortissimo
1301 3232 1502 3302 jejunio
1538 3233 1729 3288 discal-

174 3321 385 3389 cealus,
426 3331 480 3377 et
514 3323 631 3378 sine
665 3309 806 3378 lineo
838 3323 1143 3377 indumento
1178 3323 1233 3376 in
1266 3322 1509 3377 exsilium
1535 3323 1728 3378 missus

174 3421 283 3469 est.

251 3500 455 3568 Quarto
485 3518 613 3558 vero
638 3503 811 3558 exsilii
841 3503 921 3558 sui
961 3518 1098 3557 anno
1133 3512 1255 3558 ante
1282 3502 1577 3574 sepulcrwn
1600 3502 1730 3558 Ger-

175 3590 396 3645 thrudis
440 3589 639 3645 ferrum
689 3591 755 3647 de
803 3591 1018 3646 sinistro
1067 3590 1182 3660 ejus
1226 3592 1445 3645 brachio
1492 3582 1723 3653 cecidit;

174 3678 374 3735 deinde
417 3686 539 3748 post
580 3678 706 3731 anni
730 3678 989 3734 circulum
1021 3664 1076 3731 in
1111 3679 1277 3733 Roma
1312 3680 1366 3732 in
1400 3680 1508 3747 ipsa
1542 3687 1725 3747 crypta

178 3770 241 3823 S.
269 3767 415 3823 Petri
445 3760 647 3823 ferrum
665 3808 680 3833 ,
722 3782 828 3838 quo
855 3769 1171 3838 praecinctus
1201 3756 1346 3833 erat,
1387 3768 1729 3827 nihilominus

174 3853 393 3909 cecidit.
426 3853 557 3909 Cum
579 3862 755 3909 autem
777 3856 969 3911 iterum
992 3856 1211 3911 Romam
1237 3866 1459 3925 peteret,
1487 3856 1726 3926 contigit,

175 3953 239 3997 ut
272 3942 578 3997 intlrmi'atc
599 3945 771 3999 valida
814 3945 920 4000 illic
959 3944 1363 4014 deprimeretur,
1408 3960 1632 4013 cumque
1674 3946 1735 3999 in.

177 4031 296 4098 ipsa
330 4031 642 4098 :egritudine
665 4032 773 4086 vita
800 4032 915 4100 ejus
946 4020 1223 4101 desperata
1250 4031 1469 4097 fuisset,
1516 4034 1727 4101 quidam

177 4118 235 4170 in
263 4116 444 4185 specie
471 4118 786 4172 sacerdotali
814 4133 909 4188 per
935 4118 1105 4172 visum
1133 4120 1375 4189 apparuit
1400 4120 1478 4183 ei,
1509 4120 1723 4177 dicens:

177 4203 376 4275 Surge,
402 4204 535 4259 vade
562 4211 616 4258 et
665 4205 963 4275 sepulcrum
994 4204 1051 4259 S.
1078 4204 1306 4276 Ludgeri
1331 4206 1594 4275 quondam
1620 4206 1730 4275 epi-

175 4291 331 4360 scopi
377 4289 648 4347 Saxonum
686 4292 1083 4363 Fresonumque
1122 4295 1390 4365 perquire,
1421 4302 1475 4351 et
1499 4295 1605 4349 illic
1630 4296 1726 4350 do-

175 4379 330 4434 mino
359 4379 644 4436 miserante
668 4396 766 4450 pro
793 4382 997 4436 meritis
1032 4383 1142 4437 suis
1175 4384 1453 4438 sanitatem
1482 4385 1724 4454 recipies.

175 4467 297 4532 Qua
326 4466 528 4521 visione
570 4468 776 4537 expleta
818 4467 1096 4523 confestim
1128 4470 1193 4524 de
1234 4469 1572 4535 inﬁrmitate,
1621 4485 1725 4539 qua

174 4555 599 4624 deprimebatur,
640 4558 909 4613 absolutus
949 4566 1061 4623 est,
1104 4558 1275 4615 adhuc
1312 4568 1489 4614 tamen
1526 4560 1726 4615 ferrum

164 4647 462 4701 brachium
489 4645 603 4715 ejus
628 4649 869 4704 dextrum
895 4657 955 4703 ut
980 4650 1126 4718 prius
1159 4649 1368 4704 fortiter
1393 4652 1638 4716 strinxit,
1674 4662 1729 4707 et

176 4738 257 4790 ita
275 4745 589 4807 consumpta
608 4753 771 4793 carne
787 4740 1067 4808 nervisque
1088 4741 1259 4810 ipsum
1280 4742 1438 4797 etiam
1461 4758 1521 4796 os
1540 4744 1725 4798 eodem

175 4827 329 4887 ferro
358 4834 468 4880 tam
494 4827 664 4882 valide
701 4830 1041 4898 praecinctum
1069 4838 1169 4895 est,
1198 4839 1256 4884 ut
1282 4847 1465 4887 omnes
1490 4830 1724 4900 ejusdem

176 4920 420 4975 dexterae
443 4920 591 4991 digiti
620 4928 814 4989 praeter
840 4922 1079 4990 pollicem
1103 4931 1159 4977 et
1185 4923 1408 4977 indicem
1435 4924 1632 4979 debiles
1662 4941 1725 4981 ac

178 5010 343 5079 rigidi
370 5019 759 5079 permanerent.
784 5002 915 5066 Erat
932 5013 1073 5066 enim
1106 5022 1434 5068 memoratus
1452 5015 1614 5069 miser
1636 4998 1723 5083 ju-

178 5098 357 5161 venis,
377 5106 433 5151 et
451 5099 571 5153 ideo
585 5100 645 5152 at'
680 5108 1007 5170 augmentum
1023 5100 1216 5155 doloris
1239 5103 1319 5156 sui
1335 5098 1522 5157 carnes
1537 5102 1649 5171 ejus
1669 5114 1723 5158 et

176 5204 305 5244 ossa
333 5188 643 5258 intempore
665 5190 985 5244 vinculorum
1012 5204 1227 5244 suorum
1254 5201 1547 5246 creverunt.
1566 5192 1721 5248 Cum-

178 5292 288 5353 que
318 5293 475 5333 mane
499 5278 760 5333 somnium
791 5279 1074 5343 retulisset,
1106 5279 1300 5334 ibidem
1328 5281 1504 5334 statim
1544 5282 1717 5347 multi,

253 5409 281 5447 Ii
303 5404 1126 5484 Antwerpiensget'Benedicti‘ni
1152 5423 1164 5458 :
1201 5404 1267 5459 In
1279 5404 1548 5484 ⁵Βὴηιχινῄε
1568 5407 1725 5477 facta
1755 5466 1761 5472 ,

180 5477 471 5556 ingressum
496 5471 635 5552 silva:
664 5472 977 5556 Hamarithi,
1006 5472 1126 5556 vilia
1154 5471 1363 5556 nomine
1382 5471 1582 5530 Budicd
1605 5492 1725 5529 con-

180 5541 363 5597 stituta
391 5550 489 5603 est,
517 5541 576 5611 in
596 5556 697 5609 qua
722 5541 909 5611 mulier
932 5543 1189 5611 quwdam,
1218 5552 1319 5598 etc.

254 5612 281 5650 δ
303 5608 695 5677 Antwerpiens.
717 5618 771 5664 et
786 5608 1055 5684 Benedict.
1076 5629 1089 5664 :
1117 5627 1368 5684 sanusque
1389 5614 1555 5684 rediit,
1578 5624 1726 5684 atque

183 5686 233 5734 in
261 5697 350 5741 ea.
403 5693 563 5748 quant
592 5689 881 5746 acceperat,
927 5681 1161 5744 sanitate,
1208 5679 1424 5733 Domino
1460 5679 1723 5748 largiente,

175 5743 483 5820 prrnmnslil.
535 5743 719 5814 Atque
749 5748 800 5801 in
847 5748 928 5802 bis
967 5750 1140 5803 verbis
1180 5748 1369 5804 desinit
1400 5751 1515 5805 Vita
1540 5743 1721 5805 "sancti

1812 669 1867 715 et
1892 671 2072 717 sancta
2100 663 2213 733 ejus
2240 664 2412 718 studia
2440 665 2576 718 bene
2604 672 2858 718 noverant
2882 704 2896 729 ,
2942 662 3124 719 Roma:
3152 665 3348 718 inventi

1812 757 1966 813 sunt;
1998 750 2086 818 qui
2114 765 2233 803 cum
2259 751 2395 803 viam
2424 739 2548 804 illuc
2574 751 2754 814 eundi,
2782 760 2836 805 et
2862 751 3036 806 locum
3063 752 3351 807 Venerandi

1813 837 2038 905 sepulcri
2079 837 2178 905 ipsi
2213 835 2391 904 juveni
2432 838 2792 902 intimassent;
2824 846 3040 907 peracto
3068 839 3257 893 itinere
3286 840 3351 892 ad

1813 932 2161 980 memoratum
2189 925 2493 993 sepulcrum
2529 925 2585 979 S.
2616 926 2842 993 Ludgeri
2870 942 2935 982 eo
2960 935 3210 997 tempore,
3249 944 3353 996 quo

1813 1014 1922 1069 illic
1949 1015 2189 1076 monachi
2217 1002 2503 1069 matutinas
2531 1014 2709 1068 laudes
2733 1013 2956 1067 Domino
2984 1014 3321 1069 celebrabant
3342 1056 3356 1076 ,

1812 1102 2009 1157 ferrum
2054 1103 2192 1172 quod
2244 1105 2490 1176 dextrum
2519 1103 2797 1158 brachium
2829 1104 3096 1167 cinxerat,
3134 1110 3357 1172 repente

1816 1191 2095 1255 dissiliens,
2121 1190 2326 1261 longius
2349 1191 2555 1246 Domini
2581 1192 2774 1246 virtute
2797 1191 3087 1261 projectum
3114 1200 3214 1247 est.

1886 1283 1970 1335 l9.
2010 1294 2036 1321 ι
2060 1281 2243 1337 Mulier
2269 1282 2507 1350 quaedam
2533 1281 2722 1335 debilis
2746 1288 2876 1344 erat,
2906 1280 3053 1348 cujus
3077 1282 3354 1336 brachium

1817 1373 2062 1427 dextrum
2104 1372 2413 1427 infirmitate
2456 1378 2643 1441 agente
2687 1370 2969 1427 inflexibile
3012 1369 3146 1435 fuit;
3195 1385 3352 1424 manu

1817 1478 1941 1518 vero
1964 1472 2181 1518 curvata
2208 1462 2521 1531 persistente
2547 1476 2748 1531 ungues
2770 1461 2959 1529 palmae
2983 1461 3123 1515 illius
3147 1460 3355 1516 fortiter

1816 1552 2272 1621 imprimebantur.
2304 1550 2430 1617 Quae
2456 1551 2577 1605 dum
2601 1550 2689 1604 diu
2712 1550 2824 1603 haec
2844 1558 3133 1618 pateretur,
3157 1564 3354 1605 memo-

1815 1641 1917 1694 rati
1942 1628 2040 1699 viri
2070 1640 2161 1694 Dei
2190 1639 2329 1695 fama
2357 1641 2423 1694 ad
2450 1648 2677 1694 mentem
2705 1638 2827 1707 ejus
2844 1640 3101 1708 pervenit,
3129 1654 3356 1718 cumque

1815 1744 1905 1799 spe
1932 1730 2173 1784 sanitatis
2197 1730 2351 1784 ducta
2393 1730 2459 1785 ad
2498 1731 2796 1799 sepulcrum
2836 1729 2950 1797 ejus
2985 1737 3353 1798 properasset,

1816 1820 2119 1887 priusquam
2158 1834 2222 1873 eo
2260 1819 2622 1887 pervenisset,
2673 1820 2724 1871 in
2765 1819 2879 1887 ipso
2920 1818 3107 1872 itinere
3143 1818 3353 1886 plenam

1818 1909 2054 1977 corporis
2081 1908 2358 1962 sanitatem
2384 1907 2434 1961 ei
2463 1906 2713 1961 Dominus
2740 1921 2838 1974 pro
2866 1906 3034 1961 sancti
3061 1906 3160 1960 viri
3198 1905 3361 1960 meri-

1819 1980 1891 2049 tis
1926 2005 2141 2064 repente
2168 1996 2370 2049 tribuit.
2423 1995 2548 2060 Quae
2590 2003 2765 2050 tamen
2807 2001 3023 2063 peracto
3065 1994 3253 2049 itinere
3294 1994 3359 2047 ad

1820 2085 1958 2140 idem
1983 2085 2282 2154 sepulcrum
2313 2099 2434 2138 cum
2461 2084 2813 2138 oblationibus
2839 2098 2966 2137 sana
2995 2082 3239 2137 exultans
3256 2122 3269 2147 ,
3306 2089 3361 2137 et

1820 2173 2132 2228 salvatorem
2158 2172 2377 2227 laudans
2395 2172 2654 2242 pervenit,
2678 2180 2730 2227 et
2752 2173 2824 2226 ita
2846 2173 3125 2229 incolumis
3148 2172 3215 2227 ad
3237 2186 3363 2243 pro-

1821 2264 1937 2334 pria
1963 2262 2137 2317 rediit.

1890 2352 1975 2405 21).
2012 2351 2277 2406 Cobbonis
2302 2351 2619 2407 venerabilis
2645 2353 2854 2408 comitis
2872 2352 3109 2408 'colonus
3147 2352 3360 2422 quidam

1822 2442 2207 2496 adolescentem
2253 2441 2415 2496 lilium
2457 2442 2839 2497 Warmundum
2884 2444 3097 2497 nomine
3139 2443 3359 2507 habuit,

1821 2547 1976 2602 quem
2008 2533 2264 2603 malignus
2292 2534 2508 2603 Spiritus
2534 2534 2757 2599 invasit,
2802 2543 2856 2587 et
2888 2542 2995 2587 tam
3021 2535 3361 2589 vehementer
3414 2604 3419 2613 .

1822 2638 2017 2679 vexare
2059 2625 2256 2694 coepit,
2306 2632 2364 2677 ut
2407 2623 2474 2677 ad
2519 2623 2939 2693 desperationem
2965 2623 3072 2677 vita
3100 2622 3212 2691 ejus
3238 2637 3360 2692 pen-

1822 2715 1977 2768 dueta
2002 2723 2160 2768 esset.
2209 2712 2370 2782 Cujus
2397 2721 2567 2768 mater
2593 2714 2708 2768 hate
2735 2713 2961 2768 domina:
2985 2727 3093 2767 suae
3120 2705 3365 2769 videlicet

1822 2801 1974 2856 uxori
2002 2800 2264 2855 Cobbonis
2288 2800 2509 2857 sollicite
2552 2817 2646 2870 per
2687 2802 2929 2854 nuntium
2973 2800 3208 2854 indicare
3251 2808 3364 2855 stu-

1823 2890 1953 2943 duit.
2006 2887 2097 2941 llla
2137 2902 2265 2945 vero
2321 2886 2587 2945 :onfestim
2634 2887 2902 2942 mandavit
2945 2887 2994 2941 ei
3039 2887 3219 2941 dicens
3255 2904 3268 2941 :
3306 2886 3364 2942 Si

1822 2979 1993 3033 adhuc
2021 2978 2157 3032 illius
2181 2978 2329 3043 vivit,
2363 2976 2445 3033 fac
2470 2992 2593 3032 eum
2620 2976 2863 3035 celeriter
2890 2976 3086 3041 efferri,
3115 2984 3167 3031 et
3192 2984 3365 3033 statue

1817 3065 1968 3120 illum
1995 3073 2176 3121 contra
2200 3065 2341 3120 viam
2368 3079 2485 3135 quae
2533 3065 2675 3120 ducit
2709 3066 2774 3119 ad
2815 3066 3113 3135 sepulcrum
3140 3064 3197 3120 S.
3225 3065 3365 3120 Lud-

1826 3153 1968 3222 geri,
1995 3162 2049 3207 et
2092 3154 2251 3207 credo
2279 3154 2419 3223 quod
2443 3168 2539 3223 pro
2569 3153 2801 3220 ejusdem
2832 3153 3014 3207 famuli
3042 3154 3135 3209 Dei
3162 3155 3366 3209 meritis

1827 3242 2091 3297 sanandus
2113 3242 2201 3296 sit.
2245 3239 2379 3297 Cum
2407 3257 2531 3312 ergo
2556 3249 2727 3296 mater
2753 3256 2850 3311 pro
2879 3242 3061 3296 eodem
3112 3244 3367 3299 semivivo

1824 3344 1989 3399 puero
2006 3328 2157 3397 juxta
2183 3330 2758 3400 praeceptumdominte
2782 3346 2890 3386 suae
2910 3339 3029 3386 vota
3055 3340 3362 3403 perageret;

1825 3417 2071 3471 continuo
2099 3416 2151 3469 in
2175 3417 2359 3471 eodem
2385 3416 2519 3480 loco,
2548 3426 2605 3470 et
2632 3417 2685 3469 in
2715 3416 2897 3471 eodem
2935 3425 3219 3483 momento,
3261 3419 3366 3473 dae-

1824 3520 1980 3560 mone
1994 3504 2231 3573 expulso,
2248 3492 2459 3574 plenam
2489 3505 2771 3559 sanitatem
2800 3506 3023 3574 accepit.
3058 3506 3258 3561 Deinde
3284 3522 3368 3561 se-

1825 3598 2051 3650 cundum
2080 3597 2376 3666 sponsionis
2399 3606 2579 3651 votum
2598 3638 2616 3663 ,
2650 3597 2716 3651 ad
2746 3605 3098 3652 memoratum
3130 3597 3232 3652 viri
3273 3599 3366 3653 Dei

1826 3684 2122 3753 sepulcrum
2150 3699 2309 3739 sanus
2348 3700 2379 3739 a
2420 3696 2589 3739 matre
2629 3686 2911 3755 perductus
2948 3694 3060 3751 est,
3106 3702 3367 3756 sanusque

1825 3769 1984 3827 rediit
2004 3774 2052 3825 δ.

1893 3862 1982 3914 21.
2019 3862 2213 3915 Verum
2251 3861 2523 3939 Ludgerus
2557 3864 2798 3930 quamvis
2837 3872 3027 3923 cuncta
3067 3863 3366 3933 hujusmodi

1825 3963 1986 4018 opera
2010 3948 2275 4003 occultare
2300 3948 2481 4012 vellet,
2511 3964 2614 4002 non
2646 3957 2822 4003 tamen
2853 3951 2934 4004 ha:
2963 3950 3070 4004 Deo
3102 3951 3370 4006 revelante

1825 4051 2201 4107 usquequaque
2234 4036 2427 4092 effecit.
2479 4037 2611 4093 Villa
2654 4047 2736 4092 est
2780 4039 2832 4091 in
2878 4037 3106 4095 Saxonia
3145 4040 3198 4093 in
3234 4055 3367 4109 pago

1828 4124 2082 4195 Suderge,
2104 4125 2238 4178 Alna
2259 4136 2280 4164 ο
2303 4134 2622 4195 nuncupata.
2648 4125 2729 4180 Ad
2753 4128 2890 4181 hanc
2936 4126 3060 4182 dum
3087 4128 3368 4199 parochias

1827 4227 1948 4267 suas
1983 4213 2242 4267 circuiens
2269 4213 2504 4277 veniret,
2547 4214 2633 4267 die
2666 4214 2896 4282 quadam
2936 4216 3154 4271 sedente
3193 4232 3257 4271 eo
3298 4217 3367 4272 ad

1825 4318 2096 4369 mensam,
2142 4303 2453 4358 audiebatur
2497 4301 2627 4358 foris
2666 4302 2896 4359 clamare
2938 4320 3160 4374 pauper,
3206 4307 3369 4361 anxie

1826 4393 2111 4447 obsecrans
2128 4432 2141 4454 ,
2182 4400 2242 4445 ut
2279 4392 2554 4461 episcOpus
2582 4407 2780 4446 crocum
2808 4392 3075 4447 hominem
3101 4395 3367 4464 respicere

1826 4480 2151 4551 dignaretur.
2183 4479 2474 4533 Festinavit
2497 4477 2768 4545 diaconus,
2797 4479 2945 4548 cujus
2970 4481 3023 4534 id
3046 4490 3160 4535 erat
3185 4482 3364 4546 officii,
3448 4474 3455 4480 ’

1825 4578 2015 4639 putans
2037 4585 2197 4623 unum
2221 4583 2338 4624 esse
2355 4569 2419 4623 de
2438 4570 2775 4639 pauperibus,
2804 4569 2894 4638 qui
2921 4571 3110 4639 stipem
3132 4571 3364 4641 petierit,

1824 4672 2141 4735 summisque
2175 4673 2359 4727 panem
2387 4667 2440 4712 et
2465 4658 2638 4712 cibum
2666 4658 2906 4728 porrexit
2930 4658 3252 4721 illi.,llenuit
3278 4661 3370 4721 ille

1826 4748 2081 4816 accipere,
2115 4747 2252 4800 aliud
2281 4740 2380 4801 sibi
2434 4747 2614 4802 dicens
2657 4762 2775 4803 esse
2802 4751 3179 4803 necessarium.
3212 4750 3365 4806 Defe-

1824 4835 2037 4889 rebatur
2061 4843 2233 4903 potus.
2276 4834 2383 4898 Ille,
2413 4848 2511 4889 nec
2542 4837 2642 4890 hoc
2676 4849 2735 4890 se
2774 4836 2904 4891 velle
2931 4840 3222 4910 respondit,
3264 4856 3363 4899 nec

1826 4933 2040 4995 pmpter
2068 4925 2257 4994 stipem
2294 4925 2572 4993 petendam
2612 4939 2669 4979 se
2704 4926 2911 4981 venisse
2933 4966 2953 4992 ι
2997 4927 3090 4982 sed
3134 4936 3193 4983 ut
3239 4938 3365 4987 ante

1825 5016 2126 5083 episcopum
2175 5014 2657 5080 intromittcretur,
2699 5022 2758 5070 ut
2804 5030 2944 5071 caeco
2983 5016 3181 5075 homini
3230 5023 3361 5077 subv

1824 5104 2043 5157 veniret.
2268 5096 2277 5121 ‘
2999 5164 3005 5169 ἢ

1892 5190 1960 5245 At
1985 5192 2252 5256 diaconus,
2285 5206 2388 5244 non
2413 5190 2677 5246 intellecto
2705 5189 2845 5267 quod
2869 5194 3245 5260 postulaverit,
3279 5197 3357 5251 di-

1823 5281 1985 5343 misso
2006 5280 2095 5335 illo
2114 5280 2167 5335 in
2185 5281 2395 5334 domum
2417 5294 2686 5349 regressus
2704 5268 2807 5334 estil
2837 5280 3003 5335 Porro
3023 5282 3108 5336 ille
3127 5282 3256 5339 foris
3278 5299 3357 5340 re-

1822 5407 2069 5478 Ludgeri,
2089 5422 2246 5478 quam
2265 5407 2476 5462 edidere
2491 5405 2916 5478 Antwerpienses
2935 5416 2988 5463 et
3006 5408 3352 5467 Benedictini.

1822 5475 2147 5541 Quceautem
2175 5476 2229 5529 in
2256 5482 2437 5546 nostro
2463 5475 2748 5546 exemplari
2778 5486 3087 5545 sequuntur,
3116 5490 3207 5535 aut
3231 5496 3356 5536 cono

1823 5546 2101 5600 tinuatoris
2122 5584 2137 5609 ,
2182 5551 2274 5598 aut
2308 5543 2472 5609 ipsius
2505 5543 2713 5599 Altfi-idi
2737 5584 2752 5608 ,
2802 5543 2889 5599 ea-
2910 5546 3169 5601 habentur
3192 5551 3352 5604 etiam

1823 5614 2007 5668 iisdem
2047 5613 2213 5668 ferme
2240 5612 2415 5683 verbis
2442 5613 2504 5683 in
2546 5613 2791 5683 anonymi
2830 5616 3081 5669 coaetanei
3117 5615 3349 5674 Frisonix

1823 5683 1969 5737 Actis
1999 5698 2027 5736 a
2054 5683 2301 5736 Drowero
2327 5681 2482 5734 editis
2508 5697 2572 5735 ex
2600 5681 2700 5735 ms;
2728 5681 2994 5738 Fuldensi.

1894 5763 1912 5789 τ
1945 5751 2246 5807 Cincinnius
2275 5750 2327 5804 in
2351 5748 2477 5815 ἯιἿ
2509 5765 2555 5804 c.
2581 5750 2666 5813 ει,
2702 5749 2822 5805 Διί-η
2852 5761 3018 5805 vocat.
