4110 6494
768 459 866 523 791

769 655 999 718 spiciens
1022 651 1294 720 Ludgerus
1312 665 1327 702 :
1346 649 1543 714 Quare,
1569 646 1737 714 inquit
1755 644 1819 699 ad
1853 645 2152 701 diaconum.
2173 651 2278 693 tam

767 744 853 793 diu
867 738 1202 794 dissimulare
1220 737 1320 795 vis.
1338 737 1475 803 quod
1493 733 1680 788 audis?
1707 731 1774 785 Et
1793 729 2061 799 respondit
2080 744 2094 780 :
2116 725 2287 795 Detutl

736 835 840 888 silli
873 834 1049 887 cibum
1106 839 1423 901 patrumque;
1458 832 1549 881 sed
1585 826 1672 880 ille
1717 822 1849 879 nihil
1882 822 2071 876 horum
2110 827 2279 872 curat.

727 938 731 943 '
767 920 1071 983 Nummum,
1107 898 1201 980 ait,
1232 917 1298 971 da
1332 919 1418 980 ei;
1444 915 1588 985 quod
1610 928 1729 967 cum
1752 911 1986 972 iecisset.
2010 918 2059 964 et
2093 898 2295 962 ni.:ilo-’

746 1064 751 1067 ,
768 1011 943 1064 minus
962 1015 1323 1075 sperneretur,
1341 1004 1502 1073 jussit
1516 1017 1635 1058 eum
1657 1002 1936 1070 episcopus
1955 998 2019 1053 ad
2046 1014 2103 1053 se
2121 998 2285 1051 intro-

766 1099 909 1152 duci.
926 1097 1055 1150 Dum
1076 1095 1408 1150 introductus
1425 1100 1588 1156 esset,
1600 1094 1673 1146 ait
1692 1091 1764 1144 illi
1785 1107 1799 1145 :
1823 1089 1958 1155 Quid
1988 1095 2088 1151 est,
2107 1086 2287 1149 frater,

766 1187 906 1255 quod
945 1186 1145 1248 habes;
1178 1185 1305 1253 quid
1332 1194 1416 1238 est
1438 1183 1576 1253 quod
1606 1178 1847 1251 expetis?
1877 1179 1964 1232 Ille
1988 1175 2284 1243 respondit:

765 1277 869 1330 Fac.
903 1286 962 1329 ut
990 1275 1217 1335 videam,
1259 1287 1406 1341 rogo,
1438 1280 1649 1341 propter
1675 1282 1908 1324 amorem
1945 1263 2285 1328 Dei.\'ideas,

769 1368 943 1432 inquit
976 1364 1273 1433 Ludgerus,
1307 1362 1520 1432 propter
1541 1377 1774 1416 amorem
1801 1358 1912 1412 Dei.
1932 1356 1996 1412 Et
2016 1357 2207 1410 mirum
2236 1357 2285 1408 in

772 1453 1009 1517 modum,
1029 1467 1149 1506 cum
1170 1453 1270 1506 boc
1295 1467 1397 1505 non
1416 1450 1724 1519 imperando
1739 1449 1947 1508 dixerit.
1972 1446 2065 1501 sed
2087 1455 2288 1499 tantum

774 1541 999 1594 miratus
1015 1540 1343 1610 petitionem,
1360 1538 1551 1593 similia
1569 1538 1725 1592 verba
1743 1536 2091 1603 responderit;
2112 1534 2287 1587 statim

767 1630 856 1682 ille
880 1630 1027 1693 vidit,
1039 1631 1325 1698 iussusque
1343 1630 1593 1682 accedere
1608 1629 1674 1680 ad
1695 1639 1929 1680 mensam
1952 1624 2117 1677 laatior
2140 1637 2290 1676 com-

768 1716 876 1770 edit
897 1726 950 1770 et
978 1717 1108 1771 bibit
1139 1717 1371 1785 abiitque
1406 1716 1458 1769 in
1489 1716 1625 1770 viam
1660 1728 1826 1771 suam.

840 1806 924 1858 ἓξ.
963 1804 1220 1857 Ferebant
1256 1812 1431 1857 autem
1454 1804 1772 1864 veracissimi
1800 1805 1895 1856 viri
1925 1801 1989 1855 de
2021 1802 2291 1868 discipulis

1644 452 1744 511 AD
1780 452 1836 513 s.
1880 448 2212 509 LUDGERI
2251 425 2535 507 sempr:
2568 440 2925 506 APPENDIX.

3821 454 3922 512 792

771 568 927 619 licius
948 579 1066 617 (‘llllt
1092 564 1275 617 iterato
1296 561 1381 616 diu
1404 558 1800 620 vociferaretur,
1820 555 2025 610 tandem
2057 557 2285 607 circum—
2310 566 2350 618 Α
2382 562 2766 628 permanerem,
2789 560 3008 613 Factum
3036 567 3118 612 εει
3136 559 3255 613 hoc,
3298 558 3554 614 Discessu
3574 561 3800 617 antistes
3817 602 3831 623 ι
3867 571 3923 615 ει

2381 649 2538 703 homo
2560 649 2612 701 in
2632 648 2864 717 patibulo
2890 655 2971 700 est
2995 661 3300 715 suspensus.
3348 647 3416 701 At
3442 661 3571 701 vero
3597 662 3818 718 vespere
3855 649 3920 703 il-

2380 738 2632 801 lius'diei,
2658 750 2779 790 eum
2801 736 3079 804 episcopus
3104 734 3311 792 itineris
3335 748 3428 788 sex
3455 734 3523 787 ab
3548 747 3613 787 eo
3641 734 3757 789 loco
3800 735 3921 788 mil-

2381 828 2527 881 liaria
2543 827 2848 897 peregisset,
2870 839 3091 879 manens
3110 823 3164 885 in
3177 822 3298 876 villa
3322 837 3441 890 qua
3451 830 3676 877 vocatur
3688 822 3896 876 Aschan
3911 848 3924 866 ι

2381 917 2510 985 dorp
2532 958 2547 981 ,
2575 931 2643 971 en
2676 916 2895 970 veniens
2928 914 3087 969 homo
3126 912 3229 976 ille,
3274 926 3432 981 quem
3462 912 3623 981 paulo
3661 920 3784 965 ante
3810 928 3922 965 sus-

2379 1005 2685 1074 penderant,
2719 1003 2785 1058 ad
2809 1001 3225 1072 pedesepiscopi
3254 1002 3473 1055 corruit.
3518 1000 3832 1054 Mirantibus
3862 1015 3928 1053 ac

2380 1095 2770 1149 sciscitantibus
2789 1081 2991 1149 cunctis
3005 1132 3019 1158 ,
3042 1091 3305 1161 quomodo
3322 1092 3387 1145 de
3411 1105 3474 1144 eo
3490 1098 3783 1159 gereretur,
3813 1103 3932 1141 rem

2381 1184 2559 1238 taliter
2580 1184 2762 1254 pandit
2791 1201 2802 1236 :
2833 1182 2966 1238 Cum
3002 1196 3101 1251 ego
3126 1221 3143 1245 ,
3187 1181 3467 1249 inquiens,
3518 1180 3769 1248 episcopo
3805 1180 3930 1231 inde

2383 1275 2621 1343 digresso
2644 1313 2660 1338 ,
2704 1285 2914 1327 sursum
2940 1271 2996 1324 in
3021 1263 3312 1345 patibulum
3359 1268 3603 1321 traherer
3623 1307 3639 1330 ,
3680 1267 3934 1320 videbam

2383 1365 2516 1422 duos
2550 1365 2748 1418 virosa
2790 1361 2954 1417 latere
2993 1360 3224 1429 episcopi
3275 1359 3575 1427 equitantes
3617 1354 3925 1424 aliquandiu

2383 1468 2503 1508 cum
2528 1468 2592 1506 eo
2615 1467 2710 1521 per
2743 1451 2846 1506 iter
2872 1449 3014 1520 loqui
3040 1488 3057 1515 ,
3095 1447 3288 1504 dehinc
3329 1456 3448 1515 post
3476 1445 3745 1515 paululum
3793 1444 3935 1497 alter

2383 1540 2571 1597 festiue
2593 1539 2913 1611 regrediens,
2948 1537 3127 1591 nescio
3146 1534 3275 1604 quid
3299 1534 3433 1588 mihi
3454 1533 3701 1601 pendenti
3730 1546 3929 1600 suppa-

2384 1632 2509 1694 suit,
2540 1644 2698 1701 super
2724 1626 2864 1696 quod
2892 1625 3117 1680 ﬁrmiter
3146 1630 3292 1677 stans
3317 1636 3420 1676 non
3466 1620 3764 1674 sentiebam
3807 1633 3933 1671 cru-

2383 1720 2616 1779 ciatum;
2651 1710 2820 1770 donec
2858 1713 3109 1782 dispersis
3148 1711 3251 1765 ltiis
3286 1710 3374 1778 qui
3410 1723 3496 1762 me
3524 1708 3931 1777 suSpenrlerant,

2385 1814 2441 1861 et
2465 1807 2530 1860 ad
2555 1814 2802 1858 occasum
2828 1808 3077 1871 vergente
3097 1798 3206 1854 sole
3227 1837 3241 1864 ,
3289 1812 3373 1852 me
3412 1796 3550 1851 idem
3576 1795 3675 1865 ipsi
3700 1796 3934 1865 depone-

768 1898 904 1963 ejus,
932 1894 1075 1964 quod
1131 1894 1357 1962 quodam
1416 1904 1670 1963 tempore,
1728 1896 1852 1945 dum
1888 1892 1951 1945 ad
1986 1892 2288 1945 comitatum
2318 1874 2361 1933 Β
2389 1904 2484 1949 rut.
2518 1894 2817 1964 Depositum
2856 1890 3014 1959 jussit
3051 1890 3155 1943 iter
3178 1894 3412 1942 vestrum
3438 1885 3751 1954 quantocius
3778 1880 3938 1953 sequi

772 1999 1011 2053 pergens,
1046 1998 1139 2052 per
1175 1970 1541 2051 provinciales,
1575 1986 1662 2052 qui
1701 1982 1850 2035 llassi
1882 1983 2147 2044 dicuntur,
2193 1981 2290 2035 iter

773 2084 971 2145 ageret,
1005 2090 1097 2145 per
1127 2065 1395 2129 orationes
1414 2073 1537 2142 ,cjus
1569 2077 1725 2129 homo
1751 2083 1992 2128 mortuus
2022 2074 2286 2126 reviset-lt.

776 2170 876 2232 Qui
907 2168 1110 2222 scilicet
1152 2177 1364 2236 propter
1394 2166 1593 2221 furtum
1623 2166 1944 2220 caballorum
1996 2162 2288 2217 Witlckindi

773 2257 926 2311 ducis
946 2256 1212 2311 Saxonum
1243 2266 1262 2287 ⁶
1286 2257 1408 2310 huic
1443 2256 1597 2308 morti
1621 2256 1948 2324 adjudicatus
1988 2254 2108 2316 luit,
2153 2264 2207 2306 ut
2235 2256 2292 2305 in

777 2362 971 2416 eampo
997 2348 1063 2403 ad
1090 2350 1322 2416 stipitem
1348 2347 1555 2416 ligatus,
1575 2346 1783 2415 iactatis
1826 2348 1877 2399 in
1927 2361 2044 2401 eum
2070 2346 2290 2402 sudibus

776 2438 951 2493 acutis
978 2447 1032 2491 et
1080 2437 1338 2506 lapidibus
1374 2449 1670 2517 necaretur.
1727 2438 1875 2501 Quod
1913 2436 2037 2489 dum
2089 2436 2285 2489 fat-tum

774 2530 1194 2596 fuisset,eorpus
1219 2530 1463 2582 exanime
1486 2528 1537 2581 in
1560 2544 1744 2595 campo
1760 2528 1999 2581 relictum
2020 2534 2118 2579 est.
2139 2522 2291 2579 Venit

775 2623 953 2671 autem
984 2615 1255 2683 Ludgerus
1303 2630 1458 2670 scena
1486 2618 1681 2678 locum,
1729 2625 1783 2668 et
1823 2622 2094 2682 comperto
2149 2615 2289 2683 quod

774 2703 1116 2759 Christianus
1134 2704 1322 2768 luerit,
1347 2705 1559 2769 mittens
1581 2706 1643 2758 ad
1664 2700 2033 2768 \Vitikindum,
2054 2718 2293 2772 penetra-

774 2795 845 2849 vit
883 2794 1296 2854 adbumandum
1327 2808 1539 2864 corpus.
1572 2792 1766 2848 Dehinc
1813 2795 2079 2866 discerpta
2127 2796 2292 2856 totius

780 2883 1022 2948 corporis
1051 2884 1283 2935 membra
1319 2882 1474 2949 pallio
1497 2882 1669 2950 colligi
1696 2881 1877 2948 jussit,
1921 2891 1971 2934 et
2000 2879 2179 2933 interri
2232 2879 2290 2933 in

775 2969 1058 3023 tentorium
1083 2984 1259 3030 suum,
1279 2969 1445 3021 donec
1467 2968 1734 3021 bumando
1748 2966 1957 3034 corpori
1985 2967 2289 3034 sepulcrum

778 3066 1074 3122 pararetur.
1106 3056 1233 3108 Dum
1275 3042 1460 3108 adhoc
1487 3065 1698 3107 ventum
1727 3064 1887 3117 esset,
1911 3064 1966 3107 ut
1990 3054 2185 3108 clatum
2218 3053 2286 3107 de

774 3146 1031 3206 tentorio,
1071 3144 1122 3197 iu
1163 3143 1361 3203 iussam
1426 3152 1721 3213 ponerent,
1766 3152 1971 3197 astante
2016 3143 2291 3210 episcopo,

775 3233 983 3297 Ell‘evte,
1007 3233 1198 3300 inquit,
1215 3248 1334 3287 eum
1350 3247 1412 3285 ex
1433 3233 1652 3296 tumulo,
1670 3246 1791 3285 nam
1812 3231 1883 3285 illi
1904 3230 2292 3297 spiritusiuest.

775 3324 875 3391 Qui
905 3324 1028 3378 dum
1059 3324 1297 3378 elevatus
1317 3336 1476 3386 esset,
1510 3324 1767 3389 respirare
1795 3324 1978 3389 cmpit,
2010 3331 2061 3378 et
2092 3320 2286 3376 iterum

757 3402 939 3488 illatus
976 3403 1029 3457 in
1075 3403 1361 3458 tentorium
1404 3398 1581 3457 oblato
1621 3408 1747 3470 potu
1789 3396 2200 3466 refocillabatur,
2245 3396 2301 3459 et

756 3493 906 3562 ligari
938 3492 1096 3560 jussit
1126 3493 1348 3546 antistes
1373 3491 1588 3546 vulnera
1615 3488 1729 3557 ejus
1750 3529 1764 3552 ,
1810 3498 1865 3544 et
1909 3490 1960 3551 in
1988 3490 2135 3545 brevi
2161 3498 2296 3545 tem—

758 3594 885 3647 pore
910 3577 1196 3632 convaluit.
1248 3575 1365 3631 Stat
1393 3576 1562 3630 adhuc
1595 3575 1645 3629 in
1680 3589 1744 3629 eo
1770 3574 1886 3629 loco
1924 3574 2123 3645 lapidea
2167 3586 2297 3630 cru:

760 3684 810 3721 ιιι
847 3668 1242 3721 monumentum
1280 3664 1516 3719 miraculi
1550 3662 1705 3732 hujus
1748 3664 1813 3718 ab
1858 3663 2043 3718 incolis
2080 3674 2294 3719 erecta:

756 3768 813 3813 et
834 3770 901 3809 ex
930 3756 1142 3809 nomine
1166 3752 1280 3820 ejus
1307 3754 1427 3808 dein
1454 3753 1583 3815 viri,
1625 3752 1748 3821 quia
1780 3749 1963 3805 Baddo
1988 3752 2297 3817 vocabatur,

757 3862 979 3917 camp-us
1004 3846 1089 3900 ille
1112 3842 1439 3898 Buddonuelt
1463 3844 1629 3911 usque
1656 3841 1809 3896 hodie
1835 3841 2161 3896 nominatur.

794 3962 797 3965 λ
828 3938 915 3993 95.
954 3936 1217 4008 Oppidum
1240 3941 1323 4000 est
1347 3933 1400 3987 in
1426 3932 1655 3987 Saxonia
1682 3939 1863 3985 notum
1890 3918 2131 3999 plurimis
2159 3928 2299 3997 Mep-

756 4041 862 4094 pea-
880 4027 1230 4087 nominatum,
1273 4024 1328 4077 in
1351 4021 1502 4091 cujus
1526 4019 1751 4083 vicinia,
1781 4018 1903 4073 dum
1933 4018 2156 4071 antistes
2179 4032 2301 4070 san-

760 4125 878 4170 ctus
904 4112 1143 4168 Fresiam
1162 4124 1386 4181 pergens
1410 4108 1618 4164 veniret
1643 4147 1658 4171 ,
1710 4107 1913 4174 aspexit
1956 4120 2060 4159 non
2088 4105 2240 4175 longe
2267 4120 2296 4158 a

760 4203 845 4256 via
871 4243 890 4265 ,
921 4201 1063 4270 vulgi
1083 4190 1362 4257 concilium
1385 4197 1470 4252 die
1495 4196 1758 4250 dominica
1782 4201 2174 4264 congregatum.
2216 4193 2300 4247 Di-

760 4290 923 4343 vertit
947 4290 1072 4342 illuc
1098 4287 1279 4341 volens
1304 4297 1620 4356 eogmscere
1658 4297 1774 4351 quae
1810 4293 1968 4335 causa
2002 4279 2301 4348 bujusmodi

762 4376 1112 4433 eonventiculi
1131 4376 1383 4431 existeret
1405 4373 1495 4429 tali
1516 4372 1867 4440 die,'viditque
1886 4371 1939 4423 in
1964 4369 2301 4438 colle,'quem

762 4448 1283 4521 circumvallaverant
1305 4461 1384 4515 rei
1398 4460 1604 4516 cuidam
1618 4458 1955 4526 suspendium
1974 4457 2258 4525 prtcparari
2276 4474 2291 4522 ;

2384 1993 2437 2038 et
2462 1998 2558 2054 pro
2584 1995 2836 2037 concessa
2877 1980 2984 2032 vita
3011 1985 3197 2034 sancto
3233 1973 3471 2027 Antistiti
3511 1973 3710 2041 gratias
3752 1985 3931 2039 agere,

2386 2077 2544 2142 quam
2574 2071 2703 2124 mihi
2746 2071 2861 2137 ipse
2884 2066 3010 2121 dum
3047 2080 3076 2118 a
3105 2063 3265 2119 fatuis
3293 2055 3741 2124 contemneretur,
3771 2075 3800 2113 a
3830 2060 3935 2114 Do-

2386 2159 2528 2212 mino
2556 2152 2874 2226 impetravit,
2920 2152 3223 2220 addiditque
3266 2164 3323 2205 se
3363 2147 3507 2203 nullo
3553 2157 3708 2217 pacto
3754 2149 3933 2210 scire;

2386 2247 2613 2317 qualiter
2642 2246 2752 2314 ipse
2788 2252 2910 2313 post
2928 2243 3099 2296 virum
3128 2240 3223 2295 Dei
3246 2246 3446 2292 tantum
3485 2239 3585 2291 vim
3611 2239 3840 2307 spatium
3877 2238 3935 2291 in

2386 2343 2653 2389 momento
2673 2328 3014 2403 percurrerit.
3042 2324 3251 2382 Ferunt
3270 2335 3326 2381 et
3365 2327 3468 2379 alia
3496 2326 3664 2379 multa
3691 2324 3934 2378 miranda

2386 2420 2713 2477 venerabiles
2762 2417 2863 2472 viri
2915 2417 2982 2471 de
3015 2407 3285 2485 discipulis
3310 2413 3424 2481 ejus
3450 2428 3480 2467 a
3508 2413 3665 2467 beato
3690 2411 3939 2482 Ludgero

2387 2520 2529 2580 gesta
2553 2510 2635 2565 vel
2659 2510 2826 2573 dicta,
2852 2522 2970 2578 qua:
3011 2513 3199 2561 Cuncta
3245 2518 3439 2574 ponere
3488 2502 3941 2557 immoderatioris

2386 2599 2609 2653 fortasse
2640 2596 2957 2667 prolixitatis
2979 2595 3290 2669 videretur“

2407 2722 2433 2729 —
2572 2685 2833 2739 Praeterea
2854 2681 3232 2753 monasterium
3251 2679 3398 2748 quod
3416 2678 3470 2733 in
3497 2680 3698 2732 honore
3723 2674 3937 2732 sancta-

2390 2764 2504 2827 rum
2527 2771 2890 2841 reliquiarum,
2929 2782 3061 2837 quas
3085 2768 3150 2822 ab
3171 2766 3459 2835 apostolico
3481 2773 3779 2834 acceperat,
3807 2764 3936 2820 olim

2390 2872 2697 2919 censu-uere
2758 2850 3030 2922 decrevit,
3092 2856 3180 2912 ubi
3227 2861 3406 2925 posset
3440 2854 3675 2908 conStrui
3702 2893 3718 2918 ,
3758 2855 3938 2922 agnita

2390 2953 2772 3007 maritimarum
2814 2948 3084 3019 regionum
3111 2944 3433 3007 desolatione
3453 2984 3467 3008 ,
3496 2943 3716 2998 sollicite
3758 2944 3947 3012 requi-

2390 3042 2556 3096 rebat.
2588 3038 2701 3095 Duo
2723 3048 2897 3094 autem
2925 3037 3037 3111 loca
3065 3034 3429 3091 construendis
3448 3033 3785 3087 moaa~teriis
3810 3041 3947 3101 apta

2390 3127 2718 3189 videbantur,
2750 3139 2887 3198 unus
2909 3124 2964 3177 in
2986 3120 3278 3177 Witmuudi
3306 3120 3334 3160 δ
3372 3119 3526 3189 juxta
3570 3117 3787 3172 (luvium
3808 3114 3945 3183 Ista,

2394 3216 2528 3269 alter
2548 3214 2639 3289 qui
2664 3212 2748 3287 Ad
2773 3211 2970 3284 Cruces
2990 3210 3183 3264 dicitur
3201 3224 3354 3283 secus
3380 3208 3593 3261 lluvium
3621 3207 3839 3276 Arnapa
3867 3218 3891 3246 ε
3915 3223 3933 3273 ;

2395 3300 2486 3356 sed
2508 3302 2698 3356 divinas
2720 3299 3060 3371 prtescientia:
3071 3297 3393 3352 voluntatem
3417 3311 3576 3364 super
3588 3296 3691 3350 hiis
3712 3294 3942 3349 demon-

2394 3384 2553 3445 strari
2581 3380 2682 3444 sibi
2701 3389 2903 3446 devotis
2927 3386 3141 3456 jejuniis
3163 3392 3218 3439 et
3243 3384 3572 3439 orationibus
3592 3383 3938 3454 deposcebat.

2396 3473 2544 3529 Unde
2571 3465 2797 3529 cnm'ad
2830 3472 3030 3535 locum,
3079 3483 3235 3540 quem
3259 3468 3412 3537 iuxta
3460 3478 3670 3523 amnem
3715 3456 3941 3539 'Arnapa

2394 3576 2511 3616 eum
2542 3552 2762 3633 elegisse
2784 3560 3031 3624 diximus,
3055 3559 3246 3614 hiemis
3281 3568 3525 3627 tempore
3553 3556 3779 3622 veniret,
3800 3573 3941 3612 erue

2394 3665 2507 3706 cem
2534 3649 2762 3718 ligneam
2792 3647 2846 3702 in
2890 3661 2955 3702 eo
2985 3646 3101 3701 loco
3138 3643 3299 3713 jussit
3342 3645 3497 3714 erigi,
3528 3652 3584 3698 et
3636 3645 3750 3716 ipse
3788 3644 3941 3699 solus

2376 3736 2572 3794 'coram
2601 3749 2756 3791 cruce
2795 3735 2850 3789 in
2875 3732 2995 3787 nive
3034 3732 3265 3793 maxima
3292 3731 3410 3786 duri
3448 3730 3661 3801 frigoris
3695 3740 3749 3785 et
3766 3731 3941 3800 longa:

2395 3828 2566 3891 noctis
2590 3817 2823 3896 prolixas
2856 3836 3023 3893 usque
3051 3821 3117 3877 ad
3136 3814 3305 3877 lucem
3334 3821 3387 3876 in
3406 3822 3647 3898 oratione
3673 3808 3942 3891 protraxit

2395 3912 2870 3989 vigilias..l’roinde
2887 3910 3069 3968 divina
3101 3900 3425 3964 revelatione
3452 3911 3834 3966 monasterium
3864 3910 3942 3965 ibi

2395 3995 2513 4059 esse
2554 4018 2659 4083 non
2686 4017 2861 4075 posse,
2914 3999 3195 4071 cognovit;
3386 3990 3559 4083 locum
3609 3998 3665 4051 in
3704 3998 3941 4067 quodam

2395 4094 2527 4150 saltu
2542 4077 2693 4161 juxta
2720 4092 2935 4145 ﬂuvium
2960 4104 3084 4144 rura
3111 4077 3376 4143 laudando
3414 4080 3734 4143 monasterio
3759 4104 3790 4142 a
3823 4085 3942 4144 Deo

2396 4182 2507 4237 fore
2525 4176 2845 4251 prtcscitum.
2874 4176 3206 4246 Quapropter
3223 4161 3348 4246 dum
3376 4188 3485 4227 suae
3529 4175 3630 4227 vise
3652 4175 3944 4231 comitibus

2395 4283 2510 4337 quae
2534 4267 2783 4323 divinitus
2807 4271 3144 4340 cognoverat,
3171 4260 3411 4325 referret,
3453 4261 3520 4314 ad
3545 4262 3868 4329 promissum
3909 4279 3939 4316 a

2394 4357 2503 4411 Deo
2526 4357 2700 4411 locum
2724 4356 3045 4426 properavit,
3061 4362 3253 4409 etcum
3272 4365 3575 4422 possessore
3588 4349 3704 4417 ejus
3727 4350 3943 4408 locutus

2393 4444 2566 4498 locum
2585 4442 2735 4497 illum
2759 4442 2880 4507 data
2910 4448 3050 4495 terra
3070 4440 3171 4494 alia
3186 4437 3527 4512 comparavit.
3556 4436 3680 4496 Post
3694 4435 3809 4492 bare
3836 4454 3938 4491 au-

763 4552 1122 4620 accedcnSque
1143 4549 1358 4619 propius
1378 4546 1565 4601 allatus
1585 4553 1665 4600 est
1686 4521 1777 4599 eos
1793 4521 2003 4607 blande,
2031 4521 2299 4611 postulans
2330 4525 2377 4582 Π
2402 4541 2527 4597 lem.
2564 4547 2685 4586 cum
2716 4528 3145 4598 occupationibus
3180 4526 3345 4580 Ὓπίίε
3365 4521 3582 4578 “belli”;
3604 4523 3776 4577 ίεοωε
3801 4534 3941 4579 lem-

764 4643 868 4697 sibi
894 4639 1115 4695 concedi
1143 4637 1408 4693 hominem
1428 4675 1450 4699 ν
1474 4642 1567 4688 aut
1584 4634 1630 4688 si
1656 4645 1873 4701 necesse
1905 4637 2046 4686 esset
2071 4644 2190 4683 eum
2218 4629 2297 4683 in-

766 4730 957 4793 terﬁci,
982 4730 1086 4786 hoc
1129 4740 1193 4781 eo
1234 4724 1318 4779 die
1356 4736 1687 4790 nequaquam
1714 4719 1974 4782 facerent,
2005 4718 2174 4787 magis
2198 4718 2301 4786 ipsi

766 4822 832 4876 ad
857 4817 1134 4876 ecclesiam
1159 4815 1350 4869 missas
1369 4812 1550 4865 audire
1568 4808 1933 4882 convenirent.
1958 4804 2191 4871 Cumque
2220 4805 2298 4858 ni—

767 4908 840 4962 hil
856 4903 1046 4967 born'm
1065 4918 1095 4958 a
1118 4901 1330 4957 rusticis
1352 4899 1635 4967 impetrare
1661 4901 1858 4966 posset,
1906 4890 2299 4948 contumeliosis

769 4997 982 5065 insuper
1005 4990 1182 5046 verbis
1206 4987 1397 5044 clerico
1418 4984 1751 5046 insultantes,
1772 4983 1895 5050 quia
1920 4981 1985 5035 ad
2006 4981 2120 5049 ejus
2144 4994 2301 5049 paro—
2326 5024 2329 5027 .

770 5083 944 5137 chiam
972 5080 1121 5134 locus
1138 5077 1225 5132 ille
1245 5090 1347 5129 non
1371 5072 1685 5144 pertinebat,
1709 5071 1796 5124 vix
1836 5070 2075 5124 obtinere
2093 5068 2261 5138 potuit
2282 5108 2297 5131 ,

770 5178 832 5224 ut
854 5179 1137 5239 parumper
1181 5176 1303 5217 cum
1346 5160 1558 5217 homine
1605 5158 1668 5212 de
1712 5156 2017 5225 panitentia
2064 5170 2122 5210 se
2157 5154 2299 5225 loqui

844 5330 877 5395 ξ
893 5315 1032 5395 ius?
1054 5314 1106 5395 ξιξ
1128 5312 1321 5395 trib"!
1851 5302 2074 5373 ςιιοάδω
2095 5303 2301 5358 διιδεῖν

773 5383 879 5438 {eid
901 5381 1246 5451 Wideltindus

845 5454 873 5493 δ
905 5439 1075 5506 Locus
1099 5439 1361 5516 bodiequ
1384 5454 1537 5516 notus
1553 5443 1609 5516 in
1622 5443 1831 5507 tabulis,
1854 5439 2128 5495 intervallo
2142 5439 2297 5494 unius

778 5519 1033 5594 ἱερεῖς-ψ
1058 5519 1187 5594 urbe
1212 5511 1612 5594 §utpbarliensb

738 5632 742 5637 .
786 5654 806 5656 _
848 5598 871 5656 ς
911 5587 1078 5656 Vulgo
1102 5586 1190 5656 llic
1209 5577 1399 5656 ﬂuvius
1422 5581 1556 5656 {Er/ft
1574 5588 1627 5633 et
1648 5578 1781 5656 τρε
1806 5577 1995 5656 dicitur
2013 5577 2299 5656 ,ﬂvariaqne

781 5654 930 5709 Julite
965 5644 1150 5774 upside
1175 5651 1325 5705 alluit
1348 5658 1402 5705 et
1428 5644 1607 5703 Rheno
1658 5644 1985 5721 immergitur
2026 5644 2296 5700 Coloniam

784 5726 921 5774 inter
951 5731 1001 5774 et
1071 5721 1401 5774 oesburaum.

784 5726 921 5778 inter
951 5721 1013 5776 et
1028 5721 1401 5791 Doesburgum.

1476 5377 1622 5430 iones
1642 5375 1841 5429 habuit.
2291 5398 2308 5410 --

2395 4635 2494 4690 pus
2528 4619 2654 4674 huic
2676 4618 2936 4673 vacationi
2973 4624 3151 4686 aptum
3176 4613 3411 4668 invenire
3436 4613 3623 4681 potuit,
3647 4615 3943 4683 assumptis

2397 4727 2594 4775 secum,
2615 4725 2749 4781 quos
2788 4710 2915 4765 huic
2942 4709 3085 4778 operi
3112 4706 3435 4770 necessatios
3463 4706 3634 4772 scivit,
3662 4707 3730 4760 ad
3758 4708 3941 4777 ipsum

2397 4792 2567 4853 denuo
2590 4797 2763 4853 locum
2786 4798 3051 4869 prolectus
3077 4804 3178 4850 est.

2464 4888 2550 4940 ‘25.
2568 4887 2692 4940 Erat
2706 4886 2774 4940 ibi
2795 4884 3093 4940 sarculumd
3111 4872 3369 4953 quoddam
3382 4874 3942 4951 arbornm‘opacit'atc,

2399 4987 2452 5030 et
2493 4977 2741 5030 silvarum
2768 4975 3028 5030 densitate
3055 4974 3284 5041 undique
3319 4964 3625 5027 conclusum
3646 5013 3661 5036 ,
3702 4974 3778 5031 ibi
3815 4974 3942 5033 lixis

2402 5065 2639 5118 tcn'oriis
2664 5077 2815 5137 mane
2840 5062 3013 5132 primo
3038 5062 3255 5116 arbores
3291 5060 3503 5115 diruere
3539 5068 3595 5114 et
3617 5052 3792 5115 locum
3817 5077 3940 5116 mo.-

2400 5152 2584 5207 neniis
2603 5150 2839 5208 aediliciis
2865 5163 3156 5219 expurgare
3175 5188 3190 5216 ,
3230 5150 3275 5204 si
3303 5164 3404 5218 qua
3439 5147 3664 5205 {aeultas
3689 5150 3935 5229 daretur,

2468 5300 2494 5340 ά
2535 5298 2730 5378 Surius
2751 5298 2909 5352 vertit
2938 5315 2952 5350 :
2984 5312 3177 5378 aeuus.
3203 5296 3631 5378 Antvrerpienses
3656 5298 3937 5378 suspican-

2380 5367 2490 5424 'tur
2510 5368 2760 5429 satiatum
2779 5379 2897 5420 esse
2918 5366 3270 5427 scribendum,
3311 5371 3371 5418 ut
3393 5364 3465 5418 sit
3505 5364 3877 5420 diminutivum
3905 5382 3934 5419 a

2399 5448 2503 5489 sar!
2529 5434 2811 5514 Teutonica
2834 5448 3000 5514 voce.“
3006 5431 3280 5514 Germanis
3296 5431 3654 5514 superioribus
3675 5431 3791 5514 Ιρεινι
3809 5448 3938 5514 pro:

2394 5505 2632 5579 nuntiata
2651 5519 2664 5567 ;
2682 5516 2799 5579 _qua_
2831 5501 3155 5579 signiﬁcetur
3170 5514 3291 5579 non
3325 5499 3828 5579 simpliciter'silva;
3840 5501 3934 5579 sed

2394 5568 2651 5641 silvaprre
2679 5568 2923 5641 (rationm
2956 5569 3214 5624 densitate
3255 5582 3389 5637 pene
3433 5568 3721 5635 impervia;
3760 5568 3939 5638 qualis

2397 5642 2481 5695 hic
2504 5636 2647 5695 locus
2672 5636 3004 5694 describitur.
