4110 6414
133 447 238 503 ’193

1421 435 1594 490 ACTA
1636 433 1690 485 S.
1735 432 2046 486 LL‘DSERL

3223 433 3324 487 734

133 562 504 632 disponebant.
530 557 681 626 Quod
711 567 884 612 tamen
915 557 1020 610 illis
1049 555 1160 608 ﬁeri
1190 553 1408 606 omnino
1441 549 1682 618 impossi-
1715 549 1756 603 Α
1786 546 2014 599 eundum
2055 541 2378 599 vobintatem
2428 560 2600 606 meam
2644 545 2852 601 locutus
2883 548 3330 615 benevolentiam,

131 650 240 704 bile
265 650 543 703 videbatur
567 666 580 702 :
604 647 743 701 unde
793 654 845 701 et
872 646 1086 701 beatum
1129 643 1300 696 virum
1340 657 1369 694 a
1397 656 1488 694 sua
1515 639 1682 691 inten-

135 737 280 790 tione
331 736 544 804 penitus
572 747 832 788 revocare
865 733 1157 796 studentes,
1207 730 1454 784 dixerunt
1503 729 1680 780 lucre-

140 827 296 882 :iibile
326 841 546 896 prorsus
568 825 737 879 videri
775 823 920 878 illum
969 822 1142 876 locum
1202 833 1434 889 unquam
1469 817 1680 872 habita-

137 915 296 976 bilem
346 916 462 970 ﬁeri
488 930 686 984 posse,
732 915 981 983 quoniam
1030 915 1280 966 arborum
1323 910 1584 964 densitate
1629 918 1683 960 et

139 1020 407 1059 ramorum
440 1006 757 1058 obductione
794 1002 983 1056 calum
1013 1015 1223 1069 quoque
1258 1001 1427 1068 ipsum
1457 1001 1680 1051 abscon—

133 1097 370 1149 deretur.
399 1094 577 1148 Atille
609 1107 755 1161 spem
781 1108 929 1146 suam
963 1093 1014 1144 in
1044 1091 1267 1144 Domino
1290 1104 1492 1158 ponens
1519 1104 1531 1150 ;
1564 1103 1681 1155 qua:

130 1185 440 1239 hominibus
459 1225 472 1246 ,
504 1184 702 1254 inquit,
745 1183 1089 1252 impossibilia
1113 1191 1252 1240 sunt.
1283 1181 1392 1233 Deo
1411 1179 1680 1247 possibilia

130 1281 276 1326 sunt.
301 1274 481 1342 itaque
509 1281 663 1328 nocte
702 1273 980 1342 ingruente
1003 1287 1122 1327 cum
1154 1272 1442 1338 temperius
1467 1269 1528 1321 ad
1559 1269 1683 1336 vigi.

132 1364 232 1416 tias
252 1362 592 1417 nocturnales
607 1362 984 1424 surrexissent,
1013 1371 1131 1430 post
1149 1367 1423 1428 peractum
1453 1357 1682 1410 cilicium

131 1469 191 1508 se
217 1454 458 1508 cubitum
485 1453 658 1507 denuo
685 1447 996 1520 receperunt
1024 1469 1035 1511 ;
1084 1465 1309 1515 cumque
1350 1449 1453 1513 jam
1500 1463 1682 1504 omnes

130 1545 369 1598 dormire
395 1552 632 1613 putaret,
675 1544 832 1596 tacite
861 1543 1087 1595 surrexit
1155 1551 1164 1586 τ
1203 1543 1483 1592 tentorium
1507 1553 1686 1607 egres-

129 1651 224 1689 sus
269 1635 541 1704 paululum
595 1633 850 1688 orationis
899 1633 1064 1700 gratia
1159 1639 1339 1683 messzt
1377 1651 1386 1680 :
1421 1629 1512 1683 sed
1559 1631 1680 1696 quia

129 1725 348 1792 quidam
376 1739 440 1777 ex
466 1724 584 1793 ejus
607 1723 955 1777 contubernio
984 1722 1206 1775 clerict's
1255 1722 1464 1774 nomine
1495 1720 1680 1773 Thiat-

130 1811 221 1864 bat
273 1810 460 1864 eadem
519 1811 652 1864 hora
709 1810 981 1879 vigilavit,
1032 1810 1203 1878 ipsum
1232 1807 1512 1862 confestim
1539 1807 1680 1861 foras

127 1907 412 1952 exeuntem
433 1907 645 1952 secutus
671 1907 773 1961 est,
795 1898 934 1967 quod
958 1912 1077 1951 mox
1106 1898 1187 1950 vir
1213 1897 1305 1952 Dei
1333 1897 1597 1966 cognovit,
1627 1906 1681 1951 et

127 1989 401 2058 paulisper
415 1991 563 2058 quasi
595 2005 690 2058 pro
709 1992 854 2042 liora:
874 1989 1196 2056 inspectione
1217 1989 1466 2041 substitit.
1493 1987 1678 2040 deinde

130 2081 535 2134 tabernaculum
566 2083 837 2150 ingressus
883 2093 1066 2131 rursus
1103 2079 1253 2130 exiit.
1308 2076 1408 2130 Sed
1440 2077 1678 2128 eumdem

127 2168 384 2232 clericus,
434 2183 592 2236 quem
636 2168 865 2221 diximus
892 2207 905 2229 ,
943 2176 1153 2220 secutus
1190 2174 1290 2219 est.
1335 2166 1410 2217 lta
1451 2166 1678 2218 secunda

127 2275 346 2328 quoque
374 2259 489 2312 vice
513 2259 752 2311 oratione
774 2257 889 2325 ejus
930 2258 1223 2323 interi-epla
1251 2257 1498 2310 clericum
1547 2264 1681 2309 stra-

129 2361 244 2404 tum
269 2367 422 2404 suum
447 2358 707 2418 repetere,
731 2365 829 2404 nec
850 2347 1150 2402 antelucem
1170 2362 1386 2416 surgere
1406 2347 1675 2415 praecepit.

126 2439 246 2510 ipse
267 2453 510 2507 quoque,
535 2447 591 2500 ut
619 2437 734 2504 ejus
757 2436 1118 2490 curiositatem
1161 2435 1422 2494 eluderet,
1453 2449 1508 2486 se
1537 2433 1681 2485 cubi-

127 2542 242 2583 tum
275 2525 492 2595 recepit.
538 2525 773 2593 Cumque
813 2525 1114 2592 aliquandiu
1139 2533 1490 2592 exspectaret,
1517 2530 1568 2573 et
1591 2537 1681 2575 ne-

129 2619 330 2670 miuem
361 2615 581 2682 vigilare
627 2614 1024 2681 suspicaretur,
1077 2616 1235 2666 tertio
1301 2613 1574 2674 surrexit,
1629 2623 1683 2663 nt

125 2720 379 2776 egressus
409 2705 506 2758 sub
529 2704 754 2773 quadam
783 2705 973 2757 arbore
999 2718 1056 2756 se
1086 2706 1136 2755 in
1177 2703 1468 2754 orationem
1499 2701 1676 2761 dedit;

124 2810 317 2850 verum
339 2808 462 2847 cum
491 2800 816 2847 memoratus
845 2791 1070 2846 clericus
1113 2799 1298 2844 contra
1345 2789 1677 2842 auctoritatis

126 2893 474 2953 praeceptum,
501 2883 649 2950 sequi
688 2869 793 2936 non
813 2883 1028 2935 auderet
1052 2889 1103 2934 et
1125 2880 1359 2941 omnino,
1385 2878 1509 2947 quid
1525 2893 1680 2947 agere

126 2973 319 3034 vellet,
346 2971 624 3040 explorare
647 2970 958 3030 intenderet,
1000 2968 1263 3036 papilione
1297 2967 1447 3034 juxta
1488 2967 1680 3019 lectum

127 3077 288 3114 suum
329 3060 527 3124 levata,
571 3059 626 3112 in
658 3058 900 3112 oratione
929 3057 1156 3125 positum
1191 3057 1324 3109 vidit
1355 3070 1369 3107 :
1402 3064 1517 3108 erat
1538 3054 1679 3108 enim

128 3166 234 3203 nox
260 3149 382 3202 luna
403 3158 460 3202 et
485 3148 652 3202 stellis
675 3147 954 3200 admodum
977 3145 1141 3199 clara.
1165 3145 1362 3198 Etcum
1387 3137 1680 3196 diutissime

127 3243 358 3298 orasset,
388 3244 444 3288 et
483 3249 538 3288 se
581 3249 678 3302 per
721 3233 965 3300 spiritum
1001 3247 1035 3285 a
1060 3231 1168 3286 Deo
1210 3232 1448 3284 auditum
1484 3245 1676 3298 cogno-

128 3326 320 3385 visset,
352 3321 656 3378 tentorium.
689 3319 916 3383 cunctis,
944 3327 1005 3373 ut
1024 3319 1258 3388 putabat,
1297 3318 1682 3388 ignorantibus,

129 3412 402 3480 repetivit.
431 3409 630 3462 Mutata
653 3407 796 3462 illico
827 3423 943 3476 qua:
965 3416 1088 3461 tunc
1117 3416 1231 3461 erat
1253 3405 1371 3459 cmli
1402 3405 1681 3468 serenitas,

127 3503 420 3555 obscurata
474 3506 614 3550 astra
641 3537 656 3561 ,
694 3505 747 3550 et
795 3497 967 3550 ventis
1018 3496 1143 3549 hinc
1182 3496 1303 3548 inde
1349 3493 1685 3561 surgentibus

130 3597 430 3656 tempestas
452 3585 613 3638 nimia
637 3585 918 3637 subsecuta
937 3590 1038 3636 est.
1070 3581 1340 3634 Cadebant
1363 3594 1563 3633 annosa
1582 3578 1686 3631 cir-

127 3690 471 3746 cumquaque
491 3673 706 3729 arbusta
721 3713 740 3736 ,
759 3680 957 3726 etcum
976 3685 1171 3738 magno
1191 3670 1314 3724 licet
1355 3669 1590 3722 omnium
1622 3669 1686 3720 ti-

129 3783 284 3822 more
315 3768 427 3835 ipsa
454 3765 714 3819 elementa
737 3760 932 3816 famulo
952 3761 1044 3816 Dei
1069 3751 1385 3813 militabant.
1412 3759 1539 3810 Nam
1561 3772 1682 3809 cum

131 3855 368 3909 diluculo
404 3853 850 3915 exsurrexissent,
902 3850 1151 3904 videbant
1194 3850 1378 3904 silvam
1405 3850 1530 3902 hinc
1565 3847 1686 3904 inde

132 3957 348 4002 erutam
379 3942 648 3996 fundando
694 3941 1018 3995 monasterio
1060 3940 1232 3993 locum
1277 3939 1408 3992 satis
1455 3937 1685 4005 amplum

134 4031 481 4097 dedisse;‘et
530 4033 749 4085 arbores
805 4030 999 4098 passim
1055 4027 1294 4093 jacentes
1343 4025 1684 4079 sullieientem

133 4125 405 4190 lignorum
430 4118 494 4171 ad
525 4116 924 4171 aedificationem
965 4117 1169 4182 copiam
1197 4114 1505 4182 prmbuisse.
1540 4113 1686 4168 Unde

139 4213 197 4264 S.
235 4208 512 4276 Ludgerus
545 4220 666 4260 cum
701 4204 787 4259 die
818 4202 929 4271 jam
967 4204 1107 4258 clara
1139 4219 1262 4256 suos
1294 4197 1512 4270 reliquo
1539 4206 1685 4270 operi

135 4306 344 4358 instare
377 4300 712 4361 hortaretur,
755 4311 849 4350 eos
884 4295 1219 4363 percunctari
1275 4293 1688 4362 gratulabundus

137 4391 304 4459 rcepit
333 4406 346 4440 :
389 4400 527 4440 anne
551 4385 724 4440 adhuc
749 4384 940 4438 emtum
970 4396 1026 4436 se
1062 4396 1126 4435 ex
1157 4382 1245 4436 illo
1270 4382 1386 4436 loco
1410 4381 1687 4435 crederent

136 4461 431 4544 conspectu
439 4488 525 4536 ros
539 4473 564 4526 ἓ

207 4565 298 4618 26.
344 4563 496 4617 Mane
522 4577 586 4616 ex
608 4561 912 4622 arboribus,
941 4575 1073 4634 quas
1108 4560 1220 4614 illic
1246 4553 1510 4613 corruisse
1549 4556 1686 4611 dixi-

139 4670 284 4717 mus,
309 4669 413 4706 una
445 4652 611 4705 solum
635 4664 737 4702 non
761 4651 933 4702 diruta
967 4649 1240 4712 remansit,
1264 4650 1361 4702 sub
1383 4665 1483 4717 qua
1505 4648 1686 4702 eadem

139 4751 304 4798 nocte
337 4742 421 4794 vir
440 4739 532 4794 Dei
554 4739 746 4802 oravit,
772 4739 869 4792 sub
895 4739 990 4792 bac
1018 4738 1220 4802 sellula,
1245 4737 1354 4805 jam
1377 4737 1493 4792 luce
1521 4739 1684 4798 clara,

139 4835 340 4903 posita,
379 4846 506 4885 suos
541 4829 607 4884 ad
633 4830 954 4898 opemdum
979 4830 1332 4883 abortabatur.
1368 4828 1442 4883 lli
1471 4830 1687 4896 quidam

78 4975 81 4979 ,
143 4923 214 4977 ad
229 4936 354 4974 eum
369 4935 434 4974 ex
463 4917 805 4985 ejusdericis
826 4908 1449 4985 nomineOdilgrimus‘ex
1477 4917 1683 4978 itinere,

141 5027 255 5080 quo
283 5011 518 5063 directus
543 5006 742 5071 fuerat,
787 5007 962 5069 venit;
991 5012 1145 5074 quem
1193 5006 1328 5060 inter
1358 4987 1688 5075 mutuantur:

144 5099 453 5154 habuerunt
503 5094 804 5160 colloquia,
844 5094 954 5161 ipse
1009 5092 1347 5161 interrogavit
1403 5093 1530 5160 quid
1588 5095 1688 5146 sibi

144 5188 214 5239 de
267 5185 360 5238 illo
413 5181 530 5236 loco
569 5179 878 5233 videretur?
913 5188 1213 5233 utrumnam
1245 5194 1365 5232 eunt
1401 5183 1687 5235 monacho-

148 5287 268 5326 rum
300 5271 525 5338 collegio
573 5281 865 5335 congruum
906 5267 1290 5320 arbitraretur?
1342 5267 1409 5320 At
1452 5267 1538 5322 ille
1578 5269 1690 5321 vul—

149 5372 263 5412 tum
287 5359 404 5428 ejus
429 5356 710 5412 clariorem
736 5354 893 5408 solito
915 5354 1101 5410 videns
1125 5371 1136 5406 :
1181 5350 1236 5407 In
1263 5365 1461 5421 vestra,
1490 5357 1656 5425 inquit
1673 5397 1686 5419 ,

151 5447 286 5502 facie
313 5447 492 5510 video,
542 5445 646 5499 hoc
665 5433 796 5512 opus
820 5443 934 5498 sine
963 5442 1056 5496 Dei
1096 5443 1364 5497 voluntate
1390 5445 1688 5500 inchoatum

153 5552 253 5591 non
280 5549 422 5596 esse,
448 5535 622 5588 locum
642 5532 752 5600 jam
777 5531 900 5585 olim
927 5530 1147 5585 electum
1170 5545 1199 5582 a
1228 5531 1336 5584 Deo
1354 5535 1686 5600 opportunis-

153 5627 343 5680 simum
393 5621 578 5676 divino
620 5619 834 5675 servitio
890 5615 1142 5672 futurum.
1195 5619 1308 5684 Qua
1353 5622 1689 5688 responsione

155 5712 264 5782 ipse
291 5703 874 5769 delectatuszcratias,
918 5706 1103 5774 inquit,
1137 5707 1570 5775 liabe,‘quoniam
1617 5725 1692 5764 se-

1781 638 1937 703 quam
1967 636 2135 689 solum
2163 638 2321 690 homo
2357 646 2556 704 potest,
2600 644 2745 690 tuam
2769 639 3034 704 ostendis;
3071 649 3328 694 ueterum

1780 723 2000 778 effectus
2024 725 2077 777 iu
2119 725 2209 778 Dei
2248 733 2514 792 potestate
2535 735 2616 779 est
2641 729 2976 782 constitutus.
3028 728 3179 783 lilud’
3201 745 3334 784 sane

1781 823 1833 868 te
1863 829 2019 868 nosse
2043 814 2180 877 volo,
2208 815 2346 882 quod
2374 823 2549 869 tamen
2574 816 2698 869 vivo
2723 831 2809 870 me
2835 818 2954 872 aliis
2979 827 3032 873 te
3046 816 3330 888 publicare

1779 903 1920 966 nolo,
1951 904 2003 956 in
2033 904 2130 956 hoc
2158 903 2272 956 loco
2300 918 2384 955 me
2421 904 2559 956 diem
2601 904 2794 972 judicii
2813 915 3212 974 expectaturum
3235 947 3250 970 ,
3277 917 3328 962 et

1780 1009 1863 1045 me
1896 994 2000 1056 hic,
2022 995 2128 1061 ubi
2155 1009 2296 1046 nunc
2356 979 2514 1057 edeo,
2542 1006 2940 1050 monumentum
2997 999 3084 1052 bal
3106 1000 3324 1053 iturum.
3353 1034 3369 1049 .

1779 1082 1852 1135 Ita
1899 1083 2122 1144 clericus
2165 1084 2412 1136 arborem
2461 1085 2693 1151 quandiu
2743 1086 2820 1138 ibi
2864 1089 3011 1139 stetit
3049 1089 3327 1157 diligenter

1778 1174 2111 1235 observavit;
2159 1174 2251 1226 sed
2281 1188 2400 1225 cum
2433 1183 2620 1241 postea
2652 1175 2705 1228 in
2750 1191 2903 1228 usum
2941 1175 3178 1232 ecclesiae
3221 1195 3353 1248 quo

1780 1265 1844 1315 ad
1876 1263 2256 1315 occidentalem
2287 1263 2401 1331 ejus
2425 1271 2637 1330 partem
2653 1265 3080 1330 eouStruebatur,
3105 1268 3328 1334 prmeisa

1775 1362 1936 1411 esset,
1978 1351 2202 1420 lapidem
2223 1353 2274 1404 in
2302 1344 2366 1406 eo
2388 1352 2504 1406 loco
2530 1354 2675 1407 nullo
2697 1355 2802 1408 alio
2824 1359 3025 1410 sciente
3051 1372 3148 1424 pro
3175 1359 3330 1425 signo

1783 1441 1989 1504 infodit,
2010 1443 2102 1511 qui
2119 1441 2311 1496 ibidem
2327 1458 2452 1496 cum
2465 1452 2642 1510 postea
2662 1445 2968 1512 sepulcrum
2983 1458 3168 1502 saneto
3183 1447 3330 1502 fode-

1787 1539 1947 1590 retur,
1978 1528 2199 1584 effossus
2222 1539 2323 1584 est.

1847 1623 1936 1678 27.
1967 1623 2022 1675 1η
2049 1625 2307 1691 angustiis
2336 1625 2539 1693 positus
2572 1625 2653 1678 vel
2676 1627 2933 1681 sollicitus
2961 1629 3012 1682 in
3040 1630 3329 1697 majoribus

1781 1712 1937 1766 rebus
1970 1714 2259 1768 tractandis
2291 1714 2393 1767 hoc
2427 1716 2605 1768 statim
2630 1716 2904 1769 exordium
2933 1733 3143 1771 sumere
3165 1722 3330 1774 moris
3373 1778 3376 1782 ,

1781 1801 1967 1854 habuit
1991 1841 2005 1863 ,
2045 1802 2292 1856 sacerdos
2314 1804 2503 1857 missas
2526 1804 2798 1859 celebrare
2821 1808 3042 1871 monuit,
3073 1810 3332 1879 religiosis

1781 1892 1910 1946 viris
1938 1892 2018 1946 vel
2060 1891 2274 1946 feminis
2293 1892 2493 1959 jejunia
2537 1896 2823 1959 mandavit,
2861 1898 3105 1952 invitavit
3133 1914 3340 1968 paupe-

1778 1997 1864 2035 res
1907 1990 1956 2035 et
1989 1995 2206 2050 egenos,
2236 1990 2290 2034 et
2319 1983 2395 2034 sic
2441 1982 2492 2033 in
2525 1985 2771 2037 omnibus
2803 1988 3072 2053 gressibus
3115 1989 3227 2054 ejus
3272 1983 3333 2046 se

1780 2073 2000 2124 Domino
2023 2072 2428 2126 commendavit.
2452 2073 2671 2127 Omnem
2702 2091 2940 2141 censum,
2974 2081 3063 2145 qui
3094 2081 3145 2132 in
3171 2081 3334 2137 ἱκετε-

1782 2164 1944 2214 ditate
1976 2163 2187 2231 propria
2211 2163 2292 2215 vel
2327 2164 2377 2216 in
2402 2165 2668 2232 episcopio
2691 2166 3052 2234 colligebatur,
3077 2185 3199 2224 mox
3225 2173 3337 2229 dis—

1780 2251 2012 2303 tribueie
2036 2251 2256 2314 studuit,
2285 2252 2413 2304 nihil
2436 2255 2651 2307 omnino
2671 2267 2867 2324 pratter
2888 2260 3055 2313 solum
3082 2275 3327 2315 necessa-

1779 2342 1914 2404 rium
1942 2356 2091 2394 usum
2123 2355 2280 2408 super
2306 2344 2700 2411 augustioribus
2751 2345 2874 2416 [F.,
2907 2351 3322 2423 augustioribus}

1777 2433 2012 2486 aediﬁciis
2027 2433 2107 2485 vel
2127 2434 2422 2488 ambitiosis
2434 2436 2741 2496 ministeriis
2762 2453 2974 2492 curans.
2996 2434 3330 2510 Quapropter

1779 2537 1894 2576 eum
1927 2537 1954 2573 a
1984 2520 2297 2588 quibusdam
2330 2517 2469 2590 regis
2507 2523 2836 2592 principibus
2883 2529 3033 2596 quasi
3071 2530 3328 2598 stirpator

1779 2610 2029 2679 cpiscopii
2058 2609 2450 2675 criminaretur,
2477 2622 2530 2666 et
2556 2615 2644 2682 qui
2672 2614 2841 2670 nullas
2865 2616 3209 2674 aediﬁciorum
3236 2621 3331 2674 ho-

1779 2710 2011 2753 nes:ates
2039 2715 2137 2754 nec
2163 2702 2291 2768 ipsis
2315 2701 2556 2755 ecclesiis
2587 2718 2850 2772 congruos
2876 2706 3208 2761 metallorum
3243 2725 3334 2763 or-

1778 2797 1934 2841 natus
1961 2788 2252 2855 pravidere
2281 2789 2487 2852 scierit,
2515 2790 2927 2858 gloriosissimus
2954 2783 3244 2862 imperator
3267 2797 3334 2850 ad

1779 2878 1891 2944 ejus
1922 2878 2240 2931 audientiam
2266 2876 2525 2931 invitavit.
2543 2878 2691 2932 Unde
2711 2877 2837 2932 dum
2865 2881 3080 2935 veniens
3103 2883 3333 2936 mansio—
3386 2893 3391 2896 '

1781 2985 1900 3022 nem
1935 2966 2071 3036 apud
2097 2968 2350 3036 palatium
2380 2968 2693 3035 accepisset,
2723 2983 2880 3022 mane
2907 2969 3079 3039 primo
3102 2971 3170 3024 ad
3208 2987 3337 3026 eum

1775 3057 2068 3121 imperator
2095 3054 2422 3108 cubiculario
2459 3054 2641 3118 misso,
2695 3057 2761 3109 ad
2790 3072 2941 3120 suum
2964 3057 3124 3125 jussit
3151 3061 3335 3115 venire

1783 3141 2119 3208 colloquium.
2146 3139 2306 3193 Forte
2326 3147 2450 3194 tunc
2480 3141 2722 3204 antistes,
2761 3137 2884 3195 dum
2914 3147 3330 3202 consuetudina-

1786 3230 1876 3281 riis
1901 3244 1966 3281 ex
2004 3244 2149 3283 more
2174 3229 2391 3298 psalmis
2433 3237 2486 3283 et
2518 3229 2848 3284 orationibus
2881 3232 3144 3297 instaret,
3197 3236 3331 3290 dixit

1781 3319 2125 3378 cubiculario,
2159 3328 2215 3371 ut
2259 3318 2603 3387 prtecederet,
2656 3333 2713 3371 se
2739 3323 2862 3372 mox
2906 3321 3087 3374 divino
3118 3331 3336 3388 peracto

1780 3405 1951 3462 oﬂicio
1974 3413 2299 3459 secuturum.
2331 3405 2464 3458 Dum
2496 3405 2731 3459 secundo
2753 3414 2807 3459 et
2835 3407 2994 3460 tertio
3020 3410 3218 3462 nuntiis
3246 3425 3333 3462 ve-

1782 3498 2049 3550 nientibus
2080 3495 2164 3546 ille
2195 3494 2261 3546 ab
2287 3495 2516 3561 incoepta
2551 3510 2654 3547 non
2679 3507 2987 3549 moveretur
3031 3511 3210 3565 opere,
3243 3515 3332 3554 oc—

1782 3588 2048 3640 casioncm
2074 3601 2136 3638 se
2161 3593 2496 3639 accusatores
2521 3583 2635 3650 ejus
2652 3585 2924 3639 invenisse
2949 3587 3106 3641 luetati
3136 3604 3200 3643 ex
3229 3591 3332 3645 hoc

1783 3675 1947 3742 ipsius
1970 3660 2108 3728 facto
2132 3675 2552 3727 criminationem
2589 3674 2948 3728 cumulabant.
2980 3677 3178 3733 Verum
3200 3680 3328 3733 dum

1781 3764 2057 3832 completis
2110 3749 2417 3832 psalmodiis
2476 3772 2600 3816 ante
2645 3763 3016 3832 imperatorem
3073 3768 3327 3830 venisset,

1783 3855 1914 3906 dixit
1944 3854 2232 3918 imperator
2258 3867 2272 3902 :
2297 3851 2472 3916 Quare
2502 3861 2740 3907 nostrum
2765 3855 3068 3908 mandatum
3095 3857 3173 3910 sie
3195 3857 3330 3910 ditii-

1783 3941 1882 3993 cile
1932 3939 2218 4007 accepisti,
2258 3939 2531 4006 episcope,
2572 3947 2628 3991 ut
2666 3947 2742 3992 tot
2789 3941 3083 3995 accersitus
3130 3936 3331 3998 nuntiis

1783 4030 1961 4082 statim
2002 4031 2182 4081 venire
2227 4029 2570 4096 despiceres?
2607 4029 2739 4095 Quia
2764 4069 2782 4092 ,
2821 4031 2990 4098 inquit
3032 4020 3322 4101 Ludgerus,

1783 4128 1832 4171 et
1864 4119 1953 4170 tibi
1980 4158 1992 4180 ,
2034 4135 2066 4170 ο
2094 4134 2216 4178 rex,
2258 4128 2310 4171 et
2344 4121 2550 4174 cunctis
2599 4121 2901 4174 hominibus
2933 4122 3099 4175 Deum
3124 4137 3326 4191 prapoo

1786 4208 2012 4258 nendum
2038 4208 2337 4261 arbitrabar
2367 4227 2377 4260 :
2415 4210 2515 4263 hoc
2543 4210 2685 4263 enim
2729 4211 2858 4263 mihi
2887 4212 3204 4281 praeepisti,
3235 4227 3329 4266 cu-

1785 4309 1897 4346 ram
1935 4295 2284 4362 episcopalem
2331 4297 2696 4360 committens;
2752 4297 2950 4353 idcirco
2994 4315 3026 4355 a
3057 4299 3163 4355 tuis
3203 4300 3330 4356 licet

1786 4393 2003 4435 vocatus
2036 4383 2236 4436 nuntiis
2255 4385 2632 4451 omnipotentis
2667 4386 2938 4438 servitium
2979 4387 3328 4444 intermittere

1714 4497 1767 4553 υ
1789 4473 2160 4524 inconveniens
2177 4472 2407 4541 iudicavi
2437 4488 2452 4527 :
2479 4483 2534 4527 at
2561 4489 2682 4527 mox
2710 4475 2887 4528 divino
2913 4487 3132 4543 peracto
3162 4481 3326 4533 servi-

1786 4562 1858 4614 tio
1882 4562 2118 4628 paratior
2164 4562 2229 4616 ad
2278 4563 2416 4631 regis
2456 4564 2732 4630 imperium
2761 4565 2899 4620 veni.
2927 4567 3075 4632 Quod
3110 4583 3352 4636 respon-.

1782 4662 1898 4699 sum
1954 4648 2066 4714 ejus
2124 4650 2409 4716 imperator
2453 4652 2685 4718 optimus
2742 4653 3326 4722 veneratuszcratias,

1783 4735 1876 4799 ait,
1914 4738 2106 4792 habeto
2130 4777 2144 4801 ,
2183 4738 2445 4806 episcope,
2484 4741 2606 4808 quia
2626 4741 2784 4794 talem
2806 4750 2858 4795 te
2896 4742 3050 4796 modo
3076 4743 3323 4811 invenio,

1772 4826 1990 4893 qualem
2022 4835 2174 4879 antea
2203 4828 2546 4881 aestimabam.
2577 4827 3009 4894 Fueruntautem
3040 4831 3202 4901 aliqui
3229 4837 3325 4902 qui

1782 4918 1918 4970 facta
1967 4913 2217 4966 bonitatis
2259 4923 2360 4968 tua!
2401 4917 2642 4971 malivole
2685 4909 2828 4984 apud
2868 4933 2950 4972 me
2996 4919 3324 4989 interpretati

1783 5013 1927 5064 sunt.
1962 5004 2052 5056 sed
2075 5003 2170 5055 bos
2195 5005 2442 5072 deinceps
2470 5006 2643 5056 minus
2664 5016 2843 5074 gratos
2875 5008 3108 5072 habebo,
3133 5019 3186 5063 et
3207 5010 3322 5062 nul-

1785 5094 1882 5145 lius
1900 5092 2053 5142 verba
2083 5107 2236 5159 super
2261 5103 2349 5143 tua
2367 5092 2728 5148 criminatione
2754 5109 2835 5147 me
2854 5095 3073 5151 ulterius
3093 5099 3323 5164 spondeo

1784 5187 2143 5248 accepturum.

1852 5267 1940 5321 28.
1984 5268 2146 5320 Porro
2171 5267 2290 5334 quia
2316 5277 2618 5321 sanctorum
2657 5285 2946 5324 ometorum
2970 5270 3155 5328 incidit
3177 5291 3321 5330 men-

1785 5356 1878 5418 tio,
1910 5363 2125 5408 narrant
2154 5354 2313 5421 quod.
2343 5355 2463 5406 dum
2513 5356 2576 5407 ad
2612 5372 2743 5424 Opus
2772 5359 3018 5412 diurnum
3043 5360 3320 5432 (divinum)

1786 5454 1950 5498 staret
1980 5444 2058 5496 vir
2082 5443 2193 5503 Dei,
2226 5442 2556 5498 incilabiliter
2581 5447 2824 5499 timorata
2875 5449 3164 5506 intentione
3191 5447 3320 5508 lixa-

1787 5545 1888 5598 que
1921 5541 2094 5584 mente
2119 5532 2388 5583 manserit.
2418 5531 2710 5600 Aliquando
2728 5538 2850 5588 dum
2876 5539 2924 5589 in
2945 5538 3132 5592 itinere
3154 5549 3316 5605 esset.

1790 5622 1923 5674 lectu
1983 5622 2052 5675 illi
2083 5622 2147 5674 ad
2180 5622 2409 5676 vicinum
2467 5622 2637 5676 focum
2691 5629 3004 5685 sinebatur.
3031 5631 3168 5684 unde
3191 5633 3273 5685 du-

1791 5722 1942 5766 noctu
1975 5723 2119 5766 stans
2141 5701 2298 5780 juxta.
2333 5714 2523 5767 lectum
2557 5722 2833 5770 matutinas
2868 5719 3046 5775 laudes
3073 5737 3189 5777 cum
