4110 6474
695 424 3813 486 W

2170 466 2241 475 ...σ-

1914 580 2076 622 ΑΝΝΟ
2120 576 2340 620 DOHINI
2383 575 2630 618 DCCCIX.

1560 730 2967 894 'FARDULFUS

1848 972 2425 1029 sanmonvsmnus
2457 972 2703 1051 ansas,

1340 1208 1752 1283 NOTITIA
1811 1207 2345 1284 HISTORICA
2397 1209 2503 1287 IN
2561 1210 3172 1290 FARDULFUM

1747 1344 1761 1363 ⁸
1822 1376 1910 1434 is;
1936 1374 2085 1425 cum
2124 1375 2409 1440 Christiana,
2435 1387 2550 1431 tom.
2576 1379 2708 1441 vn.)

2172 1502 2355 1515 ...α-...ι

753 1607 1027 1665 Fardnlms
1061 1622 1250 1677 εειιωε
1295 1606 1667 1675 Longobardus
1692 1646 1704 1668 ,
1742 1613 1891 1673 capta
1939 1603 2098 1675 Papia
2147 1608 2203 1662 in
2233 1614 2277 1672 Α
2305 1609 2509 1663 daciam
2531 1607 3436 1679 comprimendamevocatiundique
3456 1605 3838 1672 confluxerant,

688 1699 961 1752 Franciam
993 1697 1247 1750 abductus
1280 1708 1309 1747 a
1337 1691 1525 1747 Carolo
1572 1693 1779 1764 Magno,
1817 1692 1987 1747 eidem
2021 1696 2214 1747 ebarus

685 1787 902 1842 ell‘ectus
928 1794 1005 1839 est
1029 1825 1043 1847 ,
1085 1785 1151 1837 ob
1173 1783 1431 1837 detectam
1453 1782 1655 1851 Pippini
1679 1782 1794 1850 ejus
1816 1783 1909 1836 tllii
1931 1799 1993 1836 ex
2033 1784 2217 1838 Himilo

686 1877 840 1930 trude
860 1874 1147 1928 concubina
1169 1873 1581 1942 conjurationem
1611 1887 1625 1925 :
1652 1886 1815 1941 quare
1842 1877 2217 1927 monasterium

688 1964 855 2017 sancti
879 1961 1132 2030 Dionysii,
1158 1958 1444 2028 Maginario
1473 1960 1662 2013 abbate
1684 1967 1908 2023 mortuo,
1932 1960 1979 2012 ei
2002 1958 2218 2015 Carolus

687 2049 972 2121 regendum
1018 2050 1308 2114 commisit;
1339 2050 1423 2103 cui
1465 2047 1741 2103 Fardulfus
1786 2058 1841 2103 ut
1883 2063 1939 2103 se
1987 2048 2215 2103 vicissim

683 2152 891 2211 gratum
919 2139 1210 2202 exhiberet,
1262 2137 1425 2192 zedem
1462 2137 1777 2191 monasterio
1827 2125 2175 2191 adhaerentem
2202 2177 2214 2199 ,

684 2232 854 2286 instar
882 2237 1113 2282 veterum
1161 2228 1306 2295 regni
1342 2226 1655 2296 palatiorum
1701 2224 1946 2280 aedificari
1994 2227 2216 2287 curavit,

687 2319 741 2371 in
779 2331 881 2385 qua
909 2316 1169 2385 princeps,
1202 2316 1324 2368 dum
1359 2331 1422 2369 eo
1449 2314 1670 2378 veniret,
1702 2328 1820 2368 cum
1843 2314 1952 2368 suis
1988 2312 2221 2381 hospita-

686 2416 853 2459 retur.
870 2405 925 2459 ιιι
955 2405 1062 2473 ipse
1085 2412 1307 2458 testatur
1330 2400 1604 2457 Fardnlt‘ns
1624 2403 1880 2465 versibus,
1902 2417 2033 2469 quos
2059 2401 2221 2457 Ches-

691 2493 812 2545 nius
846 2490 1007 2545 refert
1032 2502 1176 2545 tomo
1211 2489 1251 2543 ll
1290 2487 1422 2542 Hist.
1472 2490 1664 2558 Script.
1695 2487 1905 2549 Franc.,
1938 2501 2055 2558 pag.
2098 2487 2218 2559 645,

690 2580 777 2634 ubi
800 2589 850 2634 et
872 2579 1044 2649 legere
1065 2587 1146 2633 est
1171 2577 1229 2631 Β.
1272 2576 1458 2631 Joanni
1503 2576 1652 2644 Bapt.
1683 2577 1969 2631 oratorium
2013 2576 2080 2630 ab
2107 2577 2220 2645 ipso

691 2680 1014 2725 exstructum
1043 2668 1277 2723 solvendi
1307 2669 1414 2720 voti
1439 2682 1629 2728 causa,
1677 2668 1816 2734 quod
1857 2666 2007 2720 initio
2048 2666 2219 2720 exsilii

689 2762 769 2812 sui
793 2774 848 2812 se
873 2760 1077 2813 vovisse
1115 2757 1253 2810 idem
1291 2755 1568 2808 Fardulius
1594 2756 1667 2807 ait
1693 2754 2030 2822 sequentibus
2053 2755 2219 2807 versi-

600 2905 605 2915 __
686 2848 803 2901 bus.
841 2828 1090 2899 Eumdem
1126 2843 1303 2897 laudat
1343 2842 1595 2896 Alcuinus
1624 2842 1804 2911 (carm.
1839 2842 1960 2909 ιιι)
1990 2841 2058 2897 ob
2084 2841 2219 2895 cibo-

2314 1696 2531 1765 contigit
2584 1696 2856 1751 accidisSe.
2910 1694 3008 1749 Hic
3054 1709 3202 1748 sacra
3229 1694 3501 1749 beatorum
3548 1705 3841 1765 martyrum

2313 1784 2532 1852 pignora
2553 1798 2731 1838 secum
2755 1783 2883 1838 ferri
2901 1782 3080 1850 jussus
3101 1781 3292 1846 fuerat,
3327 1791 3381 1836 et
3408 1784 3652 1842 custodes
3690 1784 3843 1839 cleri-

2314 1886 2439 1935 cos,
2469 1873 2559 1940 qui
2608 1887 2787 1927 secum
2832 1872 3320 1940 proﬁciscebantur,
3368 1875 3444 1926 uti
3490 1874 3568 1927 eis
3610 1875 3841 1928 vicissim

2315 1947 2711 2016 succedentibus
2739 1960 2914 2014 debita
2955 1959 3291 2014 exhiberetur
3320 1959 3525 2029 religio,
3567 1961 3841 2031 delegave-

2316 2058 2413 2104 rat.
2449 2070 2466 2102 ι
2501 2048 2621 2104 Fuit
2642 2049 2803 2102 etiam
2827 2047 3107 2101 Fardulfus
3126 2062 3156 2102 e
3184 2063 3405 2102 numero
3431 2048 3711 2103 missorum
3753 2050 3845 2104 do-

2315 2140 2647 2198 minicorum.
2671 2138 2862 2206 quibus
2882 2135 3100 2192 Carolus
3118 2137 3332 2206 Magnus
3350 2137 3524 2191 varias
3551 2138 3695 2206 regni
3718 2152 3842 2206 pro-

2315 2228 2515 2282 vincias
2540 2227 2825 2294 assignavit
2848 2226 3259 2294 perlustrandas,
3299 2235 3357 2282 ut
3375 2227 3517 2298 leges
3544 2237 3650 2281 tam
3676 2227 3845 2281 eccle-

2317 2314 2580 2376 siasticas,
2606 2327 2767 2380 quam
2795 2312 2975 2367 civiles
3003 2313 3265 2382 neglectas
3288 2314 3555 2367 observari
3577 2321 3841 2378 curarent,

2312 2405 2499 2474 jusque
2532 2404 2768 2458 dicerent
2791 2416 2853 2457 ac
2875 2402 2943 2481 de
2975 2402 3192 2471 singulis
3235 2404 3301 2457 ad
3345 2404 3513 2471 ipsum
3569 2403 3843 2457 referrent.

2316 2492 2457 2547 idem
2497 2506 2635 2545 anno
2657 2490 2780 2557 797,
2803 2484 3070 2545 tricesimo
3115 2490 3317 2557 Caroli,
3347 2507 3439 2546 xm
3467 2491 3580 2544 Kal.
3609 2489 3848 2545 Januarii

2318 2578 2675 2635 Tbeudaldum
2696 2579 2960 2642 comitem,
2981 2578 3209 2633 Giselam
3229 2591 3462 2633 sororem
3481 2578 3655 2633 Caroli
3673 2578 3845 2648 Magni

2320 2670 2437 2732 799,
2463 2677 2519 2723 et
2538 2669 2889 2737 Nevelongum
2923 2669 3148 2723 nobilem
3194 2668 3507 2723 Hasbanium
3532 2668 3653 2731 805,
3684 2671 3844 2723 bene-

2319 2756 2445 2810 ficos
2467 2763 2713 2823 expertus
2735 2765 2816 2810 est
2843 2754 3019 2826 (Prob.
3047 2755 3182 2807 Hist.
3222 2754 3279 2809 S.
3306 2755 3485 2819 Diom,
3513 2770 3565 2808 n.
3591 2753 3679 2818 δι,
3701 2754 3768 2808 65
3791 2764 3847 2810 et

2321 2844 2425 2916 66).
2452 2844 2686 2898 Mortuus
2714 2844 2944 2899 creditur
2973 2843 3250 2899 Fardulfus
3283 2859 3418 2899 anno
3456 2844 3694 2914 sequenti
3721 2844 3847 2912 806,

686 2935 818 2985 rium
864 2933 930 2986 ab
968 2946 1033 2986 eo
1085 2930 1280 2984 factum
1316 2930 1369 2984 in
1398 2930 1509 2986 aede
1556 2929 1890 3000 Dionysiana.
1920 2929 2221 2985 Fardulfurn
2256 2926 2296 2983 Β
2324 2934 2405 2987 die
2424 2932 2495 2986 22
2519 2933 2831 2993 decembris.
2859 2933 3026 3002 Ipsius
3049 2935 3389 3003 epitaphium,
3411 2934 3564 3003 quale
3587 2936 3843 3003 sequitur,

687 3021 911 3074 ascitum
940 3035 969 3073 a
1002 3020 1189 3074 Carolo
1220 3020 1466 3074 comitem
1497 3022 1549 3073 in
1579 3019 1998 3089 expeditionibus
2024 3020 2222 3076 bellicis

688 3109 955 3160 Saxonum
993 3108 1261 3161 adnotavit
1290 3108 1701 3176 manuscriptum
1738 3117 1888 3162 vetus
1934 3105 2222 3177 Sandiony-

688 3199 891 3249 sianum
916 3196 998 3249 his
1025 3197 1199 3250 verbis
1243 3214 1256 3248 :
1300 3214 1321 3246 ι
1350 3195 1569 3251 Carolus
1602 3195 1837 3265 Magnus,
1875 3211 1993 3251 curn
2028 3196 2222 3251 bellum

688 3285 940 3339 adversus
988 3284 1223 3340 Saxones
1269 3285 1495 3338 mirabili
1528 3285 1783 3358 industria
1831 3287 2223 3341 administraret

691 3375 773 3427 sui
802 3376 1081 3443 prmsentia
1108 3415 1121 3437 ,
1164 3373 1464 3428 Fardnlfum
1489 3373 1547 3426 B.
1572 3374 1804 3445 Dionysii
1824 3374 2065 3428 abbatem
2094 3379 2230 3429 inter

689 3464 821 3519 alios
843 3504 857 3526 ,
902 3464 991 3534 qui
1020 3464 1084 3517 ad
1116 3462 1387 3517 ferendum
1417 3463 1620 3531 pondus
1650 3462 1839 3532 praelii,
1867 3474 1919 3517 et
1944 3463 2115 3533 gentis
2143 3478 2232 3515 au-

2322 3038 2352 3076 e
2380 3023 2734 3090 manuscripto
2759 3022 2940 3077 codice
2960 3023 3287 3077 bibliothecae
3312 3024 3712 3079 eminentissimi
3731 3039 3849 3077 car-

2324 3113 2514 3166 dinalis
2540 3111 2784 3169 Ottobmi
2808 3114 2945 3166 eruit
2967 3122 3145 3167 noster
3176 3113 3494 3177 Felibianus,
3527 3122 3580 3168 et
3608 3115 3849 3170 Historia

2326 3202 2753 3272 Sandionysiante
2770 3202 2974 3255 atterit.
3518 3214 3521 3217 ‘

2449 3291 2676 3351 Ecclesiae
2709 3292 2881 3351 cultor,
2905 3292 3064 3351 largus
3087 3292 3337 3341 m’serator
3361 3304 3572 3351 egenum

2458 3360 2461 3363 ‘
2510 3350 2756 3399 Fardnlfus
2777 3350 2944 3406 fuerat,
2969 3350 3053 3399 hoc
3071 3354 3195 3411 jacet
3222 3356 3266 3399 in
3292 3350 3503 3403 tumulo:

2451 3411 2500 3459 ln
2525 3413 2609 3457 hac
2632 3412 2735 3459 uade
2758 3411 2846 3459 Dei
2869 3413 2969 3460 tollt
2990 3418 3067 3469 qui
3094 3417 3282 3460 nomine
3304 3413 3431 3464 claro

2511 3469 2726 3519 )Eternls
2747 3475 2924 3520 meruit
2945 3471 3162 3520 laudibus
3187 3483 3242 3519 ac
3263 3476 3499 3533 precibus.

1552 3704 2229 3843 FARDULFI
2320 3730 2982 3849 CARMINA.

1626 3921 1781 3980 (.tpud
1806 3920 1866 3970 D.
1889 3922 2147 3985 BouqueL,
2175 3927 2362 3976 lterueil
2387 3894 2466 3978 des
2493 3927 2635 3988 Hist,
2674 3937 2789 3980 tom.
2815 3930 2898 3992 ν.)

2049 4055 2471 4070 m

949 4249 1131 4304 Versus
1167 4250 1222 4303 δ.
1249 4248 1481 4315 Dionysii
1508 4246 1698 4298 a'dibns
1728 4246 1978 4314 inscripti.

692 4359 927 4414 Culmina
956 4358 1192 4411 cernenti
1231 4344 1413 4411 lectori
1444 4355 1617 4408 littera
1639 4369 1850 4423 prome;

760 4443 1037 4500 Fardulfus
1069 4442 1255 4499 Carolo
1280 4443 1511 4497 condidit
1536 4443 1637 4496 ista
1668 4456 1782 4495 suo.

690 4537 854 4601 Quem
875 4535 1157 4603 quondam,
1186 4534 1413 4605 propria
1437 4531 1608 4587 fuerat
1638 4532 1759 4584 dum
1782 4538 1989 4599 sceptra
2012 4540 2221 4584 secutus

758 4623 958 4686 Gentis,
988 4623 1041 4675 in
1062 4623 1308 4676 adversas
1337 4620 1443 4673 fata
1466 4620 1633 4674 tulere
1652 4620 1781 4673 vias.

686 4714 931 4767 Attamen
957 4711 1043 4765 hic
1064 4709 1183 4765 tidei
1209 4709 1433 4763 dominis
1456 4709 1681 4762 servavit
1704 4708 1975 4770 honorem,

761 4798 855 4853 liis
876 4798 1019 4868 regni
1048 4798 1287 4866 quamvis
1311 4797 1496 4851 ultima
1523 4805 1660 4851 meta
1687 4797 1841 4852 foret.

693 4885 928 4942 Tandem
958 4885 1181 4942 rectoris
1198 4883 1371 4940 Caroli
1398 4883 1639 4939 felicibus
1665 4887 1828 4939 armis

763 4975 951 5038 Cessit,
980 4983 1033 5028 et
1059 4974 1115 5027 in
1138 4971 1323 5028 melius
1342 4972 1452 5029 fors
1473 4974 1572 5028 sibi
1601 4974 1759 5027 cessit
1797 4974 1915 5026 iter.

691 5062 824 5126 Huic
858 5077 1067 5131 quoque
1099 5059 1222 5116 dum
1262 5073 1286 5102 ι
1317 5061 1438 5116 ﬁdei
1467 5061 1693 5116 salvaret
1716 5075 1935 5116 munera
1968 5063 2097 5131 regi,

759 5150 870 5205 Rex
895 5150 994 5205 sibi
1021 5148 1301 5218 praecelsus
1329 5148 1552 5217 plurima
1581 5150 1715 5203 dona
1750 5148 1912 5203 dedit.

691 5246 833 5297 inter
859 5256 977 5310 quae
1003 5242 1168 5296 sancti
1205 5239 1421 5312 Dionysi
1441 5250 1614 5296 rector
1640 5224 1697 5294 nt
1721 5241 1852 5296 aulo:

764 5331 942 5386 Fiet-et
969 5327 1181 5385 indulsit
1206 5330 1454 5398 paciﬁcus
1473 5330 1711 5386 Carolus.

763 5471 790 5497 ιι
827 5454 977 5520 Quod
1000 5458 1065 5511 de
1090 5471 1185 5511 sua
1213 5458 1266 5511 in
1305 5457 1547 5513 Carolnm
1577 5461 1678 5515 fide
1704 5471 2078 5515 commemorat
2096 5502 2108 5524 ,
2160 5465 2223 5515 ad

694 5525 898 5598 l’lppini
925 5526 1087 5598 nostri
1108 5527 1517 5598 coniurationem
1541 5529 1915 5584 conferendum
1944 5540 2043 5592 est,
2068 5545 2221 5598 quam

699 5614 724 5646 ιι
754 5590 996 5648 ινὲιηιιιιίο
1019 5590 1299 5657 detectum,
1324 5606 1375 5649 et
1400 5597 1696 5667 Dionysiani
1724 5599 1948 5654 Annales
1973 5590 2220 5663 indicant,

2328 4134 2468 4189 Παιιο
2494 4138 2815 4195 benefactori
2840 4146 3133 4198 construxit
3160 4147 3407 4213 providus
3432 4148 3619 4216 :edem,

2390 4222 2444 4275 lu
2467 4240 2569 4293 qua
2601 4242 2719 4281 cum
2750 4228 2958 4285 famulis
2978 4233 3201 4299 gaudeat
3230 4235 3339 4303 ipse
3369 4238 3497 4293 suis.

2247 4336 2293 4395 ε
2324 4309 2437 4378 Ipse
2465 4314 2574 4369 suis
2601 4317 2767 4371 servis
2787 4358 2801 4381 ,
2828 4317 2945 4373 fidei
2972 4336 3103 4389 quos
3132 4323 3335 4377 vincula
3359 4335 3608 4393 nectunt,

2390 4399 2647 4456 Laetitiam
2668 4406 2908 4475 princeps
2930 4411 3162 4476 praebeat
3194 4413 3535 4483 armipotens.

2321 4486 2463 4542 More
2491 4499 2664 4545 tamen
2700 4501 2934 4548 veterum
2963 4513 3278 4567 consurgere
3311 4502 3467 4569 jussit
3492 4518 3713 4561 avorum

2388 4576 2647 4641 Culmina,
2672 4582 2978 4651 praefulgent
3004 4588 3140 4655 regis
3168 4589 3365 4644 honore
3392 4593 3579 4648 domus
3608 4612 3622 4647 :

2328 4662 2391 4717 ’ἐι
2426 4667 2631 4732 quoties
2664 4670 2810 4737 regni
2834 4673 3083 4738 praeclara
3115 4676 3309 4742 palatia
3341 4678 3548 4744 lustrat,

2394 4755 2620 4810 Fardulfl
2647 4756 2825 4813 famuli
2852 4761 2918 4815 sit
2949 4778 3149 4819 memor
3179 4766 3263 4820 ille
3291 4769 3389 4821 sui.

2799 4980 2895 5033 Alii
2921 4978 3161 5051 Fardulﬁ
3197 5000 3381 5039 versus.

2327 5064 2473 5120 Hanc
2513 5067 2625 5131 tibi,
2653 5083 2945 5136 prceeursor
2971 5071 3174 5125 Domini
3198 5114 3210 5135 ,
3252 5074 3527 5130 Fardulfus
3550 5078 3786 5147 opimam

2326 5158 2565 5212 Condidit
2591 5168 2829 5213 ornatam
2860 5160 3050 5215 divinis
3074 5163 3300 5219 cultibus
3327 5168 3529 5231 aulam,

2330 5246 2457 5299 Vota
2488 5248 2582 5301 tibi
2608 5236 2858 5312 reddens,
2889 5250 3103 5318 supplex
3129 5267 3244 5319 qua:
3269 5265 3481 5310 voverat
3508 5256 3663 5325 olim,

2327 5333 2508 5388 Exsilii
2534 5336 2760 5404 primum
2787 5339 2946 5405 coepit
2973 5339 3096 5393 dum
3126 5356 3280 5397 nosse
3310 5342 3560 5399 laborem.

2327 5473 2380 5517 et
2404 5464 2616 5518 disertis
2659 5463 2833 5518 verbis
2874 5465 2925 5518 in
2964 5465 3226 5524 Chronico
3271 5480 3492 5527 testatur
3518 5473 3851 5531 Einbardhns

2326 5548 2461 5612 anno
2490 5532 2608 5586 792.
2642 5533 2951 5589 Smnoxncs.
2998 5565 3066 5577 --
3109 5537 3246 5592 Obiit
3293 5539 3569 5597 Fardnlfns
3593 5558 3732 5599 anno
3755 5546 3851 5601 806

2328 5610 2413 5655 :tttl
2440 5610 2760 5671 insequente;
