4110 6408
719 416 817 467 825

1646 415 1701 468 S.
1741 413 2207 467 ANCILBERTUS
2255 413 2458 465 \llBAS
2505 410 2985 473 CENTUIENSIS.

3781 431 3871 480 εει

717 526 949 591 ejusdem
980 524 1145 579 sancti
1177 524 1407 578 lticharii
1433 542 1445 586 ;
1476 526 1637 577 altare
1663 525 1827 577 sancti
1860 523 2019 584 Petri,
2055 523 2104 573 in
2134 535 2238 588 quo
2272 524 2309 576 Α
2342 520 2481 572 ιιιῖηο
2508 534 2821 589 coopcrmlc
2870 541 2985 592 qua:
3030 529 3283 584 hactenus
3330 535 3733 602 conspiciuntur
3758 556 3875 593 con-

718 613 953 679 rcliquia:
997 611 1108 677 ejus
1136 618 1189 663 et
1240 612 1407 664 sancti
1438 611 1582 663 Pauli
1613 612 1883 678 sanctique
1920 602 2240 668 Clementis;

716 701 881 754 altare
908 700 1073 753 sancti
1094 698 1310 753 Joannis
1339 700 1601 766 Baptistae,
1640 700 1690 753 in
1717 715 1820 767 quo
1850 698 2083 765 reliquice
2108 696 2243 763 ejus,

716 802 768 843 ct
796 789 1060 845 Zacharia:
1083 788 1253 856 patris
1298 789 1496 856 ipsius;
1528 788 1695 842 altare
1748 787 1916 842 sancti
1946 783 2243 852 “Stephani,

712 883 764 933 in
794 895 896 949 quo
922 878 1154 946 reliquia:
1197 878 1313 946 ejus
1346 888 1400 932 et
1425 877 1711 942 Simeonis,
1764 880 1852 945 qui
1892 875 2167 930 Dominum
2191 873 2242 925 in

714 972 865 1022 ulnas
891 968 1158 1035 suscepit;
1190 968 1357 1020 altare
1391 966 1558 1021 sancti
1604 967 1859 1031 Quintini,
1893 966 1957 1017 in
1987 978 2091 1032 quo
2118 962 2240 1015 reli-

712 1058 845 1122 quizn
871 1057 985 1124 ejus
1010 1063 1063 1109 et
1087 1063 1387 1109 sanctorum
1440 1054 1666 1124 Crispini
1694 1053 2084 1122 eLCrispiniani
2118 1071 2129 1103 :
2162 1053 2242 1104 al-

713 1152 824 1196 tare
848 1151 1049 1197 sancta:
1093 1138 1295 1203 Crueis,
1321 1143 1372 1195 in
1398 1156 1501 1210 quo
1526 1142 1760 1210 reliquis:
1790 1142 1913 1209 ligni
1942 1142 2102 1209 ipsius
2128 1181 2141 1202 ,
2172 1141 2243 1192 al-

646 1281 655 1287 .
712 1242 823 1286 tare
849 1233 1017 1286 sancti
1055 1231 1304 1300 Dionysii,
1332 1233 1381 1284 in
1408 1246 1511 1300 quo
1538 1231 1771 1299 reliquia:
1797 1232 1927 1300 cjus,
1959 1230 2159 1283 Rustici
2187 1238 2240 1283 et

710 1320 995 1373 Eleutherii
1024 1336 1039 1383 ;
1071 1320 1236 1372 altare
1289 1321 1453 1373 sancti
1503 1319 1760 1383 Mauricii,
1791 1319 1841 1372 in
1868 1334 1970 1386 quo
2010 1317 2241 1384 reliquias

710 1409 845 1475 ejus,
888 1408 1162 1476 Exsuperii
1206 1416 1259 1461 et
1279 1406 1495 1461 Candidi
1524 1424 1538 1472 ;
1568 1407 1733 1460 altare
1754 1408 1917 1460 sancti
1950 1407 2239 1467 Laurentii,

709 1500 760 1550 in
797 1512 904 1565 quo
952 1498 1183 1564 reliquia:
1230 1497 1363 1563 ejus,
1417 1495 1712 1550 Sebastiani
1758 1506 1813 1549 et
1854 1495 2152 1558 Valeriani;
2187 1502 2240 1548 et

706 1585 876 1640 altare
905 1586 1069 1640 sancti
1095 1586 1321 1647 Martini,
1350 1585 1401 1637 in
1425 1600 1529 1652 quo
1555 1584 1787 1651 reliquia:
1815 1584 1946 1651 ejus,
1976 1595 2027 1637 et
2056 1583 2239 1638 Reme-

704 1676 798 1738 dii,
854 1672 1084 1737 Vedasti,
1143 1674 1390 1735 Metlardi,
1449 1671 1732 1736 Gualarici,
1785 1673 1937 1745 Lupi,
1992 1671 2235 1731 Servatii,

703 1761 953 1816 Germani
977 1768 1133 1830 atque
1158 1760 1331 1828 Eligii.
1363 1760 1416 1812 In
1451 1760 1671 1815 ecclesia
1722 1776 1846 1812 vero
1872 1761 2037 1812 sancti
2068 1759 2235 1811 Bene-

2345 615 2563 670 strueta,
2603 610 2754 662 sicuti
2802 623 3106 679 cernuntur,
3135 619 3362 673 omniaa
3392 620 3753 684 fundamentis
3772 641 3872 680 ste.

2344 694 2551 747 «luimus
2603 698 2940 762 reredilicare,
2989 711 3127 757 etut
3174 706 3496 763 habitatores
3549 713 3692 768 illius
3747 717 3794 769 in
3816 734 3873 769 (Ἦ

2343 780 2621 836 missarum
2649 783 2900 840 solemnia
2928 788 3283 858 frequentare,
3319 806 3376 849 et
3396 799 3750 867 omnipotenti
3778 804 3872 857 Dc-

2343 870 2484 923 mino
2516 870 2841 928 delectentur
2884 876 3170 944 deservire,
3225 882 3340 951 ipso
3387 885 3698 955 adjuvante,
3730 908 3873 946 mum

2340 961 2640 1015 curavimus
2666 962 2887 1017 ﬁrmiter
2916 967 3135 1022 ambire.

2407 1070 2541 1125 Dum
2562 1073 2700 1127 enim
2732 1069 3069 1146 prmscriptas
3107 1081 3359 1138 ecclesias
3382 1087 3629 1154 prudenti
3658 1094 3821 1146 consil
3844 1110 3872 1143 τι

2339 1157 2391 1251 in
2421 1160 2619 1214 honore
2640 1248 2651 1251 _
2671 1161 2874 1251 Domini
2903 1167 3070 1220 nostri
3117 1167 3241 1224 Jesu
3262 1170 3482 1238 Christi,
3510 1192 3730 1247 sumque
3766 1183 3871 1251 glo-

2340 1247 2493 1301 riosa:
2535 1248 2824 1318 genitricis,
2865 1259 2919 1303 et
2942 1254 3175 1308 omnium
3204 1267 3507 1314 sanctorum
3558 1262 3697 1330 ejus,
3743 1247 3870 1319 sicut

2337 1349 2492 1423 supra
2517 1335 2771 1404 scriptum
2811 1349 2913 1402 est,
2944 1338 3189 1397 fundatas
3212 1347 3655 1415 perspiceremus,
3687 1367 3871 1423 magno

2336 1422 2594 1477 desiderio
2626 1426 2893 1495 nimioque
2938 1431 3133 1484 amoris
3178 1433 3366 1490 ardore
3408 1451 3595 1493 sumus
3643 1422 3867 1503 accensi,

2337 1519 2393 1565 ut
2410 1514 2695 1567 secundum
2719 1517 3121 1583 possibilitatem
3147 1531 3404 1589 nostram,
3434 1527 3623 1589 eodem
3652 1529 3871 1585 Domino

2335 1603 2639 1669 miserante,
2684 1613 2889 1673 partem
2949 1608 3288 1677 reliquiarum
3326 1612 3537 1668 illorum
3564 1629 3868 1673 sanctorum

2336 1689 2402 1743 ad
2428 1691 2692 1746 ornandas
2738 1691 2948 1747 easdem
3000 1704 3211 1751 sanctas
3255 1698 3347 1754 Dei
3373 1696 3628 1760 ecclesias
3652 1707 3867 1775 adipisci

2336 1794 2677 1833 mereremur.
2727 1780 3056 1852 Quapropter
3093 1786 3214 1839 totis
3253 1787 3453 1845 viribus
3483 1799 3700 1862 totaque
3723 1811 3866 1850 men-

699 1848 828 1902 dicti
855 1848 1021 1902 altare
1061 1848 1244 1919 ipsius,
1273 1848 1324 1900 in
1346 1861 1451 1914 quo
1478 1854 1601 1900 sunt
1641 1846 1874 1914 reliquias
1902 1845 2033 1913 ejus,
2059 1854 2113 1898 et
2130 1846 2236 1897 An-

2271 1843 2309 1901 Β
2337 1866 2402 1919 tis
2427 1868 2714 1922 intentione
2738 1868 2980 1925 laborare
3006 1874 3388 1938 contendimus,
3417 1843 3650 1947 qualiter
3667 1896 3764 1950 per
3784 1900 3868 1935 au-

702 1935 830 1987 touii
855 1935 909 1988 et
929 1933 1270 1996 Columbani;
1302 1932 1468 1986 altare
1508 1934 1676 1986 sancti
1705 1933 2026 2003 Hieronymi,
2053 1934 2102 1986 in
2130 1948 2234 2001 quo

701 2029 827 2076 sunt
876 2021 1113 2089 reliquiae
1155 2020 1292 2090 ejus,
1321 2020 1550 2090 Ephrem
1574 2030 1625 2074 et
1654 2020 1875 2090 ίΕιμιίιίἰ
1903 2034 1927 2060 ιι
1954 2038 1968 2086 ;
2000 2030 2052 2074 et
2071 2022 2236 2075 altare

703 2112 871 2167 sancti
900 2109 1161 2181 Gregorii,
1190 2111 1241 2163 in
1281 2125 1385 2179 quo
1414 2110 1646 2178 reliquizn
1674 2110 1804 2178 ejus,
1830 2112 2040 2165 Eusebii
2062 2120 2115 2164 ct
2144 2111 2236 2164 lsi-

702 2203 818 2259 dori
844 2218 860 2267 ;
884 2203 953 2257 ab
980 2200 1178 2256 eisdem
1216 2200 1328 2267 jam
1359 2200 1515 2254 dictis
1536 2199 1869 2252 electissimis
1897 2199 2024 2251 viris
2051 2199 2232 2258 condi-

696 2305 799 2361 gne
848 2305 912 2345 ac
946 2289 1343 2357 diligentissime
1393 2300 1512 2341 cum
1555 2284 1750 2355 ingenti
1810 2283 2000 2353 gaudio
2029 2285 2126 2338 sub
2151 2284 2235 2337 die

700 2379 1048 2434 Kalendarum
1072 2375 1306 2430 Januarii
1337 2373 1549 2427 fuerunt
1584 2373 1801 2425 Domino
1826 2379 2148 2426 consecrata.
2176 2371 2231 2425 In

698 2467 921 2525 ecclesia
948 2467 1141 2522 etenim
1190 2467 1357 2520 beatae
1383 2464 1560 2518 Marica
1588 2463 1808 2532 virginis
1856 2464 2022 2517 altare
2045 2463 2230 2533 ipsius,

699 2561 753 2611 in
781 2571 885 2625 quo
911 2555 1194 2611 recondita:
1229 2563 1352 2609 sunt
1380 2554 1615 2624 reliquitc
1650 2554 1765 2622 ejus
1799 2560 1854 2606 et
1876 2560 2073 2607 sancta:
2096 2552 2227 2605 Feli-

696 2646 892 2709 citatis,
934 2644 1224 2714 Perpeture,
1254 2643 1780 2712 Agathzc,.Aguetis,
1823 2641 2016 2703 Lucis},
2064 2639 2228 2694 Carci-

696 2740 797 2800 li:.e,
844 2736 1158 2797 Auastasim,
1197 2732 1527 2793 Ccretrudis,
1578 2738 1630 2783 et
1674 2729 2029 2791 Petronium;
2063 2728 2230 2781 altare

694 2827 861 2880 sancti
892 2823 1063 2884 Pauli,
1102 2822 1152 2873 in
1182 2834 1287 2887 quo
1331 2818 1566 2887 reliquiae
1615 2816 1749 2884 ejus,
1787 2817 2038 2870 Bamaba:
2060 2823 2114 2869 et
2144 2816 2229 2867 Ti-

695 2913 890 2967 mothei
919 2927 934 2977 ;
960 2909 1127 2963 altare
1160 2908 1327 2961 sancti
1350 2904 1583 2969 Thomae,
1608 2906 1663 2959 in
1697 2919 1803 2974 quo
1843 2904 2075 2972 reliquia:
2093 2903 2225 2970 ejus,

694 3002 954 3056 Ambrosii
994 3012 1049 3054 et
1071 2998 1287 3068 Sulpicii
1312 3015 1327 3063 ;
1355 2997 1521 3051 altare
1569 2994 1738 3050 sancti
1781 2994 2099 3064 Philippi,in
2128 3009 2229 3061 quo

697 3092 928 3160 reliquis:
952 3070 1085 3157 ejus,
1115 3087 1356 3143 Silvestri
1389 3096 1443 3140 et
1470 3086 1695 3151 Leonis;
1726 3085 1894 3138 altare
1933 3086 2100 3138 sancti
2122 3083 2230 3137 An-

693 3183 853 3243 tlreze,
880 3180 934 3232 in
969 3191 1072 3245 quo
1103 3174 1337 3243 reliquiae
1385 3173 1519 3242 ejus,
1570 3171 1782 3243 Georgii
1805 3181 1859 3227 et
1900 3171 2223 3236 Alexandri;

694 3270 856 3324 altare
882 3267 1050 3321 sancti
1094 3264 1294 3329 Jacobi,
1322 3264 1375 3317 in
1415 3279 1521 3332 quo
1568 3263 1801 3330 reliquizn
1841 3260 1975 3329 ejus,
2004 3260 2154 3331 Xysti
2177 3259 2247 3312 ct‘

693 3355 1047 3427 Apollinaris;
1100 3355 1267 3409 altare
1315 3353 1454 3406 beati
1514 3350 1731 3404 Joannis
1781 3349 2145 3417 Evangelistre,
2179 3348 2230 3401 in

693 3461 797 3517 quo
825 3444 1060 3512 reliquiae
1093 3440 1227 3509 ejus,
1264 3441 1379 3494 Lini
1402 3448 1455 3494 et
1501 3439 1631 3493 Clcti
1660 3455 1674 3501 ;
1706 3438 1871 3495 altare
1911 3438 2079 3492 sancti
2103 3437 2232 3490 Bar-

694 3532 979 3593 tholomzei,
1004 3531 1058 3583 in
1081 3543 1185 3597 quo
1214 3527 1445 3596 reliquiae
1464 3527 1598 3597 ejus,
1633 3525 1818 3596 lgnatii
1842 3535 1897 3582 et
1916 3524 2185 3595 Poly‘earpi
2212 3541 2226 3589 ;

694 3625 861 3678 altare
891 3619 1057 3676 sancti
1098 3617 1347 3682 Simonis,
1370 3618 1422 3671 in
1452 3631 1559 3686 quo
1600 3616 1833 3684 reliquiae
1867 3613 2000 3683 ejus,
2029 3616 2231 3670 Cosma:

693 3723 746 3767 et
760 3708 1026 3773 Damiaui;
1052 3709 1215 3763 altare
1226 3700 1393 3773 sancti
1405 3705 1652 3771 Matthas‘i,
1669 3707 1720 3760 in
1734 3721 1839 3775 quo
1850 3705 2081 3774 reliquim
2093 3703 2227 3772 ejus,

699 3802 856 3856 Marci
870 3810 924 3854 et
936 3799 1086 3852 Lucae
1102 3813 1116 3861 ;
1139 3796 1307 3849 altare
1326 3795 1494 3849 sancti
1515 3793 1780 3854 Thatldzei,
1800 3796 1852 3846 ln
1865 3808 1969 3861 quo
1998 3794 2229 3861 reliquitc

696 3888 829 3956 ejus,
857 3884 1061 3939 Nazarii
1092 3892 1147 3938 et
1174 3882 1392 3945 V'italis;
1428 3880 1593 3934 altare
1629 3880 1794 3935 sancti
1844 3877 2026 3934 Jacobi
2050 3880 2229 3935 fratris

697 3976 924 4040 homini,
950 3976 1002 4031 in
1027 3988 1130 4043 quo
1182 3972 1414 4040 reliquis:
1457 3972 1589 4040 ejus,
1618 3970 1856 4025 Gervasii
1884 3980 1939 4025 et
1959 3971 2179 4025 Protasii
2212 3991 2224 4033 ;

692 4066 861 4123 altare
886 4065 1054 4121 sancti
1084 4062 1332 4125 Matthiae,
1377 4062 1428 4114 in
1458 4076 1561 4128 quo
1613 4060 1844 4129 reliquire
1868 4060 1998 4128 ejus,
2046 4062 2226 4116 Hilarii

693 4164 748 4209 et
775 4153 1054 4223 Augustini
1077 4167 1092 4215 ;
1129 4159 1281 4205 sexto
1308 4149 1429 4202 ldus
1476 4148 1799 4215 Septembris
1826 4149 1877 4201 in
1904 4148 2019 4216 ejus
2043 4164 2223 4203 sacra—

694 4244 894 4298 tissima
920 4239 1203 4295 Nativitate
1224 4253 1253 4291 a
1278 4237 1661 4290 venerabilibus
1692 4237 1970 4304 episcopis,
2001 4237 2226 4307 Georgia

692 4331 955 4392 videlicet,
981 4327 1266 4390 Absalouc,
1311 4325 1522 4389 Plconc,
1553 4334 1606 4380 et
1629 4325 1873 4381 Cerfrido
1917 4328 2114 4383 honore
2143 4331 2223 4381 di-

691 4418 943 4487 gnissimo
970 4420 1093 4471 sunt
1119 4414 1376 4471 dedicata.
1436 4413 1540 4469 Sed
1566 4423 1620 4469 et
1642 4414 1806 4469 altare
1834 4416 1970 4468 beati
1997 4419 2221 4472 areliau~

690 4508 793 4579 geli
816 4505 1097 4568 Gabrielis,
1150 4504 1291 4574 quod
1318 4512 1400 4557 est
1428 4504 1588 4557 situm
1640 4504 1691 4556 in
1720 4513 1869 4571 porta
1913 4506 2220 4570 meridiana,

690 4607 881 4653 octavo
934 4593 1193 4649 Kalendas
1233 4592 1425 4661 Aprilis
1463 4594 1512 4646 in
1562 4591 1976 4648 Annuntiatione
2032 4608 2225 4649 sancta:

690 4686 908 4750 Maria);
944 4682 1208 4738 Michaelis
1250 4696 1377 4735 vero
1406 4683 1544 4748 quod
1590 4691 1670 4737 est
1693 4682 1744 4735 in
1779 4676 1939 4749 porta
1986 4684 2225 4737 occidio-

692 4778 805 4841 tali,
830 4783 1018 4831 octavo
1045 4772 1302 4827 Kalendas
1338 4769 1581 4824 Octobris
1605 4772 1670 4824 ah
1696 4771 2037 4841 llildegualdo
2070 4790 2225 4828 vene-

690 4862 840 4918 rabili
868 4860 1151 4928 episcopo;
1189 4856 1470 4925 Rapltaclis
1506 4864 1700 4919 autem,
1732 4860 1871 4926 quod
1893 4868 1978 4914 est
2000 4860 2054 4913 in
2074 4870 2224 4928 porta

690 4947 1111 5019 septentrionali,
1140 4946 1370 5000 secundo
1398 4946 1572 5001 Nonas
1601 4946 1926 5017 Septembris
1951 4951 2002 5003 iu
2028 4952 2225 5005 honore

690 5026 922 5114 ipsorum
951 5038 1406 5108 archangelorum,
1421 5039 1653 5093 ontnium
1672 5040 1935 5094 Virtutum
1948 5042 2221 5101 cmlortuu,

692 5150 719 5184 a
751 5131 897 5186 Jesse
919 5133 945 5170 δ
971 5129 1212 5196 religioso
1240 5127 1487 5197 episcopo
1518 5127 1714 5195 nptime
1740 5138 1863 5183 sunt
1891 5140 2220 5184 consecrata.

758 5223 976 5290 llr-liqua
1009 5234 1135 5272 vero
1168 5210 1357 5273 motuin
1388 5219 1549 5286 ipsius
1574 5221 1875 5274 monasterii
1903 5224 2087 5276 eodem
2120 5225 2225 5276 Do-

763 5385 788 5412 .
821 5373 1049 5427 Jmmncs
1098 5370 1163 5426 dc
1200 5370 1410 5445 Capella
1450 5371 1626 5434 habet,
1671 5388 1788 5426 ossa
1845 5379 2007 5429 sancti
2039 5376 2225 5432 "iero-

763 5442 827 5493 ηιξ
851 5439 980 5493 etde
1006 5449 1180 5493 cuncto
1222 5435 1486 5506 i’ulfruno.
1532 5446 1537 5450 ’

690 5456 827 5510 apem
851 5456 895 5492 ct
918 5456 980 5493 ue
1006 5456 1180 5493 saucio
1224 5456 1247 5488 ν’
1264 5456 1486 5506 uqruno.

765 5511 790 5579 ιι
826 5509 875 5563 Is
900 5516 1032 5579 erat
1058 5506 1428 5579 Ambianensis
1456 5507 1752 5579 episcopus,
1781 5511 1868 5579 qui
1913 5510 2083 5566 Caroli
2118 5514 2223 5567 Ma-

690 5578 777 5645 gni
802 5576 1122 5631 coronatinni
1159 5574 1338 5627 Itonia!
1383 5572 1533 5645 facta:
1566 5572 1811 5645 interfuit
1832 5579 1883 5632 in
1925 5580 2091 5635 Natali
2125 5582 2223 5634 Do-

696 5642 819 5699 mini
863 5660 998 5699 anno
1033 5644 1154 5707 800,
1195 5657 1255 5696 ac
1296 5642 1515 5697 oroiudc
1561 5644 1817 5700 incertum
1848 5663 1913 5703 an
1942 5649 2219 5719 Georgius,

2321 5386 3848 5535 assesasses(rassae

2331 1953 2515 2007 xilium
2550 1956 2924 2024 omnipotentis
2958 1957 3049 2011 Dei
3089 1968 3141 2012 et
3163 1960 3480 2027 adjutorium
3528 1965 3748 2035 gloriosi
3780 1972 3866 2022 do-

2331 2042 2457 2093 mini
2482 2042 2582 2094 mei
2607 2044 2779 2110 magni
2823 2043 3154 2111 imperatoris
3177 2048 3242 2101 de
3267 2049 3491 2105 diversis
3526 2056 3776 2121 partibus
3797 2067 3866 2109 to-

2332 2131 2436 2183 tius
2466 2128 2896 2197 Christianitatis,
2923 2142 3149 2203 quantas
3171 2145 3224 2189 et
3246 2138 3428 2204 quales
3454 2140 3534 2194 vel
3563 2143 3705 2196 unde
3740 2145 3860 2196 alla-

2333 2228 2414 2274 tas
2459 2224 2742 2277 recondere
2764 2224 2815 2277 in
2843 2226 2945 2280 hoc
2972 2237 3155 2283 sancto
3182 2225 3298 2285 loco
3321 2232 3672 2291 valuissemus
3715 2250 3863 2305 prout

2331 2309 2383 2362 in
2427 2314 2870 2380 consequentibus
2902 2324 3083 2385 patet:
3115 2318 3167 2373 id
3206 2328 3288 2375 est
3310 2322 3360 2375 in
3383 2325 3570 2391 primis
3597 2329 3664 2380 de
3684 2341 3861 2389 sancti

2331 2399 2561 2454 Romana
2589 2402 2842 2468 Ecclesia,
2873 2404 3127 2476 largiente
3151 2409 3301 2465 bona:
3326 2417 3594 2471 memoria:
3627 2418 3859 2473 Adriano

2329 2504 2535 2579 summo
2568 2491 2835 2579 pontiﬁce,
2858 2500 2913 2546 et
2935 2504 3054 2563 post
3077 2510 3196 2551 eum
3223 2504 3509 2557 venerabili
3536 2505 3711 2562 Leone
3735 2526 3862 2579 papa

2330 2575 2607 2666 llomano;
2630 2579 2701 2633 de
2731 2578 3200 2655 Constantinopoli,
3244 2589 3325 2642 vel
3367 2575 3750 2664 Hierosolymis
3776 2575 3865 2666 per

2328 2664 2528 2735 legatos
2553 2667 2675 2723 illuc
2700 2684 2731 2722 a
2759 2671 2969 2726 domino
3008 2687 3127 2728 meo
3179 2676 3428 2744 directos,
3474 2684 3542 2736 ad
3578 2701 3679 2740 nos
3702 2664 3864 2756 usque

2328 2756 2567 2817 delatas;
2617 2760 2805 2813 deinde
2863 2762 2928 2815 de
2983 2764 3153 2828 Italia,
3211 2764 3518 2832 Germania,
3563 2772 3859 2843 Burgnndia

2328 2852 2483 2911 atque
2538 2844 2705 2899 Gallia
2760 2862 2790 2899 a
2824 2851 3170 2905 sanctissimis
3222 2855 3484 2921 Patrilms,
3548 2865 3860 2928 patriarcltis

2327 2934 2587 2997 videlicet,
2619 2937 3045 3008 archiepiscopis,
3075 2956 3277 2999 necnon
3307 2948 3568 3018 episcopis
3592 2962 3753 3023 atque
3774 2960 3859 3010 ab-

2326 3023 2537 3079 batibus
2558 3026 2711 3080 nobis
2734 3026 2984 3093 directas,
3015 3045 3107 3085 seu
3153 3033 3313 3088 etiam
3339 3037 3407 3090 de
3451 3052 3608 3094 sacro
3646 3045 3856 3111 palatio.

2256 3146 2299 3208 ϐ
2327 3124 2447 3208 qua}
2593 3120 2827 3208 tempora
2853 3116 2920 3169 ab
2947 3118 3300 3175 anterioribds
3329 3125 3564 3193 regibus,
3593 3140 3648 3183 et
3683 3143 3854 3199 postea

2328 3218 2358 3255 a
2379 3200 2491 3269 jam
2513 3201 2655 3256 dicto
2681 3204 2894 3258 domino
2922 3214 3102 3260 nostro
3126 3210 3355 3265 maxime
3374 3223 3498 3268 sunt
3509 3230 3854 3289 congregato,

2327 3308 2421 3362 per
2445 3290 2561 3361 ejus
2603 3292 2990 3367 eleemosynam
3015 3297 3079 3352 de
3105 3300 3349 3356 omnibus
3392 3313 3603 3371 partem
3646 3312 3850 3371 habers.

2328 3383 2562 3451 atquein
2617 3383 2719 3438 hoc
2752 3393 2934 3440 sancto
2958 3385 3075 3441 loco
3123 3390 3385 3461 condigne
3429 3398 3716 3455 recondere
3754 3419 3855 3455 mc-

2328 3472 2547 3560 ruimus.
2571 3470 2674 3526 Sed
2699 3473 2764 3527 de
2791 3474 2875 3527 his
2900 3476 2964 3529 de
2980 3477 3173 3543 quibus
3199 3482 3329 3533 certi
3353 3480 3567 3545 fuimus,
3600 3498 3657 3543 et
3676 3506 3705 3542 θ
3733 3506 3855 3560 pm-

2326 3558 2485 3615 dictis
2519 3561 2865 3618 sanctissimis
2901 3564 3031 3619 viris
3055 3565 3242 3622 breves
3284 3572 3598 3640 recepimus,
3626 3558 3852 3634 omnium

2327 3646 2534 3701 illarum
2565 3650 2773 3703 nomina
2797 3650 2852 3704 in
2872 3651 2973 3706 hoc
2998 3655 3247 3721 opusculo
3275 3657 3509 3716 inserere
3537 3679 3641 3719 non
3681 3671 3849 3737 πίειρα

2328 3735 2536 3789 ximus:
2565 3744 2823 3803 quatenus
2848 3754 2877 3792 a
2909 3742 3059 3795 nobis
3076 3751 3132 3796 et
3153 3759 3182 3797 a
3211 3748 3415 3802 cunctis
3461 3735 3853 3810 successori—bus-

2327 3826 2538 3887 nostris,
2592 3826 2681 3893 qui
2707 3841 2801 3893 per
2855 3835 3092 3897 tempora
3116 3831 3170 3884 in
3200 3832 3340 3889 hunc
3393 3849 3637 3898 sanctum
3688 3845 3850 3901 locum

2326 3912 2619 3964 successuri
2657 3921 2798 3977 sunt,
2840 3921 2893 3967 et
2919 3915 3019 3970 hoc
3045 3932 3201 3974 nosse
3244 3922 3528 3990 voluerint,
3563 3934 3736 4001 magis
3767 3950 3850 3987 no-

2326 4014 2445 4052 men
2474 3998 2679 4051 Domini
2701 4003 2864 4054 nostri
2884 4000 3008 4057 Jesu
3031 4004 3225 4061 Christi
3252 4024 3347 4077 per
3371 4025 3529 4080 quem
3557 3998 3709 4072 nobis
3727 4021 3846 4081 lucc.

2326 4086 2447 4140 licet
2475 4088 2719 4155 indignis,
2744 4098 2798 4143 et
2849 4099 3037 4146 caetera
3071 4094 3205 4149 bona
3234 4097 3421 4167 largita
3449 4114 3591 4168 sunt,
3624 4124 3719 4176 per
3740 4126 3847 4163 om-

2326 4176 2413 4228 nia
2439 4184 2493 4229 et
2520 4177 2572 4229 in
2609 4178 2853 4233 omnibus
2878 4194 3083 4250 semper
3113 4184 3520 4256 glorificaretur,
3542 4197 3635 4262 qui
3666 4207 3747 4252 est
3770 4200 3851 4251 bc-

2326 4264 2565 4317 nedictus
2612 4265 2663 4318 in
2712 4267 2921 4320 saecula.
2961 4269 3035 4331 De
3081 4276 3288 4328 cmteris
3338 4293 3466 4333 vero
3509 4283 3765 4353 reliquiis,
3794 4290 3851 4340 ile

2326 4352 2515 4419 quibus
2543 4352 2738 4407 incerta
2782 4366 2901 4408 sunt
2946 4358 3098 4413 nobis
3144 4364 3373 4429 nomina,
3401 4368 3469 4421 ab
3508 4371 3711 4426 eisdem
3740 4391 3851 4429 san-

2255 4453 2299 4510 ι)
2324 4440 2425 4494 clis
2446 4439 2690 4496 Patribus
2726 4445 2967 4512 receptis,
2999 4447 3213 4507 minime
3261 4454 3610 4523 scripsimus:
3643 4472 3850 4518 caetera.-

2326 4543 2443 4587 rum
2486 4539 2676 4591 autem,
2720 4531 2859 4584 sicut
2902 4532 3252 4601 decrevimus,
3298 4543 3507 4597 nomina
3536 4546 3645 4602 isto
3675 4552 3851 4605 ordine

2324 4614 2493 4668 notari
2522 4617 2840 4671 curavimus.
2883 4616 3117 4673 Primum
3157 4623 3411 4693 reliquias
3428 4627 3642 4686 Domini
3670 4645 3725 4689 et
3746 4638 3851 4691 Sal-

2325 4704 2521 4757 vatoris
2538 4706 2737 4779 “nostri,
2768 4715 2816 4760 et
2845 4704 2959 4775 ejus
2984 4709 3226 4777 gloriosa
3252 4716 3547 4786 genitricis,
3568 4731 3627 4776 et
3651 4736 3853 4781 sancto-

2327 4808 2446 4883 rum
2465 4794 2841 4868 apostolorum,
2880 4806 2934 4852 et
2959 4808 3269 4857 cancrorum
3312 4814 3644 4877 martyrum;
3676 4829 3852 4883 postea

2324 4880 2713 4948 cupressorum,
2755 4898 2958 4940 necnon
3019 4897 3197 4943 autem
3244 4903 3548 4951 sanctarum
3591 4880 3851 4973 virginum

2324 4978 2478 5037 atque
2506 4969 2887 5025 continentium
2918 4974 3185 5032 subsecuti
3214 4994 3416 5037 sumus.

2392 5058 2464 5111 De
2489 5058 2627 5125 ligno
2650 5058 2905 5151 Domini,_
2928 5062 2995 5116 de
3020 5073 3167 5119 veste
3207 5066 3342 5133 ejus,
3378 5071 3449 5126 de
3469 5077 3705 5136 sandalis
3725 5082 3850 5151 ejus,

2324 5144 2387 5235 dc
2415 5157 2646 5235 praesepe
2700 5143 2835 5235 ejus,
2873 5147 2939 5235 de
2966 5152 3181 5232 spongia
3233 5151 3364 5223 ejus,
3398 5159 3463 5213 de
3498 5143 3851 5227 Jordane'ubi

2324 5232 2613 5300 baptizatus
2640 5242 2756 5287 est'
2793 5234 2859 5287 de
2890 5232 3040 5304 petra
3065 5240 3153 5295 ubi
3181 5243 3336 5309 sedit,
3371 5252 3586 5317 quando
3627 5258 3852 5331 quinque

2321 5454 2559 5540 ξθεοιρξξεὲ
2594 5454 2968 5540 maguum;
3014 5454 3355 5540 dedicationi‘
3375 5454 3614 5540 βῶξ

2321 5523 2389 5640 sit
2429 5523 2563 5577 idem
2584 5537 2706 5578 cum
2741 5523 2999 5596 Gregorio
3019 5530 3262 5600 episcopo
3294 5535 3338 5589 A

2356 5606 2617 5644 ecessore.

3686 5494 3848 5550 uerat,

3344 5540 3665 5616 mbianensi,
3690 5540 3848 5610 uesci
