4110 6432
241 521 347 579 845

1212 500 1895 588 DEIRESTAURXTIONE
1934 500 2091 554 ΜΘΝ.
2132 500 2414 555 CENTL‘L.

3279 486 3389 558 846'

244 630 405 684 millia
430 626 699 682 hominum
738 622 920 692 pavit;
959 621 1021 673 de
1068 633 1198 686 pane
1226 618 1359 669 unde
1403 612 1665 668 distribuit
1696 610 1771 662 di-
1798 613 1841 663 Α
1870 608 2084 670 Asterii,
2117 608 2456 677 Simpliciani,
2503 608 2703 670 Faxidi,
2740 608 2959 675 Astogii,
3005 606 3231 671 Gislarii,
3255 609 3383 678 Spe-

243 716 463 783 scipulis
504 714 652 774 suis;
685 712 748 767 de
789 709 979 774 templo
1028 705 1274 765 Domini;
1306 704 1370 755 dc
1412 700 1627 753 candela
1659 711 1772 763 qua:

246 820 300 857 tn
320 801 597 856 nativitatc
620 797 732 863 ejus
761 809 978 847 accensa
1008 802 1088 847 est
1112 809 1125 853 ;
1157 790 1223 843 de
1246 797 1423 841 monte
1448 786 1635 839 Oliveti
1685 783 1772 834 nhi

243 890 459 948 oravit;
505 888 567 940 de
597 899 773 937 mensa
817 883 967 949 ejus;
1002 882 1065 933 de
1091 887 1266 931 monte
1321 876 1406 928 ubi
1438 874 1776 940 transﬁgura-

247 992 333 1033 tus
356 985 474 1041 est;
502 976 568 1029 dc
596 974 834 1027 columna
889 972 974 1023 ubi
1024 967 1314 1041 llagellatus
1355 973 1456 1025 est,
1485 964 1549 1016 de
1578 961 1778 1027 ligami-

243 1068 406 1121 nibus
432 1065 570 1117 unde
608 1064 798 1130 ligatus
846 1068 925 1113 cst
954 1074 968 1121 ;
999 1058 1063 1110 de
1086 1065 1231 1125 petra
1282 1053 1419 1106 unde
1445 1064 1654 1105 crucem
1682 1048 1777 1099 ad-

246 1155 494 1215 scendit;
541 1153 607 1206 de
653 1151 815 1204 clavis
870 1148 1007 1201 unde
1055 1145 1336 1199 cruciﬁxus
1382 1150 1499 1204 est;
1553 1141 1619 1193 de
1666 1138 1789 1191 loco

243 1242 543 1304 Calvarize;
596 1240 661 1293 de
705 1236 940 1292 buccella
992 1234 1082 1286 ubi
1126 1232 1193 1286 fel
1224 1241 1278 1285 et
1323 1238 1528 1283 acetum
1568 1227 1779 1280 mistum

246 1330 388 1392 fuit;
416 1329 481 1381 de
524 1334 671 1396 petra
725 1338 883 1391 super
921 1335 1077 1388 quam
1115 1320 1331 1387 sanguis
1369 1318 1433 1370 de
1460 1317 1625 1393 latere
1669 1314 1784 1382 ejus

244 1415 506 1478 stillavit;
537 1414 603 1468 de
649 1410 889 1480 sepulcro
941 1406 1189 1469 Domini;
1238 1406 1303 1458 de
1323 1403 1496 1470 lapide
1551 1400 1785 1454 revoluto

242 1502 315 1553 ab
340 1500 481 1553 ostio
519 1495 880 1557 monumenti;
914 1503 1119 1564 necnon
1165 1498 1217 1565 et
1243 1491 1305 1543 de
1348 1487 1588 1557 sepulcro
1633 1486 1787 1537 Inno-

245 1585 506 1648 centium,
532 1584 620 1652 qui
654 1597 747 1651 pro
786 1596 849 1634 eo
895 1579 1034 1648 passi
1080 1585 1239 1639 sunt;
1268 1576 1333 1629 de
1374 1584 1549 1628 monte
1593 1572 1781 1628 lloreh,

247 1677 316 1728 dc
342 1675 498 1741 lignis
528 1673 684 1725 trium
711 1669 1185 1724 tabernaculorum.

317 1765 394 1817 De
427 1764 561 1816 lacte
596 1769 789 1815 sanctae
820 1758 1014 1819 Mariae,
1057 1757 1121 1809 de
1145 1754 1348 1839 capillis
1389 1753 1520 1819 ejus,
1557 1753 1620 1804 de
1645 1759 1790 1804 veste

242 1852 384 1919 ejus,
411 1851 474 1903 de
498 1848 655 1917 pallio
679 1848 810 1914 cjus.
858 1846 933 1898 De
957 1844 1118 1897 barba
1164 1843 1331 1895 sancti
1382 1840 1543 1901 Petri,
1576 1840 1641 1891 de
1669 1853 1789 1891 san-

1871 697 1986 754 rati,
2052 697 2284 757 lloberti,
2356 696 2639 757 Galcmeri,

1872 785 2069 855 «διάη.

1939 873 2244 936 Felicitatis,
2269 874 2559 943 Perpetuus,
2607 875 2839 943 Agathac,
2868 874 3130 944 Eugeniae,
3162 877 3379 937 Theclm.

1874 962 2114 1025 Caacilize,
2142 963 2460 1026 Petronillze,
2508 963 2825 1032 Euphemize,
2858 963 3082 1029 Fauste,
3113 968 3383 1037 Eufrasiae,

1874 1052 2211 1121 Aldegundis,
2253 1051 2538 1116 Columbae,
2569 1052 2828 1117 Feliculze,
2860 1065 3013 1125 atque
3036 1056 3385 1114 Scholasticzr.

1876 1137 1991 1192 Iluc
2037 1153 2202 1206 usque
2241 1138 2305 1192 de
2331 1139 2490 1193 certis
2510 1148 2807 1194 sanctorum
2838 1142 3086 1210 reliquiis,
3114 1146 3179 1199 de
3202 1147 3390 1213 quibus

1878 1242 1906 1279 a
1936 1227 2130 1280 sanctis
2173 1225 2435 1290 Patribus,
2468 1227 2556 1296 qui
2581 1242 2670 1282 eas
2704 1230 2853 1283 nobis
2889 1230 3061 1299 largiti
3113 1241 3254 1295 sunt,
3298 1250 3391 1286 no-

1879 1317 2019 1370 mina
2045 1325 2191 1371 certa
2224 1318 2540 1386 recepimus;
2579 1321 2857 1387 separatim
2884 1332 3138 1391 martyres
3162 1326 3243 1378 vel
3267 1341 3391 1380 con-

1881 1403 2106 1458 fessores
2123 1404 2510 1474 descripsimus.
2537 1406 2789 1475 Deinceps
2807 1423 2869 1460 an
2878 1416 2981 1462 tem
3011 1410 3250 1465 distincte
3267 1400 3388 1465 alio-

1883 1504 1999 1542 rum
2028 1498 2325 1544 sanctorum
2354 1492 2584 1556 nomina,
2636 1494 2745 1546 sive
2776 1503 3061 1566 martyrum
3086 1497 3167 1551 vel
3195 1498 3396 1553 confes—

1884 1590 2083 1640 sorum,
2105 1578 2226 1645 quia
2246 1592 2348 1631 non
2376 1578 2686 1643 invenimus,
2714 1580 2927 1634 minime
2957 1583 3279 1651 scripsimus.

1951 1663 2043 1717 llis
2083 1665 2175 1727 ita,
2223 1666 2359 1719 sicut
2388 1666 2540 1734 paulo
2582 1668 2818 1737 superius
2864 1670 3114 1738 scriptum
3163 1680 3263 1735 est,
3304 1675 3397 1726 ho—

1885 1752 2099 1806 norilice
2144 1752 2494 1822 decenterque
2541 1758 2840 1820 reconditis,
2893 1759 2944 1812 in
2972 1760 3179 1815 nomine
3204 1772 3399 1815 sancta:

1890 1842 2158 1896 Trinitatis
2202 1858 2319 1897 cum
2348 1844 2512 1897 multa
2545 1845 2809 1915 diligentia
2854 1850 3154 1916 paravimus
3187 1865 3397 1919 capsam

2719 696 2964 764 Osqualdi
3031 694 3240 767 [For:e,
3287 699 3383 753 Os—

247 1907 408 1995 daliis
437 1907 571 2004 ejus,
616 1937 680 1991 de
705 1907 899 1989 vcasula
947 1932 1075 2001 ejus,
1116 1940 1170 1986 et
1220 1933 1282 1985 de
1310 1946 1490 1984 mensa
1541 1927 1671 1995 ejus.
1710 1927 1784 1980 De
1816 1907 1862 1967 Β
1885 1929 2137 1998 majorem
2178 1946 2308 1986 auro
2351 1941 2405 1986 et
2452 1907 2671 2003 gemmis
2704 1907 2960 2000 ornatam,
2999 1937 3052 1991 in
3087 1952 3191 2007 qua
3226 1907 3399 2007 posui-’-

250 2039 440 2078 mensa
468 2024 635 2076 sancti
673 2021 841 2084 Pauli,
872 2020 937 2075 de
968 2020 1145 2073 orario
1169 2018 1302 2087 ejus,
1351 2018 1416 2071 de
1439 2017 1589 2085 cippo
1609 2017 1659 2068 in
1681 2029 1788 2084 quo

248 2113 453 2165 missus
504 2110 622 2165 fuit.
676 2110 751 2164 De
775 2124 931 2164 cruce
985 2109 1152 2162 sancti
1206 2108 1446 2161 Andrem.
1494 2107 1569 2158 De
1598 2118 1786 2157 manna

247 2201 425 2254 sancti
450 2197 670 2252 Joannis
699 2197 1048 2267 evangelistze.
1077 2196 1150 2249 De
1174 2194 1411 2263 reliquiis
1438 2191 1787 2261 apostolorum

244 2290 459 2351 Jacobi,
485 2288 731 2354 Philippi,
758 2287 991 2347 Thoma',
1021 2281 1407 2344 Bartholommi,
1434 2279 1684 2342 Mattluei,
1707 2277 1790 2333 Si—

245 2377 444 2438 monis,
472 2375 737 2432 Tbaddaci,
779 2374 1028 2435 Matthiae,
1056 2372 1308 2424 Barnabze
1329 2377 1381 2423 et
1401 2369 1682 2423 Timothei.
1716 2367 1790 2420 De

244 2465 462 2519 ossibus
488 2463 753 2517 Zachariae
778 2462 942 2530 patris
967 2458 1132 2513 sancti
1155 2456 1373 2511 Joannis
1394 2456 1662 2525 Baptistaz.
1688 2454 1789 2506 Re-

244 2553 428 2622 liquias
458 2551 596 2604 beati
626 2549 905 2610 Simeonis,
938 2547 1026 2616 qui
1047 2546 1326 2601 Dominum
1355 2544 1409 2597 in
1434 2543 1586 2596 ulnas
1610 2555 1790 2596 susce-

244 2645 347 2712 pit.
386 2643 458 2696 De
494 2641 698 2709 capillis
725 2641 863 2701 beati
894 2638 1110 2693 Joannis
1140 2636 1408 2705 Baptistae,
1435 2636 1500 2690 de
1537 2633 1790 2702 sanguine

244 2729 383 2796 ejus,
406 2729 471 2782 de
493 2736 637 2781 veste
664 2726 794 2793 ejus.

318 2817 398 2871 De
423 2816 583 2868 costis
610 2815 779 2867 sancti
809 2810 1082 2881 Stephani,
1128 2810 1193 2863 de
1213 2806 1383 2876 lapide
1419 2806 1557 2859 unde
1585 2804 1785 2874 lapida-

247 2919 336 2963 tus
365 2914 480 2969 est;
508 2907 572 2959 de
610 2903 865 2959 craticula
913 2901 1078 2957 sancti
1108 2897 1397 2953 Laurentii.
1430 2896 1632 2966 Digitus
1669 2911 1791 2949 san-

245 3000 318 3052 eti
348 2998 707 3067 Apollinaris;
758 2996 824 3049 de
869 2994 1084 3063 spongia
1114 2989 1279 3045 sancti
1322 2986 1707 3059 Symphoriani,
1739 2994 1793 3039 et

244 3088 315 3141 de
347 3096 493 3152 veste
534 3085 722 3139 matris
745 3082 878 3151 ejus.
912 3081 1165 3149 Reliquiae
1203 3079 1370 3132 sancti
1395 3076 1681 3140 Pancratii,
1703 3077 1791 3130 Vi-

244 3175 388 3247 gilii,
416 3175 660 3238 Sisinnii,
694 3173 951 3243 Martyrii,
979 3169 1257 3239 Pamphili,
1288 3177 1592 3249 sanctorum
1614 3166 1790 3221 Genti-

247 3281 466 3330 norum,
518 3264 758 3328 Fabiani,
807 3261 1024 3326 Valerii,
1073 3258 1392 3329 Pergentini,
1439 3257 1658 3319 Cosmae,
1687 3256 1790 3309 Da-

253 3356 446 3416 miani,
481 3353 769 3415 Anastasii,
808 3349 1036 3419 Georgii,
1066 3347 1370 3410 Alexandri,
1401 3345 1659 3407 Cassiani,
1687 3344 1795 3397 Ma-

248 3444 363 3513 gni,
392 3442 601 3504 Vitalis,
629 3440 857 3503 Nazarii,
905 3436 1148 3499 Naboris,
1179 3435 1337 3500 Celsi,
1385 3434 1644 3498 Gervasii,
1672 3433 1794 3487 Pro-

250 3531 399 3594 tasii,
459 3528 777 3589 Innocentis,
838 3525 1127 3587 Laurentii,
1185 3524 1435 3588 Tiburtii,
1508 3523 1791 3586 Valeriani,

248 3619 545 3689 Hippolyti,
585 3616 970 3685 ChristOphori,
1002 3614 1209 3676 Felicis,
1258 3612 1514 3674 Mauricii,
1552 3611 1790 3672 Candidi,

248 3709 560 3778 Exsuperii,
603 3707 844 3760 Victoris.
901 3703 1206 3763 Innocentii,
1261 3701 1496 3770 Benigni,
1542 3701 1793 3771 Dionysii,

251 3796 485 3857 Rustici,
516 3792 821 3854 Eleutherii,
847 3789 1096 3852 Cornelii,
1143 3787 1468 3855 Leodegarii,
1501 3787 1656 3851 Sixti,
1680 3788 1795 3840 Fir-

248 3882 410 3943 mini,
446 3879 738 3940 Saturnini,
774 3876 1028 3942 Quintini,
1075 3875 1357 3937 Valentini,
1410 3874 1660 3938 Marcelli,
1694 3874 1796 3927 Lu—

247 3969 419 4031 ciani,
463 3966 714 4034 Crispini,
771 3963 1107 4033 Crispiniani,
1136 3972 1189 4016 et
1223 3963 1287 4015 de
1328 3963 1536 4017 ossibus
1568 3964 1797 4031 quadra-

249 4062 401 4129 ginta
432 4067 751 4125 martyrum,
777 4064 831 4109 et
852 4053 918 4107 de
942 4053 1195 4120 sanguine
1224 4052 1446 4106 aliorum
1490 4053 1793 4106 multorum.

322 4139 513 4199 Sancti
558 4142 764 4204 Hilarii,
810 4140 1041 4204 Martini,
1079 4138 1346 4201 Germani,
1404 4139 1657 4204 Medardi,
1691 4140 1798 4193 Au-

251 4234 442 4294 doeni,
464 4230 641 4299 l-Iligii,
671 4227 915 4297 Amandi,
944 4226 1095 4295 Lupi,
1127 4227 1389 4285 Aventini,
1420 4226 1656 4297 Sulpicii,
1694 4228 1798 4282 Bc-

248 4323 444 4384 medii,
503 4319 845 4382 Maurilionis,
906 4318 1101 4381 Albini,
1164 4317 1412 4379 Servatii,
1472 4317 1796 4387 Hieronymi,

249 4410 506 4480 Equitii,
536 4409 782 4477 Ephrem,
824 4407 1084 4477 Gregorii,
1128 4407 1424 4477 Augustini,
1458 4408 1668 4471 Leonis,
1697 4407 1799 4462 Sil-

1882 2031 2000 2070 mus
2042 2025 2244 2086 partem
2295 2034 2451 2088 supra
2479 2022 2787 2089 scriptarum
2840 2022 3193 2092 reliquiarum,
3244 2041 3398 2094 quam

1883 2115 1999 2155 cum
2021 2103 2147 2171 ipsis
2185 2105 2252 2159 ob
2271 2107 2659 2161 venerationem
2697 2107 2900 2162 illorum
2926 2117 3243 2174 sanctorum,
3271 2128 3400 2180 quo-

1885 2204 2001 2242 rum
2025 2189 2255 2258 reliquiae
2273 2192 2327 2244 in
2351 2207 2413 2246 ea
2440 2194 2650 2247 recondi
2675 2195 2936 2259 videntur,
2957 2196 3141 2252 subtus
3166 2208 3399 2267 cryptam

1885 2291 1911 2319 ι
1941 2280 2109 2334 sancti
2134 2279 2421 2336 Salvatoris
2445 2296 2639 2351 ponere
2686 2284 2999 2347 studuimus,
3042 2300 3162 2338 nam
3185 2297 3403 2341 caetero-

1886 2384 2003 2423 rum
2025 2377 2325 2425 sanctorum
2354 2370 2622 2439 reliquias,
2649 2386 2765 2441 quze
2798 2387 2954 2442 supra
2977 2372 3222 2442 leguntur
3240 2376 3401 2428 ascri-

1884 2467 2009 2525 ptze,
2054 2474 2149 2526 per
2172 2460 2303 2513 alias
2334 2460 2584 2515 tredecim
2608 2476 2790 2529 capsas
2815 2477 3041 2517 minores
3065 2479 3191 2517 auro
3220 2479 3403 2533 argen-

1889 2554 2047 2615 toque
2082 2547 2164 2600 vel
2214 2550 2436 2615 gemmis
2466 2550 2711 2617 pretiosis
2757 2551 3124 2606 honestissime
3166 2562 3402 2622 paratas,

1886 2648 2017 2702 quas
2040 2648 2070 2686 a
2092 2648 2228 2703 saepe
2248 2635 2401 2688 dictis
2413 2636 2796 2689 venerabilibus
2816 2636 3056 2691 Patribus
3073 2654 3190 2691 cum
3208 2639 3404 2693 eisdem

1888 2721 2138 2789 reliquiis,
2196 2722 2419 2776 donante
2454 2722 2690 2785 Domino,
2718 2722 2933 2790 adipisci
2959 2725 3247 2779 meruimus
3274 2726 3406 2782 divi.-

1886 2810 2033 2875 dere,
2080 2819 2236 2879 atque
2282 2826 2439 2881 super
2486 2814 2685 2866 trabem
2715 2826 2872 2879 quam
2894 2813 2945 2865 in
2991 2827 3112 2866 arcu
3156 2814 3182 2854 δ
3229 2830 3405 2870 coram

1888 2898 2054 2953 altare
2076 2900 2216 2954 beati
2256 2899 2489 2955 Richarii
2515 2902 2808 2966 statuimus,
2850 2916 3042 2969 ponere
3064 2905 3361 2958 curavimus
3391 2924 3402 2957 ε

1888 2988 2110 3057 qualiter
2131 2989 2184 3042 in
2205 2988 2445 3043 omnibus
2465 2991 2600 3045 sicut
2626 2990 2837 3061 dignum
2863 3002 2963 3053 est,
2994 2992 3106 3048 laus
3129 2993 3220 3047 Dei
3242 3004 3295 3049 et
3320 2994 3413 3049 ve?

1887 3076 2090 3131 neratio
2111 3077 2343 3130 omnium
2368 3087 2667 3132 sanctorum
2705 3079 2838 3147 ejus,
2879 3082 2929 3133 in
2952 3081 3051 3135 hoc
3078 3092 3260 3138 sancto
3289 3072 3435 3137 loco‘

1890 3182 2096 3236 semper
2124 3168 2386 3231 adoretur;
2406 3167 2627 3233 colatur,
2659 3176 2815 3238 atque
2840 3178 3135 3224 veneretur.

1956 3256 2190 3325 Cumque
2211 3257 2628 3327 praescriptorum
2643 3267 2939 3314 sanctorum
2966 3261 3281 3314 venerationi
3326 3263 3405 3314 al-

1889 3345 2024 3398 taria
2046 3345 2283 3399 ordinata
2342 3352 2495 3412 atque
2541 3345 2607 3398 de
2632 3360 2814 3399 eorum
2855 3347 3091 3415 reliquiis
3128 3349 3401 3401 venerabi-

1891 3433 2028 3497 liter,
2073 3439 2131 3485 ut
2156 3446 2313 3500 supra
2341 3431 2546 3500 legitur,
2569 3448 2600 3486 a
2628 3442 2806 3487 nostra
2832 3436 3087 3502 parvitate
3123 3446 3300 3490 essent
3329 3451 3411 3488 cr-

1892 3531 2047 3587 nata;
2105 3522 2336 3591 diligenti
2357 3538 2482 3577 cura
2531 3531 2758 3577 tractare
2802 3524 3075 3594 cmpimus,
3100 3524 3325 3593 qualiter
3345 3541 3405 3579 ca

1892 3615 1959 3667 ad
1996 3613 2199 3667 laudem
2226 3621 2280 3668 et
2304 3612 2519 3683 gloriam
2548 3614 2750 3668 Domini
2805 3614 2970 3667 nostri
3017 3613 3139 3668 Jesu
3191 3613 3408 3676 Christi,

1891 3705 1958 3755 ob
2001 3702 2395 3756 venerationem
2447 3710 2747 3755 sanctorum
2790 3704 3046 3765 omnium,
3089 3703 3141 3756 in
3186 3717 3406 3770 quorum

1892 3789 2088 3842 honore
2122 3797 2243 3841 sunt
2284 3798 2610 3852 consecrata,
2661 3789 2725 3842 de
2767 3789 2917 3842 donis
2947 3789 3038 3843 Dei
3060 3797 3115 3843 et
3169 3790 3410 3861 largitate

1893 3879 2065 3947 magni
2112 3878 2308 3933 domini
2330 3880 2430 3932 mei
2472 3880 2686 3947 ejusque
2709 3877 3042 3932 nobilissimae
3096 3879 3280 3946 prolis,
3329 3880 3409 3931 vel

1895 3964 2209 4033 reliquorum
2246 3966 2500 4020 honorum
2531 3966 2796 4020 hominum
2834 3965 3137 4030 liberorum,
3190 3966 3317 4020 mihi
3343 3966 3408 4018 ali

1895 4053 1996 4107 illis
2019 4054 2239 4111 collatis,
2283 4069 2441 4122 opere
2464 4054 2635 4108 fabrili
2662 4054 2713 4106 in
2761 4069 2906 4117 auro,
2937 4061 3152 4123 argento
3182 4063 3237 4108 et
3268 4068 3413 4122 gem—

1894 4144 1994 4198 mis
2022 4159 2212 4198 ornare
2237 4145 2416 4207 etiam,
2465 4152 2518 4198 et
2549 4143 2639 4197 ubi
2667 4144 2778 4198 loca
2809 4145 3168 4197 convenientia
3217 4145 3411 4198 existe-

1892 4240 2029 4292 rent,
2076 4232 2297 4301 desuper
2347 4232 2546 4309 ciboria
2599 4246 2793 4301 ponere
2828 4232 3201 4302 potuissemus,
3251 4232 3405 4290 sicut.

1892 4330 2047 4389 prout
2075 4316 2258 4375 eodem
2308 4322 2527 4377 Domino
2573 4329 2885 4390 cooperante
2908 4321 3184 4382 valuimus,
3232 4320 3408 4375 facere

1893 4411 2206 4475 studuimus,
2244 4412 2293 4474 id
2336 4421 2472 4471 sunt,
2521 4411 2573 4464 in
2622 4410 2841 4465 ecclesia
2890 4411 3052 4465 sancti
3100 4410 3411 4474 Salvatoris,

247 4501 448 4561 vestri,
477 4496 686 4558 Felicis,
712 4496 916 4558 lsidori,
964 4495 1173 4557 Donati,
1200 4494 1490 4558 Benedicti,
1518 4495 1796 4551 Columba-
1821 4517 1871 4575 υ
1893 4503 2163 4568 sanctique
2201 4501 2453 4561 Bicltarii,
2503 4500 2689 4554 altaria
2735 4498 2985 4554 fabricata
3033 4499 3298 4565 undecim,
3335 4502 3413 4558 ci-

249 4592 327 4651 ni,
376 4589 551 4647 Isaac,
598 4585 877 4648 Vincentii,
927 4583 1159 4646 Antonii,
1211 4582 1431 4647 Paulini,
1501 4583 1790 4642 Fortunati.

248 4675 611 4747 Simpliciani,
639 4673 923 4736 Gualarici,
979 4672 1207 4725 Vedasti.
1248 4672 1498 4740 Reliquis!
1521 4688 1584 4726 cx
1613 4688 1798 4742 corpo-

249 4768 406 4820 ribus
431 4771 759 4826 sanctorum,
782 4776 897 4830 quas
923 4761 1156 4816 condidit
1173 4760 1421 4814 Paulinus
1445 4776 1576 4829 papa
1602 4761 1676 4830 [id
1702 4771 1794 4823 est,

249 4856 551 4923 episcOpns
594 4866 687 4903 seu
732 4850 1032 4918 patriarcha
1089 4849 1484 4920 Aquileiensis}.
1547 4850 1798 4919 Reliquiae

248 4944 430 4998 sancti
457 4939 813 5011 Megimboldi,
840 4938 1042 5002 Prasci,
1078 4937 1314 5007 Eugenii,
1342 4936 1542 5015 Fronti,
1585 4938 1775 4991 Fidel's

325 5086 351 5112 ιι
384 5070 695 5126 Vocabatur
721 5070 831 5121 lucc
852 5083 1005 5136 capsa
1031 5076 1221 5120 sancire
1242 5062 1436 5136 Prinne
1460 5067 1798 5136 testhoannc

251 5143 320 5196 de
348 5138 583 5207 capella,
610 5138 700 5206 qui
722 5150 880 5207 agens
908 5133 972 5189 de
994 5135 1207 5207 l_lugo_n_e
1233 5135 1299 5186 de
1325 5133 1677 5207 Chevincourt
1706 5137 1795 5189 ab—

252 5211 383 5262 bate
422 5200 717 5274 'trigcsi'mo
757 5200 952 5258 iertio:
997 5200 1100 5256 1m;-
1131 5201 1374 5274 llugade
1427 5200 1794 5274 Chevincoprt,

252 5278 480 5347 inquit,
499 5270 723 5347 visitavi!
750 5273 1009 5347 (crurum,
1038 5271 1171 5347 quod
1198 5270 1425 5347 dicit-nus.
1455 5272 1795 5347 sqnctm_l’ri-

252 5334 376 5407 mre,
424 5334 481 5397 id
507 5351 582 5395 est
626 5334 895 5410 primitivis
931 5334 1247 5410 fundationis
1306 5334 1545 5410 Ecclesia!
1573 5342 1798 5396 milium-

253 5404 369 5475 tis,
402 5413 531 5480 quia
562 5404 1149 5480 in:eodem‘req_i_tie_scunt
1166 5415 1319 5480 quam
1340 5404 1561 5480 plurima
1586 5425 1797 5480 corpora

254 5472 582 5541 sanctorum,
616 5475 772 5538 Petri,
795 5472 963 5536 Pauli,
984 5472 1200 5527 Joannis
1222 5473 1484 5540 Baptism,
1511 5487 1558 5528 et
1576 5472 1798 5533 aliorum

254 5548 617 5614 confrasorunt
646 5554 693 5614 et
720 5554 1008 5614 sanctarum
1036 5544 1305 5614 virginum.
1363 5541 1449 5614 Sic
1477 5545 1634 5598 etiam
1660 5548 1797 5600 dicta

255 5609 571 5671 est'Prima
627 5612 955 5667 Corbcicnsis
1004 5609 1305 5664 monasterii
1362 5609 1412 5660 in
1466 5614 1578 5667 Vita
1628 5619 1796 5669 sancti

253 5684 568 5738 Atlclhardi.

326 5754 353 5791 δ
395 5751 636 5805 Joannes
687 5748 750 5801 de
806 5747 1011 5814 Capella
1042 5756 1277 5802 numerat
1319 5752 1571 5807 tredecim
1615 5770 1799 5824 capsas

1892 4589 2039 4642 horia
2085 4600 2107 4628 ο
2155 4590 2275 4651 duo,
2334 4589 2548 4641 lectoria
2607 4581 2775 4650 auro,
2806 4593 3021 4657 argento
3039 4594 3093 4640 et
3137 4588 3410 4642 marmori-

1894 4678 1991 4731 bus
2043 4685 2225 4745 parata
2280 4677 2400 4730 duo.
2452 4677 2506 4729 In
2543 4676 2759 4730 ecclesia
2787 4683 2978 4730 sanctae
3009 4675 3110 4729 ‘Dei
3143 4675 3411 4744 genitricis

1895 4765 2072 4819 Mariae
2110 4773 2164 4819 et
2198 4774 2497 4819 sanctorum
2540 4764 2890 4833 apostolorum
2926 4764 3107 4816 altaria
3158 4763 3408 4818 fabricata

1896 4855 2169 4917 tredecim;
2207 4852 2458 4907 ciborium
2481 4867 2658 4915 unum,
2708 4860 2760 4905 et
2777 4850 3047 4905 lectorium
3091 4854 3285 4919 optime
3323 4866 3417 4919 pa-

1898 4950 2064 4994 ratum
2092 4957 2271 4994 unum.
2322 4940 2379 4993 In
2430 4939 2647 4995 ecclesia
2696 4939 2861 4993 sancti
2911 4938 3176 4991 Benedicti
3224 4938 3405 4991 altaria

1894 5086 2079 5123 aureas
2106 5078 2160 5123 ct
2198 5078 2491 5137 argenteas,
2538 5083 2668 5136 quas
2699 5068 3032 5137 Angilbertus
3068 5081 3221 5134 super
3238 5083 3407 5137 unum

1894 5140 2060 5193 altare
2080 5135 2383 5209 argenteum
2412 5135 2705 5192 dedicatum
2732 5135 3001 5190 iti'honore
3044 5137 3209 5189 beatre
3238 5135 3408 5189 Maria-

1961 5209 2144 5261 suerit.
2926 5218 2931 5223 '

1894 5223 2169 5340 Ροῗυῗξιῖἲ
2198 5276 2269 5329 sit
2294 5274 2567 5337 ciborium,
2620 5272 2731 5325 fuse
2764 5274 2977 5339 exposui
3019 5274 3070 5326 in
3108 5269 3410 5340 prmfatiom-

1896 5339 2075 5399 szecuit
2107 5344 2342 5407 secundi,
2389 5358 2533 5397 num.
2577 5340 2666 5403 47,
2722 5342 2905 5394 turrita
2953 5342 3152 5395 scilicet
3194 5339 3408 5391 :edicnla

1895 5416 2120 5480 quatuor
2168 5422 2351 5467 octove
2392 5409 2645 5480 columnis
2687 5409 2887 5480 innixa,
2935 5410 3186 5480 altaribus
3213 5414 3271 5459 et
3292 5422 3410 5460 san-

1895 5476 2097 5535 ctorum
2132 5481 2345 5535 tumulis
2382 5479 2573 5548 imponi
2626 5478 2795 5548 solita.
2831 5478 3047 5532 Carolus
3091 5476 3307 5548 Magnus
3356 5480 3407 5528 in

1895 5550 2171 5618 capitulari
2216 5552 2337 5602 anni
2388 5542 2491 5618 789
2531 5546 2770 5618 pnecipit
2807 5557 2861 5598 ut
2906 5562 3073 5618 super
3105 5542 3408 5618 altariajw

1895 5609 2074 5672 cuhria
2098 5619 2222 5685 ﬁant
2258 5627 2347 5670 aut
2386 5609 2703 5687 Ιηᾳιιεὶινὲαέ
2731 5614 2883 5687 Nune
2914 5609 3169 5687 ciborium
3215 5609 3410 5663 dicitur

1896 5682 2204 5746 κιϐοτόςέριι
2249 5687 2399 5755 pyxis
2427 5682 2477 5739 iit
2506 5697 2613 5753 qua
2633 5682 2824 5737 Christi
2854 5682 3054 5736 Domini
3095 5693 3283 5747 corpus
3330 5696 3401 5733 as-

1898 5765 2137 5811 servatur
