4110 6446
778 498 878 560 841

1712 503 1764 557 S.
1806 505 2208 559 ANGlLBEllTl
2246 502 2526 556 ABBATIS
2563 502 3023 559 CENTCLENSIS

3658 29 4104 181 “"1

3851 508 3950 563 με

779 626 960 682 palata
1002 613 1122 668 tri.:.
1174 612 1227 666 Ib
1258 612 1493 667 ccclesiis
1529 628 1653 665 vero
1687 622 1990 667 sanctorum
2014 612 2316 680 angelorum
2346 613 2389 665 Α
2420 618 2603 677 ganter
2630 611 2913 678 disposuis,
2973 619 3131 680 atque
3158 627 3221 666 ex
3250 614 3469 668 diversis
3494 617 3817 684 praescriptis
3841 619 3956 670 reli-

779 703 1060 761 Calrielis.
1094 702 1381 765 Michaelis,
1408 712 1460 754 et
1511 701 1792 768 Rapbaelis
1834 701 2023 753 altaria
2053 700 2174 760 tria,
2202 712 2318 765 quin

710 818 715 827 -
780 794 935 847 simul
968 793 1096 845 (inut
1122 792 1304 845 altaria
1330 792 1571 860 triginta;
1616 802 1667 844 et
1706 792 1904 843 ciboria
1929 790 2048 849 tria,
2078 799 2131 842 et
2160 788 2320 842 lecto-

782 885 857 936 ria
912 884 1030 935 tria.
1078 880 1206 932 Nam
1247 881 1310 934 de
1344 881 1461 933 aliis
1502 881 1643 933 vasis
1688 888 1739 934 et
1784 878 2198 947 supellcctilibus
2228 879 2320 930 ha-

780 973 971 1023 bentur
1008 970 1057 1021 in
1094 968 1291 1021 eisdem
1331 966 1569 1020 ecclesiis
1618 981 1747 1019 auro
1782 974 2106 1034 argentoque
2124 972 2321 1032 parata!

778 1058 1181 1123 septemdecim;
1225 1070 1432 1108 corona:
1454 1070 1630 1109 aurea:
1658 1055 1808 1117 dum;
1846 1053 2115 1121 lampades
2140 1068 2321 1118 argen-

779 1156 871 1198 te:e
895 1162 1012 1207 sex;
1058 1146 1289 1213 cuprime
1328 1158 1460 1197 auro
1481 1150 1803 1212 argentoque
1838 1142 2098 1195 decoratas
2120 1142 2317 1194 duode-

773 1236 911 1295 (illi;
970 1248 1121 1300 poma
1147 1246 1305 1285 aurea
1359 1231 1493 1294 tria;
1540 1230 1733 1283 calices
1759 1229 1906 1283 aurei
1961 1214 2078 1283 eum
2117 1229 2316 1295 patenis

2419 700 2556 767 quiis
2598 700 3018 767 supradictorum
3090 709 3393 756 sanctorum
3446 706 3647 760 ornatis
3696 706 3955 767 ecclesiis,

2419 792 2653 861 diligenti
2685 792 2878 846 mentis
2908 793 3095 849 all‘cctu
3124 802 3354 848 tractare
3407 795 3685 861 coepimus,
3733 795 3961 864 qualiter

2420 879 2640 935 Domino
2685 884 2911 938 donante
2952 884 3018 937 ad
3055 884 3155 939 hoc
3189 882 3465 951 pervenire
3492 883 3860 945 valuissemus,
3903 893 3958 936 ut

2419 969 2555 1022 sicut
2580 970 2631 1024 in
2661 971 2899 1027 (adificiis
2928 972 3240 1026 marmoreis
3285 979 3339 1025 ct
3363 972 3413 1024 ἰί
3441 972 3648 1024 caeteris
3677 986 3959 1024 ornamen-

2418 1058 2485 1111 tis
2513 1059 2678 1113 oculis
2702 1046 2919 1114 honeste
2946 1061 3241 1127 clarescunt
3283 1059 3547 1121 humanis,
3601 1060 3671 1112 ita
3717 1060 3877 1113 etiam
3908 1060 3958 1113 in

2418 1146 2508 1200 Dei
2564 1147 2819 1211 laudibus,
2881 1150 2931 1202 in
2962 1149 3218 1202 doctrinis
3242 1148 3462 1200 diversis
3483 1155 3536 1199 et
3555 1147 3781 1201 canticis
3807 1148 3962 1214 spiri-

2420 1234 2644 1287 tualibus
2669 1235 2880 1289 Christo
2904 1235 3251 1303 omnipotenti
3280 1232 3484 1300 placere
3513 1233 3797 1288 valeamus.
3824 1234 3961 1299 Qua-

773 1323 907 1383 duo;
963 1323 1099 1373 calix
1128 1333 1264 1371 unus
1288 1332 1482 1371 aureus
1502 1332 1721 1385 magnus
1746 1332 1867 1370 cum
1898 1316 2220 1383 imaginibus
2248 1317 2320 1368 si-
2350 1340 2395 1368 ὸ
2417 1331 2631 1389 propter
2658 1331 2920 1375 trecentos
2947 1321 3235 1374 monachos
3281 1320 3332 1373 in
3380 1322 3481 1373 hoc
3526 1329 3708 1373 διιηοιο
3734 1319 3851 1373 loco
3889 1336 3961 1371 τι»-

773 1413 877 1463 mul
916 1419 968 1462 et
989 1418 1218 1476 patena;
1267 1407 1352 1460 alii
1391 1406 1582 1459 calices
1608 1406 1840 1473 argentei
1879 1420 1998 1458 cum
2031 1406 2142 1457 suis
2171 1412 2318 1472 pate-

771 1501 850 1551 uis
876 1497 1151 1550 duodecim
1178 1514 1191 1559 ;
1215 1494 1480 1549 oll‘ertoria
1520 1502 1769 1564 argentea
1811 1478 2013 1547 decem.
2040 1493 2120 1547 Ad
2162 1501 2318 1560 caput

768 1588 937 1641 sancti
960 1586 1195 1640 Richarii
1226 1584 1399 1638 tabula
1433 1599 1564 1639 auro
1589 1592 1642 1637 et
1684 1592 1902 1653 argento
1951 1592 2134 1650 parata
2180 1596 2312 1639 una;

766 1679 898 1730 ostia
940 1675 1140 1743 majora
1161 1690 1289 1729 auro
1304 1682 1354 1726 et
1380 1680 1599 1742 argento
1623 1682 1806 1740 parata
1832 1672 1956 1733 duo,
1984 1671 2087 1724 alia
2110 1671 2315 1724 minora

765 1769 897 1824 duo;
949 1766 1047 1819 alia
1072 1764 1262 1819 ostiola
1300 1763 1544 1817 similiter
1566 1768 1752 1830 parata
1780 1760 1916 1822 duo;
1964 1759 2193 1814 balteum
2223 1773 2316 1810 au-

768 1867 913 1905 reum
967 1868 1162 1916 unum;
1222 1848 1658 1906 atramentarium
1699 1846 1957 1914 optimum
2009 1852 2314 1913 argenteum

2417 1409 2669 1478 gularitcr
2685 1411 2915 1463 victuros
2963 1410 3251 1464 auxiliante
3276 1410 3383 1463 Deo
3430 1409 3799 1462 constituimus
3830 1426 3843 1460 :
3869 1424 3961 1477 op-

2417 1508 2590 1552 tantes
2613 1506 2665 1550 et
2694 1499 3017 1561 ordinantes,
3049 1506 3107 1551 ut
3136 1499 3177 1551 si
3228 1508 3330 1549 non
3381 1494 3516 1564 plus,
3568 1495 3717 1548 istius
3754 1500 3958 1549 numeri

2415 1589 2749 1657 congregatio
2788 1590 2840 1642 in
2884 1596 3196 1656 perpetuum
3233 1586 3506 1639 habeatur.
3546 1584 3771 1639 Centum
3802 1588 3959 1640 etiam

2414 1691 2609 1743 pueros
2635 1676 2830 1727 scholis
2851 1676 3167 1729 erudiendos
3196 1675 3291 1728 sub
3314 1675 3500 1727 eodem
3530 1673 3714 1729 habitu
3740 1684 3795 1728 et
3822 1674 3960 1728 victu

2418 1773 2436 1797 ο
2482 1765 2785 1824 statuimus,
2841 1764 2930 1833 qui
2982 1763 3233 1817 fratribus
3263 1780 3357 1833 per
3403 1773 3512 1822 tres
3562 1764 3756 1819 choros
3780 1763 3964 1818 divisis

2416 1851 2467 1902 in
2517 1851 2771 1905 auxilium
2822 1851 3078 1919 psallendi
3124 1861 3177 1905 et
3231 1853 3451 1906 canendi
3490 1851 3881 1906 intersintzita
3906 1859 3963 1901 ut

763 1959 893 1997 auro
949 1951 1190 2013 paratum
1244 1955 1441 2002 unum;
1482 1938 1723 1991 cultellus
1761 1948 1891 1987 auro
1924 1944 1978 1988 ct
2014 1933 2314 2001 margaritis
2348 1929 2387 1986 Β
2416 1941 2609 1995 chorus
2658 1943 2825 1996 sancti
2879 1942 3166 1995 Salvatoris
3202 1950 3451 1997 centenos
3497 1944 3785 1997 monachos
3842 1958 3959 1995 cum

762 2045 977 2103 paratus
1019 2049 1187 2096 unus;
1216 2031 1380 2086 codex
1408 2030 1671 2082 eburneus
1696 2043 1824 2081 auro
1844 2035 2062 2095 argento
2099 2036 2151 2079 et
2177 2040 2315 2077 mar-

764 2125 953 2191 garitis
996 2122 1192 2189 optime
1220 2128 1433 2188 paratus
1483 2131 1637 2170 unus.
1699 2115 1878 2185 Punga
1911 2128 1935 2154 ιι
1969 2129 2100 2168 auro
2129 2121 2311 2183 parata

761 2226 897 2271 una;
942 2209 1231 2262 incensaria
1273 2213 1521 2275 argentea
1550 2195 1893 2272 altro'parata
1923 2212 2165 2272 quatuor.
2207 2201 2310 2252 lla—

761 2300 917 2367 nappi
954 2298 1188 2367 argentei
1244 2296 1574 2364 superaurati
1622 2293 1907 2354 tredecim;
1974 2292 2175 2345 concha
2230 2305 2313 2341 ar-

760 2399 950 2458 gentea
973 2388 1141 2455 major
1188 2402 1307 2440 cum
1344 2385 1661 2453 imaginibus
1682 2382 1948 2452 argenteis
1970 2396 2108 2445 una;
2154 2381 2314 2433 boen-

761 2480 888 2534 laris
917 2476 1110 2548 [Vulgo
1153 2478 1335 2538 bocar,
1389 2474 1585 2543 lagona:
1626 2471 1805 2544 genus]
1836 2481 2116 2540 argenteus
2144 2486 2310 2528 unus;

757 2568 905 2619 urcei
932 2565 1167 2634 argentei
1225 2578 1345 2616 cum
1380 2561 1803 2630 aquamanilibus
1822 2563 1933 2615 suis
1961 2561 2102 2625 duo;
2143 2569 2309 2614 canna

760 2662 1010 2723 argentea
1040 2668 1161 2714 una,
1208 2653 1441 2705 eburnea
1477 2665 1610 2712 una;
1650 2648 1821 2703 situla:
1865 2656 2128 2716 argenteae
2158 2648 2308 2708 dum;

762 2745 928 2798 clavis
953 2760 1110 2797 aurea
1138 2761 1236 2797 una
1268 2760 1280 2805 ;
1324 2742 1470 2795 scilla
1495 2750 1746 2811 argentea
1776 2755 1915 2805 una;
1946 2754 2155 2795 corona:
2188 2755 2306 2792 cum

765 2835 1051 2888 luminibus
1078 2833 1361 2895 tredecim;
1387 2833 1643 2885 columna:
1687 2840 1811 2884 ante
1835 2831 2001 2883 altare
2027 2831 2193 2882 sancti
2224 2829 2310 2880 Iti-

758 2926 924 2977 cbarii
973 2939 1103 2978 auro
1132 2933 1184 2977 et
1225 2932 1443 2989 argento
1469 2932 1666 2989 parata:
1692 2936 1816 2985 sex;
1863 2921 2041 2973 trabes
2079 2920 2312 2973 minores

757 3032 875 3067 enm
904 3016 1131 3067 arcubus
1158 3013 1265 3065 suis
1285 3019 1501 3079 argento
1531 3021 1727 3080 parate.
1755 3018 1892 3066 tres:
1947 3009 2203 3062 (‘l'lCCﬂl‘lﬂ
2236 3007 2311 3078 [id

760 3113 855 3165 est,
911 3098 1247 3181 campaniliq]
1290 3115 1418 3153 auro
1466 3107 1647 3167 parata
1678 3099 1810 3161 tria;
1854 3097 2045 3150 cloccm
2077 3096 2311 3166 [campa-

766 3192 900 3246 nnla:
921 3207 1009 3245 seu
1056 3189 1429 3259 tintinnabula]
1466 3189 1676 3255 optimm
1715 3187 2014 3255 quindecim
2052 3200 2172 3238 cum
2223 3199 2311 3236 ca-

764 3299 885 3336 rum
949 3280 1162 3335 circulis
1210 3282 1235 3319 ι)
1285 3278 1632 3345 quindecim;
1684 3276 1848 3328 skillm
1899 3286 2008 3329 tres
2052 3273 2308 3343 imagines

758 3387 916 3424 a-nere.
946 3384 1060 3431 sex,
1106 3371 1336 3422 eburnea
1390 3382 1524 3427 una;
1577 3366 1893 3419 candelabra
1945 3379 2075 3417 auro
2125 3371 2306 3430 parata

756 3465 893 3524 duo;
940 3461 1072 3512 ostia
1104 3474 1232 3511 auro
1273 3465 1453 3525 parata
1496 3463 1717 3523 septem.
1758 3452 1977 3519 Insuper
1997 3451 2308 3504 donavimus

757 3553 825 3605 ibi
868 3551 1021 3621 pallia
1058 3550 1253 3617 optima
1299 3545 1627 3615 septn'ginta
1662 3551 1816 3604 ocio;
1868 3556 2064 3609 cappas
2115 3542 2309 3593 ducen-

758 3652 867 3700 tas;
923 3640 1232 3691 (lalntalit‘as
1286 3635 1468 3703 viginti
1499 3642 1725 3702 quatuor
1753 3633 1984 3694 sericas;
2035 3630 2181 3684 albas
2205 3630 2300 3682 Ro

757 3744 944 3781 manas
995 3743 1112 3780 cum
1155 3726 1362 3777 amictis
1397 3724 1508 3777 suis
1548 3736 1680 3776 auro
1730 3731 1948 3789 paratas
1991 3735 2114 3782 sex;
2162 3720 2310 3774 albas

755 3820 921 3871 lineas
947 3818 1198 3871 ducentas
1221 3814 1521 3881 sexaginta;
1558 3813 1763 3865 casulas
1788 3812 1852 3864 de
1883 3812 2041 3880 pallio
2071 3811 2304 3877 triginta,

757 3910 823 3959 de
855 3923 1083 3975 purpura
1111 3906 1313 3965 decent,
1372 3904 1435 3956 de
1458 3914 1663 3955 storace.
1695 3916 1807 3962 sev,
1864 3902 1926 3952 de.
1941 3902 2084 3968 pisce
2123 3914 2303 3960 unam,

758 3998 823 4048 de
885 3997 1047 4063 platta
1094 3993 1413 4060 quindecim,
1456 3991 1520 4043 de
1566 3991 1791 4043 eendato
1839 3989 2089 4057 qitinque.
2135 3987 2310 4040 Stolas

760 4105 889 4140 auro
916 4074 1136 4155 paratas
1164 4085 1412 4154 quinque,
1475 4080 1690 4135 fanones
1739 4077 2081 4151 [manipulos]
2114 4078 2176 4131 de
2198 4077 2309 4146 pal—

758 4178 828 4229 lio
855 4192 984 4228 auro
1018 4172 1465 4242 paratos'dccem;
1506 4171 1744 4250 cussinos
1774 4170 1836 4219 de
1870 4167 2029 4234 pallio
2052 4165 2304 4234 quinque,

758 4284 881 4336 saga
910 4269 972 4320 de
1003 4265 1159 4334 pallio
1180 4264 1433 4332 quinque.

828 4363 900 4411 lle
924 4358 1089 4416 libris,
1147 4354 1483 4423 Evangelium
1513 4367 1644 4404 auro
1688 4351 1937 4417 scriptum
1970 4364 2088 4401 cum
2120 4346 2309 4400 tabulis

759 4448 1024 4518 argenteis
1046 4459 1177 4498 auro
1213 4453 1265 4497 et
1294 4443 1553 4510 lapidibus
1596 4441 1840 4508 pretiosis
1891 4439 2112 4491 miriﬁce
2150 4453 2308 4504 para-

759 4554 869 4593 tum
921 4551 1111 4598 umnn;
1144 4535 1284 4588 aliud
1314 4533 1654 4602 Evangelium
1676 4531 1969 4600 plenarium
1996 4545 2177 4581 umun.
2236 4528 2308 4579 lle

756 4629 877 4680 aliis
908 4626 1056 4680 libris
1085 4624 1345 4676 volumina
1367 4624 1610 4675 ducenta.

828 4719 1046 4783 Insuper
1079 4714 1238 4765 etiam
1264 4713 1484 4781 plurima
1528 4723 1837 4766 ornamenta
1871 4715 1921 4765 in
1946 4711 2303 4769 fabricatnris,

757 4816 811 4860 et
837 4804 1061 4857 diversis
1087 4802 1419 4862 utilitatibus,
1470 4802 1521 4853 in
1545 4802 1775 4868 plumbo,
1821 4803 1979 4863 vitro,
2021 4813 2303 4855 marmore.

757 4912 849 4950 seu
869 4902 1060 4947 cretera
1085 4890 1431 4945 instrnme'nta
1459 4906 1574 4959 quae
1602 4891 1812 4959 longum
1850 4890 1947 4944 fuit
1970 4904 2303 4950 enumerare,

757 4985 1116 5054 prolixiusque
1139 4983 1370 5033 scribere
1401 5001 1409 5031 :
1439 4998 1554 5050 qua‘
1578 4992 1752 5034 tamen
1794 4990 1914 5034 tunc
1944 4981 2196 5049 temporis
2217 4996 2307 5048 ap-

756 5078 979 5147 pretiata
1005 5084 1127 5127 sunt
1168 5090 1194 5124 a
1225 5073 1463 5123 ﬁdelibus
1493 5073 1584 5125 llei
1619 5083 1673 5126 et
1708 5074 1874 5125 sancti
1907 5071 2159 5146 Ricbarii,
2216 5071 2306 5139 qui

758 5166 1031 5235 vnlikctt‘m
1066 5164 1115 5214 in
1141 5161 1227 5213 Dei
1262 5161 1477 5213 servitio
1504 5161 1806 5214 laborantes
1832 5161 2169 5223 exstiterant,
2195 5160 2307 5214 bam

756 5252 932 5304 muniit
962 5251 1133 5302 valere
1162 5250 1393 5327 potuisse,
1442 5249 1603 5303 libras
1631 5250 1927 5316 quindecim
1952 5249 2219 5303 millia'vel
2244 5263 2311 5303 eo

758 5344 1001 5411 amplius.

828 5435 918 5487 llis
946 5445 998 5486 et
1035 5435 1174 5496 aliis,
1203 5441 1361 5502 prout
1384 5434 1612 5489 donante
1640 5433 1862 5487 Domino
1885 5434 2163 5491 valuimus.
2200 5434 2307 5487 ele-

832 5560 851 5581 τι
898 5545 951 5598 ιιι
976 5552 1050 5595 est
1082 5559 1229 5611 pera,
1287 5543 1546 5597 sacculus.
1596 5542 1880 5595 Audoenns
1926 5544 1977 5596 in
2015 5544 2151 5597 libro
2180 5561 2194 5598 ι
2224 5544 2289 5599 de

761 5617 876 5667 \‘im
902 5614 1066 5665 samrti
1103 5614 1250 5677 liligii
1295 5627 1413 5681 cap.
1446 5612 1507 5663 IO
1546 5632 1555 5663 :
1595 5631 1611 5660 ε
1648 5613 1904 5676 Quotiens
1949 5613 2184 5665 bracbile
2214 5629 2307 5665 au-

762 5700 925 5743 reum,
954 5698 1177 5749 [Hmng
1194 5697 1401 5748 quoque
1422 5696 1551 5735 auro
1565 5684 1890 5749 gemmisque
1919 5690 2184 5750 comptam
2208 5682 2307 5735 sibi

763 5752 1039 5818 subripuit,
1070 5758 1273 5803 tantum
1296 5761 1350 5802 ut
1382 5751 1591 5804 miseris
1612 5760 1966 5805 succurreret.
2008 5769 2025 5800 ι

829 5823 854 5860 ιι
884 5820 1128 5874 Armillas
1164 5833 1541 5889 catnpanarum
1583 5818 1794 5873 funibus
1815 5820 2102 5889 pendentes
2153 5830 2307 5875 vocat

2417 2040 2641 2102 quatuor
2674 2040 2725 2083 et
2751 2030 2965 2099 triginta
2989 2031 3168 2097 pueris
3192 2031 3413 2094 habeat;
3451 2032 3647 2084 chorus
3664 2032 3835 2083 sancti
3858 2029 3949 2083 lti-

2415 2120 2583 2171 cbarii
2622 2127 2873 2172 centenos
2901 2122 3205 2181 monachos,
3254 2127 3466 2187 tresque
3498 2128 3549 2172 et
3588 2119 3799 2185 triginta
3837 2132 3958 2186 puc-

2416 2208 2725 2277 rosjugiter
2776 2209 2998 2271 habeat;
3039 2209 3235 2262 chorus
3278 2209 3508 2275 psallens
3557 2216 3679 2260 ante
3726 2215 3960 2265 sanetam

2414 2296 2715 2363 passionem
2743 2303 2993 2350 centenos
3018 2296 3323 2356 tuonacbos,
3355 2295 3565 2361 triginta
3583 2294 3753 2346 tribus
3783 2293 3959 2359 adjun-

2414 2385 2513 2435 ctis
2539 2384 2719 2451 pueris
2760 2383 3004 2437 similiter
3033 2384 3247 2437 habeat.
3312 2382 3384 2435 Ea
3425 2391 3602 2436 autch
3631 2383 3838 2435 ratione
3869 2382 3961 2449 ipsi

2413 2472 2562 2524 ebori
2589 2481 2695 2525 tres
2737 2473 2788 2525 in
2824 2472 3017 2525 divinis
3071 2472 3311 2525 laudibus
3356 2472 3732 2539 personabunt,
3764 2481 3821 2523 ut
3851 2487 3956 2523 om-

2413 2575 2507 2614 nes
2544 2562 2702 2614 horas
2721 2562 3008 2614 canonicas
3058 2562 3130 2613 ind
3161 2575 3439 2614 commune
3470 2558 3625 2612 simul
3651 2575 3841 2613 omnes
3875 2562 3958 2612 de-

2415 2657 2651 2702 cantent.
2706 2649 2908 2713 Quibus
2948 2651 3196 2702 decenter
3242 2650 3487 2717 expletis,
3548 2649 3961 2718 uniuscujusque

2412 2739 2555 2791 ebori
2589 2753 2712 2806 pars
2771 2740 2924 2791 tertia
2965 2737 3240 2790 ecclesiam
3266 2746 3434 2800 exeat,
3490 2746 3541 2808 et
3575 2739 3849 2807 corporeis
3876 2756 3962 2791 ne-

2411 2829 2748 2882 cessitatibus
2776 2826 2856 2881 vel
2882 2827 3001 2880 aliis
3025 2827 3340 2880 utilitatibus
3370 2828 3435 2882 ad
3460 2820 3663 2895 tempus
3692 2828 3961 2887 inserviat,

2411 2926 2555 2971 certo
2587 2917 2841 2985 temporis
2863 2918 3033 2984 spatio
3064 2917 3446 2969 interveniente
3474 2918 3540 2990 qd
3567 2916 3758 2968 divina:
3790 2916 3958 2968 laniis

2414 3006 2589 3060 munia
2635 3007 2949 3059 celebranda
2978 3006 3148 3058 denuo
3195 3007 3493 3059 redeuntes.
3540 3005 3598 3059 lu
3642 3021 3960 3074 unoquoque

2412 3097 2572 3150 etiam
2628 3096 2791 3149 cboro
2816 3095 2865 3147 id
2906 3094 3104 3164 jugiter
3141 3098 3470 3155 observetur,
3520 3101 3578 3146 nt
3625 3095 3960 3148 sacerdotum

2413 3201 2473 3240 ac
2492 3186 2768 3240 levitarum
2784 3185 3209 3252 reliquorumque
3233 3200 3503 3240 sacrorum
3528 3187 3772 3238 ordinum
3792 3200 3966 3254 mqua-

2338 3244 2382 3305 ϐ
2413 3276 2479 3328 lis
2511 3289 2763 3327 numerus
2794 3282 3049 3326 teneatur.
3102 3274 3390 3327 Cantorum
3423 3276 3765 3327 nihilominus
3808 3288 3863 3329 et
3884 3276 3957 3329 le-

2408 3373 2612 3419 ctorum
2663 3364 2850 3432 aequali
2882 3379 3126 3416 mensura
3172 3364 3360 3416 divisio
3394 3365 3688 3423 ordinetur.
3728 3365 3954 3432 qualiter

2408 3457 2659 3509 cborusa
2689 3455 2853 3507 choro
2908 3454 3132 3508 invicem
3189 3468 3291 3506 non
3346 3461 3612 3522 gravetur.
3677 3454 3815 3520 Quin
3864 3455 3964 3507 imo

2407 3560 2591 3598 οιιιιιρε
2638 3544 2914 3596 unanimes
2951 3542 3270 3596 sacriﬁcium
3325 3543 3494 3596 laudis
3540 3545 3764 3597 Domino
3795 3547 3959 3598 omni-

2407 3633 2607 3699 potenti
2635 3645 2733 3699 pro
2773 3631 2942 3683 salute
2988 3631 3204 3701 gloriosi
3243 3631 3449 3685 Domini
3472 3634 3575 3685 mei
3609 3633 3831 3702 Augusti
3863 3636 3958 3687 (Za-

2408 3720 2553 3785 roli,‘
2586 3734 2785 3788 proque
2832 3719 2977 3787 regni
3014 3720 3128 3789 ejus
3169 3719 3477 3781 stabilitate,
3523 3722 3959 3775 continuam-vo.

2402 3811 2549 3862 tione
2578 3802 2777 3878 jugiter
2809 3812 3111 3864 exhibeant.
3169 3810 3464 3864 lllatutinali
3525 3814 3721 3866 etenim
3751 3829 3844 3866 seu
3877 3830 3964 3865 ve-

2407 3902 2679 3969 spertinali
2735 3901 2907 3955 ofﬁcio
2968 3894 3349 3965 conisuinnzato,
3400 3920 3517 3957 mox
3574 3920 3762 3961 onmcs
3815 3909 3961 3962 ebori

2405 3991 2775 4044 ordinahiliter
2822 4007 2878 4045 se
2935 4003 3060 4044 ante
3102 4002 3336 4046 sanctam
3403 3994 3699 4061 passionem
3746 4014 3963 4067 congre-

2408 4088 2550 4147 gent.
2598 4080 2780 4133 dcecm
2821 4089 3027 4134 tantum
3051 4082 3341 4151 psalmistis
3370 4084 3657 4153 unicuique
3690 4088 3858 4141 cboro
3881 4104 3961 4141 re-

2410 4171 2781 4225 manentilns:
2818 4179 2871 4224 et
2898 4172 2975 4225 sic
2993 4188 3088 4241 per
3132 4181 3334 4241 portam
3366 4175 3531 4228 sancti
3573 4173 3857 4237 Gabriclis,
3904 4194 3963 4231 ac

2409 4272 2503 4324 per
2548 4259 2712 4312 salam
2740 4257 2935 4329 [Vulgo
2971 4259 3123 4321 salle,
3166 4259 3364 4331 aulam]
3403 4262 3581 4316 domni
3620 4264 3832 4320 abbatis
3858 4282 3965 4319 am-

2410 4352 2658 4407 tulando.
2711 4365 2802 4416 per
2837 4348 3218 4415 occidentalem
3268 4348 3481 4401 claustri
3522 4351 3792 4421 regionem
3843 4369 3963 4407 cau-

2410 4442 2570 4494 tando
2618 4439 2831 4491 veniant
2880 4438 2945 4492 ad
2997 4446 3234 4493 sanetam
3285 4435 3541 4491 Mariam:
3574 4440 3666 4494 ubi
3723 4441 3965 4495 oratione

2409 4545 2506 4598 pro
2534 4529 2788 4599 temporis
2816 4531 3019 4584 ratione
3039 4531 3299 4599 deposita,
3346 4530 3631 4584 remeando
3660 4532 3878 4585 veniant
3902 4533 3964 4583 ad

2411 4630 2650 4674 sanctum
2696 4621 3038 4676 Benedictum
3079 4622 3131 4674 in
3164 4621 3409 4676 orientali
3440 4627 3590 4690 parte
3644 4621 3869 4675 claustri
3896 4622 3966 4674 si-

2411 4722 2563 4775 tum;
2602 4713 2722 4766 inde
2770 4727 2864 4779 per
2890 4712 3084 4780 gradus
3126 4726 3343 4765 arcuum
3388 4710 3588 4763 intrent
3624 4709 3692 4762 ad
3721 4721 3961 4764 sanctum

2411 4802 2759 4864 Mauricinm;
2801 4802 2983 4869 sicque
3006 4801 3265 4855 intrantes
3313 4799 3481 4855 sancti
3515 4798 3754 4854 Ricbarii
3785 4799 3962 4854 basili-

2409 4907 2546 4954 cam,
2604 4893 2953 4947 restituantur
2981 4892 3091 4946 suis
3111 4893 3308 4946 eboris.

2480 4980 2607 5034 illud
2630 4982 2788 5035 etiam
2810 4981 3082 5035 observari
3107 4981 3383 5049 praecipua.
3423 4979 3707 5035 devotione
3748 4984 3965 5035 manda-

2408 5085 2544 5131 mus,
2580 5079 2637 5123 nt
2662 5070 2803 5123 nulla
2829 5069 2944 5123 dies
2965 5077 3244 5137 prmtereat
3293 5069 3494 5138 absque
3536 5084 3815 5123 sacrarum
3842 5072 3965 5123 mis-

2409 5178 2587 5217 sarum
2640 5164 3032 5225 decantatione,
3079 5162 3325 5217 videlicet
3377 5164 3506 5219 utsi
3560 5163 3834 5232 nonplus,
3888 5165 3964 5218 vel

2408 5253 2620 5322 triginta
2647 5268 2674 5306 a
2728 5251 2981 5305 fratribus
3007 5250 3333 5305 diversorum
3356 5235 3639 5308 ebororum
3678 5265 3777 5318 per
3800 5251 3966 5305 diver-

2409 5357 2466 5397 sa
2505 5344 2693 5397 altaria
2718 5343 2896 5397 missa:
2917 5341 3156 5409 quotidie
3178 5322 3422 5412 agantur,
3440 5340 3690 5408 exceptis
3715 5339 3824 5393 illis
3845 5341 3964 5394 dua-

2408 5435 2506 5488 bus
2531 5433 2595 5487 de
2629 5441 2913 5494 conventu,
2959 5446 3077 5499 qua:
3118 5444 3279 5491 mane,
3314 5439 3367 5482 et
3414 5429 3635 5484 meridie
3685 5428 3963 5483 solemnis-

2410 5546 2731 5600 Adrevaldns
2780 5546 2831 5598 in
2879 5544 3016 5597 libro
3062 5544 3134 5597 De
3164 5542 3433 5596 miraculis
3460 5539 3628 5595 sancti
3677 5540 3962 5605 Benedicti,

2441 5632 2526 5670 ao.
2562 5616 2649 5667 ‘26.

2441 5634 2467 5670 a
2515 5655 2526 5667 .
2562 5632 2649 5667 zu.

2409 5634 2436 5671 ρ
2477 5632 2717 5739 EPueros
2736 5685 3138 5739 oblatoscodcm
3160 5680 3339 5735 habitu
3365 5679 3657 5748 iisdemque
3689 5680 3826 5735 cibis
3847 5692 3965 5734 usos

2412 5756 2570 5810 fuisse
2595 5764 2804 5809 constat
2841 5763 2953 5808 tum
2976 5768 3038 5807 ex
3072 5753 3171 5805 hoc
3194 5751 3327 5812 loco,
3361 5759 3472 5803 tum
3494 5747 3723 5802 ex'aliis.
