4110 6448
148 570 252 624 849

1561 559 1876 613 οΑηΜιιυί.
2416 515 2421 521 ⁸
3032 554 3046 588 ⁸

3210 544 3307 596 851)

134 679 268 733 sime
300 677 654 735 celebrantur,
706 675 755 727 in
786 674 973 742 quibus
993 646 1225 739 quotidie
1267 668 1519 732 memoria
1546 684 1668 721 sau~
1695 683 1735 734 Α
1766 669 1857 736 qui
1907 667 1960 719 in
1984 664 2303 719 sublimitate
2323 669 2445 715 sunt
2490 660 2787 721 constituti,
2816 656 3073 710 Salvatori
3098 657 3202 708 Deo
3227 676 3309 708 ltu-

134 767 361 823 ctissimi
399 781 548 834 papa:
592 765 828 826 Adriani,
873 769 937 818 ’et‘
977 762 1190 846 gloriosi
1214 762 1411 815 domini
1438 760 1541 813 mei
1566 759 1671 811 An-

137 855 276 924 gusti
301 853 497 916 Caroli,
546 851 783 920 conjugis
805 860 859 904 et
885 851 1047 918 prolis
1070 849 1187 918 ejus
1236 855 1479 901 teneatur
1509 861 1522 898 :
1550 860 1676 912 qua-

142 945 267 997 liter
285 940 437 1011 juxta
455 943 675 996 verbum
729 941 966 1010 Apostoli
994 940 1325 1008 proregibus
1348 948 1403 991 et
1430 939 1677 989 omnibus

1214 1078 1515 1087 ..ο-’.Ἤρ

1775 763 1884 809 stro
1925 752 2349 808 obsecrationum
2402 750 2482 802 vel
2537 747 2832 802 orationum
2874 746 3072 814 gratias
3112 746 3313 814 jngim-

1779 843 2153 912 persolvanms.
2780 828 2799 849 ⁸

1932 1058 3237 1079 σ--ρ--α--κ--σο-οιι-φσοιΜ
3270 1054 3304 1066 -ι

904 1172 1405 1247 STATUTA
1461 1168 1932 1256 QUIEDAM
2011 1161 2528 1236 BUBRICA.

1463 1316 1620 1378 (Apud
1642 1315 1838 1376 Iiab:ll.,
1864 1313 2002 1373 ibid.)

1555 1444 1890 1455 —.————-—-—

300 1533 413 1599 Qua
436 1544 558 1584 vero
582 1529 855 1597 majestate
878 1543 938 1581 ae
962 1527 1257 1581 reverentia
1288 1525 1461 1577 divina
1486 1523 1679 1575 ibidem

137 1625 315 1681 ofﬁcia
364 1621 774 1680 celebrarentur,
822 1631 917 1669 nos
962 1616 1114 1668 docet
1158 1629 1319 1667 unum
1365 1623 1418 1665 et
1459 1612 1679 1665 alterum

140 1713 431 1783 specimen,
476 1706 616 1774 quod
646 1706 743 1758 hoc
788 1706 904 1758 loco
938 1704 1187 1756 exhibere
1223 1702 1372 1767 juvat
1414 1714 1477 1753 ex
1518 1697 1682 1751 veteri

140 1802 350 1861 codice,
389 1798 514 1851 olim
566 1795 891 1857 Petavianae,
943 1803 1049 1845 tum
1098 1791 1449 1845 serenissima:
1490 1788 1683 1855 regina:

142 1888 369 1948 Sueciai,
396 1899 534 1937 nunc
560 1883 888 1935 bibliothecae
915 1880 1298 1934 Ottobonianai.
1332 1878 1384 1930 In
1417 1891 1480 1929 co
1505 1876 1685 1928 codice

1776 1521 2169 1590 egrederentur.
2218 1522 2282 1574 Et
2320 1522 2488 1588 primo
2532 1521 2740 1587 quidem
2783 1512 2878 1590 per
2900 1532 3104 1589 portam
3149 1527 3317 1580 sancti

1780 1611 2049 1665 Michaelis
2088 1610 2406 1680 procedebat
2449 1612 2493 1666 is
2518 1614 2609 1680 qui
2637 1628 2729 1667 vas
2754 1627 2903 1682 aqua:
2927 1615 3216 1668 benedicta:
3244 1616 3319 1668 fo-

1783 1704 1955 1766 rebat,
1982 1704 2171 1769 deinde
2198 1711 2306 1757 tres
2332 1704 2419 1756 alii
2449 1702 2666 1757 totidem
2707 1705 2970 1781 thuribula
3016 1714 3280 1773 gestantes
3306 1726 3311 1731 ν

1783 1802 1892 1843 tum
1940 1806 2127 1845 cruces
2168 1800 2389 1860 septem,
2417 1806 2548 1859 quas
2591 1792 2908 1858 sequebatur
2948 1808 3105 1861 capsa
3153 1794 3321 1859 major

1784 1880 2012 1934 basilicae
2040 1880 2210 1935 sancti
2234 1879 2544 1940 Salvatoris,
2572 1879 2740 1932 media
2768 1880 2903 1932 inter
2929 1889 3036 1933 tres
3058 1881 3179 1933 hinc
3199 1881 3320 1933 inde

142 1973 482 2043 Angilbcrtus
541 1968 704 2021 abbas
752 1968 1023 2029 01311118558
1073 1966 1303 2028 dicunt“.
1371 1972 1428 2015 ιιι
1488 1963 1540 2014 in
1602 1960 1684 2012 die
1715 1966 2102 2030 B'saccrdotcs,
2151 1969 2240 2036 qui
2284 1970 2515 2022 minores
2554 1984 2741 2035 capsas
2776 1968 3071 2037 gestabant.
3136 1969 3318 2042 Postea

87 2109 93 2114 .
144 2060 483 2115 sanctissimo
508 2057 721 2111 Pascbae
750 2065 803 2109 et
849 2055 900 2107 in
930 2054 1209 2106 Nativitate
1245 2052 1450 2106 Domini
1497 2049 1685 2101 fratres

144 2156 199 2197 et
220 2146 401 2201 exteri
428 2160 610 2197 omnes
633 2144 720 2210 qui
745 2144 798 2195 in
824 2142 1045 2195 ecclesia
1069 2140 1359 2193 Salvatoris
1384 2138 1449 2189 ad
1473 2137 1686 2189 missam

143 2230 548 2293 conveniebant,
580 2230 631 2282 in
658 2230 841 2282 eadem
873 2228 1094 2280 ecclesia
1119 2224 1539 2279 communionem
1570 2239 1687 2289 per-

146 2326 404 2387 ctperent.
444 2317 578 2370 Dum
614 2331 740 2370 vero
769 2316 959 2368 fratres
987 2324 1040 2368 et
1073 2314 1256 2381 reliqui
1291 2312 1470 2366 clerici
1507 2313 1571 2363 ab
1602 2311 1689 2362 illo

148 2410 444 2474 sacerdote,
472 2410 560 2477 qui
592 2409 700 2477 ipsa
729 2409 813 2461 die
840 2408 1055 2462 missam
1086 2414 1370 2468 cantasset,
1403 2404 1690 2458 communi-

148 2500 429 2558 cahantur,
460 2506 520 2549 ut
550 2495 639 2548 alii
669 2497 771 2549 duo
803 2496 1105 2549 sacerdotes
1138 2509 1258 2547 cum
1284 2492 1490 2545 duobus
1518 2492 1691 2544 diaco-

152 2587 236 2638 nis
259 2586 583 2652 totidemque
608 2583 965 2645 subdiaconis,
984 2597 1116 2635 unus
1148 2583 1312 2644 vinos,
1344 2582 1477 2633 alter
1511 2581 1692 2633 mulie-

154 2690 240 2728 res
270 2673 463 2727 ibidem
492 2673 921 2735 communicaret,
949 2681 1006 2723 ut
1027 2671 1198 2724 clerus
1221 2678 1272 2723 et
1291 2670 1514 2738 populus
1538 2670 1692 2723 simul

150 2760 525 2813 communicati
550 2759 989 2822 benedictionem,
1015 2773 1075 2812 ac
1096 2758 1495 2826 completionem
1523 2758 1694 2809 misse

156 2846 313 2899 simul
338 2853 553 2914 possent
581 2847 761 2899 audire
789 2864 800 2897 :
827 2859 930 2913 quo
955 2844 1108 2908 facto,
1139 2845 1240 2898 duo
1269 2845 1342 2897 illi
1371 2847 1689 2905 sacerdotes,

159 2950 293 2987 unus
318 2935 386 2987 ad
412 2948 575 2987 unum
615 2934 829 2999 ostium,
860 2936 998 2988 alter
1042 2935 1108 2987 ad
1136 2935 1381 2997 alterunt,
1408 2947 1597 3003 pueros
1629 2951 1694 2988 ex

154 3023 523 3077 ambulatoriis
557 3037 651 3077 seu
672 3024 960 3092 porticibus
1001 3026 1358 3091 superioribus
1374 3026 1697 3079 descenden-

153 3122 236 3165 tes
272 3111 768 3175 communicabant;
819 3126 883 3165 ac
924 3111 1113 3165 deinde
1157 3120 1379 3181 uterque
1420 3127 1541 3183 cum
1586 3112 1695 3165 suis

153 3198 414 3251 ministris
444 3197 509 3250 ad
550 3207 840 3251 extremum
884 3205 1102 3260 stantes,
1151 3197 1284 3252 forte
1329 3199 1530 3262 altaris,
1573 3214 1694 3266 gra-

1781 2058 2235 2124 subsequebantur
2290 2065 2507 2124 septeno
2552 2058 2746 2124 quique
2796 2071 3014 2110 numero
3072 2057 3275 2109 diaconi
3306 2093 3327 2116 ..

1784 2141 2107 2203 subdiaconi,
2138 2141 2388 2210 acolythi,
2416 2142 2711 2205 cxorcistm,
2740 2141 2964 2196 lectores
2989 2154 3039 2195 et
3081 2144 3317 2204 ostiarii;

1784 2245 1844 2281 ac
1876 2230 2062 2283 deinde
2097 2230 2285 2297 reliqui
2325 2230 2566 2283 monachi
2595 2230 2795 2298 septeni
2821 2239 2872 2282 et
2904 2230 3129 2298 septeni,
3164 2245 3246 2290 ne,
3281 2234 3321 2281 si

1784 2319 2000 2371 hiniovci
2031 2320 2167 2373 terni
2199 2320 2554 2383 incessissent,
2600 2320 2829 2372 milliarii
2870 2322 3094 2387 spatium
3142 2320 3323 2386 imple-

1782 2408 1999 2461 vissent.
2033 2407 2137 2461 Hos
2169 2422 2351 2461 omnes
2379 2408 2499 2462 dein
2551 2411 3003 2476 subsequebantur
3048 2411 3195 2477 pueri
3243 2428 3291 2462 sv

1787 2506 1925 2563 ptem
1956 2511 2074 2550 cum
2120 2496 2336 2549 totidem
2366 2495 2643 2549 llammulis
2671 2510 2762 2550 seu
2801 2498 2968 2559 ta‘dis,
2996 2506 3046 2550 et
3090 2507 3205 2563 post
3235 2514 3322 2548 Cm

1788 2584 1885 2636 viri
1917 2585 2118 2638 nobiles
2159 2585 2359 2651 septeni
2405 2593 2458 2639 et
2501 2584 2722 2652 septeni,
2769 2600 2796 2637 a
2820 2587 3099 2652 praeposito
3124 2598 3203 2637 vet
3240 2588 3281 2636 ιιι
3306 2614 3325 2623 -

1789 2686 1921 2724 cano
1950 2672 2103 2726 electi
2136 2691 2147 2724 :
2177 2674 2368 2740 quibus
2396 2674 2681 2728 nobiliores
2707 2672 2912 2726 femina-
2936 2674 3115 2726 eodem
3144 2674 3328 2726 ordine

1790 2757 2157 2812 succedebant.
2200 2760 2323 2826 Post
2366 2761 2461 2814 hos
2500 2773 2684 2814 omnes
2723 2760 3077 2827 procedebant
3126 2768 3323 2826 septem

1790 2861 1973 2899 cruces
2025 2845 2308 2927 forensium
2368 2847 2737 2909 ecclesiarum,
2792 2861 2922 2913 quas
2977 2847 3329 2912 sequebantur

1791 2935 1938 3000 pueri
1969 2940 2024 2985 et
2054 2933 2237 3001 puellae
2277 2933 2520 2986 cantandi
2546 2934 2742 3000 peritae,
2775 2948 2890 3000 qum
2915 2934 3205 2985 orationem
3233 2934 3330 2984 Do-

1795 3022 2065 3086 minicam,
2097 3021 2412 3088 symbolum,
2459 3021 2665 3088 aliaque
2710 3020 2899 3073 similia
2950 3020 3323 3078 concinebant.

1794 3108 1980 3161 deinde
2000 3109 2413 3163 honorabiliorcs
2433 3110 2529 3161 viri
2551 3124 2611 3162 ac
2632 3108 2837 3160 feminae
2857 3123 2918 3160 ex
2942 3108 3041 3160 illis
3063 3105 3327 3163 ccclesiis;

1795 3205 2032 3249 extremo
2056 3195 2170 3249 loco
2199 3197 2494 3263 promiscua
2520 3196 2671 3248 turba
2708 3194 3033 3247 ini‘trnmrum
3062 3210 3124 3247 ac
3151 3210 3329 3246 senum

150 3286 301 3346 dum,
326 3285 785 3338 communicahant
812 3299 924 3347 eos,
949 3285 1037 3353 qui
1062 3285 1126 3337 ad
1147 3286 1393 3353 priedicta
1416 3285 1528 3339 loca
1557 3300 1698 3338 com-
1723 3272 1767 3333 C
1799 3293 2013 3352 septeno
2045 3285 2146 3337 titu
2172 3284 2350 3337 itidem
2376 3283 2595 3352 pedibus
2624 3283 2973 3336 incedentium
3005 3301 3014 3333 ε
3041 3284 3128 3349 qui
3156 3292 3329 3335 attlt'ltt

153 3374 480 3427 municaturi
526 3388 630 3426 non
674 3372 1051 3437 occurrissent,
1094 3374 1235 3441 quod
1282 3383 1342 3427 ut
1384 3374 1482 3427 rite
1526 3373 1695 3436 ﬁeret,

152 3462 297 3514 idem
346 3460 512 3513 abbas
555 3457 921 3523 ordinaverat,
963 3466 1022 3512 ut
1062 3460 1114 3512 in
1152 3460 1357 3514 duobus
1399 3460 1504 3514 illis
1548 3459 1698 3514 festis

151 3556 389 3615 quatuor
426 3541 748 3610 sacerdotes,
790 3547 1111 3615 totidemque
1145 3548 1352 3601 diaconi
1388 3563 1451 3601 ac
1485 3548 1698 3602 subdia-
1763 3554 1767 3559 ’

152 3633 275 3686 coni
299 3633 560 3686 sacerdoti
581 3633 867 3687 solemnem
892 3632 1102 3686 missam
1125 3634 1409 3688 celebranti
1432 3634 1694 3688 adessent.

157 3722 282 3775 ":CC
310 3722 376 3773 de
396 3721 568 3790 primo
597 3721 723 3773 ritu.

230 3808 384 3859 Alter
410 3815 492 3860 est
518 3808 584 3860 de
612 3805 895 3874 majoribus
920 3807 1136 3872 litaniis,
1163 3808 1231 3862 ad
1250 3822 1381 3877 quas
1416 3808 1703 3863 solemnius

158 3896 434 3948 faciendas
461 3909 647 3951 cruces
685 3904 739 3949 et
776 3897 1142 3964 processiones
1170 3896 1458 3951 vicinarum
1503 3905 1703 3964 septem

155 3982 509 4036 ecclesiarum
534 3981 599 4033 ad
628 3990 868 4036 sanctum
893 3969 1197 4037 Richarium
1240 3982 1524 4039 convenire
1548 3982 1705 4037 debe—

160 4074 314 4124 bant.
366 4068 500 4123 Cum
529 4084 593 4123 eo
619 4066 902 4134 venissent,
932 4084 1115 4125 omnes
1147 4070 1301 4123 simul
1347 4052 1734 4127 consistebant‘

157 4159 227 4212 ad
271 4158 575 4233 paradisum
621 4157 730 4212 sive
784 4159 979 4213 atrium
1019 4157 1255 4212 ecclesiae
1300 4173 1480 4212 coram
1524 4168 1706 4213 sancta

160 4245 476 4306 nativitate,
522 4252 679 4317 atque
725 4246 965 4299 oratione
1012 4244 1179 4308 facta,
1230 4244 1426 4299 ibidem
1469 4246 1710 4300 ordinate

159 4332 547 4400 persistebant,
570 4332 759 4387 divisis
777 4333 900 4386 hinc
936 4333 1058 4386 inde
1086 4333 1214 4386 viris
1253 4346 1284 4385 a
1324 4332 1707 4400 septentrione,

162 4418 382 4472 feminis
423 4434 455 4471 a
500 4416 743 4481 meridie,
786 4419 1173 4486 praestolantes,
1200 4417 1325 4471 dum
1368 4417 1564 4474 fratres
1589 4433 1710 4473 cum

161 4507 370 4573 schola,
419 4507 475 4563 id
520 4516 602 4562 est
638 4508 834 4578 pueris,
880 4508 945 4561 de
993 4507 1216 4565 ecclesia
1265 4508 1435 4562 sancti
1477 4507 1711 4563 Richarii

157 4667 214 4679 β

203 5134 533 5207 Angilftemu
558 5130 715 5183 abbas
748 5128 815 5182 ad
849 5124 951 5182 SS.
980 5122 1279 5177 Ricﬁan'um
1303 5130 1349 5174 et
1374 5120 1605 5190 Elegium
1630 5135 1675 5174 ι,

536 5235 694 5297 (Apud
717 5234 927 5284 Froben.
947 5243 1058 5293 opp.
1079 5229 1134 5278 B.
1157 5229 1386 5288 Alcnini.)

168 5343 426 5398 Servuius
452 5353 580 5395 ecce
607 5346 747 5400 tuus,
785 5331 1061 5388 Richarius
1093 5330 1284 5399 inclyte
1308 5338 1503 5398 pastor,

244 5428 368 5483 Haec
398 5426 496 5481 tibi
523 5422 820 5497 construxit
839 5418 1057 5490 parvula
1087 5424 1244 5481 tecta,
1269 5416 1444 5470 Pater.

239 5592 263 5618 ιι
296 5578 352 5632 In
377 5565 1263 5644 θῶμξοῃρ-Ουβτεριαηξςωὶἳὶνιις
1306 5572 1481 5644 exstat
1502 5578 1705 5644 quoque

166 5630 365 5701 editum
389 5630 765 5710 ‘a’Mabillonio
779 5636 1160 5710 Act._SS._stec.
1187 5630 1489 5710 inparti,
1512 5630 1565 5684 in
1586 5632 1705 5710 vita

168 5716 227 5768 S.
251 5711 669 5776 Angilhertitp.
713 5707 839 5776 101.Δ
891 5704 1225 5776 Angilbertus
1262 5702 1314 5754 in
1355 5706 1467 5776 arte
1503 5702 1705 5776 poetica

169 5754 697 5845 iiii'i‘iszﬁ‘nﬁt,
718 5754 803 5829 ἶιῖ
817 5754 1073 5827 ΐοτὶέἁέξίξ
1090 5754 1369 5840 propterea
1411 5766 1475 5820 ab
1494 5754 1714 5821 Alcuiro

896 4741 907 4752 ’
999 4769 1350 4871 sANCTI
1412 4770 2035 4847 ANGILBEBTI'
2073 4771 2533 4848 CARMINA.

1797 3387 1903 3440 pra:
1925 3372 2227 3426 infirmitate
2245 3387 2346 3425 non
2368 3372 2926 3441 poterant,equitando
2947 3371 3331 3440 subsequeban-

1795 3472 1897 3515 tur.
1924 3459 2016 3514 His
2044 3461 2117 3514 ita
2144 3461 2421 3522 ordinatis,
2448 3461 2825 3529 procedebatur
2847 3476 2940 3528 per
2968 3461 3195 3515 medium
3218 3474 3327 3511 mo-

1797 3547 2033 3610 nasterii,
2058 3547 2177 3600 dein
2202 3561 2297 3615 per
2317 3547 2580 3615 publicam
2616 3549 2776 3609 viam,
2799 3556 2852 3600 et
2885 3561 2978 3614 per
2998 3554 3200 3613 portam
3228 3561 3333 3597 tne-

1798 3634 2078 3699 ridianam,
2103 3649 2310 3687 murum
2333 3634 2585 3704 gyrando,
2605 3637 2998 3689 revertebantur
3019 3651 3111 3703 per
3130 3646 3331 3702 [iuriam

1797 3723 2278 3791 septentrionalem.
2307 3723 2363 3778 in
2390 3724 2472 3778 his
2494 3738 2618 3779 vero
2637 3726 2923 3794 majoribus
2962 3725 3181 3788 litaniis,
3212 3737 3325 3791 post

1800 3812 2133 3879 antiphonas,
2154 3811 2410 3881 psalmos,
2446 3812 2656 3882 aliaque
2685 3812 2738 3866 id
2769 3828 2953 3881 genus,
2988 3813 3337 3875 cantabantur

1801 3900 1902 3952 tria
1940 3898 2200 3968 symbola,
2250 3900 2634 3966 apostolorum,
2680 3900 3332 3967 Constantinopolitanum.

1800 3993 1855 4039 et
1879 3985 2044 4039 sancti
2069 3986 2372 4050 Athanasii;
2400 3986 2586 4041 deinde
2611 3986 2780 4041 oratio
2808 3986 3113 4050 Dominica;
3142 3997 3194 4040 et
3222 3996 3339 4053 post

1803 4074 2038 4127 litaniam
2064 4075 2389 4144 generalem,
2424 4074 2618 4129 fratres
2663 4092 2782 4131 cum
2829 4076 3008 4131 schola
3052 4073 3335 4143 puerorum

1805 4162 2018 4214 litanias
2050 4162 2416 4227 concinebant,
2447 4164 2619 4230 primo
2638 4162 2914 4227 Gallicam,
2940 4164 3169 4216 secundo
3199 4160 3339 4213 ltali-

1805 4264 1943 4313 eam,
1971 4251 2128 4305 tertio
2150 4250 2440 4306 Romanam
2466 4270 2478 4305 :
2525 4253 2714 4320 quibus
2736 4263 3003 4322 postremo
3030 4252 3343 4308 succedebat

1808 4337 2071 4391 canticum
2104 4336 2173 4389 Te
2200 4337 2360 4390 Deum
2408 4337 2704 4402 laudamus,
2756 4347 2812 4393 et
2838 4348 3017 4407 postea
3063 4339 3221 4392 missa
3258 4352 3343 4391 so.-

1809 4424 1998 4480 lemnis
2023 4425 2088 4479 ad
2112 4432 2347 4479 sanetum
2376 4423 2722 4481 Salvatorem.

2988 4665 3287 4674 ._--<—.77-.....-
3300 4664 3327 4674 .-

1741 5019 1785 5076 Ι)
1812 5016 2031 5087 Semper
2073 5017 2291 5072 honoris
2330 5013 2445 5087 [F.,
2489 5012 2740 5084 honores]
2788 5028 2880 5068 ero
2921 5027 3109 5083 magno
3138 5015 3347 5082 pietatis

3074 5116 3274 5162 amore,

2070 5122 2078 5129 -
3074 5116 3138 5152 an

1885 5193 2113 5247 Devotus
2139 5207 2263 5249 vere
2286 5193 2457 5248 cultor
2490 5194 2683 5260 ubique
2709 5192 2783 5244 tui
2813 5188 2939 5258 [Al.,
2974 5100 3138 5254 tuuls].

1812 5282 1886 5335 Tu
1911 5282 2058 5350 prior
2095 5284 2147 5337 in
2174 5283 2429 5353 gremium
2455 5279 2633 5335 mundi
2663 5279 2729 5333 de
2757 5276 3002 5332 fluctibus
3026 5274 3222 5327 almum

1879 5372 2044 5425 Dante
2085 5380 2230 5426 tuum
2255 5369 2468 5425 Christo
2492 5383 2577 5423 me
2604 5368 2854 5423 miserum
2884 5362 3100 5416 tuleras.

1809 5577 1999 5637 nomen
2020 5560 2231 5637 Homeri
2268 5558 2518 5637 meruerit
2546 5572 2558 5607 ε
2588 5556 2747 5625 igitur
2777 5555 2915 5637 nulla
2946 5554 3080 5637 ratio
3119 5555 3344 5637 suppetit

1808 5634 1876 5748 fl)
1903 5645 2061 5698 quam
2080 5630 2178 5685 hoc
2196 5643 2405 5685 carmen
2432 5626 2599 5680 eidem
2616 5623 2732 5681 non
2757 5623 3048 5678 ascribatur
3067 5623 3152 5691 qui
3180 5623 3228 5675 in
3248 5625 3344 5674 illo

1828 5700 2056 5750 onuitur.

1864 5715 2056 5768 quitur.
