4110 6476
909 502 997 552 851

909 606 1128 659 Nutristi
1154 615 1207 659 et
1235 616 1464 661 tenerent
1496 627 1515 647 ιι
1550 625 1700 662 sacro
1726 611 1789 664 dc
1816 611 1951 664 lacte
1973 611 2154 664 salutis

974 695 1046 749 Os
1069 694 1249 765 fragile
1274 698 1550 753 instituens
1571 699 1809 753 cantibus
1837 701 2076 770 egregiis.
2178 690 2181 693 ’

907 782 979 834 Te
1012 792 1326 851 quapropter
1349 800 1468 838 amo
1496 787 1636 850 totis,
1665 786 1821 841 Pater
1850 790 2065 855 optime,
2093 788 2243 842 votis.

975 872 1236 941 Exoptans
1259 882 1319 927 ut
1343 890 1427 929 me
1457 884 1512 928 tu
1533 890 1745 944 quoque
1776 890 1983 944 semper
2009 891 2173 928 ames.

904 956 1102 1012 Perfice
1122 962 1260 1028 quod
1292 962 1355 1015 de
1382 977 1464 1016 me
1487 964 1687 1035 coepisti
1720 971 1891 1015 mente
1913 962 2154 1041 benigna,

971 1044 1141 1112 Atque
1171 1055 1316 1100 tuum
1343 1045 1592 1102 famulum
1621 1049 1780 1103 redde
1810 1058 1900 1102 tuo
1922 1049 2160 1102 Domino.

905 1130 979 1183 Tu
1015 1146 1223 1200 quoque
1256 1134 1506 1187 virtutum
1544 1136 1747 1189 meritis
1782 1135 1929 1199 mihi,
1958 1144 2137 1190 sancte
2172 1145 2418 1189 sacculos

970 1219 1195 1288 Elegius,
1227 1224 1468 1290 precibus
1488 1224 1737 1277 auxiliare
1772 1226 1892 1278 tuis.

906 1308 999 1371 Tu.
1016 1310 1169 1363 modo
1194 1326 1378 1381 magna
1405 1322 1551 1380 potes
1577 1314 1775 1368 caelesti
1810 1316 1861 1367 in
1890 1315 2017 1368 sede
2046 1330 2139 1383 per
2164 1314 2328 1377 illum,

972 1397 1045 1450 Te
1068 1399 1202 1452 bona
1228 1401 1315 1467 qui
1347 1402 1397 1453 in
1426 1402 1578 1455 terris
1604 1403 1825 1470 plurima
1852 1416 2003 1469 posse
2030 1403 2190 1477 dedit.

900 1484 944 1538 Ο
971 1484 1152 1540 Patres
1180 1490 1365 1552 sancti,
1394 1506 1426 1543 ο
1451 1490 1741 1544 clarissima
1769 1491 1962 1546 lumina
1991 1492 2191 1554 mundi,

970 1571 1100 1640 Spes
1125 1576 1246 1628 vita:
1281 1584 1333 1629 et
1361 1578 1542 1636 venire,
1570 1593 1662 1631 vos
1688 1578 1810 1631 mihi
1840 1568 1983 1632 certa
2010 1577 2170 1642 salus,

899 1657 1033 1715 Ante
1052 1662 1214 1730 pedes
1238 1673 1437 1718 vestros
1464 1665 1707 1735 lacrymis
1731 1665 1971 1734 perfusus
1993 1666 2188 1719 amaris

967 1747 1063 1802 Hic
1080 1750 1280 1819 jaeiens
1308 1751 1519 1823 [jaceo],
1551 1753 1672 1805 vitae
1701 1753 1919 1806 crimina
1947 1753 2134 1821 plango
2163 1767 2311 1807 meae.

901 1834 1100 1904 Saepius
1124 1846 1176 1892 et
1199 1838 1395 1895 feriens
1418 1840 1634 1892 nimium
1670 1856 1754 1893 rea
1783 1848 1993 1908 pectora
2021 1841 2227 1910 pugnis,

966 1924 1032 1977 Et
1057 1934 1268 1992 peccata
1300 1927 1386 1996 pio
1417 1928 1666 1981 conﬁteor
1689 1927 1925 1982 Domino.

901 2013 1004 2067 \‘os
1030 2015 1157 2067 mihi
1182 2030 1319 2068 nunc
1345 2016 1538 2081 misero
1567 2017 1718 2071 mites
1743 2024 1910 2070 estote
1937 2017 2152 2071 Patroni
2180 2037 2191 2068 ς

964 2090 1279 2159 Criminibus
1304 2106 1508 2159 veniam
1535 2107 1755 2175 poscite,
1780 2120 1975 2173 quaeso,
2005 2107 2155 2169 meis,

899 2190 1080 2261 Magna
1110 2208 1228 2246 reor
1248 2195 1399 2248 vobis
1424 2204 1586 2248 restat
1617 2197 1749 2257 laus,
1774 2188 1957 2263 gloria,
1983 2207 2185 2248 merces
2211 2214 2223 2245 :

969 2278 1216 2335 Servulus
1244 2290 1302 2335 ut
1325 2290 1501 2335 vester
1528 2283 1580 2335 in
1612 2297 1738 2336 nece
1766 2298 1866 2335 non
1894 2292 2097 2349 pereat,

900 2368 1130 2436 Quisque
1158 2369 1296 2438 legat
1319 2370 1540 2431 titulum,
1571 2370 1731 2432 dicat,
1755 2384 1957 2439 precor,
1988 2369 2320 2438 Augilbcrto;

966 2454 1213 2523 Pauperis
1234 2472 1296 2510 ac
1318 2456 1515 2521 miseri,
1540 2457 1767 2521 Christe,
1797 2466 2059 2511 memento
2088 2459 2186 2519 tui,

899 2542 981 2597 Sit
1003 2544 1275 2598 benedicta
1303 2546 1487 2599 domus
1514 2546 1626 2598 hare
1651 2559 1748 2611 per
1773 2552 1842 2608 te,
1869 2544 2094 2607 Christe,
2118 2557 2412 2610 precamur,

966 2632 1035 2687 Ut
1060 2635 1274 2687 veniant
1298 2634 1464 2687 servis
1486 2633 1579 2687 hic
1598 2634 1840 2686 tuadoua
1866 2634 1988 2685 tuis.

897 2834 1113 2888 Carmen
1154 2838 1447 2907 inscriptum
1470 2839 1670 2907 dsintus
1706 2840 1864 2892 turris
1895 2841 2059 2892 sancti
2088 2837 2331 2890 Richardi
2363 2839 2415 2889 in

1333 2904 1620 2959 Centulemi
1649 2909 1973 2972 monasterio.

895 2990 1529 3073 Omnipotenspominus,
1557 2994 1644 3062 qui
1680 2994 1817 3046 celsa
1850 2993 1933 3047 vel
1963 2994 2069 3046 ima
2100 2996 2378 3063 gubernas,

965 3080 1232 3148 Maiestate
1262 3089 1466 3149 potens,
1495 3096 1722 3150 semper,
1750 3082 1945 3150 ubique
1967 3082 2124 3137 Deus.

899 3167 1116 3234 Respice
1139 3167 1203 3221 de
1234 3168 1387 3231 solio,
1428 3176 1724 3222 sanctorum
1765 3168 1953 3235 gloria,
1980 3183 2203 3229 summo,

966 3257 1331 3325 Auxiliumque
1360 3259 1483 3320 tuis,
1508 3257 1618 3310 Rex
1644 3259 1801 3320 bone,
1829 3258 1895 3311 da
1922 3256 2149 3311 famulis.

898 3344 1223 3411 Principibus
1254 3357 1456 3411 pacem,
1492 3342 1738 3408 subjectis
1766 3344 1898 3397 adde
1924 3343 2145 3397 salutem
2173 3382 2183 3393 .

967 3431 1139 3484 Hostis
1163 3431 1294 3499 pelle
1318 3433 1505 3494 minas,
1526 3416 1587 3484 et
1615 3431 1724 3485 fera
1754 3432 1887 3485 bella
1910 3446 2091 3500 preme
2238 3432 2241 3437 “
2278 3487 2281 3491 ,

898 3516 1020 3569 [hec
1044 3531 1250 3583 quoque
1279 3531 1392 3584 quae
1421 3517 1579 3569 statui
1606 3515 1854 3584 fulgentia
1879 3516 2105 3569 culmina
2135 3517 2311 3584 templi

963 3602 1294 3669 Angilbertus
1318 3618 1436 3671 ego,
1461 3604 1565 3656 sint
1592 3604 1683 3656 tibi
1712 3614 1859 3670 grata
1881 3603 2006 3658 Deo.

899 3689 1130 3755 Augusto
1156 3698 1210 3741 et
1238 3690 1443 3752 Carolo,
1472 3689 1619 3756 cujus
1642 3691 1833 3743 virtute
1858 3692 2056 3759 peregi,

967 3779 1203 3832 Concede
1230 3780 1431 3847 imperii
1457 3780 1643 3849 gaudia
1669 3794 1853 3848 magna
1881 3781 1972 3833 tui.

904 3865 1149 3931 Quisquis
1175 3874 1228 3916 ct
1250 3865 1335 3917 hic
1363 3880 1594 3918 summas
1620 3866 1861 3933 precibus
1885 3866 2170 3934 pulsaverit
2198 3881 2370 3929 aures,

972 3953 1219 4006 Etl‘ectum
1248 3952 1447 4005 tribuas
1468 3966 1674 4019 semper
1701 3953 1895 4006 habere
1920 3953 2074 4006 Deus.

1616 4057 1699 4112 Ill.

1004 4144 1221 4198 Carmen
1247 4146 1301 4198 in
1328 4147 1606 4265 υαυίηιωᾶἓο
1626 4145 1859 4224 ecclesia:
1890 4150 2052 4201 sancti
2073 4148 2316 4203 Richardi

1239 4222 1243 4225 '
1585 4223 1790 4265 victum.

1239 4222 1243 4225 '
1523 4222 1790 4282 depictum.

907 4300 1017 4354 lloc
1038 4309 1391 4368 pavnuentum
1418 4301 1630 4354 bumilis
1657 4302 1820 4354 abbas
1846 4282 2157 4371 componere
2185 4304 2282 4358 feci

976 4376 1305 4454 Angiibertus
1330 4402 1447 4455 ego,
1473 4387 1659 4441 ductus
1680 4401 1857 4441 amore
1880 4389 1969 4442 Dei
1995 4408 2005 4440 ε

913 4474 976 4528 l‘t
1002 4474 1127 4546 milii
1157 4483 1273 4540 post
1298 4476 1495 4527 obitum
1524 4483 1755 4528 sanetam
1784 4476 1977 4530 donare
2002 4478 2226 4544 quietem

974 4562 1224 4629 Dignatur
1246 4561 1506 4623 Christus,
1528 4562 1634 4615 vita
1668 4562 1908 4629 salusque
1944 4578 2077 4615 mea.

1615 4649 1699 4701 IV.

1348 4735 1565 4789 Carmen
1592 4738 1657 4790 ad
1681 4738 1973 4805 Pippinum.
2054 4794 2057 4799 ,

1139 4836 1229 4893 (Ex
1259 4836 1547 4895 Duebesuio,
1563 4836 1734 4895 Script.
1760 4848 1920 4884 rerum
1945 4835 2179 4897 Francia.)

906 4911 1125 4984 Jamque
1156 4916 1281 4970 ades
1300 4916 1553 4984 ilisperiis
1575 4914 1822 4983 Pippinus
1852 4924 2025 4971 rector
2055 4916 2121 4970 ab
2153 4918 2279 4979 oris,

978 5004 1046 5058 Ut
1074 5002 1306 5058 eumulcs
1331 5002 1501 5055 Caroli
1524 5003 1709 5070 gaudia
1743 5016 1928 5069 magna
1953 5004 2136 5071 patris.

910 5094 1037 5146 Nam
1064 5092 1206 5145 velut
1230 5090 1348 5143 Eois
1373 5088 1639 5159 consurgit
1664 5088 1892 5143 Pbmbus
1919 5091 1983 5142 ab
2022 5092 2199 5153 astris,

978 5179 1232 5233 Gentibus
1258 5176 1497 5232 Occiduis
1536 5178 1612 5232 sic
1639 5178 1798 5231 decus
1826 5178 1936 5245 ipse
1962 5178 2115 5231 nites.

909 5271 1218 5335 Exspectate
1247 5267 1335 5320 diu
1362 5265 1545 5321 saltem
1572 5280 1708 5320 nunc
1736 5267 1914 5321 adfore
1941 5268 2164 5336 gaudent

978 5355 1193 5422 Alpibus
1226 5369 1255 5407 e
1288 5354 1469 5422 gelidis
1505 5362 1557 5408 te
1582 5363 1732 5423 pater
1758 5363 1909 5421 atque
1936 5370 2114 5423 genus.

911 5440 1149 5509 Principe
1180 5456 1299 5494 cum
1334 5450 1477 5494 tanto
1505 5442 1665 5510 plebs,
1696 5442 1888 5506 clerus,
1916 5458 2028 5506 ara,
2061 5443 2320 5503 sacerdos,

978 5525 1241 5580 Adventus
1260 5528 1417 5581 vestri
1441 5527 1627 5595 gaudia
1653 5544 1839 5597 magna
1864 5536 2082 5582 metunt.

1656 504 1709 555 S.
1749 503 2147 557 ANGILBERTI
2182 503 2459 557 ABBATIS
2495 505 2952 560 CI'LNTULENSSS
2988 509 3304 561 CARMINA.

2447 615 2490 669 Λ
2520 608 2648 662 Nam
2677 621 2927 678 quantum
2953 616 3129 668 tardas
3147 616 3390 669 studuisti
3418 617 3616 687 tingere
3642 582 3837 675 moras,

2441 3208 2485 3266 C

3934 506 4023 561 852

2588 698 2851 754 Sollicitus
2880 702 3049 769 patrio
3077 703 3235 756 corde
3270 703 3471 757 nitebat
3497 717 3663 755 amor.

2521 787 2746 857 Longius
2771 800 2826 843 ct
2848 800 3098 858 quantum
3124 792 3363 846 diludunt
3385 794 3570 860 gaudia
3596 801 3848 855 mentem,

2586 875 2795 930 Fortius
2829 879 3060 933 absentis
3082 879 3246 947 prolis
3257 880 3447 948 imago
3472 880 3663 949 places.

2520 964 2627 1017 lluc
2654 980 2936 1033 germanus
2973 968 3083 1033 agit
3107 966 3342 1029 Carolus,
3371 969 3653 1036 praesentia
3679 968 3837 1036 patri:

2583 1052 2830 1120 Carpitur
2856 1055 3053 1122 egregii
3087 1040 3263 1108 frat'ris
3289 1070 3467 1108 amore
3492 1056 3592 1108 Sui.

2516 1137 2767 1202 Moratnr,
2795 1156 3082 1211 causasque
3109 1144 3338 1197 morandi
3369 1159 3426 1197 se
3448 1145 3736 1211 perimatur

2582 1226 2809 1281 Callibus
2833 1230 3103 1299 ambiguas
3127 1230 3461 1299 difﬁcilesque
3484 1232 3616 1283 vias.

2514 1314 2747 1382 Suspirie
2773 1328 3013 1387 surgunt,
3039 1320 3329 1387 missosque
3358 1320 3589 1374 incassat
3607 1327 3813 1378 euntes.

2581 1401 2865 1470 Segniticm
2888 1412 3077 1472 putans
3098 1407 3345 1474 quidquid
3361 1407 3543 1459 διώξω
3569 1414 3759 1474 potest.

2513 1489 2676 1553 Quem
2703 1490 3027 1557 Chlozlowib,
3063 1494 3300 1560 quamvis
3331 1495 3513 1547 eodem
3561 1503 3801 1547 teneatur
3841 1508 4027 1551 auum,

2583 1575 2813 1641 Solatur,
2840 1577 3019 1634 fratris
3042 1581 3220 1634 mitius
3246 1589 3359 1634 acta
3387 1581 3577 1633 femus.

2513 1662 2697 1728 Parce,
2724 1666 2911 1733 inquit,
2937 1678 3215 1736 germane,
3237 1661 3338 1720 tuis
3361 1667 3555 1720 desiste
3582 1667 3813 1733 quereri.

2576 1753 2832 1810 Adveniet
2857 1764 3054 1818 noster,
3080 1757 3254 1819 credo,
3287 1756 3478 1809 sodalis
3506 1771 3672 1808 amor.

2513 1838 2746 1906 Namque
2771 1853 2870 1908 ego
2895 1840 3167 1908 prtesentis
3194 1856 3434 1907 caperem
3463 1842 3585 1895 dum
3612 1843 3826 1908 pncmia
3852 1843 4027 1901 noctis.

2451 1912 2489 1967 Β
2581 1927 2809 1981 Adstetit
2833 1928 3028 1997 egregii
3057 1927 3236 1982 fratris
3263 1929 3433 1998 imago
3464 1929 3585 1981 mei.

2514 2015 2697 2083 Meque
2720 2030 2815 2084 per
2841 2016 3111 2084 amplexus
3138 2027 3192 2070 ct
3216 2017 3438 2084 plurima
3465 2016 3652 2084 gaudia
3691 2015 3831 2069 lusit.

2583 2088 2727 2155 Dix‘it
2752 2103 3040 2157 abseedens
3070 2122 3081 2153 :
3112 2103 3373 2173 Prospera
3400 2111 3590 2157 cuncta
3619 2118 3765 2172 gero.

2513 2189 2577 2242 Et
2604 2189 2709 2243 cito
2736 2192 3022 2257 prtecbaris
3056 2191 3323 2243 obtutibus
3347 2190 3528 2243 adfore
3551 2191 3742 2244 vestris

2580 2277 2659 2332 Me
2687 2279 2841 2341 scito,
2867 2286 2925 2331 et
2942 2276 3129 2331 Carolo
3153 2278 3265 2331 haec
3292 2276 3429 2330 refer
3457 2288 3575 2330 acta
3602 2292 3743 2329 meo.

2511 2364 2642 2417 Nam
2670 2380 2771 2417 non
2798 2364 3125 2431 complentur
3150 2364 3438 2417 crescentis
3462 2377 3660 2416 cornua
3685 2363 3821 2416 lunae

2579 2452 2745 2517 Quam
2776 2454 2875 2507 sibi
2909 2462 2961 2506 te
2984 2453 3127 2507 socio
3151 2453 3328 2507 oscula
3357 2452 3460 2506 lida
3485 2453 3639 2507 dabo.

2510 2541 2625 2594 lam
2655 2543 2884 2595 donante
2906 2542 3015 2597 Deo
3042 2557 3147 2597 non
3174 2542 3378 2596 somnia
3414 2542 3683 2596 cernimus
3715 2543 3872 2606 ultro,

2579 2629 2759 2682 Somni
2787 2631 2880 2683 sed
2903 2629 3105 2683 fructus
3127 2630 3465 2699 Angilbertus
3493 2645 3608 2698 ego.
3677 2628 3690 2649 '

2510 2715 2641 2769 Nam
2669 2724 2721 2768 te
2750 2716 3049 2786 Lingonicis
3073 2715 3361 2785 amplector
3384 2718 3552 2771 victor
3579 2719 3632 2770 in
3656 2719 3800 2772 arvis

2583 2805 2678 2859 Vix
2703 2820 2890 2873 passus
2916 2805 3092 2859 verbis
3118 2807 3342 2860 miscere
3365 2807 3526 2861 verba
3555 2806 3678 2874 piis.

2513 2893 2587 2947 Te
2611 2894 2815 2961 patrius
2840 2894 3067 2947 vexabat
3094 2908 3263 2957 amor,
3290 2908 3375 2947 me
3401 2901 3568 2948 torret
3591 2901 3837 2963 uterque,

2577 2981 2746 3049 ipsius
2771 2981 3031 3045 assiduus,
3064 2995 3203 3035 nunc
3236 2989 3355 3035 tuus
3382 2980 3519 3035 altus
3547 2995 3714 3035 amor.

2510 3071 2821 3135 Exspectate
2844 3069 2950 3130 diu,
2983 3070 3209 3137 spatium
3237 3069 3303 3122 da
3327 3081 3505 3136 quaso
3531 3070 3795 3136 precanti,

2584 3155 2653 3210 Ut
2673 3157 2855 3223 paucis
2880 3155 3057 3209 verbis
3080 3155 3305 3223 plurima
3328 3154 3493 3209 verba
3518 3155 3676 3210 feres.

2516 3246 2601 3299 Sis
2623 3245 2767 3310 felix,
2795 3245 2978 3299 solitus
3003 3253 3238 3298 nostrum
3266 3259 3521 3299 renovare
3545 3246 3802 3299 dolorem.

2582 3333 2714 3385 Nam
2742 3333 2847 3385 cito
2873 3333 3146 3385 discedens
3169 3332 3378 3386 vulnera
3404 3344 3584 3386 nostra
3611 3348 3797 3388 novas.

2416 3464 2419 3467 .
2515 3421 2594 3473 Sit
2623 3428 2791 3473 tecum
2820 3419 2908 3487 qui
2935 3429 3119 3473 cuncta
3151 3420 3282 3487 regit
3307 3421 3555 3488 pnncelsa
3587 3421 3669 3474 vel
3706 3421 3831 3482 ima,

2581 3510 2749 3563 Ducat
2772 3509 3082 3563 incolumem
3110 3523 3202 3578 per
3226 3510 3379 3573 vada,
3403 3525 3601 3578 perque
3621 3513 3783 3564 viam.

2514 3600 2582 3653 Ut
2611 3608 2660 3652 te
2685 3599 2934 3667 suscipiat
2958 3599 3188 3667 gremius
3214 3599 3508 3652 venerande
3536 3599 3796 3666 parentis,

2582 3687 2781 3740 Christi
2807 3686 3052 3740 defensus
3080 3688 3305 3755 tegmine
3331 3702 3490 3741 sanus
3514 3704 3625 3740 cas.

2515 3777 2571 3831 Si
2596 3792 2690 3830 vos
2715 3776 3023 3844 conjunctos
3051 3774 3285 3830 defensio
3312 3776 3430 3828 diva
3458 3790 3552 3844 per
3577 3791 3745 3829 annos
3768 3822 3771 3825 λ

2578 3866 2828 3933 Protegat
2859 3881 2890 3917 a
2924 3865 3127 3918 cunctis
3154 3879 3367 3918 munere
3392 3874 3566 3918 macte
3594 3865 3767 3918 malis.

2515 3956 2559 4007 Ο
2594 3969 2690 4007 cur
2716 3968 2819 4006 non
2845 3954 3012 4008 merui
3039 3952 3177 4022 tegis
3203 3961 3326 4007 tunc
3348 3969 3566 4008 cernere
3592 3954 3788 4017 vultus,

2583 4041 2715 4094 Cum
2739 4049 2791 4094 te
2819 4040 3168 4108 complectens
3195 4041 3373 4094 oscula
3400 4056 3532 4108 pura
3560 4041 3730 4093 daret.

2516 4129 2646 4181 Cum
2670 4127 2888 4180 Carolus
2912 4128 3098 4181 sitiens
3135 4136 3189 4181 et
3209 4126 3483 4181 Cbludwib
3512 4128 3702 4180 anxius
3731 4129 3890 4182 heros

2584 4215 2876 4287 Ancipitem
2906 4215 3066 4268 risum
3096 4215 3183 4269 vix
3212 4214 3310 4268 sibi
3336 4216 3495 4269 corda
3520 4224 3720 4284 tegunt.

2516 4301 2653 4366 Quid
2680 4300 3063 4355 Cbrodthrudis
3095 4309 3237 4371 agat,
3274 4301 3397 4368 quid
3426 4301 3583 4355 Berta
3606 4308 3662 4356 ct
3686 4301 3831 4372 regia
3858 4302 3951 4355 fari

2587 4391 2909 4458 Exspectans
2930 4390 3139 4457 poterit,
3168 4390 3354 4458 gaudia
3384 4398 3530 4443 tanta
3557 4386 3773 4445 fereuS?

2446 4497 2494 4555 υ
2518 4478 2651 4542 Quid
2695 4478 2787 4532 Gis
2814 4477 2926 4547 [F.,
2961 4477 3129 4557 Gisia]
3152 4486 3205 4529 et
3232 4477 3502 4531 Teodrada
3540 4478 3696 4532 simul
3737 4494 3855 4532 cum
3899 4478 4029 4546 prole

2620 4594 2625 4599 ·
3621 4563 3934 4635 [retractant
3954 4604 3966 4624 ,

2585 4654 2785 4708 Castora
2807 4652 2971 4720 regali
2996 4666 3125 4719 quas
3150 4661 3269 4705 tuus
3287 4654 3395 4720 agit
3414 4667 3582 4706 amor.

2517 4742 2652 4808 Quid
2670 4741 2814 4795 Gisla
2831 4741 3028 4810 egregii
3050 4755 3238 4809 sponsa
3260 4740 3585 4807 pracpulcbra
3611 4740 3867 4793 Tonantis

2586 4820 3042 4894 Quid'Luitgardis
3067 4841 3229 4879 ovans
3256 4825 3417 4893 Regis
3443 4841 3623 4883 amore
3643 4825 3772 4879 luat.

2520 4917 2654 4982 Quid
2690 4915 3015 4969 Hildibaldus
3053 4915 3353 4984 praecellens
3390 4915 3574 4968 ordine
3608 4916 3746 4969 vatis
3768 4955 3784 4980 ,

2586 5005 2785 5070 Quidve
2810 5004 2985 5066 duces,
3013 5003 3247 5063 comites,
3275 5002 3399 5069 quid
3427 5016 3574 5070 puer,
3601 5010 3762 5072 atque
3785 5016 3950 5058 senes.

2520 5094 2747 5144 Cunctos
2765 5090 2900 5143 altus
2918 5103 3066 5142 amor
3090 5089 3311 5143 sacratis
3334 5088 3533 5156 legibus
3554 5080 3697 5153 urit,

2590 5178 2829 5231 Vultibus
2855 5184 2908 5229 ct
2932 5176 3121 5230 vestris
3145 5175 3342 5229 lumina
3371 5176 3474 5229 lixa
3514 5182 3714 5229 tenent.

2523 5267 2642 5319 ll;ec
2666 5272 2909 5318 maneant
2933 5264 3065 5331 patri
3086 5271 3139 5316 ct
3163 5263 3423 5330 germanis
3446 5262 3637 5330 gaudia
3662 5263 3810 5329 pacis
3826 5301 3841 5326 ,

2595 5353 2715 5405 liter,
2743 5362 2984 5403 nninram
3008 5350 3224 5403 Francis
3251 5346 3381 5402 festa
3411 5350 3565 5402 beata
3591 5349 3766 5403 bonis.

2529 5444 2635 5495 lloc
2667 5442 2837 5493 firmet
2860 5430 3096 5494 Christus
3121 5453 3336 5507 regnmn
3363 5438 3655 5493 dominator
3675 5440 3743 5492 ab
3763 5433 3945 5498 astris.

2599 5530 2664 5582 l‘t
2688 5530 2859 5597 vigeat
2883 5528 3045 5597 prolis
3069 5526 3258 5594 polleat
3283 5526 3392 5595 ipse
3425 5535 3593 5595 pater.

985 5671 1006 5696 α
1048 5658 1309 5710 Teucrum.
1376 5659 1520 5724 Quod
1560 5676 1660 5712 non
1706 5661 2088 5725 intelligendum
2129 5671 2205 5713 est
2248 5663 2420 5713 habita
2526 5661 2771 5714 doctrinae
2808 5659 3035 5727 cmlcstis
3069 5659 3322 5727 principio
3359 5659 3577 5712 fovenda
3615 5668 3715 5722 est,
3753 5636 3826 5712 υἷί
3856 5656 4026 5712 Paulus

922 5727 1050 5778 ratio
1087 5727 1284 5790 atatis,
1323 5728 1413 5780 sed
1454 5728 1568 5781 vitae
1608 5728 1919 5796 spirituaiis,
1957 5745 2069 5796 qum
2112 5740 2258 5781 Sarro
2302 5730 2429 5782 luClC

1304 5804 1315 5826 ι

2528 5728 2808 5783 Corinthiis
2847 5726 3088 5793 loquitur.
3132 5726 3262 5781 Man}
