4110 6494
793 450 896 507 855

795 642 946 710 cujus
983 642 1207 697 eruditio
1238 642 1305 696 ad
1337 642 1598 697 sermonis
1640 642 1719 694 sui
1760 642 2081 694 consortium
2116 647 2334 691 cunctos

796 729 1082 784 clementer
1116 729 1322 793 invitat,
1369 727 1556 795 injuste
1598 727 1795 781 nullum
1839 728 2087 780 deterret.
2136 726 2334 777 Vestrm

796 831 924 888 ergo
946 816 1382 872 constantissimae
1408 815 1673 868 modestia:
1711 814 1830 866 freti
1865 813 2061 872 favore,
2089 812 2140 863 in
2172 826 2335 877 quan-

799 917 909 961 tum
950 907 1211 975 attingere
1246 905 1313 958 de
1354 905 1436 958 his
1473 903 1629 956 rebus
1654 915 1961 969 possumus;
2000 899 2121 951 licet
2146 912 2331 965 parum

798 998 951 1066 digne
968 995 1231 1064 possimus
1248 993 1454 1055 dicere;
1475 991 1784 1059 exponimus
1804 1005 1908 1057 quo
1926 990 1940 1039 l
1962 988 2111 1041 nobis
2128 989 2331 1055 jussum

796 1087 959 1153 fuisse
983 1100 1013 1140 a
1039 1086 1189 1139 vobis
1210 1083 1554 1143 advertimus,
1583 1081 1807 1153 maxime
1831 1079 2007 1131 verbis
2031 1086 2335 1129 sanctorum

796 1152 1012 1229 Patrum
1037 1189 1101 1228 ex
1130 1172 1353 1226 diversis
1379 1152 1645 1240 Opusculis
1669 1163 1906 1234 sumptis.
1937 1167 2004 1219 Et
2028 1166 2334 1234 priusquam

798 1262 866 1314 ad
894 1270 1085 1314 caetera
1109 1260 1398 1321 veniamus,
1421 1258 1547 1311 libet
1572 1272 1733 1326 pauca
1762 1258 1824 1309 de
1847 1256 1931 1308 his
1958 1269 2073 1322 qua:
2099 1255 2165 1306 ab
2184 1269 2335 1305 exor-

797 1348 885 1401 dio
909 1346 1088 1400 mundi
1123 1347 1188 1400 ad
1216 1346 1501 1414 potentiam
1539 1344 1780 1409 baptismi
1820 1343 2132 1410 pertinentia
2167 1340 2337 1408 priefi-

797 1443 977 1503 gurata
1006 1442 1157 1497 sunt,
1186 1447 1382 1502 ponere
1402 1472 1416 1496 ,
1446 1440 1498 1485 et
1526 1432 1817 1484 nativitatis
1844 1433 2110 1492 secundm,
2146 1431 2249 1481 imo
2285 1430 2335 1481 in

797 1522 1006 1576 ChriSto
1032 1523 1236 1590 primae,
1263 1522 1499 1590 digerere
1534 1529 1884 1583 sacramenta,
1913 1534 1974 1573 ac
2005 1520 2251 1585 deinceps
2274 1518 2339 1570 de

796 1610 1005 1661 caneris
1053 1610 1212 1662 rebus
1258 1616 1486 1661 tractare
1533 1622 1548 1659 :
1596 1608 1821 1659 maxime
1863 1606 1987 1672 quia
2034 1606 2208 1657 dicitis
2248 1620 2339 1658 vos

796 1697 932 1752 velle
972 1713 1288 1767 cognoscere
1329 1697 1556 1766 qualiter
1595 1697 1875 1750 doceamus
1919 1701 1971 1746 et
2014 1695 2338 1747 instruamus

799 1786 1001 1854 plebem
1028 1797 1082 1840 et
1107 1786 1427 1840 sacerdotes.
2156 1780 2159 1784 ‘

1303 1872 1524 1939 CAPUT
1558 1871 1837 1927 PRIMUM.

1035 1960 1109 2013 De
1135 1960 1593 2029 signiﬁcationibus
1615 1961 1750 2012 sacri
1780 1946 2113 2027 baptismatis.

873 2046 1034 2113 Igitur
1076 2046 1221 2100 rudis
1258 2045 1484 2099 mundus
1504 2086 1518 2109 ,
1548 2046 1767 2101 necdum
1798 2044 1907 2100 Sole
1936 2047 2212 2105 rutilante,
2250 2060 2345 2096 nec

802 2134 1033 2202 pallente
1061 2134 1213 2198 luna,
1248 2146 1346 2186 nec
1383 2134 1538 2186 astris
1570 2134 1914 2196 micantibus,
1948 2130 2373 2200 ineompositam'

803 2228 859 2274 et
882 2219 1192 2272 invisibilem
1228 2218 1501 2286 materiam
1530 2220 1835 2287 abyssorum
1873 2218 2264 2285 magnitudine,
2296 2225 2349 2293 et

806 2304 1133 2358 deformibus
1161 2304 1392 2358 tenebris
1427 2306 1770 2381 opprimebat.
1806 2306 1958 2359 Solus
1999 2306 2219 2373 Spiritus
2258 2305 2349 2356 Dei
2394 2338 2399 2343 ι

807 2394 861 2447 in
888 2395 1084 2463 aurigas
1121 2393 1332 2448 modum
1358 2411 1511 2463 super
1537 2412 1696 2464 aquas
1725 2396 2002 2462 ferebatur,
2042 2404 2096 2447 ct
2133 2408 2353 2446 nasccn-

808 2492 917 2535 tem
953 2483 1203 2537 mundum
1233 2483 1284 2536 in
1331 2482 1497 2552 ﬁgura
1541 2484 1786 2551 baptismi
1832 2484 2177 2550 parturiebat.
2216 2484 2353 2535 Inter

810 2569 1003 2625 ctelum
1027 2577 1084 2624 et
1118 2578 1311 2623 terram
1350 2570 1582 2623 medium
1619 2572 1908 2625 exstruitur
1944 2571 2349 2631 firmamentum,

808 2661 866 2708 et
888 2654 1039 2723 juxta
1080 2654 1324 2709 Hebraici
1350 2656 1610 2708 sermonis
1636 2656 2023 2726 etymologiam,
2056 2657 2270 2719 cmlum,
2305 2657 2357 2709 id

810 2749 896 2796 est
933 2738 1190 2804 Samaim,
1222 2757 1287 2795 ex
1333 2744 1483 2812 aquis
1520 2744 1737 2798 sortitur
1766 2743 2094 2806 vocabulum,
2123 2752 2174 2796 et
2210 2759 2357 2811 aqua:

811 2843 929 2897 qua:
949 2844 1103 2899 super
1126 2829 1276 2883 catos
1312 2840 1431 2884 sunt
1465 2831 1518 2884 in
1563 2831 1745 2885 laudes
1784 2832 1993 2884 Domini
2028 2839 2354 2899 separantur.

812 2918 964 2974 Unde
989 2927 1038 2972 c'
1064 2919 1119 2971 in
1148 2918 1390 2973 Ezechiel
1411 2919 1714 2987 crystallum
1743 2933 1901 2987 super
1919 2919 2192 2973 cherubim
2220 2918 2360 2972 vidc-

813 3013 903 3060 tur
928 3014 1238 3070 extensum,
1274 3007 1325 3060 id
1361 3016 1443 3061 est
1478 3016 1763 3075 compacta:
1802 3016 1855 3061 et
1885 3009 2155 3063 densiores
2191 3023 2356 3075 aqua}.

813 3096 1061 3150 Primum
1079 3096 1144 3149 de
1176 3095 1332 3163 aquis
1360 3095 1501 3163 quod
1531 3093 1687 3149 vivat’
1706 3097 1991 3163 egreditur,
2020 3105 2074 3150 et
2107 3104 2363 3164 peunatos

1796 448 2108 500 LFJDRADI
2149 445 2276 497 LL'G
2288 441 2616 495 DL'NENSIS
2654 441 2947 495 EPISCOPI

3440 0 4110 179 mil—'1

3878 434 3991 494 856

793 565 854 610 ut
881 557 1050 624 magis
1076 557 1296 624 quisque
1314 569 1379 607 ex
1400 570 1461 607 ea
1486 554 1754 607 erudiatur
1771 567 1927 619 quam
1947 549 2323 605 confundatur;
2360 548 2404 603 Δ
2430 547 2695 607 habentes,
2723 558 2768 598 et
2793 547 2981 599 sterilis
3010 561 3111 597 non
3131 555 3202 598 est
3238 547 3289 598 in
3316 547 3407 597 eis.
3445 545 3674 599 Mieheas
3710 548 3775 598 de
3802 550 3989 614 gratia

2436 637 2677 706 laptismi
2724 633 3041 689 vaticinatur
3086 654 3098 686 :
3145 636 3469 689 Miserebitur
3504 637 3690 697 nostri,
3723 636 3991 706 demerget

2432 698 2720 791 iniquitates
2747 734 2961 776 .nostras
2982 764 2996 787 ,
3034 732 3084 776 et
3124 724 3355 791 projiciet
3388 723 3442 777 in
3476 724 3789 792 profundum
3821 698 3995 778 sna-ris

2433 810 2604 860 omnia
2629 820 2834 877 peccata
2861 820 3034 863 nostra
3074 810 3253 877 (Misit.
3289 825 3393 872 vit,
3443 812 3546 880 19).
3579 812 3827 867 Ezechiel
3866 814 3987 866 ait:

2436 896 2633 949 Tollam
2662 915 2743 951 ros
2779 900 2961 967 quippe
2997 900 3060 951 de
3088 900 3348 967 gentibus,
3378 909 3424 952 et
3453 902 3768 970 congregabo
3802 918 3899 955 ros
3927 897 3995 953 de

2433 989 2679 1039 universis
2717 990 2890 1049 terris,
2925 999 2971 1041 et
3014 990 3272 1057 c/fundam
3314 1007 3465 1058 super
3498 1009 3580 1044 vos
3617 1009 3805 1060 aquam
3838 1010 3967 1045 mun

2432 1072 2573 1132 dum,
2603 1084 2651 1125 et
2673 1076 3045 1128 mundabimini
3071 1077 3132 1129 ab
3161 1077 3392 1129 omnibus
3426 1078 3779 1146 iniquitatibus
3805 1082 3997 1132 vestris

2435 1158 2646 1228 (Ezecli.
2688 1178 2866 1226 xxxvi,
2896 1162 2964 1215 24
2983 1202 2997 1224 ,
3023 1162 3132 1231 ‘25).
3163 1162 3277 1230 ipse
3308 1162 3550 1216 Salvator
3574 1172 3694 1231 post
3721 1164 3996 1231 baptisma

2434 1258 2487 1300 et
2513 1251 2866 1304 sanctificatas
2893 1264 2991 1304 suo
3017 1251 3229 1304 lavacro
3253 1266 3419 1319 aquas
3444 1236 3690 1306 Iordanis
3706 1291 3721 1315 ,
3751 1253 3997 1321 primum

2435 1339 2641 1405 signum
2668 1353 2732 1389 ex
2758 1339 2911 1405 aquis
2942 1336 3097 1403 facit;
3126 1347 3180 1391 et
3205 1340 3294 1406 qui
3333 1338 3402 1392 ab
3429 1339 3583 1408 aquis
3607 1351 3844 1406 corpch
3877 1340 4000 1393 fini-

2439 1424 2511 1474 vit
2539 1425 2589 1475 in
2616 1424 2784 1489 aquis.
2808 1423 2970 1477 Latus
2995 1426 3290 1492 percutitur
3314 1425 3519 1488 lancea,
3544 1436 3599 1479 et
3620 1426 3877 1494 baptismi
3906 1444 4003 1495 pa-

2439 1510 2567 1562 riter
2579 1518 2737 1578 atque
2753 1510 2991 1580 martyrii
3012 1521 3341 1566 sacramenta
3356 1512 3664 1567 funduntur.
3678 1515 3801 1569 Post
3821 1531 4003 1569 resur-

2440 1598 2724 1651 rectionem
2755 1614 2904 1652 suam
2926 1599 3089 1653 mittit
3106 1599 3389 1670 discipulos
3416 1603 3467 1655 in
3494 1582 3747 1657 ninndum
3774 1606 4003 1657 univcr-

2438 1700 2574 1748 sum,
2609 1695 2661 1739 et
2688 1687 2815 1740 dicit
2836 1688 2915 1741 eis
2947 1702 2960 1739 :
2988 1687 3088 1753 Ite,
3110 1674 3283 1742 docete
3312 1706 3483 1744 omnes
3510 1702 3696 1760 gentes,
3724 1692 4001 1760 baptizan-

2440 1784 2511 1828 tes
2531 1792 2613 1827 eos
2639 1778 2691 1827 in
2720 1778 2922 1829 nomine
2944 1774 3141 1839 Patris,
3163 1787 3209 1830 et
3233 1777 3379 1841 Filii,
3403 1789 3449 1831 et
3472 1779 3696 1847 Spiritus
3718 1781 3910 1832 sancti.
3936 1782 4005 1833 Et

2376 1852 2418 1908 Β
2448 1864 2635 1947 iterum
2682 1878 2695 1913 :
2740 1862 2840 1926 Qui
2874 1865 3145 1918 crediderit
3184 1875 3233 1918 et
3276 1866 3562 1935 baptizatus
3600 1865 3786 1931 fuerit,
3823 1866 4006 1919 saltus

2444 1954 2557 2003 erit.
2585 1947 2591 1960 “
2664 1952 2683 2003 ἶ

2514 2041 2591 2094 Ex
2627 2041 2715 2097 illo
2748 2057 2874 2111 ergo
2905 2054 3139 2113 tempore
3167 2053 3439 2112 cmperunt
3469 2043 3690 2113 apostoli
3721 2044 3921 2097 docere
3951 2051 4007 2095 ct

2445 2129 2748 2197 baptizare;
2771 2138 2953 2202 gentes
2984 2142 3158 2185 autem
3197 2133 3412 2186 credere
3448 2140 3502 2186 et
3535 2131 3812 2202 baptizari.
3863 2132 4004 2198 Erga

2445 2217 2535 2284 qui
2556 2200 2904 2285 baptizandus
2927 2227 3040 2282 est,
3070 2220 3217 2287 prius
3259 2219 3478 2273 docetur
3504 2226 3562 2273 ut
3601 2200 3805 2282 credat,
3841 2220 3894 2271 id
3923 2227 4004 2270 est

2449 2307 2738 2357 instruatur
2766 2304 2867 2357 fide
2897 2319 2911 2358 :
2940 2305 3040 2359 hoc
3061 2313 3143 2359 est
3165 2306 3306 2358 enim
3327 2305 3762 2358 catechumcnum
3786 2319 3927 2364 esse,
3952 2305 4003 2357 id

2449 2398 2532 2444 est
2579 2390 2913 2445 instructum.
2955 2384 3297 2447 Catechi'zare
3341 2400 3423 2445 est
3457 2392 3739 2447 instruere.
3779 2391 3875 2446 Sic
3912 2392 4002 2445 filii

2450 2476 2610 2530 Israel
2639 2486 2919 2547 antequam
2942 2480 3009 2533 ad
3034 2492 3182 2532 mare
3204 2479 3440 2532 Rubrum
3463 2464 3726 2544 venirent,
3757 2480 4003 2533 instructi

2452 2573 2575 2618 sunt
2603 2580 2633 2617 a
2661 2564 2836 2633 Moyse
2868 2564 2934 2618 de
2960 2565 3079 2633 agni
3115 2565 3470 2620 immolatione
3496 2573 3550 2618 et
3585 2563 3698 2632 ejus
3727 2566 4001 2633 sanguine.

2458 2652 2604 2705 Unde
2629 2660 2712 2705 est
2737 2659 2795 2704 ut
2821 2652 2865 2704 is
2884 2691 2899 2713 ,
2924 2652 3006 2704 cui
3034 2665 3127 2719 per
3152 2652 3508 2716 sacerdotem,
3538 2653 3688 2720 quasi
3723 2667 3820 2720 per
3864 2651 4005 2721 Moy-

2456 2754 2587 2803 sem,
2628 2740 2765 2793 Deus
2794 2740 3021 2808 primum
3064 2740 3312 2808 loquitur,
3360 2741 3800 2807 catechumenus,
3838 2743 3893 2796 id
3927 2753 4004 2796 est

2458 2829 2696 2892 audiens,
2732 2830 3049 2883 nominetur.
3080 2829 3212 2882 Nam
3239 2831 3674 2884 catechumenum
3692 2871 3706 2893 ,
3729 2838 3785 2884 et
3809 2832 4004 2886 instru-

2457 2926 2599 2971 ctum
2620 2902 2674 2972 et
2701 2918 2999 2973 audientem
3024 2917 3204 2972 dicunt
3232 2918 3589 2991 interpretari.
3622 2919 4008 2975 Exorcizantur

2458 3006 2713 3073 primum,
2742 3006 2933 3058 deinde
2958 3005 3120 3059 salem
3146 3006 3411 3074 accipiunt
3440 2988 3496 3060 et
3528 3005 3815 3076 unguntur.
3846 3008 4007 3061 Exor-

2463 3095 2636 3147 cizarc
2674 3092 2857 3149 Grmce
2880 3094 3094 3158 dicitur,
3121 3094 3306 3148 Latine
3334 3102 3507 3149 autem
3544 3094 3793 3164 adjuvare
3820 3097 3902 3150 vel
3932 3098 4007 3150 in-

816 3181 999 3236 fideles
1022 3181 1087 3236 de
1110 3189 1253 3236 terra
1280 3181 1347 3234 ad
1372 3182 1563 3236 canum
1589 3182 1745 3235 levat.
1772 3182 2083 3237 Fabricatur
2108 3163 2285 3247 homo,
2309 3193 2364 3237 et
2389 3163 2435 3223 ε
2463 3197 2699 3249 crepare.
2738 3182 2841 3246 Per
2871 3190 3143 3249 peccatum
3173 3183 3321 3236 enim
3348 3182 3401 3236 in
3430 3183 3603 3250 primo
3638 3183 3855 3239 homine
3878 3184 4006 3255 lapsi

817 3270 957 3322 inter
1000 3282 1189 3322 manus
1242 3268 1336 3322 Dei
1383 3284 1639 3337 aquarum
1689 3279 2018 3324 sacramenta
2064 3281 2360 3325 versantur.

818 3357 1094 3410 Plantatur
1122 3358 1399 3426 paradisus
1445 3359 1498 3412 in
1536 3358 1681 3412 Eden
1701 3398 1717 3423 ,
1757 3367 1810 3413 et
1839 3375 1972 3414 unus
2005 3360 2122 3414 fons
2160 3362 2212 3413 in
2237 3376 2363 3428 qua-

823 3455 945 3499 tuor
974 3434 1227 3515 principia
1254 3446 1531 3512 dividitur,
1558 3449 1647 3517 qui
1685 3450 1868 3517 postea
1894 3450 2181 3504 secundum
2210 3450 2364 3504 visio-

821 3538 944 3584 nem
990 3531 1282 3587 Ezechielis
1328 3536 1599 3603 prophetas
1636 3538 1911 3606 egrediens
1954 3538 2019 3592 de
2065 3539 2277 3606 templo,
2313 3547 2366 3590 et

825 3628 1011 3673 contra
1041 3621 1166 3675 solis
1193 3630 1368 3675 ortum
1398 3623 1629 3687 vadens,
1660 3640 1872 3679 amaras
1903 3642 2066 3694 aquas
2106 3636 2368 3681 mortuas-

827 3724 930 3778 que
956 3710 1202 3765 vivificat.
1232 3710 1425 3767 Peccat
1447 3714 1703 3778 mundus,
1734 3722 1786 3768 et
1812 3717 1923 3770 sine
1950 3731 2203 3784 aquarum
2234 3716 2367 3769 dilu-

830 3799 917 3852 vio
941 3814 1041 3852 non
1069 3808 1320 3869 purgatur
1343 3818 1357 3853 :
1382 3802 1663 3869 statimque
1681 3803 1922 3857 columba
1948 3803 2175 3871 Spiritus
2199 3805 2368 3858 sancti

827 3888 1048 3956 expulso
1072 3887 1195 3941 alite
1233 3891 1530 3953 teterrimo,
1557 3891 1628 3942 ita
1657 3891 1720 3942 ad
1752 3890 1889 3955 Noe,
1922 3893 2070 3958 quasi
2114 3894 2178 3945 ad
2214 3893 2370 3946 Chri-

831 3986 971 4033 stum
1002 3979 1053 4032 in
1079 3977 1359 4032 Jordanem
1386 3978 1610 4043 devolat,
1634 3986 1687 4033 et
1705 3995 1854 4033 ramo
1878 3979 2178 4035 refectionis
2206 3995 2267 4035 ac
2294 3980 2372 4032 lu-

832 4067 992 4120 minis
1018 4081 1200 4134 pacem
1225 4067 1368 4121 orbis
1396 4066 1690 4121 annuntiat.
1735 4068 1941 4124 Pharao
1979 4086 2097 4124 cum
2132 4071 2370 4125 exercitu

829 4166 928 4206 suo
949 4151 1140 4205 nolens
1156 4152 1401 4220 pepulum
1429 4153 1638 4209 Domini
1655 4155 1801 4208 exire
1823 4156 1885 4209 de
1908 4148 2153 4227 Egypto,
2177 4159 2373 4229 intypo

832 4239 1167 4307 baptismatis
1189 4238 1501 4310 suffocatur;
1530 4247 1583 4295 et
1602 4240 1654 4293 in
1674 4241 1891 4308 psalmis
1918 4243 1982 4296 de
2010 4244 2373 4299 interiectione

830 4327 973 4381 illius
1002 4318 1250 4381 scribitur
1279 4343 1293 4380 :
1326 4327 1401 4381 Tu
1431 4329 1746 4397 conﬁrmasti
1779 4331 1832 4382 in
1871 4332 2052 4385 virtute
2088 4341 2178 4384 tua
2211 4348 2371 4395 mare,

831 4416 1113 4468 contrivisti
1135 4414 1609 4485 capitadraconum
1625 4418 1678 4470 in
1696 4420 1842 4486 aquis
1860 4417 2026 4486 (Psal.
2055 4435 2239 4483 uxr",
2265 4421 2372 4489 15).

837 4503 988 4559 Unde
1010 4511 1062 4557 et
1089 4503 1254 4573 reguli
1276 4512 1331 4557 et
1366 4504 1668 4573 scorpiones
1694 4506 1899 4557 arentia
1922 4521 2141 4575 quaeque
2165 4517 2374 4562 sectan-

838 4601 968 4646 tur:
1003 4593 1055 4647 in
1095 4607 1188 4646 ara
1230 4599 1465 4646 mutatur
1508 4598 1895 4646 sacramentum
1937 4594 2139 4668 crucis,
2183 4602 2237 4646 et
2277 4610 2376 4649 ιιι

840 4681 1026 4748 palmae
1065 4680 1418 4748 apostolorum
1453 4680 1738 4746 dulcoratis
1781 4680 1909 4748 legis
1944 4680 2234 4750 gurgitibus
2259 4682 2379 4734 irri-

840 4777 1048 4838 gantur.
1075 4767 1341 4823 Abraham
1367 4776 1422 4822 et
1441 4768 1585 4825 Isaac
1616 4775 1801 4838 puteos
1826 4760 2381 4840 fodiuntirepugna'nt

838 4857 1105 4926 allophyli,
1130 4866 1185 4912 et
1207 4859 1483 4915 Bersabee
1509 4859 1695 4913 civitas
1723 4858 2026 4930 juramenti,
2059 4875 2381 4929 regnumque

842 4946 1139 5000 Salomonis
1168 4930 1355 5000 nomen
1383 4949 1543 5002 sumit
1570 4963 1601 5001 a
1626 4947 1875 5003 fontibus.
1912 4947 2148 5003 Rebecca
2185 4949 2382 5002 inveni-

842 5044 931 5086 tur
952 5027 1019 5086 ad
1046 5041 1258 5102 puteum
1278 5073 1292 5097 ,
1323 5032 1518 5089 Rachel
1542 5042 1755 5103 propter
1781 5051 1944 5103 aquas
1973 5036 2383 5106 supplantatoris

844 5119 1027 5173 osculo
1062 5119 1360 5195 salutatur,
1405 5121 1608 5191 Moyses
1652 5122 1786 5176 filias
1841 5124 2127 5179 sacerdotis
2176 5125 2382 5180 Madian

844 5214 1027 5275 aperto
1051 5216 1209 5275 puteo
1234 5210 1301 5263 ab
1338 5209 1528 5277 injuria
1556 5212 1805 5267 vindicat.
1845 5211 1956 5265 V0.1:
1992 5211 2200 5267 Domini
2234 5231 2386 5284 super

846 5312 1028 5365 aquas.
1047 5295 1290 5352 Dominus
1309 5313 1461 5366 super
1473 5314 1631 5367 aquas
1652 5298 1857 5352 multas.
1874 5299 2123 5354 Dominus
2135 5300 2381 5355 diluvium

847 5382 1131 5437 inhabitare
1168 5383 1312 5451 facit.
1353 5386 1536 5440 Dentes
1572 5386 1680 5457 ejus
1722 5389 1854 5440 sicut
1890 5404 2013 5458 grex
2056 5387 2386 5443 detonsan

844 5469 1045 5533 ovium,
1076 5487 1190 5541 que
1227 5474 1560 5527 ascenderunt
1592 5475 1656 5527 de
1689 5473 1907 5537 lavacro,
1949 5492 2119 5529 omnes
2150 5476 2384 5545 gemellos

920 5607 946 5634 ⁸
983 5597 1115 5655 Hinc
1143 5610 1285 5674 patet
1310 5602 1437 5674 quid
1463 5603 1533 5657 sit
1554 5603 1743 5674 collata
1770 5601 2046 5659 exorcistis
2063 5612 2295 5674 potestas
2331 5605 2383 5659 in

847 5679 1033 5725 eorum
1067 5670 1392 5726 ordinatione
1424 5672 1724 5740 imponendi
1755 5686 1940 5727 manus
1971 5670 2131 5741 super
2163 5687 2384 5742 energu-

2464 3284 2645 3322 sumus
2663 3309 2677 3333 ,
2704 3281 2757 3322 et
2785 3270 2837 3323 in
2866 3271 3052 3324 mortis
3079 3270 3440 3325 btereditatem
3468 3287 3653 3325 omnes
3680 3273 4001 3329 devenimus.

2466 3357 2665 3424 Iinpleti
2694 3372 2875 3411 sumus
2901 3358 3175 3412 timoribus
3199 3365 3253 3411 et
3273 3359 3547 3413 erroribus
3574 3362 3766 3415 merito
3789 3365 4000 3431 peccati,

2466 3463 2584 3500 cum
2627 3461 2731 3515 quo
2772 3448 3056 3502 nascimur.
3091 3446 3211 3502 Ideo
3250 3453 3304 3502 et
3336 3449 3541 3517 parvuli
3574 3450 3923 3508 exsufllantur
3956 3465 4005 3507 et

2466 3537 2850 3599 exorcizantur,
2883 3545 2943 3589 ut
2977 3536 3201 3605 pellatur
3226 3538 3294 3591 ab
3306 3537 3394 3616 gs
3417 3537 3615 3593 diaboli
3649 3548 3889 3609 potestas
3916 3542 4005 3594 ini-

2468 3627 2631 3690 mica,
2651 3640 2768 3693 quae
2789 3625 2994 3704 decepit
3018 3626 3281 3696 hominem
3297 3666 3312 3688 ,
3343 3638 3404 3681 ut
3424 3628 3722 3697 possideret
3749 3630 4000 3686 homines.

2470 3711 2583 3763 Non
2609 3726 2735 3780 ergo
2761 3712 2851 3764 Dei
2878 3720 3121 3766 creatura
3149 3714 3201 3766 in
3231 3714 3521 3781 infantibus
3544 3717 3903 3785 exorcizatur,
3928 3721 4011 3776 vel

2466 3801 2770 3854 (assumatur
2801 3819 2827 3860 ε,
2843 3801 2936 3855 sed
2960 3801 3062 3865 ille,
3089 3802 3184 3857 sub
3211 3819 3316 3872 quo
3336 3818 3519 3860 omnes
3536 3820 3657 3860 cum
3677 3814 3899 3875 peccato
3920 3825 4003 3862 ua-

2470 3900 2705 3945 scuutur.
2735 3892 2828 3945 Est
2847 3891 2988 3944 enim
3014 3893 3259 3961 princeps
3283 3902 3640 3962 peccatorum.
3671 3895 4002 3950 Exorcismus

2470 3987 2643 4032 autem
2667 3986 2748 4031 est
2774 3991 2948 4031 sermo
2975 3978 3347 4047 iucrepationis
3378 3988 3433 4033 et
3458 3978 3808 4048 adjuntionis
3829 3993 4001 4038 contra

2473 4064 2797 4123 innnundum
2820 4064 3061 4131 spiritum
3081 4078 3178 4133 pro
3200 4076 3224 4103 ιι
3244 4066 3612 4136 cncrgumcnis
3630 4067 3744 4121 sive
3765 4069 4002 4123 catechu-

2473 4156 2640 4209 menis
2671 4151 2856 4219 factus,
2879 4169 2976 4223 per
2993 4169 3150 4223 quem
3174 4155 3239 4209 ab
3258 4152 3359 4209 illis
3377 4154 3914 4225 diaboli‘nequissitna
3932 4158 4001 4210 vis

2470 4251 2525 4299 et
2566 4244 2858 4297 inveterata
2895 4242 3123 4305 malitia,
3165 4241 3246 4298 vel
3282 4241 3477 4297 violata
3512 4238 3755 4299 incursio
3798 4244 3999 4313 expulsa

2475 4332 2701 4401 fugatur.
2734 4332 2844 4387 Hoc
2880 4333 3019 4386 enim
3056 4331 3664 4400 significavitlunaticus
3700 4331 3822 4395 ille,
3859 4346 3999 4400 quem

2464 4420 2766 4487 increpavit
2788 4420 3040 4473 Dominus
3059 4417 3232 4481 Jesus,
3251 4426 3305 4469 et
3325 4418 3455 4471 exiit
3475 4418 3542 4471 ab
3562 4417 3652 4471 illo
3675 4419 3997 4474 (Immonium.

2478 4494 2715 4561 Potestas
2734 4521 2861 4576 ergo
2885 4505 3075 4560 diaboli
3098 4505 3431 4560 exorcizatur
3453 4515 3506 4560 et
3527 4505 3824 4561 insufﬂatur
3845 4508 3896 4563 in
3912 4508 3997 4569 eis,

2476 4596 2618 4651 utei'
2641 4596 2968 4660 renuntient;
3012 4604 3167 4663 atque
3203 4596 3369 4664 erepti
3404 4609 3437 4649 ι
3472 4604 3733 4665 potestate
3770 4599 3998 4653 tenebra-

2476 4700 2593 4737 rum
2611 4723 2626 4747 ,
2655 4684 2710 4737 in
2737 4697 2952 4750 regnum
2979 4683 3185 4737 Domini
3213 4684 3293 4736 sui
3319 4697 3415 4751 per
3441 4692 3827 4737 sacramentum
3845 4685 4000 4753 bapti-

2478 4773 2662 4825 smatis
2688 4769 3093 4830 transferantur,
3520 4824 3521 4827 η
3734 4838 3743 4841 Α
3848 4838 3851 4841 Ἴ

2547 4861 2636 4918 Sal
2682 4869 2858 4915 autem
2892 4861 2944 4915 in
2984 4860 3277 4916 ministerio
3318 4860 3716 4916 catechumenis
3732 4838 3945 4917 ‘dandus
3971 4879 3997 4914 τι

2478 4950 2722 5006 Patribus
2748 4949 2865 5003 ideo
2890 4955 2972 5003 est
2996 4948 3287 5010 institutus,
3317 4955 3376 5000 ut
3397 4947 3511 5017 ejus
3538 4957 3696 5019 gustu
3717 4949 3999 5002 condimen-

2480 5046 2592 5091 tum
2616 5035 2889 5106 sapientite
2916 5034 3238 5105 percipiant,
3268 5048 3437 5103 neque
3473 5036 3733 5103 desipiant
3766 5049 3797 5087 a
3830 5049 3997 5104 sapore

2478 5125 2706 5188 Christi;
2736 5137 2802 5178 ne
2828 5123 2933 5177 sint
2959 5121 3119 5185 fatui,
3148 5130 3203 5176 et
3228 5130 3371 5177 retro
3398 5122 3699 5190 respiciant,
3723 5124 3860 5176 sicut
3884 5138 3998 5177 uxor

2482 5210 2597 5271 Lot,
2622 5225 2738 5278 qua:
2764 5223 2913 5262 versa
2955 5216 3039 5262 est
3080 5207 3132 5262 in
3169 5215 3397 5262 statuam
3437 5200 3593 5272 salis;
3629 5205 3836 5276 ποίης
3866 5209 3996 5279 signo

2480 5297 2823 5353 condirentur
2844 5296 2901 5351 hi
2931 5297 3022 5366 qui
3046 5311 3143 5366 per
3163 5294 3319 5353 fidem
3345 5295 3539 5349 mundo
3566 5303 3619 5349 et
3649 5295 3859 5351 actibus
3881 5293 3997 5350 desi-

2483 5384 2745 5454 deriisque
2767 5384 2882 5452 ejus
2904 5372 3234 5447 renuntiant;
3258 5388 3321 5436 ut
3340 5381 3643 5439 ah‘ectiones
3661 5383 3893 5453 pristina
3907 5400 3992 5439 non

2484 5476 2842 5537 recordentur,
2873 5488 3043 5543 neque
3067 5475 3135 5527 ad
3163 5471 3338 5535 satculi
3363 5472 3639 5528 illecebras
3667 5481 3991 5528 revertantur.

2483 5619 2683 5660 menos.
2711 5603 2903 5658 Confer
2931 5603 3213 5672 Derardum
3242 5604 3293 5660 in
3321 5602 3485 5659 Cana.
3517 5603 3574 5659 11
3597 5643 3612 5671 ,
3644 5604 3739 5672 15,
3765 5606 3863 5671 30,
3887 5606 3985 5659 dist-

2482 5674 2571 5741 23,
2595 5677 2732 5744 part.
2763 5687 2801 5739 ι,
2828 5686 2875 5726 c.
2909 5670 2989 5736 t5,
3019 5670 3047 5743 ς
3075 5671 3126 5725 4.
