4110 6422
121 444 233 505 85'1

1147 448 1340 503 LIBER
1381 448 1468 502 DE
1506 448 1961 506 SACRAMEN‘TO
2000 452 2350 508 DAPTISML'

3228 450 3330 506 858

123 561 283 616 Unde
309 560 440 629 legis
463 558 770 615 mandatum
797 564 910 621 est,
934 566 997 611 ut
1019 572 1175 611 omne
1215 557 1534 612 sacriﬁcium
1561 556 1687 612 salis
1713 555 1761 614 Α
1786 567 1833 609 et
1866 574 1995 626 para
2029 575 2203 613 aurem
2230 570 2372 613 tuam
2409 558 2569 614 verbis
2602 558 2891 629 prudentia:
2931 555 3117 627 (Eccli.
3158 573 3217 621 tt,
3251 557 3331 623 2).

119 648 427 715 adiectione
450 647 774 710 eandiretur,
804 647 1011 701 dicente
1039 646 1336 715 legislatore
1366 665 1379 698 :
1405 645 1516 700 Nec
1540 645 1687 714 aufe-

121 752 207 789 res
226 735 317 789 sal
345 735 549 803 foederis
578 734 644 787 de
676 733 931 801 sacriﬁcio
960 734 1186 786 Domini.
1221 732 1446 801 Propter
1468 733 1609 801 quod
1633 741 1688 787 ct

119 823 386 876 Dominus
414 821 466 876 in
493 821 778 891 Evangelia
805 823 880 875 ait
907 840 920 874 :
953 819 1133 875 Omnis
1161 822 1363 874 victima
1389 820 1497 875 sale
1533 822 1691 879 salio-7

118 919 231 963 tur.
266 910 336 963 Et
364 911 416 963 in
441 909 550 963 alia
578 909 693 963 loco
724 926 738 961 :
764 907 961 961 Habeto
985 909 1041 961 in
1068 908 1206 961 vobis
1230 907 1408 971 salem,
1434 918 1481 962 et
1507 924 1684 978 pacem

118 997 308 1069 habete
347 1000 482 1051 inter
522 1015 627 1053 vos.
671 997 963 1052 Estimaut
1000 1012 1229 1067 namque
1263 999 1507 1068 quidam,
1545 1003 1685 1069 quod

118 1087 291 1141 etiam
322 1088 462 1155 apud
490 1087 744 1155 quosdam
778 1086 1050 1153 gentilium
1078 1088 1295 1156 antiqua
1321 1096 1437 1143 erat
1462 1104 1684 1144 consue-

121 1176 255 1229 tudo
272 1215 288 1237 ,
314 1184 374 1229 ut
399 1176 489 1245 qui
520 1174 822 1231 ﬁdelitatem
848 1176 1061 1245 regibus
1083 1177 1491 1243 promittebant,
1517 1180 1681 1234 salem

118 1263 430 1331 adjnratum
449 1260 531 1315 vel
559 1269 923 1315 consecratum
949 1261 1000 1314 in
1022 1264 1356 1330 praesentiam
1377 1266 1684 1319 earumdem

118 1365 314 1419 regum
332 1351 532 1418 quibus
560 1348 715 1403 ﬁdem
734 1350 1134 1418 promittebant,
1156 1353 1511 1407 comederent.
1534 1353 1683 1408 Unde

119 1440 177 1491 in
215 1438 353 1491 libro
379 1438 563 1491 Esdra:
589 1438 843 1506 scriptum
870 1447 954 1491 est
984 1439 1125 1506 quod
1154 1440 1419 1510 principes
1449 1441 1683 1495 Samari-

117 1539 373 1581 tanorum
400 1528 512 1598 regi
541 1527 823 1582 Persarum
840 1567 854 1589 ,
884 1542 1005 1582 cum
1030 1528 1094 1582 de
1116 1532 1453 1584 accusatione
1472 1531 1685 1595 ,lltdzt'o-

117 1634 246 1672 rum
272 1618 590 1681 scriberent,
616 1617 844 1670 dixerint
872 1632 888 1691 ς
918 1616 1168 1672 Memores
1190 1635 1367 1673 sumus
1394 1619 1518 1679 salis
1545 1623 1681 1690 quod

114 1709 174 1761 in
201 1708 400 1776 palatio
423 1707 733 1760 comedimus
761 1704 811 1777 (Ι
843 1700 1000 1760 Esdr.
1029 1722 1102 1771 ιν,
1131 1707 1238 1779 Μ).

192 1795 381 1849 Diﬁert
408 1811 534 1849 sane
561 1796 698 1849 inter
724 1807 746 1834 ο
779 1798 1188 1851 catechumenos
1221 1808 1277 1851 et
1298 1806 1675 1867 competentes.

1783 647 1923 716 Ergo
1963 649 2310 705 sanctiﬁcatio
2337 650 2545 704 aurium
2578 649 2861 719 signiﬁcat,
2892 659 2950 701 ut
2970 662 3158 701 omnes
3180 656 3334 700 extra

1783 733 2114 803 disciplinam
2151 751 2451 800 sermones,
2478 737 2632 806 quasi
2668 736 2920 792 doctrina:
2954 734 3152 789 Christi
3186 731 3334 787 obla-

1782 835 2022 892 quentes,
2051 835 2363 882 averscntur
2390 826 2569 882 ﬁdeles
2599 842 2663 882 ac
2684 826 2907 894 fugiant,
2936 838 3099 894 seque
3128 823 3194 877 ad
3220 822 3332 877 sola

1783 911 1879 965 Dei
1900 914 2063 966 verba
2087 914 2348 968 audienda
2370 922 2685 970 convertant
2711 932 2725 968 :
2756 913 3145 983 quia’auditum
3175 926 3329 966 suum

1781 1000 1978 1056 Christi
1991 1003 2214 1080 eloquiis
2230 1001 2629 1060 consecrarunt.
2645 1005 2811 1060 Nares
2825 1019 3031 1074 quoque
3051 1003 3241 1057 similis
3254 1011 3331 1055 ta-

1782 1099 1870 1147 ctu
1882 1091 2298 1158 sanetiﬁeantur,
2313 1103 2372 1147 ut
2392 1095 2446 1147 hi
2464 1095 2553 1163 qui
2568 1096 2632 1149 ad
2653 1094 2971 1164 baptismum
2983 1094 3220 1157 veniunt,
3236 1093 3330 1146 ad-

1784 1190 2100 1236 moneantur
2110 1184 2241 1237 tanti
2257 1185 2491 1255 mystcrii
2512 1193 2901 1239 sacramentum
2922 1198 3086 1252 usque
3107 1183 3173 1237 ad
3190 1199 3331 1236 mar-

1784 1279 1888 1325 tem
1916 1273 2223 1328 inviolatum
2248 1283 2407 1343 atque
2429 1274 2691 1344 integrum
2714 1270 3081 1328 custodirezut
3098 1274 3331 1343 quandiu

1784 1358 2028 1427 spiritum
2054 1360 2177 1413 vita:
2202 1361 2357 1430 hujus
2383 1362 2600 1416 naribus
2622 1361 2731 1415 suis
2752 1361 3054 1425 attrahunt,
3082 1376 3110 1413 a
3134 1358 3332 1413 Christi

1784 1446 1990 1499 Domini
2018 1447 2181 1500 nostri
2207 1447 2411 1501 cultura
2437 1456 2493 1502 et
2514 1448 2730 1503 servitia
2754 1464 2858 1501 non
2885 1447 3152 1502 recedant.
3186 1444 3334 1501 Unde

1782 1544 1836 1588 et
1858 1532 1956 1589 Job
1983 1536 2066 1589 vir
2086 1545 2300 1591 sanctus
2318 1537 2554 1604 loquitur.
2580 1555 2593 1589 :
2620 1538 2794 1590 Donec
2817 1545 3038 1606 superest
3063 1535 3253 1588 halitus
3279 1536 3334 1602 in

1782 1637 1880 1685 ine,
1908 1630 1956 1674 et
1980 1622 2191 1691 spiritus
2215 1623 2310 1676 Dei
2336 1623 2388 1676 in
2417 1621 2626 1676 naribus
2654 1624 2801 1685 meis,
2827 1638 2927 1675 non
2949 1621 3217 1689 loquentur
3248 1620 3330 1673 la-

1782 1706 1865 1757 bia
1894 1722 2008 1759 mea
2030 1708 2368 1776 iniquitatem,
2390 1724 2481 1761 nec
2504 1707 2684 1776 lingua
2710 1725 2822 1761 mea
2854 1706 3088 1777 loquetur
3113 1707 3330 1761 menda-

1783 1796 1937 1849 cium.
1958 1794 2074 1850 Sed
2110 1797 2284 1851 adhuc
2309 1796 2554 1851 subtilior
2581 1796 2878 1851 intellectus
2907 1797 2960 1849 in
2998 1796 3099 1849 hac
3124 1796 3331 1848 narium

114 1885 504 1940 Catechumcni
535 1885 713 1953 itaque
735 1892 890 1948 sunt,
925 1886 1015 1952 qui
1044 1885 1274 1953 primum
1301 1886 1366 1940 de
1389 1864 1679 1956 gentilitate
1707 1864 1754 1921 Β
1782 1882 2201 1938 sanctiﬁcatione
2238 1884 2498 1952 signatur.
2541 1884 2630 1937 llle
2658 1885 2799 1937 enim
2837 1892 3010 1938 tactus
3043 1884 3110 1938 ad
3143 1884 3333 1937 adura—

116 1974 362 2032 veniunt,
399 1982 453 2025 et
485 1971 738 2026 habentes
761 1972 1081 2026 voluntatem
1109 1967 1367 2027 credendi
1388 1974 1441 2026 in
1468 1974 1679 2027 Christo

114 2063 349 2116 audiunt
381 2062 601 2114 verbum
628 2059 779 2124 ﬁdei,
807 2060 900 2113 sed
931 2060 1161 2115 nandum
1188 2061 1519 2129 appellantur
1551 2059 1679 2115 ﬁde-

117 2152 217 2201 les.
246 2149 619 2216 Campetcntcs
639 2156 814 2202 autem
842 2156 981 2211 sunt,
1005 2149 1093 2216 qui
1108 2147 1219 2215 jam
1242 2157 1361 2216 post
1385 2149 1678 2203 doctrinam

115 2239 265 2301 fidei,
296 2246 417 2307 post
442 2237 820 2292 continentiam
845 2237 994 2299 vitae,
1026 2237 1248 2305 gratiam
1287 2237 1482 2292 Christi
1509 2240 1680 2306 perci-

114 2345 247 2397 pere
275 2326 547 2381 festinant.
578 2325 803 2395 Ideoque
844 2326 1175 2403 appellantur
1207 2335 1594 2395 competentes,
1625 2326 1678 2380 id

112 2426 201 2471 est
228 2419 456 2486 gratiam
485 2414 683 2469 Christi
711 2424 969 2483 petentes.
994 2414 1071 2468 Illi
1110 2424 1293 2483 petunt
1316 2426 1367 2469 et
1392 2418 1674 2483 accipiunt,

114 2506 523 2561 cateehizantur
550 2512 605 2556 et
630 2503 965 2557 instruuntur
996 2504 1340 2557 instructiane
1378 2520 1679 2558 sacramen-

116 2610 297 2650 torum
327 2612 340 2646 :
375 2593 490 2648 istis
510 2591 742 2647 salutare
768 2590 1065 2660 symbolum
1092 2592 1339 2654 traditur,
1367 2593 1513 2660 quasi
1536 2608 1679 2645 eoin-

115 2684 467 2737 manitorium
501 2682 652 2747 ﬁdei,
693 2690 749 2736 ct
779 2692 977 2736 salicta:
1015 2680 1361 2736 confessionis
1405 2682 1674 2745 indicium,

114 2791 224 2843 quo
255 2773 500 2831 instructi
533 2759 836 2845 agnoscant,
864 2774 1046 2843 quales
1059 2773 1169 2842 jam
1192 2773 1255 2828 ad
1283 2775 1504 2844 gratiam
1528 2774 1680 2828 Chri-

114 2866 184 2919 sti
209 2863 467 2917 exhibere
496 2877 554 2917 se
580 2861 827 2916 debeant.
860 2861 982 2917 Haec
1019 2869 1126 2915 tota
1165 2863 1330 2925 actia,
1366 2877 1485 2929 qua:
1523 2876 1680 2931 super

114 2952 521 3008 catechumenis
544 2959 598 3005 et
622 2948 1039 3019 competentibus
1067 2950 1383 3011 celebratur,
1408 2965 1439 3002 a
1462 2950 1680 3019 quibus-

115 3043 244 3096 dam
270 3041 591 3095 scrutinium
620 3040 940 3103 nominatur,
977 3055 1082 3093 non
1110 3041 1178 3092 ob
1219 3039 1356 3094 aliud
1376 3079 1390 3104 ,
1436 3052 1491 3093 ut
1530 3034 1683 3108 putai

115 3146 260 3192 mus,
292 3130 397 3183 nisi
420 3145 451 3182 a
478 3131 792 3194 scrutanda,
815 3129 967 3195 juxta
996 3130 1129 3183 illud.
1147 3129 1437 3185 Psalmista:
1467 3148 1479 3184 :
1513 3130 1673 3184 Scru-

116 3226 236 3268 tans
262 3214 422 3267 corda
454 3223 501 3267 et
540 3230 681 3267 renes
722 3214 878 3268 Deus.
920 3216 997 3269 Eo
1031 3215 1172 3284 quod
1209 3216 1279 3268 ibi
1315 3224 1679 3281 scrutarentur

116 3305 285 3359 corda
310 3304 644 3358 credentium
671 3312 724 3359 et
748 3303 1098 3359 dubitantium
1139 3319 1169 3357 a
1206 3305 1588 3369 sacerdotibus,
1619 3312 1680 3358 ut

115 3391 479 3461 intelligerent
506 3393 625 3460 quis
655 3392 721 3446 ad
745 3393 1064 3461 baptismum
1091 3391 1203 3459 jam
1242 3393 1340 3447 rite
1373 3392 1677 3458 admittere-

100 3490 226 3543 .tur,
256 3480 350 3548 qui
381 3470 557 3533 adhuc
576 3479 894 3534 diﬁ‘erretur.
926 3480 1085 3535 Juxta
1110 3483 1212 3535 hoc
1244 3488 1295 3536 et
1341 3481 1592 3535 Dominus
1625 3481 1675 3534 in

116 3567 412 3637 Evangelia
439 3569 514 3621 ait
544 3585 557 3620 :
586 3565 901 3622 Scrutamini
923 3567 1238 3625 Scripturus.

662 3742 667 3747 ι
739 3676 1057 3733 CAPUTlL

117 3764 366 3835 De_tactu
399 3764 606 3835 narium
640 3774 689 3817 et
715 3768 920 3835 aurium
947 3779 965 3815 :
991 3766 1054 3819 ob
1076 3781 1230 3835 quam
1262 3784 1470 3822 causam
1499 3785 1676 3822 secun-

184 3831 316 3885 dum
344 3830 674 3888 traditionem
697 3830 1098 3887 ecclesiasticam
1112 3834 1175 3888 ab
1204 3835 1436 3889 omnibus
1464 3837 1678 3889 catholi-

185 3902 263 3954 cis
293 3897 487 3953 Christi
507 3901 857 3955 sacerdotibus
884 3901 997 3970 ﬁat.

186 3978 448 4045 Introitus
472 3988 595 4043 ﬁdei
611 3997 667 4044 et
686 3992 845 4046 totius
862 4001 1057 4046 sancta:
1075 3993 1326 4048 doctrinm
1348 3993 1413 4047 ad
1442 3993 1677 4048 animum

115 4092 213 4147 per
234 4091 402 4131 aures
427 4077 741 4142 admittitur,
776 4086 831 4153 et
868 4078 934 4133 de
962 4077 1147 4133 auditu
1181 4080 1480 4135 intellectus
1503 4079 1673 4153 exori-

118 4182 225 4221 tur.
263 4165 451 4234 Neque
477 4165 622 4220 enim
651 4151 827 4236 potest
854 4166 1043 4236 aliquis
1077 4167 1197 4222 ﬁdei
1231 4151 1562 4224 sacramenta
1586 4182 1675 4224 co-

116 4269 400 4322 gnoscere,
438 4253 541 4308 nisi
568 4253 749 4308 audiat
772 4255 1169 4322 przedicantem,
1199 4253 1497 4312 afﬁrmante
1522 4256 1678 4312 beato

115 4340 377 4412 Apostalo
402 4343 493 4410 qui
520 4340 652 4396 dicit
677 4358 691 4394 :
712 4340 881 4399 ,Fides
917 4359 982 4396 ea:
1016 4343 1233 4409 auditu;
1261 4344 1469 4398 auditus
1505 4354 1678 4399 autem

113 4448 205 4502 per
226 4430 445 4484 verbum
473 4429 592 4505 Dei.
632 4429 796 4485 Recte
821 4446 947 4502 ergo
969 4432 1085 4501 ejus
1121 4446 1308 4486 sensus
1330 4446 1525 4498 organa
1552 4446 1676 4485 san-

115 4518 445 4582 ctiﬁcantur,
491 4517 606 4571 sine
644 4531 751 4585 quo
794 4518 926 4572 ﬁdes
969 4519 1037 4572 ad
1072 4519 1305 4572 animum
1351 4533 1454 4572 non
1500 4525 1675 4588 potest

115 4608 420 4678 pervenire.
453 4605 737 4662 Sciendum
759 4615 932 4662 tamen
957 4607 1098 4676 quod
1124 4607 1189 4663 de
1213 4609 1313 4663 hac
1338 4624 1394 4661 re
1427 4608 1479 4662 in
1502 4609 1674 4662 diver-

116 4702 189 4753 sis
226 4696 540 4767 regionibus
573 4695 813 4751 diversus
858 4703 1098 4751 teneatur
1127 4712 1272 4751 usus.
1312 4696 1414 4750 Alii
1448 4708 1676 4765 namque

115 4787 233 4841 oleo
258 4792 450 4841 sancto
472 4792 694 4853 tangunt
686 4774 1210 4859 ﬁtechumenorum
1234 4797 1388 4836 aures
1407 4792 1463 4837 et
1483 4798 1669 4847 nares;

116 4875 205 4930 alii
233 4889 369 4930 vero
399 4881 586 4943 sputo;
616 4872 705 4927 alii
730 4872 929 4941 absque
956 4879 1112 4941 sputo
1133 4879 1189 4927 et
1219 4871 1364 4936 olea;
1395 4871 1482 4924 alii
1509 4872 1671 4925 etiam

117 4978 178 5019 os
212 4970 447 5032 tangunt
484 4960 623 5023 aleo,
665 4961 734 5015 ad
776 4960 1074 5030 exemplum
1116 4960 1466 5015 Dominicum.
1520 4959 1669 5014 Unde
1704 4998 1707 5001 -

117 5051 380 5122 scriptum
413 5060 498 5104 est
528 5049 583 5102 in
608 5047 892 5117 Evangelia
916 5049 982 5104 de
1023 5048 1184 5104 surdo
1219 5056 1276 5103 et
1311 5058 1457 5102 muta
1484 5062 1496 5099 :
1526 5045 1668 5101 Misit

118 5139 308 5212 digitos
342 5157 468 5197 suos
504 5140 561 5194 in
599 5138 860 5193 auriculas
894 5139 1028 5209 ejus.
1067 5139 1173 5195 Sed
1213 5140 1324 5194 sive
1358 5147 1501 5195 tactu
1548 5139 1671 5203 olei,

120 5231 229 5285 sive
252 5229 437 5295 aliter,
475 5227 595 5284 ideo
630 5224 1029 5289 sanctiﬁcantur
1053 5242 1241 5290 aures,
1268 5234 1328 5280 ut
1364 5225 1568 5280 venturi
1605 5225 1672 5279 ad

121 5318 445 5386 baptismum
471 5316 540 5371 ab
570 5316 717 5371 omni
749 5315 891 5370 mala
927 5324 981 5368 et
1010 5314 1148 5384 turpi
1176 5316 1337 5371 verba
1361 5331 1517 5370 aures
1549 5330 1673 5371 suas

122 5404 427 5476 impollutus
451 5403 771 5468 custodiant,
794 5404 931 5459 sicut
952 5403 1208 5473 scriptum
1227 5410 1309 5457 est
1338 5420 1351 5456 :
1381 5401 1499 5474 δορί
1521 5418 1670 5456 aures

122 5510 241 5549 sitas
282 5493 476 5564 spinis,
523 5500 571 5544 et
601 5491 706 5544 noli
733 5492 922 5572 audire
958 5492 1184 5562 linguam
1223 5507 1437 5562 nequam
1481 5490 1665 5560 (Eccli.

123 5597 313 5648 uml,
340 5582 453 5652 28).
487 5580 554 5636 Et
578 5595 760 5635 rursus
792 5598 807 5635 :
841 5580 923 5634 Da
951 5582 1006 5634 in
1032 5580 1353 5649 disciplinam
1388 5597 1476 5635 cor
1500 5589 1663 5643 tuum,

186 5701 213 5733 ι
243 5689 441 5745 Confer
466 5686 616 5743 Iesse
643 5686 886 5746 Ambian.
917 5688 1213 5758 epistolam.

1777 1981 1887 2025 tum
1915 1971 2094 2026 ﬁdeles
2122 1968 2377 2040 provocat
2402 1972 2696 2040 spiritalem
2715 2011 2730 2035 ,
2757 1979 2815 2025 ut
2841 1986 2944 2024 nan
2969 1974 3209 2039 corporis
3236 1973 3329 2025 sed

1778 2061 1970 2116 mentis
2002 2062 2244 2115 sensibus
2270 2059 2539 2114 Christum
2561 2059 2913 2115 intestimabili
2934 2059 3190 2112 suavitate
3212 2076 3333 2112 sen-

1775 2152 1878 2216 tire
1905 2151 2129 2220 possint,
2160 2161 2214 2205 et
2232 2152 2411 2206 dicere
2432 2151 2483 2206 ei
2518 2168 2531 2204 :
2560 2149 2683 2204 Post
2711 2152 2840 2204 tein’
2870 2149 3075 2202 odorem
3102 2165 3327 2217 unguen-

1775 2248 1945 2292 torum
1985 2249 2193 2297 tuorum
2230 2255 2494 2293 curramus
2532 2238 2704 2309 (Cant.
2746 2255 2783 2299 ι,
2827 2238 2900 2308 5).
2938 2237 3085 2292 Hunc
3108 2238 3326 2292 adorent

1775 2328 2110 2382 commendat
2148 2327 2430 2396 Apostolus
2465 2328 2802 2392 Christianis,
2829 2342 2949 2381 cum
2981 2327 3111 2381 dicit
3157 2344 3169 2380 :
3219 2326 3330 2380 Ι)ι·ο

1775 2426 1946 2470 autem
1972 2418 2166 2485 gratias
2184 2456 2198 2479 ,
2222 2418 2310 2487 qui
2338 2418 2617 2486 triumphat
2651 2432 2744 2468 nos
2777 2418 2830 2468 in
2864 2414 3067 2469 Christo
3094 2414 3253 2479 Jcsu,
3282 2425 3331 2468 ct

1774 2505 1983 2557 adorent
2018 2505 2214 2558 notitia:
2247 2520 2356 2557 sua:
2384 2505 2676 2572 manifestat
2706 2519 2799 2572 per
2824 2519 2917 2556 nos
2948 2503 3002 2555 in
3030 2503 3169 2555 omni
3195 2501 3325 2564 loco,

1773 2595 1895 2662 quia
1917 2592 2109 2647 Christi
2134 2592 2291 2647 bonus
2319 2593 2450 2646 odor
2470 2608 2646 2646 sumus
2668 2591 2794 2645 Deo.
2818 2590 3023 2646 Debent
3046 2605 3172 2660 ergo
3202 2589 3328 2642 ﬁde-

1776 2680 1851 2735 lcs
1870 2682 1940 2735 ita
1958 2686 2154 2744 vivere,
2177 2688 2237 2734 ut
2261 2681 2603 2741 suavissimus
2627 2681 2694 2735 ad
2715 2681 2880 2735 Deum
2900 2680 3033 2734 odor
3050 2695 3115 2732 ex
3143 2692 3328 2732 eorum

1776 2770 1895 2823 vitae
1921 2769 2202 2824 sanctitate
2225 2769 2563 2824 conscendat.

1848 2857 2321 2926 Unguntur'etiam
2364 2873 2505 2913 nunc
2545 2857 2912 2913 catecluuneni
2950 2858 3000 2910 in
3031 2860 3247 2926 pectore
3275 2866 3330 2911 et

1775 2949 1913 3003 inter
1935 2949 2177 3019 scapulas
2198 2948 2314 3004 oleo
2339 2948 2658 3014 exorcizato,
2690 2964 2810 3003 cum
2838 2947 3211 3002 abrenuntiauit
3236 2947 3329 3001 Sa-

1776 3042 1912 3089 taua:
1937 3043 1992 3089 et
2016 3036 2265 3105 operibus
2293 3050 2356 3088 ac
2381 3036 2586 3104 pompis
2610 3036 2744 3106 ejus.
2772 3033 2923 3101 Quod
2952 3035 3070 3088 ideo
3098 3033 3211 3087 ﬁeri
3240 3049 3326 3087 ar-

1773 3122 2054 3187 hitramur,
2082 3132 2141 3176 ut
2164 3122 2519 3177 habitaculum
2547 3124 2721 3177 cordis
2749 3131 2871 3176 ante
2904 3129 2958 3175 et
2985 3129 3127 3175 tetra
3153 3122 3329 3191 signe-

1750 3217 1883 3281 tur,
1923 3225 2028 3280 quo
2070 3211 2219 3282 signa
2251 3211 2492 3266 diabolus
2517 3219 2703 3266 auctor
2727 3194 2967 3280 perﬁdia?
2992 3208 3237 3277 pellatur,
3275 3217 3332 3260 et

1749 3298 2017 3355 ’Christus
2042 3300 2262 3369 largitor
2286 3300 2404 3355 ﬁdei
2432 3309 2485 3356 et
2514 3299 2793 3355 charitatis
2818 3298 3159 3368 ingrediatur.
3192 3294 3329 3349 Nam
3415 3354 3421 3359 ,

1776 3401 1872 3441 cor
1893 3387 2122 3442 hominis
2146 3398 2231 3442 est
2259 3387 2413 3442 sedes
2441 3386 2640 3441 erroris
2665 3392 2718 3439 et
2743 3384 2988 3438 vitiorum
3012 3397 3133 3437 cum
3159 3398 3189 3436 a
3216 3382 3330 3440 diae

1776 3477 1898 3532 bolo
1932 3478 2283 3551 possidetur:
2326 3487 2381 3533 et
2407 3479 2579 3549 ipsum
2608 3477 2837 3532 efﬁcitur
2872 3476 3231 3531 habitaculum
3268 3477 3329 3528 tl-

1775 3569 1881 3633 dei,
1914 3569 2025 3639 spei
2058 3577 2113 3625 et
2151 3570 2428 3624 charitatis
2459 3584 2580 3624 cum
2618 3584 2648 3622 a
2687 3568 2899 3624 Christo
2933 3568 3233 3623 defenditur
3273 3576 3329 3622 et

1777 3658 2088 3714 illustratur.
2113 3658 2264 3715 Sicut
2283 3660 2423 3715 enim
2459 3660 2710 3729 scriptum
2731 3668 2816 3714 est
2836 3677 2848 3712 :
2879 3656 2953 3712 De
2970 3657 3121 3712 corde
3140 3667 3327 3712 exeunt

1775 3747 2105 3815 cogitationes
2125 3741 2301 3812 malai,
2320 3746 2593 3810 adulteria,
2618 3746 3005 3816 fornicationes,
3027 3744 3324 3799 homicidia.

1774 3831 1841 3887 Et
1869 3849 1882 3885 :
1910 3832 2102 3902 Diliges
2126 3833 2405 3887 Dominum
2420 3832 2588 3886 Deum
2610 3842 2753 3890 tuum
2772 3847 2835 3885 ea:
2863 3840 2967 3885 toto
2988 3832 3158 3885 corde.
3184 3832 3328 3887 Bene
3404 3828 3405 3831 “

1774 3935 1903 3993 ergo
1926 3922 1980 3976 in
1997 3922 2467 3993 abrenuntiatiane
2488 3922 2681 3978 diaboli
2707 3930 2972 3992 unguntur
2995 3921 3157 3977 corda
3183 3931 3327 3975 catc-

1774 4010 2152 4065 chumenorum
2170 4049 2186 4075 ,
2214 4018 2274 4064 ut
2298 3996 2511 4065 recedat
2534 4010 2600 4064 ab
2624 4010 2704 4064 eis
2728 4024 2847 4064 cum
2879 4009 3126 4065 omnibus
3152 4010 3324 4079 aperi-

1774 4097 1872 4150 bus
1894 4104 1949 4152 et
1978 4088 2182 4167 pompis
2205 4098 2338 4168 ejus.
2536 4168 2539 4171 _

2307 4193 2327 4208 "
2371 4185 2594 4241 CAPUT
2630 4185 2713 4241 ill.

1775 4274 1851 4328 Dc
1882 4274 2322 4329 abrenuntiatioue
2355 4273 2567 4329 Satanat
2598 4287 2619 4325 :
2655 4272 2732 4328 uel
2755 4288 2873 4342 qua:
2898 4274 3001 4326 sint
3026 4289 3177 4342 opera
3205 4289 3319 4341 ejus

1798 4360 1801 4363 ·
2396 4351 2445 4394 et
2467 4357 2681 4411 pompm.

1842 4430 2244 4485 Abrcnuntiatio
2267 4440 2352 4485 est
2384 4430 2645 4486 abdicatio
2672 4439 2727 4485 et
2754 4429 3063 4499 repudiatio.
3103 4430 3172 4486 Et
3197 4446 3319 4485 cum

1773 4519 2037 4591 dicimus?
2069 4519 2413 4574 Abrenuntias
2446 4519 2699 4574 Satana'?
2733 4519 2858 4587 quid
2892 4518 3033 4573 aliud
3071 4519 3315 4582 dicimus,

1771 4609 1895 4675 nisi,
1921 4609 2149 4664 Resistis
2181 4609 2426 4664 diabolo?
2453 4609 2591 4664 sicut
2623 4606 2907 4676 Apostolus
2933 4608 3007 4661 ait
3036 4624 3050 4662 :
3082 4606 3318 4661 Resistite

1769 4698 1975 4751 diabolo
2016 4708 2066 4753 et
2103 4699 2262 4768 fugiet
2303 4714 2337 4751 a
2386 4696 2550 4760 vobis,
2600 4705 2660 4750 ut
2701 4703 2988 4766 sequatur;
3032 4696 3319 4765 Appropin-

1769 4796 1922 4856 quate
1948 4784 2056 4841 Deo
2074 4826 2090 4851 ,
2120 4795 2169 4840 et
2202 4785 2626 4856 appropinquabit
2654 4784 2811 4839 vobis.
2837 4781 3206 4838 Resistendum
3234 4793 3319 4838 est

1772 4880 1949 4928 autem
1969 4870 2196 4936 diabolo,
2218 4871 2511 4941 spernenda
2535 4878 2657 4926 sunt
2674 4883 2833 4939 opera
2857 4866 2990 4937 ejus,
3010 4866 3317 4923 abdicandae

1774 4976 1996 5032 pompm,
2023 4971 2084 5015 ut
2106 4976 2210 5015 non
2238 4961 2471 5017 inveniat
2508 4959 2648 5015 unde
2681 4959 2978 5015 dominetur
3015 4945 3189 5022 nobis,
3223 4959 3316 5013 sed
3411 4974 3421 4989 ν

1771 5053 2082 5117 excludatur
2108 5052 2172 5105 de
2196 5052 2445 5123 cordibus
2468 5049 2987 5111 catechumenorum,
3015 5046 3315 5117 utqmunde-
3402 5117 3407 5121 '

1772 5148 1860 5195 tur
1885 5140 2074 5194 domus
2096 5139 2461 5202 conscientia;
2491 5136 2774 5192 mandetur
2800 5144 2974 5190 autem
3001 5134 3221 5197 domus,
3256 5140 3316 5215 ut

1769 5229 2014 5284 Christus
2053 5228 2308 5282 introiens
2343 5241 2492 5291 eam,
2530 5224 2774 5280 mundam
2818 5224 3069 5290 inveniat.
3109 5222 3167 5277 In
3208 5219 3311 5277 hac

1768 5317 2094 5387 professione
2114 5313 2608 5377 abrenuntiationis,
2631 5326 2734 5367 non
2756 5312 3058 5367 hominibus
3082 5309 3176 5365 sed
3200 5308 3311 5365 Deo

1766 5414 1823 5460 et
1851 5404 2051 5473 angelis
2082 5402 2196 5470 ejus
2220 5399 2677 5459 conscribentibus
2710 5399 2904 5455 dicitur
2929 5411 2944 5450 :
2971 5396 3306 5452 Abrenuntio.

1766 5492 2251 5549 Abrenuntiandum
2281 5497 2362 5545 est
2400 5504 2507 5544 non
2546 5488 2717 5545 solum
2749 5486 2992 5550 vocibus,
3023 5486 3117 5540 sed
3143 5484 3304 5539 etiam

1767 5579 2017 5639 moribus,
2050 5594 2154 5633 non
2182 5572 2384 5631 tantum
2412 5589 2541 5631 sono
2566 5573 2778 5643 linguai,
2812 5570 2900 5626 sed
2925 5580 2977 5626 et
3006 5577 3125 5624 actu
3158 5571 3303 5627 vita.
