  <div class='ocr_page' id='page_1' title='image "/cluster/home/n/w/nwhite01/storage/ocr_20150623/99-100/uc1.31175006946845/439.png"; bbox 0 0 4110 6428; ppageno 0'>
   <div class='ocr_carea' id='block_1_1' title="bbox 726 463 825 516">
    <p class='ocr_par' dir='ltr' id='par_1_1' title="bbox 726 463 825 516">
     <span class='ocr_line' id='line_1_1' title="bbox 726 463 825 516; baseline 0 0"><span class='ocrx_word' id='word_1_1' title='bbox 726 463 825 516; x_wconf 80' lang='grc'><strong>859</strong></span> 
     </span>
    </p>
   </div>
   <div class='ocr_carea' id='block_1_2' title="bbox 1720 438 3869 503">
    <p class='ocr_par' dir='ltr' id='par_1_2' title="bbox 1720 438 3869 503">
     <span class='ocr_line' id='line_1_2' title="bbox 1720 438 3869 503; baseline -0.018 1"><span class='ocrx_word' id='word_1_2' title='bbox 1720 449 2028 503; x_wconf 67' lang='lat' dir='ltr'><strong>LEiDilADi</strong></span> <span class='ocrx_word' id='word_1_3' title='bbox 2068 443 2533 499; x_wconf 59' lang='lat' dir='ltr'><strong>LEGDUNENSIS</strong></span> <span class='ocrx_word' id='word_1_4' title='bbox 2571 438 2860 493; x_wconf 60' lang='lat' dir='ltr'><strong>i-Zi’lStlUi’l</strong></span> <span class='ocrx_word' id='word_1_5' title='bbox 3781 441 3869 494; x_wconf 58' lang='lat'><strong>86°</strong></span> 
     </span>
    </p>
   </div>
   <div class='ocr_carea' id='block_1_3' title="bbox 726 551 3878 639">
    <p class='ocr_par' dir='ltr' id='par_1_3' title="bbox 726 551 3878 639">
     <span class='ocr_line' id='line_1_3' title="bbox 726 551 3878 639; baseline -0.006 -14"><span class='ocrx_word' id='word_1_6' title='bbox 726 572 1004 639; x_wconf 73' lang='lat' dir='ltr'><strong>Postquam</strong></span> <span class='ocrx_word' id='word_1_7' title='bbox 1029 577 1202 621; x_wconf 87' lang='lat' dir='ltr'><strong>autem</strong></span> <span class='ocrx_word' id='word_1_8' title='bbox 1232 569 1388 620; x_wconf 88' lang='lat' dir='ltr'><strong>homo</strong></span> <span class='ocrx_word' id='word_1_9' title='bbox 1419 562 1763 618; x_wconf 79' lang='lat' dir='ltr'><strong>renuntianda</strong></span> <span class='ocrx_word' id='word_1_10' title='bbox 1798 561 2004 614; x_wconf 77' lang='lat' dir='ltr'><strong>diabolo</strong></span> <span class='ocrx_word' id='word_1_11' title='bbox 2033 557 2254 611; x_wconf 72' lang='lat' dir='ltr'><strong>exclusit</strong></span> <span class='ocrx_word' id='word_1_12' title='bbox 2281 567 2325 616; x_wconf 71' lang='grc' dir='ltr'>Α</span> <span class='ocrx_word' id='word_1_13' title='bbox 2353 569 2512 606; x_wconf 88' lang='lat' dir='ltr'><strong>unum</strong></span> <span class='ocrx_word' id='word_1_14' title='bbox 2538 553 2698 606; x_wconf 91' lang='lat' dir='ltr'><strong>Deum</strong></span> <span class='ocrx_word' id='word_1_15' title='bbox 2728 551 3058 612; x_wconf 64' lang='lat' dir='ltr'><strong>invisibilea,</strong></span> <span class='ocrx_word' id='word_1_16' title='bbox 3088 552 3241 604; x_wconf 87' lang='lat' dir='ltr'><strong>unius</strong></span> <span class='ocrx_word' id='word_1_17' title='bbox 3268 551 3510 604; x_wconf 74' lang='lat' dir='ltr'><strong>essentia:</strong></span> <span class='ocrx_word' id='word_1_18' title='bbox 3538 559 3596 604; x_wconf 91' lang='lat' dir='ltr'><strong>et</strong></span> <span class='ocrx_word' id='word_1_19' title='bbox 3621 557 3878 619; x_wconf 74' lang='lat' dir='ltr'><strong>potestatis</strong></span> 
     </span>
    </p>
   </div>
   <div class='ocr_carea' id='block_1_4' title="bbox 724 651 2256 728">
    <p class='ocr_par' dir='ltr' id='par_1_4' title="bbox 724 651 2256 728">
     <span class='ocr_line' id='line_1_4' title="bbox 724 651 2256 728; baseline -0.009 -14"><span class='ocrx_word' id='word_1_20' title='bbox 724 663 1005 728; x_wconf 82' lang='lat' dir='ltr'><strong>pessimum</strong></span> <span class='ocrx_word' id='word_1_21' title='bbox 1034 659 1328 710; x_wconf 90' lang='lat' dir='ltr'><strong>invasorem</strong></span> <span class='ocrx_word' id='word_1_22' title='bbox 1347 695 1361 714; x_wconf 90' lang='lat'><strong>,</strong></span> <span class='ocrx_word' id='word_1_23' title='bbox 1387 655 1683 707; x_wconf 89' lang='lat' dir='ltr'><strong>introducat</strong></span> <span class='ocrx_word' id='word_1_24' title='bbox 1708 651 1961 718; x_wconf 87' lang='lat' dir='ltr'><strong>optitnum</strong></span> <span class='ocrx_word' id='word_1_25' title='bbox 1987 663 2256 714; x_wconf 78' lang='lat' dir='ltr'><strong>possesso—</strong></span> 
     </span>
    </p>
   </div>
   <div class='ocr_carea' id='block_1_5' title="bbox 725 763 855 800">
    <p class='ocr_par' dir='ltr' id='par_1_5' title="bbox 725 763 855 800">
     <span class='ocr_line' id='line_1_5' title="bbox 725 763 855 800; baseline -0.008 -1"><span class='ocrx_word' id='word_1_26' title='bbox 725 763 855 800; x_wconf 86' lang='lat' dir='ltr'><strong>rem.</strong></span> 
     </span>
    </p>
   </div>
   <div class='ocr_carea' id='block_1_6' title="bbox 799 821 2255 895">
    <p class='ocr_par' dir='ltr' id='par_1_6' title="bbox 799 821 2255 895">
     <span class='ocr_line' id='line_1_6' title="bbox 799 821 2255 895; baseline -0.008 -11"><span class='ocrx_word' id='word_1_27' title='bbox 799 831 1182 884; x_wconf 82' lang='lat' dir='ltr'><strong>Diii&#39;crt‘autem</strong></span> <span class='ocrx_word' id='word_1_28' title='bbox 1213 831 1347 882; x_wconf 86' lang='lat' dir='ltr'><strong>inter</strong></span> <span class='ocrx_word' id='word_1_29' title='bbox 1369 842 1529 895; x_wconf 75' lang='lat' dir='ltr'><strong>opera</strong></span> <span class='ocrx_word' id='word_1_30' title='bbox 1562 835 1616 879; x_wconf 92' lang='lat' dir='ltr'><strong>et</strong></span> <span class='ocrx_word' id='word_1_31' title='bbox 1655 839 1890 893; x_wconf 81' lang='lat' dir='ltr'><strong>pompas.</strong></span> <span class='ocrx_word' id='word_1_32' title='bbox 1922 823 2091 890; x_wconf 82' lang='lat' dir='ltr'><strong>Opera</strong></span> <span class='ocrx_word' id='word_1_33' title='bbox 2116 821 2255 874; x_wconf 89' lang='lat' dir='ltr'><strong>enim</strong></span> 
     </span>
    </p>
   </div>
   <div class='ocr_carea' id='block_1_7' title="bbox 725 910 2252 983">
    <p class='ocr_par' dir='ltr' id='par_1_7' title="bbox 725 910 2252 983">
     <span class='ocr_line' id='line_1_7' title="bbox 725 910 2252 983; baseline -0.007 -12"><span class='ocrx_word' id='word_1_34' title='bbox 725 919 916 971; x_wconf 82' lang='lat' dir='ltr'><strong>diaboli</strong></span> <span class='ocrx_word' id='word_1_35' title='bbox 961 927 1082 970; x_wconf 91' lang='lat' dir='ltr'><strong>sunt</strong></span> <span class='ocrx_word' id='word_1_36' title='bbox 1121 918 1253 969; x_wconf 89' lang='lat' dir='ltr'><strong>ritus</strong></span> <span class='ocrx_word' id='word_1_37' title='bbox 1284 915 1535 983; x_wconf 87' lang='lat' dir='ltr'><strong>profanus</strong></span> <span class='ocrx_word' id='word_1_38' title='bbox 1568 914 1658 979; x_wconf 89' lang='lat' dir='ltr'><strong>qui</strong></span> <span class='ocrx_word' id='word_1_39' title='bbox 1693 912 1843 965; x_wconf 80' lang='lat' dir='ltr'><strong>idolis</strong></span> <span class='ocrx_word' id='word_1_40' title='bbox 1877 910 2252 971; x_wconf 73' lang='lat' dir='ltr'><strong>exhibebatur;</strong></span> 
     </span>
    </p>
   </div>
   <div class='ocr_carea' id='block_1_8' title="bbox 725 1001 2256 1071">
    <p class='ocr_par' dir='ltr' id='par_1_8' title="bbox 725 1001 2256 1071">
     <span class='ocr_line' id='line_1_8' title="bbox 725 1001 2256 1071; baseline -0.005 -10"><span class='ocrx_word' id='word_1_41' title='bbox 725 1009 910 1061; x_wconf 86' lang='lat' dir='ltr'><strong>deinde</strong></span> <span class='ocrx_word' id='word_1_42' title='bbox 947 1007 1316 1067; x_wconf 89' lang='lat' dir='ltr'><strong>homicidium,</strong></span> <span class='ocrx_word' id='word_1_43' title='bbox 1355 1005 1581 1069; x_wconf 89' lang='lat' dir='ltr'><strong>furtum,</strong></span> <span class='ocrx_word' id='word_1_44' title='bbox 1618 1004 1828 1071; x_wconf 85' lang='lat' dir='ltr'><strong>rapina,</strong></span> <span class='ocrx_word' id='word_1_45' title='bbox 1860 1002 2033 1065; x_wconf 88' lang='lat' dir='ltr'><strong>fraus,</strong></span> <span class='ocrx_word' id='word_1_46' title='bbox 2077 1001 2256 1070; x_wconf 75' lang='lat' dir='ltr'><strong>periu-</strong></span> 
     </span>
    </p>
   </div>
   <div class='ocr_carea' id='block_1_9' title="bbox 727 1083 2256 1158">
    <p class='ocr_par' dir='ltr' id='par_1_9' title="bbox 727 1083 2256 1158">
     <span class='ocr_line' id='line_1_9' title="bbox 727 1083 2256 1158; baseline -0.005 -10"><span class='ocrx_word' id='word_1_47' title='bbox 727 1098 895 1158; x_wconf 89' lang='lat' dir='ltr'><strong>rium,</strong></span> <span class='ocrx_word' id='word_1_48' title='bbox 925 1095 1265 1154; x_wconf 75' lang='lat' dir='ltr'><strong>adulterium,</strong></span> <span class='ocrx_word' id='word_1_49' title='bbox 1292 1093 1608 1155; x_wconf 77' lang='lat' dir='ltr'><strong>inimicitim,</strong></span> <span class='ocrx_word' id='word_1_50' title='bbox 1631 1091 1933 1153; x_wconf 68' lang='lat' dir='ltr'><strong>discordiaa,</strong></span> <span class='ocrx_word' id='word_1_51' title='bbox 1961 1090 2082 1151; x_wconf 77' lang='lat' dir='ltr'><strong>irzn,</strong></span> <span class='ocrx_word' id='word_1_52' title='bbox 2107 1083 2256 1150; x_wconf 65' lang='lat' dir='ltr'><strong>riam,</strong></span> 
     </span>
    </p>
   </div>
   <div class='ocr_carea' id='block_1_10' title="bbox 727 1173 2258 1247">
    <p class='ocr_par' dir='ltr' id='par_1_10' title="bbox 727 1173 2258 1247">
     <span class='ocr_line' id='line_1_10' title="bbox 727 1173 2258 1247; baseline -0.004 -13"><span class='ocrx_word' id='word_1_53' title='bbox 727 1173 1099 1244; x_wconf 74' lang='lat' dir='ltr'><strong>dissensiones,</strong></span> <span class='ocrx_word' id='word_1_54' title='bbox 1125 1191 1177 1234; x_wconf 92' lang='lat' dir='ltr'><strong>et</strong></span> <span class='ocrx_word' id='word_1_55' title='bbox 1203 1191 1389 1236; x_wconf 62' lang='lat' dir='ltr'><strong>caetera</strong></span> <span class='ocrx_word' id='word_1_56' title='bbox 1419 1179 1730 1247; x_wconf 74' lang='lat' dir='ltr'><strong>huiusmodi.</strong></span> <span class='ocrx_word' id='word_1_57' title='bbox 1763 1177 1841 1230; x_wconf 80' lang='lat' dir='ltr'><strong>Ad</strong></span> <span class='ocrx_word' id='word_1_58' title='bbox 1870 1191 2111 1246; x_wconf 88' lang='lat' dir='ltr'><strong>pompam</strong></span> <span class='ocrx_word' id='word_1_59' title='bbox 2133 1189 2258 1228; x_wconf 91' lang='lat' dir='ltr'><strong>vero</strong></span> 
     </span>
    </p>
   </div>
   <div class='ocr_carea' id='block_1_11' title="bbox 729 1265 2262 1337">
    <p class='ocr_par' dir='ltr' id='par_1_11' title="bbox 729 1265 2262 1337">
     <span class='ocr_line' id='line_1_11' title="bbox 729 1265 2262 1337; baseline -0.003 -16"><span class='ocrx_word' id='word_1_60' title='bbox 729 1270 918 1322; x_wconf 88' lang='lat' dir='ltr'><strong>diaboli</strong></span> <span class='ocrx_word' id='word_1_61' title='bbox 951 1271 1210 1337; x_wconf 90' lang='lat' dir='ltr'><strong>pertinent</strong></span> <span class='ocrx_word' id='word_1_62' title='bbox 1233 1268 1530 1337; x_wconf 89' lang='lat' dir='ltr'><strong>spectacula</strong></span> <span class='ocrx_word' id='word_1_63' title='bbox 1549 1309 1562 1328; x_wconf 95' lang='lat'><strong>,</strong></span> <span class='ocrx_word' id='word_1_64' title='bbox 1593 1268 1774 1320; x_wconf 88' lang='lat' dir='ltr'><strong>insana</strong></span> <span class='ocrx_word' id='word_1_65' title='bbox 1809 1265 2026 1334; x_wconf 87' lang='lat' dir='ltr'><strong>gaudia,</strong></span> <span class='ocrx_word' id='word_1_66' title='bbox 2057 1265 2262 1317; x_wconf 87' lang='lat' dir='ltr'><strong>invere-</strong></span> 
     </span>
    </p>
   </div>
   <div class='ocr_carea' id='block_1_12' title="bbox 730 1354 2256 1426">
    <p class='ocr_par' dir='ltr' id='par_1_12' title="bbox 730 1354 2256 1426">
     <span class='ocr_line' id='line_1_12' title="bbox 730 1354 2256 1426; baseline -0.004 -17"><span class='ocrx_word' id='word_1_67' title='bbox 730 1357 929 1409; x_wconf 83' lang='lat' dir='ltr'><strong>cundus</strong></span> <span class='ocrx_word' id='word_1_68' title='bbox 968 1356 1128 1422; x_wconf 83' lang='lat' dir='ltr'><strong>lepor,</strong></span> <span class='ocrx_word' id='word_1_69' title='bbox 1160 1357 1425 1423; x_wconf 66' lang='lat' dir='ltr'><strong>variaeque</strong></span> <span class='ocrx_word' id='word_1_70' title='bbox 1462 1363 1636 1426; x_wconf 81' lang='lat' dir='ltr'><strong>pestes</strong></span> <span class='ocrx_word' id='word_1_71' title='bbox 1675 1354 1948 1408; x_wconf 78' lang='lat' dir='ltr'><strong>lividorum</strong></span> <span class='ocrx_word' id='word_1_72' title='bbox 1993 1366 2256 1406; x_wconf 88' lang='lat' dir='ltr'><strong>sensuum.</strong></span> 
     </span>
    </p>
   </div>
   <div class='ocr_carea' id='block_1_13' title="bbox 732 1437 2263 1509">
    <p class='ocr_par' dir='ltr' id='par_1_13' title="bbox 732 1437 2263 1509">
     <span class='ocr_line' id='line_1_13' title="bbox 732 1437 2263 1509; baseline -0.005 -13"><span class='ocrx_word' id='word_1_73' title='bbox 732 1444 819 1496; x_wconf 86' lang='lat' dir='ltr'><strong>Sic</strong></span> <span class='ocrx_word' id='word_1_74' title='bbox 845 1444 982 1495; x_wconf 84' lang='lat' dir='ltr'><strong>enim</strong></span> <span class='ocrx_word' id='word_1_75' title='bbox 1013 1444 1252 1509; x_wconf 87' lang='lat' dir='ltr'><strong>antiquos</strong></span> <span class='ocrx_word' id='word_1_76' title='bbox 1278 1442 1459 1496; x_wconf 87' lang='lat' dir='ltr'><strong>Patres</strong></span> <span class='ocrx_word' id='word_1_77' title='bbox 1491 1440 1733 1494; x_wconf 84' lang='lat' dir='ltr'><strong>novimus</strong></span> <span class='ocrx_word' id='word_1_78' title='bbox 1759 1441 2069 1509; x_wconf 62' lang='lat' dir='ltr'><strong>praedicasse</strong></span> <span class='ocrx_word' id='word_1_79' title='bbox 2097 1437 2263 1490; x_wconf 83' lang='lat' dir='ltr'><strong>ﬁdeli-</strong></span> 
     </span>
    </p>
   </div>
   <div class='ocr_carea' id='block_1_14' title="bbox 729 1526 2259 1597">
    <p class='ocr_par' dir='ltr' id='par_1_14' title="bbox 729 1526 2259 1597">
     <span class='ocr_line' id='line_1_14' title="bbox 729 1526 2259 1597; baseline -0.003 -16"><span class='ocrx_word' id='word_1_80' title='bbox 729 1531 826 1582; x_wconf 86' lang='lat' dir='ltr'><strong>bus</strong></span> <span class='ocrx_word' id='word_1_81' title='bbox 854 1529 919 1581; x_wconf 90' lang='lat' dir='ltr'><strong>de</strong></span> <span class='ocrx_word' id='word_1_82' title='bbox 940 1530 1144 1596; x_wconf 85' lang='lat' dir='ltr'><strong>pompis</strong></span> <span class='ocrx_word' id='word_1_83' title='bbox 1171 1528 1362 1582; x_wconf 90' lang='lat' dir='ltr'><strong>diaboli</strong></span> <span class='ocrx_word' id='word_1_84' title='bbox 1393 1527 1650 1597; x_wconf 80' lang='lat' dir='ltr'><strong>fugiendis</strong></span> <span class='ocrx_word' id='word_1_85' title='bbox 1683 1545 1696 1579; x_wconf 89' lang='lat'><strong>:</strong></span> <span class='ocrx_word' id='word_1_86' title='bbox 1728 1545 1745 1575; x_wconf 71' lang='grc' dir='ltr'>ι</span> <span class='ocrx_word' id='word_1_87' title='bbox 1778 1526 2025 1579; x_wconf 87' lang='lat' dir='ltr'><strong>Diabolus</strong></span> <span class='ocrx_word' id='word_1_88' title='bbox 2052 1532 2259 1593; x_wconf 88' lang='lat' dir='ltr'><strong>specta-</strong></span> 
     </span>
    </p>
   </div>
   <div class='ocr_carea' id='block_1_15' title="bbox 727 1613 2260 1682">
    <p class='ocr_par' dir='ltr' id='par_1_15' title="bbox 727 1613 2260 1682">
     <span class='ocr_line' id='line_1_15' title="bbox 727 1613 2260 1682; baseline 0.001 -15"><span class='ocrx_word' id='word_1_89' title='bbox 727 1614 960 1667; x_wconf 86' lang='lat' dir='ltr'><strong>culorum</strong></span> <span class='ocrx_word' id='word_1_90' title='bbox 986 1616 1262 1679; x_wconf 80' lang='lat' dir='ltr'><strong>insaniam,</strong></span> <span class='ocrx_word' id='word_1_91' title='bbox 1285 1616 1576 1668; x_wconf 88' lang='lat' dir='ltr'><strong>studiorum</strong></span> <span class='ocrx_word' id='word_1_92' title='bbox 1599 1630 1660 1668; x_wconf 91' lang='lat' dir='ltr'><strong>ac</strong></span> <span class='ocrx_word' id='word_1_93' title='bbox 1683 1615 1910 1682; x_wconf 88' lang='lat' dir='ltr'><strong>turpium</strong></span> <span class='ocrx_word' id='word_1_94' title='bbox 1939 1613 2260 1680; x_wconf 85' lang='lat' dir='ltr'><strong>voluptatum</strong></span> 
     </span>
    </p>
   </div>
   <div class='ocr_carea' id='block_1_16' title="bbox 729 1700 2265 1770">
    <p class='ocr_par' dir='ltr' id='par_1_16' title="bbox 729 1700 2265 1770">
     <span class='ocr_line' id='line_1_16' title="bbox 729 1700 2265 1770; baseline -0.001 -16"><span class='ocrx_word' id='word_1_95' title='bbox 729 1702 1072 1770; x_wconf 89' lang='lat' dir='ltr'><strong>muscipulam</strong></span> <span class='ocrx_word' id='word_1_96' title='bbox 1097 1717 1260 1770; x_wconf 86' lang='lat' dir='ltr'><strong>quare</strong></span> <span class='ocrx_word' id='word_1_97' title='bbox 1284 1702 1564 1770; x_wconf 86' lang='lat' dir='ltr'><strong>proponit?</strong></span> <span class='ocrx_word' id='word_1_98' title='bbox 1590 1702 1691 1755; x_wconf 89' lang='lat' dir='ltr'><strong>nisi</strong></span> <span class='ocrx_word' id='word_1_99' title='bbox 1718 1709 1775 1753; x_wconf 93' lang='lat' dir='ltr'><strong>ut</strong></span> <span class='ocrx_word' id='word_1_100' title='bbox 1805 1702 1886 1754; x_wconf 90' lang='lat' dir='ltr'><strong>his</strong></span> <span class='ocrx_word' id='word_1_101' title='bbox 1909 1700 2265 1754; x_wconf 87' lang='lat' dir='ltr'><strong>delectationi-</strong></span> 
     </span>
    </p>
   </div>
   <div class='ocr_carea' id='block_1_17' title="bbox 728 1789 2262 1858">
    <p class='ocr_par' dir='ltr' id='par_1_17' title="bbox 728 1789 2262 1858">
     <span class='ocr_line' id='line_1_17' title="bbox 728 1789 2262 1858; baseline -0.001 -15"><span class='ocrx_word' id='word_1_102' title='bbox 728 1792 827 1843; x_wconf 92' lang='lat' dir='ltr'><strong>bus</strong></span> <span class='ocrx_word' id='word_1_103' title='bbox 854 1792 1054 1858; x_wconf 89' lang='lat' dir='ltr'><strong>capiat,</strong></span> <span class='ocrx_word' id='word_1_104' title='bbox 1092 1807 1223 1858; x_wconf 86' lang='lat' dir='ltr'><strong>quos</strong></span> <span class='ocrx_word' id='word_1_105' title='bbox 1248 1791 1514 1844; x_wconf 87' lang='lat' dir='ltr'><strong>amiserat.</strong></span> <span class='ocrx_word' id='word_1_106' title='bbox 1543 1791 1744 1858; x_wconf 80' lang='lat' dir='ltr'><strong>Fugite,</strong></span> <span class='ocrx_word' id='word_1_107' title='bbox 1772 1789 2114 1853; x_wconf 85' lang='lat' dir='ltr'><strong>dilectissimi,</strong></span> <span class='ocrx_word' id='word_1_108' title='bbox 2145 1804 2262 1857; x_wconf 88' lang='lat' dir='ltr'><strong>spe-</strong></span> 
     </span>
    </p>
   </div>
   <div class='ocr_carea' id='block_1_18' title="bbox 2355 637 3878 708">
    <p class='ocr_par' dir='ltr' id='par_1_18' title="bbox 2355 637 3878 708">
     <span class='ocr_line' id='line_1_18' title="bbox 2355 637 3878 708; baseline 0.001 -15"><span class='ocrx_word' id='word_1_109' title='bbox 2355 656 2416 692; x_wconf 89' lang='lat' dir='ltr'><strong>ac</strong></span> <span class='ocrx_word' id='word_1_110' title='bbox 2446 639 2874 708; x_wconf 76' lang='lat' dir='ltr'><strong>sempiternitatis</strong></span> <span class='ocrx_word' id='word_1_111' title='bbox 2905 655 2916 689; x_wconf 92' lang='lat'>:</span> <span class='ocrx_word' id='word_1_112' title='bbox 2948 638 3018 689; x_wconf 91' lang='lat' dir='ltr'><strong>ita</strong></span> <span class='ocrx_word' id='word_1_113' title='bbox 3051 645 3127 700; x_wconf 91' lang='lat' dir='ltr'><strong>ut,</strong></span> <span class='ocrx_word' id='word_1_114' title='bbox 3157 637 3374 706; x_wconf 80' lang='lat' dir='ltr'><strong>singulis</strong></span> <span class='ocrx_word' id='word_1_115' title='bbox 3397 651 3748 704; x_wconf 83' lang='lat' dir='ltr'><strong>personatum</strong></span> <span class='ocrx_word' id='word_1_116' title='bbox 3774 656 3878 708; x_wconf 67' lang='lat' dir='ltr'><strong>pm</strong></span> 
     </span>
    </p>
   </div>
   <div class='ocr_carea' id='block_1_19' title="bbox 2354 728 3880 801">
    <p class='ocr_par' dir='ltr' id='par_1_19' title="bbox 2354 728 3880 801">
     <span class='ocr_line' id='line_1_19' title="bbox 2354 728 3880 801; baseline -0.001 -17"><span class='ocrx_word' id='word_1_117' title='bbox 2354 733 2573 801; x_wconf 86' lang='lat' dir='ltr'><strong>prietate</strong></span> <span class='ocrx_word' id='word_1_118' title='bbox 2602 738 2838 793; x_wconf 86' lang='lat' dir='ltr'><strong>servata,</strong></span> <span class='ocrx_word' id='word_1_119' title='bbox 2870 744 2964 782; x_wconf 89' lang='lat' dir='ltr'><strong>nec</strong></span> <span class='ocrx_word' id='word_1_120' title='bbox 2999 728 3410 782; x_wconf 82' lang='lat' dir='ltr'><strong>subslantialiter</strong></span> <span class='ocrx_word' id='word_1_121' title='bbox 3437 728 3676 782; x_wconf 80' lang='lat' dir='ltr'><strong>Trinitas</strong></span> <span class='ocrx_word' id='word_1_122' title='bbox 3713 731 3880 791; x_wconf 86' lang='lat' dir='ltr'><strong>dividi,</strong></span> 
     </span>
    </p>
   </div>
   <div class='ocr_carea' id='block_1_20' title="bbox 2353 817 3883 888">
    <p class='ocr_par' dir='ltr' id='par_1_20' title="bbox 2353 817 3883 888">
     <span class='ocr_line' id='line_1_20' title="bbox 2353 817 3883 888; baseline 0 -15"><span class='ocrx_word' id='word_1_123' title='bbox 2353 835 2448 873; x_wconf 84' lang='lat' dir='ltr'><strong>nec</strong></span> <span class='ocrx_word' id='word_1_124' title='bbox 2495 819 2842 888; x_wconf 85' lang='lat' dir='ltr'><strong>personaliter</strong></span> <span class='ocrx_word' id='word_1_125' title='bbox 2877 820 3064 872; x_wconf 79' lang='lat' dir='ltr'><strong>debeat</strong></span> <span class='ocrx_word' id='word_1_126' title='bbox 3111 819 3325 871; x_wconf 88' lang='lat' dir='ltr'><strong>omnino</strong></span> <span class='ocrx_word' id='word_1_127' title='bbox 3369 817 3639 872; x_wconf 89' lang='lat' dir='ltr'><strong>confundi.</strong></span> <span class='ocrx_word' id='word_1_128' title='bbox 3683 819 3883 873; x_wconf 86' lang='lat' dir='ltr'><strong>Patrem</strong></span> 
     </span>
    </p>
   </div>
   <div class='ocr_carea' id='block_1_21' title="bbox 2353 908 3886 980">
    <p class='ocr_par' dir='ltr' id='par_1_21' title="bbox 2353 908 3886 980">
     <span class='ocr_line' id='line_1_21' title="bbox 2353 908 3886 980; baseline -0.002 -15"><span class='ocrx_word' id='word_1_129' title='bbox 2353 928 2558 980; x_wconf 87' lang='lat' dir='ltr'><strong>quoque</strong></span> <span class='ocrx_word' id='word_1_130' title='bbox 2586 911 2822 966; x_wconf 75' lang='lat' dir='ltr'><strong>confiteri</strong></span> <span class='ocrx_word' id='word_1_131' title='bbox 2851 909 3165 979; x_wconf 88' lang='lat' dir='ltr'><strong>ingenitum,</strong></span> <span class='ocrx_word' id='word_1_132' title='bbox 3201 908 3390 961; x_wconf 81' lang='lat' dir='ltr'><strong>Filium</strong></span> <span class='ocrx_word' id='word_1_133' title='bbox 3426 911 3663 978; x_wconf 81' lang='lat' dir='ltr'><strong>genitum</strong></span> <span class='ocrx_word' id='word_1_134' title='bbox 3685 949 3699 973; x_wconf 95' lang='lat'><strong>,</strong></span> <span class='ocrx_word' id='word_1_135' title='bbox 3731 909 3886 978; x_wconf 85' lang='lat' dir='ltr'><strong>Spiri-</strong></span> 
     </span>
    </p>
   </div>
   <div class='ocr_carea' id='block_1_22' title="bbox 2354 996 3885 1065">
    <p class='ocr_par' dir='ltr' id='par_1_22' title="bbox 2354 996 3885 1065">
     <span class='ocr_line' id='line_1_22' title="bbox 2354 996 3885 1065; baseline -0.005 -11"><span class='ocrx_word' id='word_1_136' title='bbox 2354 1010 2463 1054; x_wconf 88' lang='lat' dir='ltr'><strong>tum</strong></span> <span class='ocrx_word' id='word_1_137' title='bbox 2493 1009 2666 1052; x_wconf 90' lang='lat' dir='ltr'><strong>autem</strong></span> <span class='ocrx_word' id='word_1_138' title='bbox 2689 1007 2928 1052; x_wconf 89' lang='lat' dir='ltr'><strong>sanctum</strong></span> <span class='ocrx_word' id='word_1_139' title='bbox 2957 1012 3054 1050; x_wconf 92' lang='lat' dir='ltr'><strong>nec</strong></span> <span class='ocrx_word' id='word_1_140' title='bbox 3080 996 3308 1065; x_wconf 87' lang='lat' dir='ltr'><strong>genitum</strong></span> <span class='ocrx_word' id='word_1_141' title='bbox 3340 1011 3438 1050; x_wconf 88' lang='lat' dir='ltr'><strong>nec</strong></span> <span class='ocrx_word' id='word_1_142' title='bbox 3465 998 3778 1065; x_wconf 85' lang='lat' dir='ltr'><strong>ingenitum,</strong></span> <span class='ocrx_word' id='word_1_143' title='bbox 3803 999 3885 1050; x_wconf 77' lang='lat' dir='ltr'><strong>sed</strong></span> 
     </span>
    </p>
   </div>
   <div class='ocr_carea' id='block_1_23' title="bbox 2354 1085 3886 1154">
    <p class='ocr_par' dir='ltr' id='par_1_23' title="bbox 2354 1085 3886 1154">
     <span class='ocr_line' id='line_1_23' title="bbox 2354 1085 3886 1154; baseline -0.004 -12"><span class='ocrx_word' id='word_1_144' title='bbox 2354 1104 2415 1142; x_wconf 74' lang='lat' dir='ltr'><strong>cx</strong></span> <span class='ocrx_word' id='word_1_145' title='bbox 2449 1089 2601 1142; x_wconf 85' lang='lat' dir='ltr'><strong>Patre</strong></span> <span class='ocrx_word' id='word_1_146' title='bbox 2628 1095 2682 1140; x_wconf 93' lang='lat' dir='ltr'><strong>et</strong></span> <span class='ocrx_word' id='word_1_147' title='bbox 2713 1087 2844 1141; x_wconf 80' lang='lat' dir='ltr'><strong>Filio</strong></span> <span class='ocrx_word' id='word_1_148' title='bbox 2879 1087 3267 1154; x_wconf 86' lang='lat' dir='ltr'><strong>procedentem.</strong></span> <span class='ocrx_word' id='word_1_149' title='bbox 3308 1085 3495 1138; x_wconf 87' lang='lat' dir='ltr'><strong>Filium</strong></span> <span class='ocrx_word' id='word_1_150' title='bbox 3535 1100 3567 1138; x_wconf 89' lang='lat' dir='ltr'><strong>a</strong></span> <span class='ocrx_word' id='word_1_151' title='bbox 3609 1085 3770 1138; x_wconf 83' lang='lat' dir='ltr'><strong>Patre</strong></span> <span class='ocrx_word' id='word_1_152' title='bbox 3805 1101 3886 1137; x_wconf 80' lang='lat' dir='ltr'><strong>na-</strong></span> 
     </span>
    </p>
   </div>
   <div class='ocr_carea' id='block_1_24' title="bbox 2354 1175 3890 1246">
    <p class='ocr_par' dir='ltr' id='par_1_24' title="bbox 2354 1175 3890 1246">
     <span class='ocr_line' id='line_1_24' title="bbox 2354 1175 3890 1246; baseline -0.003 -14"><span class='ocrx_word' id='word_1_153' title='bbox 2354 1179 2548 1232; x_wconf 89' lang='lat' dir='ltr'><strong>scendo</strong></span> <span class='ocrx_word' id='word_1_154' title='bbox 2593 1178 2907 1246; x_wconf 89' lang='lat' dir='ltr'><strong>procedere,</strong></span> <span class='ocrx_word' id='word_1_155' title='bbox 2955 1175 3209 1244; x_wconf 88' lang='lat' dir='ltr'><strong>Spiritum</strong></span> <span class='ocrx_word' id='word_1_156' title='bbox 3254 1190 3380 1229; x_wconf 88' lang='lat' dir='ltr'><strong>vero</strong></span> <span class='ocrx_word' id='word_1_157' title='bbox 3424 1184 3668 1228; x_wconf 87' lang='lat' dir='ltr'><strong>sanctum</strong></span> <span class='ocrx_word' id='word_1_158' title='bbox 3721 1190 3890 1242; x_wconf 82' lang='lat' dir='ltr'><strong>proce-</strong></span> 
     </span>
    </p>
   </div>
   <div class='ocr_carea' id='block_1_25' title="bbox 2354 1262 3890 1332">
    <p class='ocr_par' dir='ltr' id='par_1_25' title="bbox 2354 1262 3890 1332">
     <span class='ocr_line' id='line_1_25' title="bbox 2354 1262 3890 1332; baseline -0.004 -12"><span class='ocrx_word' id='word_1_159' title='bbox 2354 1266 2526 1320; x_wconf 87' lang='lat' dir='ltr'><strong>dendo</strong></span> <span class='ocrx_word' id='word_1_160' title='bbox 2562 1281 2666 1318; x_wconf 89' lang='lat' dir='ltr'><strong>non</strong></span> <span class='ocrx_word' id='word_1_161' title='bbox 2696 1265 2860 1318; x_wconf 91' lang='lat' dir='ltr'><strong>nasci.</strong></span> <span class='ocrx_word' id='word_1_162' title='bbox 2896 1264 3069 1332; x_wconf 85' lang='lat' dir='ltr'><strong>Ipsum</strong></span> <span class='ocrx_word' id='word_1_163' title='bbox 3108 1278 3318 1330; x_wconf 90' lang='lat' dir='ltr'><strong>quoque</strong></span> <span class='ocrx_word' id='word_1_164' title='bbox 3362 1262 3550 1315; x_wconf 76' lang='lat' dir='ltr'><strong>Filium</strong></span> <span class='ocrx_word' id='word_1_165' title='bbox 3585 1276 3652 1315; x_wconf 73' lang='lat' dir='ltr'><strong>ex</strong></span> <span class='ocrx_word' id='word_1_166' title='bbox 3695 1263 3890 1330; x_wconf 75' lang='lat' dir='ltr'><strong>virgine</strong></span> 
     </span>
    </p>
   </div>
   <div class='ocr_carea' id='block_1_26' title="bbox 2357 1351 3890 1422">
    <p class='ocr_par' dir='ltr' id='par_1_26' title="bbox 2357 1351 3890 1422">
     <span class='ocr_line' id='line_1_26' title="bbox 2357 1351 3890 1422; baseline -0.005 -14"><span class='ocrx_word' id='word_1_167' title='bbox 2357 1356 2469 1408; x_wconf 89' lang='lat' dir='ltr'><strong>sine</strong></span> <span class='ocrx_word' id='word_1_168' title='bbox 2493 1361 2710 1422; x_wconf 91' lang='lat' dir='ltr'><strong>peccato</strong></span> <span class='ocrx_word' id='word_1_169' title='bbox 2729 1353 2995 1406; x_wconf 86' lang='lat' dir='ltr'><strong>hominem</strong></span> <span class='ocrx_word' id='word_1_170' title='bbox 3017 1352 3328 1419; x_wconf 86' lang='lat' dir='ltr'><strong>suscepisse,</strong></span> <span class='ocrx_word' id='word_1_171' title='bbox 3352 1360 3410 1403; x_wconf 91' lang='lat' dir='ltr'><strong>ut</strong></span> <span class='ocrx_word' id='word_1_172' title='bbox 3433 1367 3588 1420; x_wconf 89' lang='lat' dir='ltr'><strong>quem</strong></span> <span class='ocrx_word' id='word_1_173' title='bbox 3613 1351 3726 1404; x_wconf 89' lang='lat' dir='ltr'><strong>sola</strong></span> <span class='ocrx_word' id='word_1_174' title='bbox 3751 1352 3890 1404; x_wconf 90' lang='lat' dir='ltr'><strong>boni-</strong></span> 
     </span>
    </p>
   </div>
   <div class='ocr_carea' id='block_1_27' title="bbox 2357 1438 3889 1508">
    <p class='ocr_par' dir='ltr' id='par_1_27' title="bbox 2357 1438 3889 1508">
     <span class='ocr_line' id='line_1_27' title="bbox 2357 1438 3889 1508; baseline -0.003 -14"><span class='ocrx_word' id='word_1_175' title='bbox 2357 1451 2465 1495; x_wconf 90' lang='lat' dir='ltr'><strong>tate</strong></span> <span class='ocrx_word' id='word_1_176' title='bbox 2490 1449 2779 1503; x_wconf 84' lang='lat' dir='ltr'><strong>creaverat,</strong></span> <span class='ocrx_word' id='word_1_177' title='bbox 2803 1447 2989 1508; x_wconf 86' lang='lat' dir='ltr'><strong>sponte</strong></span> <span class='ocrx_word' id='word_1_178' title='bbox 3013 1439 3214 1507; x_wconf 76' lang='lat' dir='ltr'><strong>lapsura</strong></span> <span class='ocrx_word' id='word_1_179' title='bbox 3241 1438 3656 1492; x_wconf 86' lang='lat' dir='ltr'><strong>misericorditer</strong></span> <span class='ocrx_word' id='word_1_180' title='bbox 3681 1454 3889 1506; x_wconf 84' lang='lat' dir='ltr'><strong>repara-</strong></span> 
     </span>
    </p>
   </div>
   <div class='ocr_carea' id='block_1_28' title="bbox 2359 1527 3892 1593">
    <p class='ocr_par' dir='ltr' id='par_1_28' title="bbox 2359 1527 3892 1593">
     <span class='ocr_line' id='line_1_28' title="bbox 2359 1527 3892 1593; baseline -0.004 -11"><span class='ocrx_word' id='word_1_181' title='bbox 2359 1540 2459 1583; x_wconf 88' lang='lat' dir='ltr'><strong>ret.</strong></span> <span class='ocrx_word' id='word_1_182' title='bbox 2493 1527 2656 1593; x_wconf 87' lang='lat' dir='ltr'><strong>Quem</strong></span> <span class='ocrx_word' id='word_1_183' title='bbox 2679 1529 2938 1583; x_wconf 85' lang='lat' dir='ltr'><strong>veraciter</strong></span> <span class='ocrx_word' id='word_1_184' title='bbox 2965 1527 3270 1582; x_wconf 82' lang='lat' dir='ltr'><strong>crucifixum</strong></span> <span class='ocrx_word' id='word_1_185' title='bbox 3295 1567 3308 1590; x_wconf 91' lang='lat'><strong>,</strong></span> <span class='ocrx_word' id='word_1_186' title='bbox 3337 1535 3392 1579; x_wconf 90' lang='lat' dir='ltr'><strong>et</strong></span> <span class='ocrx_word' id='word_1_187' title='bbox 3420 1527 3574 1580; x_wconf 85' lang='lat' dir='ltr'><strong>tertia</strong></span> <span class='ocrx_word' id='word_1_188' title='bbox 3613 1529 3700 1580; x_wconf 85' lang='lat' dir='ltr'><strong>die</strong></span> <span class='ocrx_word' id='word_1_189' title='bbox 3727 1543 3892 1580; x_wconf 87' lang='lat' dir='ltr'><strong>resur-</strong></span> 
     </span>
    </p>
   </div>
   <div class='ocr_carea' id='block_1_29' title="bbox 2360 1617 3894 1686">
    <p class='ocr_par' dir='ltr' id='par_1_29' title="bbox 2360 1617 3894 1686">
     <span class='ocr_line' id='line_1_29' title="bbox 2360 1617 3894 1686; baseline -0.001 -16"><span class='ocrx_word' id='word_1_190' title='bbox 2360 1620 2585 1679; x_wconf 80' lang='lat' dir='ltr'><strong>rexisse,</strong></span> <span class='ocrx_word' id='word_1_191' title='bbox 2615 1626 2810 1670; x_wconf 90' lang='lat' dir='ltr'><strong>etcum</strong></span> <span class='ocrx_word' id='word_1_192' title='bbox 2837 1617 3021 1671; x_wconf 87' lang='lat' dir='ltr'><strong>eadem</strong></span> <span class='ocrx_word' id='word_1_193' title='bbox 3057 1618 3166 1684; x_wconf 88' lang='lat' dir='ltr'><strong>ipsa</strong></span> <span class='ocrx_word' id='word_1_194' title='bbox 3203 1631 3362 1670; x_wconf 89' lang='lat' dir='ltr'><strong>carne</strong></span> <span class='ocrx_word' id='word_1_195' title='bbox 3397 1617 3692 1686; x_wconf 84' lang='lat' dir='ltr'><strong>glorificata</strong></span> <span class='ocrx_word' id='word_1_196' title='bbox 3719 1633 3894 1671; x_wconf 81' lang='lat' dir='ltr'><strong>ascen-</strong></span> 
     </span>
    </p>
   </div>
   <div class='ocr_carea' id='block_1_30' title="bbox 2359 1703 3893 1771">
    <p class='ocr_par' dir='ltr' id='par_1_30' title="bbox 2359 1703 3893 1771">
     <span class='ocr_line' id='line_1_30' title="bbox 2359 1703 3893 1771; baseline 0 -13"><span class='ocrx_word' id='word_1_197' title='bbox 2359 1706 2499 1758; x_wconf 91' lang='lat' dir='ltr'><strong>disse</strong></span> <span class='ocrx_word' id='word_1_198' title='bbox 2523 1707 2586 1757; x_wconf 88' lang='lat' dir='ltr'><strong>ad</strong></span> <span class='ocrx_word' id='word_1_199' title='bbox 2612 1704 2800 1758; x_wconf 80' lang='lat' dir='ltr'><strong>cmlum</strong></span> <span class='ocrx_word' id='word_1_200' title='bbox 2825 1705 3105 1757; x_wconf 88' lang='lat' dir='ltr'><strong>credimus.</strong></span> <span class='ocrx_word' id='word_1_201' title='bbox 3142 1703 3198 1756; x_wconf 85' lang='lat' dir='ltr'><strong>In</strong></span> <span class='ocrx_word' id='word_1_202' title='bbox 3227 1719 3328 1771; x_wconf 89' lang='lat' dir='ltr'><strong>qua</strong></span> <span class='ocrx_word' id='word_1_203' title='bbox 3365 1719 3527 1758; x_wconf 86' lang='lat' dir='ltr'><strong>came</strong></span> <span class='ocrx_word' id='word_1_204' title='bbox 3555 1705 3620 1757; x_wconf 86' lang='lat' dir='ltr'><strong>ad</strong></span> <span class='ocrx_word' id='word_1_205' title='bbox 3643 1704 3893 1770; x_wconf 87' lang='lat' dir='ltr'><strong>judicium</strong></span> 
     </span>
    </p>
   </div>
   <div class='ocr_carea' id='block_1_31' title="bbox 2361 1793 3894 1860">
    <p class='ocr_par' dir='ltr' id='par_1_31' title="bbox 2361 1793 3894 1860">
     <span class='ocr_line' id='line_1_31' title="bbox 2361 1793 3894 1860; baseline -0.001 -15"><span class='ocrx_word' id='word_1_206' title='bbox 2361 1795 2596 1847; x_wconf 86' lang='lat' dir='ltr'><strong>vivorum</strong></span> <span class='ocrx_word' id='word_1_207' title='bbox 2619 1801 2671 1844; x_wconf 90' lang='lat' dir='ltr'><strong>et</strong></span> <span class='ocrx_word' id='word_1_208' title='bbox 2691 1800 3014 1845; x_wconf 90' lang='lat' dir='ltr'><strong>mortuorum</strong></span> <span class='ocrx_word' id='word_1_209' title='bbox 3033 1799 3370 1859; x_wconf 78' lang='lat' dir='ltr'><strong>exspectatur</strong></span> <span class='ocrx_word' id='word_1_210' title='bbox 3388 1801 3664 1844; x_wconf 90' lang='lat' dir='ltr'><strong>venturus.</strong></span> <span class='ocrx_word' id='word_1_211' title='bbox 3681 1793 3747 1845; x_wconf 80' lang='lat' dir='ltr'><strong>Et</strong></span> <span class='ocrx_word' id='word_1_212' title='bbox 3765 1795 3894 1860; x_wconf 83' lang='lat' dir='ltr'><strong>quod</strong></span> 
     </span>
    </p>
   </div>
   <div class='ocr_carea' id='block_1_32' title="bbox 730 1877 3895 1948">
    <p class='ocr_par' dir='ltr' id='par_1_32' title="bbox 730 1877 3895 1948">
     <span class='ocr_line' id='line_1_32' title="bbox 730 1877 3895 1948; baseline 0.001 -20"><span class='ocrx_word' id='word_1_213' title='bbox 730 1877 930 1930; x_wconf 88' lang='lat' dir='ltr'><strong>ctaeula</strong></span> <span class='ocrx_word' id='word_1_214' title='bbox 956 1917 969 1940; x_wconf 91' lang='lat'><strong>,</strong></span> <span class='ocrx_word' id='word_1_215' title='bbox 1017 1877 1177 1945; x_wconf 80' lang='lat' dir='ltr'><strong>fugite</strong></span> <span class='ocrx_word' id='word_1_216' title='bbox 1211 1893 1399 1932; x_wconf 87' lang='lat' dir='ltr'><strong>caveas</strong></span> <span class='ocrx_word' id='word_1_217' title='bbox 1443 1879 1771 1946; x_wconf 90' lang='lat' dir='ltr'><strong>turpissimas</strong></span> <span class='ocrx_word' id='word_1_218' title='bbox 1809 1877 2033 1941; x_wconf 91' lang='lat' dir='ltr'><strong>diaboli,</strong></span> <span class='ocrx_word' id='word_1_219' title='bbox 2074 1893 2141 1930; x_wconf 90' lang='lat' dir='ltr'><strong>ne</strong></span> <span class='ocrx_word' id='word_1_220' title='bbox 2171 1891 2265 1930; x_wconf 89' lang='lat' dir='ltr'><strong>vos</strong></span> <span class='ocrx_word' id='word_1_221' title='bbox 2293 1877 2338 1934; x_wconf 80' lang='grc' dir='ltr'><strong>Β</strong></span> <span class='ocrx_word' id='word_1_222' title='bbox 2366 1882 2418 1934; x_wconf 89' lang='lat' dir='ltr'><strong>in</strong></span> <span class='ocrx_word' id='word_1_223' title='bbox 2444 1881 2616 1940; x_wconf 83' lang='lat' dir='ltr'><strong>divina</strong></span> <span class='ocrx_word' id='word_1_224' title='bbox 2643 1882 2975 1948; x_wconf 78' lang='lat' dir='ltr'><strong>humanaque</strong></span> <span class='ocrx_word' id='word_1_225' title='bbox 2997 1879 3285 1932; x_wconf 84' lang='lat' dir='ltr'><strong>substantia</strong></span> <span class='ocrx_word' id='word_1_226' title='bbox 3315 1894 3470 1931; x_wconf 89' lang='lat' dir='ltr'><strong>unam</strong></span> <span class='ocrx_word' id='word_1_227' title='bbox 3500 1877 3705 1932; x_wconf 82' lang='lat' dir='ltr'><strong>Christi</strong></span> <span class='ocrx_word' id='word_1_228' title='bbox 3729 1893 3895 1948; x_wconf 75' lang='lat' dir='ltr'><strong>gesta-</strong></span> 
     </span>
    </p>
   </div>
   <div class='ocr_carea' id='block_1_33' title="bbox 729 1964 2264 2035">
    <p class='ocr_par' dir='ltr' id='par_1_33' title="bbox 729 1964 2264 2035">
     <span class='ocr_line' id='line_1_33' title="bbox 729 1964 2264 2035; baseline 0.002 -22"><span class='ocrx_word' id='word_1_229' title='bbox 729 1964 934 2017; x_wconf 86' lang='lat' dir='ltr'><strong>vincula</strong></span> <span class='ocrx_word' id='word_1_230' title='bbox 963 1973 1172 2018; x_wconf 85' lang='lat' dir='ltr'><strong>teneant</strong></span> <span class='ocrx_word' id='word_1_231' title='bbox 1199 1966 1429 2035; x_wconf 86' lang='lat' dir='ltr'><strong>maligni.</strong></span> <span class='ocrx_word' id='word_1_232' title='bbox 1463 1966 1680 2019; x_wconf 81' lang='lat' dir='ltr'><strong>Amator</strong></span> <span class='ocrx_word' id='word_1_233' title='bbox 1709 1973 1789 2019; x_wconf 92' lang='lat' dir='ltr'><strong>est</strong></span> <span class='ocrx_word' id='word_1_234' title='bbox 1817 1966 2077 2033; x_wconf 87' lang='lat' dir='ltr'><strong>quispiam</strong></span> <span class='ocrx_word' id='word_1_235' title='bbox 2106 1965 2264 2017; x_wconf 84' lang='lat' dir='ltr'><strong>circi?</strong></span> 
     </span>
    </p>
   </div>
   <div class='ocr_carea' id='block_1_34' title="bbox 731 2054 2264 2123">
    <p class='ocr_par' dir='ltr' id='par_1_34' title="bbox 731 2054 2264 2123">
     <span class='ocr_line' id='line_1_34' title="bbox 731 2054 2264 2123; baseline 0.001 -17"><span class='ocrx_word' id='word_1_236' title='bbox 731 2054 866 2117; x_wconf 82' lang='lat' dir='ltr'><strong>Quid</strong></span> <span class='ocrx_word' id='word_1_237' title='bbox 894 2055 1119 2108; x_wconf 83' lang='lat' dir='ltr'><strong>delectat</strong></span> <span class='ocrx_word' id='word_1_238' title='bbox 1136 2057 1276 2109; x_wconf 92' lang='lat' dir='ltr'><strong>circo</strong></span> <span class='ocrx_word' id='word_1_239' title='bbox 1295 2057 1505 2123; x_wconf 75' lang='lat' dir='ltr'><strong>aurigas</strong></span> <span class='ocrx_word' id='word_1_240' title='bbox 1529 2057 1708 2109; x_wconf 88' lang='lat' dir='ltr'><strong>videre</strong></span> <span class='ocrx_word' id='word_1_241' title='bbox 1733 2057 2027 2108; x_wconf 87' lang='lat' dir='ltr'><strong>certantes?</strong></span> <span class='ocrx_word' id='word_1_242' title='bbox 2048 2055 2264 2123; x_wconf 89' lang='lat' dir='ltr'><strong>populos</strong></span> 
     </span>
    </p>
   </div>
   <div class='ocr_carea' id='block_1_35' title="bbox 730 2141 2263 2211">
    <p class='ocr_par' dir='ltr' id='par_1_35' title="bbox 730 2141 2263 2211">
     <span class='ocr_line' id='line_1_35' title="bbox 730 2141 2263 2211; baseline 0.001 -18"><span class='ocrx_word' id='word_1_243' title='bbox 730 2141 915 2194; x_wconf 89' lang='lat' dir='ltr'><strong>insana</strong></span> <span class='ocrx_word' id='word_1_244' title='bbox 940 2142 1073 2196; x_wconf 91' lang='lat' dir='ltr'><strong>furia</strong></span> <span class='ocrx_word' id='word_1_245' title='bbox 1102 2143 1448 2195; x_wconf 85' lang='lat' dir='ltr'><strong>anhelantes?</strong></span> <span class='ocrx_word' id='word_1_246' title='bbox 1475 2143 1758 2210; x_wconf 91' lang='lat' dir='ltr'><strong>quemlibet</strong></span> <span class='ocrx_word' id='word_1_247' title='bbox 1777 2142 2152 2211; x_wconf 69' lang='lat' dir='ltr'><strong>prtecedentem</strong></span> <span class='ocrx_word' id='word_1_248' title='bbox 2176 2143 2263 2195; x_wconf 86' lang='lat' dir='ltr'><strong>ad-</strong></span> 
     </span>
    </p>
   </div>
   <div class='ocr_carea' id='block_1_36' title="bbox 735 2230 2266 2314">
    <p class='ocr_par' dir='ltr' id='par_1_36' title="bbox 735 2230 2266 2314">
     <span class='ocr_line' id='line_1_36' title="bbox 735 2230 2266 2314; baseline 0 -33"><span class='ocrx_word' id='word_1_249' title='bbox 735 2231 953 2282; x_wconf 87' lang='lat' dir='ltr'><strong>versarii</strong></span> <span class='ocrx_word' id='word_1_250' title='bbox 983 2231 1063 2314; x_wconf 75' lang='lat' dir='ltr'><strong>sui</strong></span> <span class='ocrx_word' id='word_1_251' title='bbox 1088 2246 1277 2298; x_wconf 90' lang='lat' dir='ltr'><strong>equum</strong></span> <span class='ocrx_word' id='word_1_252' title='bbox 1307 2230 1663 2300; x_wconf 80' lang='lat' dir='ltr'><strong>frangentem?</strong></span> <span class='ocrx_word' id='word_1_253' title='bbox 1694 2231 1795 2284; x_wconf 85' lang='lat' dir='ltr'><strong>ista</strong></span> <span class='ocrx_word' id='word_1_254' title='bbox 1823 2239 1905 2285; x_wconf 91' lang='lat' dir='ltr'><strong>est</strong></span> <span class='ocrx_word' id='word_1_255' title='bbox 1931 2231 2100 2284; x_wconf 92' lang='lat' dir='ltr'><strong>omnis</strong></span> <span class='ocrx_word' id='word_1_256' title='bbox 2127 2231 2266 2284; x_wconf 86' lang='lat' dir='ltr'><strong>delc-</strong></span> 
     </span>
    </p>
   </div>
   <div class='ocr_carea' id='block_1_37' title="bbox 733 2320 2264 2408">
    <p class='ocr_par' dir='ltr' id='par_1_37' title="bbox 733 2320 2264 2408">
     <span class='ocr_line' id='line_1_37' title="bbox 733 2320 2264 2408; baseline -0.001 -34"><span class='ocrx_word' id='word_1_257' title='bbox 733 2321 912 2383; x_wconf 89' lang='lat' dir='ltr'><strong>ctatio,</strong></span> <span class='ocrx_word' id='word_1_258' title='bbox 944 2320 1189 2375; x_wconf 89' lang='lat' dir='ltr'><strong>clamare.</strong></span> <span class='ocrx_word' id='word_1_259' title='bbox 1219 2322 1351 2386; x_wconf 84' lang='lat' dir='ltr'><strong>Quia</strong></span> <span class='ocrx_word' id='word_1_260' title='bbox 1377 2323 1502 2374; x_wconf 88' lang='lat' dir='ltr'><strong>vicit</strong></span> <span class='ocrx_word' id='word_1_261' title='bbox 1530 2323 1580 2374; x_wconf 91' lang='lat' dir='ltr'><strong>in</strong></span> <span class='ocrx_word' id='word_1_262' title='bbox 1607 2320 2041 2408; x_wconf 57' lang='lat' dir='ltr'><strong>tlieati°is..Labes</strong></span> <span class='ocrx_word' id='word_1_263' title='bbox 2059 2335 2264 2374; x_wconf 89' lang='lat' dir='ltr'><strong>morum</strong></span> 
     </span>
    </p>
   </div>
   <div class='ocr_carea' id='block_1_38' title="bbox 732 2407 2267 2478">
    <p class='ocr_par' dir='ltr' id='par_1_38' title="bbox 732 2407 2267 2478">
     <span class='ocr_line' id='line_1_38' title="bbox 732 2407 2267 2478; baseline -0.002 -15"><span class='ocrx_word' id='word_1_264' title='bbox 732 2419 813 2463; x_wconf 82' lang='lat' dir='ltr'><strong>est</strong></span> <span class='ocrx_word' id='word_1_265' title='bbox 839 2411 1040 2462; x_wconf 87' lang='lat' dir='ltr'><strong>discere</strong></span> <span class='ocrx_word' id='word_1_266' title='bbox 1070 2411 1273 2478; x_wconf 90' lang='lat' dir='ltr'><strong>turpia,</strong></span> <span class='ocrx_word' id='word_1_267' title='bbox 1307 2409 1490 2463; x_wconf 90' lang='lat' dir='ltr'><strong>audire</strong></span> <span class='ocrx_word' id='word_1_268' title='bbox 1531 2410 1822 2462; x_wconf 87' lang='lat' dir='ltr'><strong>inhonesta.</strong></span> <span class='ocrx_word' id='word_1_269' title='bbox 1856 2407 2061 2462; x_wconf 90' lang='lat' dir='ltr'><strong>Chorus</strong></span> <span class='ocrx_word' id='word_1_270' title='bbox 2097 2407 2182 2461; x_wconf 91' lang='lat' dir='ltr'><strong>ille</strong></span> <span class='ocrx_word' id='word_1_271' title='bbox 2213 2415 2267 2462; x_wconf 92' lang='lat' dir='ltr'><strong>et</strong></span> 
     </span>
    </p>
   </div>
   <div class='ocr_carea' id='block_1_39' title="bbox 736 2498 2266 2568">
    <p class='ocr_par' dir='ltr' id='par_1_39' title="bbox 736 2498 2266 2568">
     <span class='ocr_line' id='line_1_39' title="bbox 736 2498 2266 2568; baseline 0 -18"><span class='ocrx_word' id='word_1_272' title='bbox 736 2500 908 2550; x_wconf 88' lang='lat' dir='ltr'><strong>cantio</strong></span> <span class='ocrx_word' id='word_1_273' title='bbox 938 2500 1244 2565; x_wconf 88' lang='lat' dir='ltr'><strong>pantomimi</strong></span> <span class='ocrx_word' id='word_1_274' title='bbox 1285 2499 1434 2552; x_wconf 92' lang='lat' dir='ltr'><strong>illicit</strong></span> <span class='ocrx_word' id='word_1_275' title='bbox 1464 2499 1726 2562; x_wconf 90' lang='lat' dir='ltr'><strong>auditum,</strong></span> <span class='ocrx_word' id='word_1_276' title='bbox 1766 2498 1854 2551; x_wconf 88' lang='lat' dir='ltr'><strong>sed</strong></span> <span class='ocrx_word' id='word_1_277' title='bbox 1891 2506 2157 2568; x_wconf 81' lang='lat' dir='ltr'><strong>expugnat</strong></span> <span class='ocrx_word' id='word_1_278' title='bbox 2183 2512 2266 2550; x_wconf 84' lang='lat' dir='ltr'><strong>sa-</strong></span> 
     </span>
    </p>
   </div>
   <div class='ocr_carea' id='block_1_40' title="bbox 735 2585 2266 2654">
    <p class='ocr_par' dir='ltr' id='par_1_40' title="bbox 735 2585 2266 2654">
     <span class='ocr_line' id='line_1_40' title="bbox 735 2585 2266 2654; baseline -0.001 -15"><span class='ocrx_word' id='word_1_279' title='bbox 735 2603 858 2639; x_wconf 84' lang='lat' dir='ltr'><strong>num</strong></span> <span class='ocrx_word' id='word_1_280' title='bbox 889 2585 1152 2638; x_wconf 85' lang='lat' dir='ltr'><strong>affectum.</strong></span> <span class='ocrx_word' id='word_1_281' title='bbox 1190 2587 1450 2654; x_wconf 48' lang='lat' dir='ltr'><strong>{Pompa</strong></span> <span class='ocrx_word' id='word_1_282' title='bbox 1476 2587 1668 2640; x_wconf 90' lang='lat' dir='ltr'><strong>diaboli</strong></span> <span class='ocrx_word' id='word_1_283' title='bbox 1690 2594 1811 2639; x_wconf 91' lang='lat' dir='ltr'><strong>sunt</strong></span> <span class='ocrx_word' id='word_1_284' title='bbox 1838 2600 2054 2653; x_wconf 72' lang='lat' dir='ltr'><strong>qumque</strong></span> <span class='ocrx_word' id='word_1_285' title='bbox 2088 2585 2266 2638; x_wconf 85' lang='lat' dir='ltr'><strong>illicita</strong></span> 
     </span>
    </p>
   </div>
   <div class='ocr_carea' id='block_1_41' title="bbox 733 2675 2262 2742">
    <p class='ocr_par' dir='ltr' id='par_1_41' title="bbox 733 2675 2262 2742">
     <span class='ocr_line' id='line_1_41' title="bbox 733 2675 2262 2742; baseline 0 -16"><span class='ocrx_word' id='word_1_286' title='bbox 733 2675 988 2726; x_wconf 84' lang='lat' dir='ltr'><strong>desideria</strong></span> <span class='ocrx_word' id='word_1_287' title='bbox 1017 2690 1132 2741; x_wconf 71' lang='lat' dir='ltr'><strong>quxe</strong></span> <span class='ocrx_word' id='word_1_288' title='bbox 1175 2683 1387 2742; x_wconf 88' lang='lat' dir='ltr'><strong>turpant</strong></span> <span class='ocrx_word' id='word_1_289' title='bbox 1405 2714 1419 2738; x_wconf 95' lang='lat'><strong>,</strong></span> <span class='ocrx_word' id='word_1_290' title='bbox 1449 2689 1551 2729; x_wconf 92' lang='lat' dir='ltr'><strong>non</strong></span> <span class='ocrx_word' id='word_1_291' title='bbox 1581 2690 1696 2742; x_wconf 73' lang='lat' dir='ltr'><strong>qum</strong></span> <span class='ocrx_word' id='word_1_292' title='bbox 1724 2685 1979 2728; x_wconf 77' lang='lat' dir='ltr'><strong>exomant</strong></span> <span class='ocrx_word' id='word_1_293' title='bbox 2006 2675 2262 2739; x_wconf 91' lang='lat' dir='ltr'><strong>animam;</strong></span> 
     </span>
    </p>
   </div>
   <div class='ocr_carea' id='block_1_42' title="bbox 735 2761 2268 2825">
    <p class='ocr_par' dir='ltr' id='par_1_42' title="bbox 735 2761 2268 2825">
     <span class='ocr_line' id='line_1_42' title="bbox 735 2761 2268 2825; baseline 0.001 -14"><span class='ocrx_word' id='word_1_294' title='bbox 735 2771 792 2812; x_wconf 91' lang='lat' dir='ltr'><strong>ut</strong></span> <span class='ocrx_word' id='word_1_295' title='bbox 815 2768 936 2812; x_wconf 91' lang='lat' dir='ltr'><strong>sunt</strong></span> <span class='ocrx_word' id='word_1_296' title='bbox 961 2761 1218 2815; x_wconf 87' lang='lat' dir='ltr'><strong>desideria</strong></span> <span class='ocrx_word' id='word_1_297' title='bbox 1247 2763 1451 2821; x_wconf 86' lang='lat' dir='ltr'><strong>carnis,</strong></span> <span class='ocrx_word' id='word_1_298' title='bbox 1479 2763 1734 2816; x_wconf 80' lang='lat' dir='ltr'><strong>desideria</strong></span> <span class='ocrx_word' id='word_1_299' title='bbox 1774 2763 2041 2815; x_wconf 87' lang='lat' dir='ltr'><strong>oculorum</strong></span> <span class='ocrx_word' id='word_1_300' title='bbox 2059 2801 2073 2825; x_wconf 95' lang='lat'><strong>,</strong></span> <span class='ocrx_word' id='word_1_301' title='bbox 2102 2761 2268 2813; x_wconf 90' lang='lat' dir='ltr'><strong>ambi-</strong></span> 
     </span>
    </p>
   </div>
   <div class='ocr_carea' id='block_1_43' title="bbox 734 2849 2265 2918">
    <p class='ocr_par' dir='ltr' id='par_1_43' title="bbox 734 2849 2265 2918">
     <span class='ocr_line' id='line_1_43' title="bbox 734 2849 2265 2918; baseline 0.003 -19"><span class='ocrx_word' id='word_1_302' title='bbox 734 2849 902 2900; x_wconf 89' lang='lat' dir='ltr'><strong>tiones</strong></span> <span class='ocrx_word' id='word_1_303' title='bbox 945 2850 1138 2902; x_wconf 67' lang='grc' dir='ltr'><strong>δωροῦ.</strong></span> <span class='ocrx_word' id='word_1_304' title='bbox 1164 2850 1242 2902; x_wconf 84' lang='lat' dir='ltr'><strong>Ad</strong></span> <span class='ocrx_word' id='word_1_305' title='bbox 1279 2852 1748 2918; x_wconf 82' lang='lat' dir='ltr'><strong>concupiscentiam</strong></span> <span class='ocrx_word' id='word_1_306' title='bbox 1772 2852 1948 2903; x_wconf 84' lang='lat' dir='ltr'><strong>carnis</strong></span> <span class='ocrx_word' id='word_1_307' title='bbox 1984 2852 2265 2918; x_wconf 89' lang='lat' dir='ltr'><strong>pertinent,</strong></span> 
     </span>
    </p>
   </div>
   <div class='ocr_carea' id='block_1_44' title="bbox 734 2937 2264 3007">
    <p class='ocr_par' dir='ltr' id='par_1_44' title="bbox 734 2937 2264 3007">
     <span class='ocr_line' id='line_1_44' title="bbox 734 2937 2264 3007; baseline 0.003 -19"><span class='ocrx_word' id='word_1_308' title='bbox 734 2937 1009 2999; x_wconf 67' lang='lat' dir='ltr'><strong>illecebrte,</strong></span> <span class='ocrx_word' id='word_1_309' title='bbox 1040 2939 1360 3006; x_wconf 82' lang='lat' dir='ltr'><strong>voluptates;</strong></span> <span class='ocrx_word' id='word_1_310' title='bbox 1385 2939 1448 2992; x_wconf 87' lang='lat' dir='ltr'><strong>ad</strong></span> <span class='ocrx_word' id='word_1_311' title='bbox 1477 2941 1950 3007; x_wconf 87' lang='lat' dir='ltr'><strong>concupiscentiam</strong></span> <span class='ocrx_word' id='word_1_312' title='bbox 1973 2941 2264 3002; x_wconf 92' lang='lat' dir='ltr'><strong>oculorum,</strong></span> 
     </span>
    </p>
   </div>
   <div class='ocr_carea' id='block_1_45' title="bbox 736 3025 2269 3092">
    <p class='ocr_par' dir='ltr' id='par_1_45' title="bbox 736 3025 2269 3092">
     <span class='ocr_line' id='line_1_45' title="bbox 736 3025 2269 3092; baseline 0.005 -17"><span class='ocrx_word' id='word_1_313' title='bbox 736 3025 1006 3092; x_wconf 75' lang='lat' dir='ltr'><strong>nugacitas</strong></span> <span class='ocrx_word' id='word_1_314' title='bbox 1035 3027 1483 3092; x_wconf 81' lang='lat' dir='ltr'><strong>spectaculorum;</strong></span> <span class='ocrx_word' id='word_1_315' title='bbox 1520 3030 1585 3081; x_wconf 90' lang='lat' dir='ltr'><strong>ad</strong></span> <span class='ocrx_word' id='word_1_316' title='bbox 1612 3029 1948 3083; x_wconf 85' lang='lat' dir='ltr'><strong>ambitionem</strong></span> <span class='ocrx_word' id='word_1_317' title='bbox 1977 3030 2148 3084; x_wconf 58' lang='lat' dir='ltr'><strong>saeculi</strong></span> <span class='ocrx_word' id='word_1_318' title='bbox 2190 3032 2269 3083; x_wconf 88' lang='lat' dir='ltr'><strong>in-</strong></span> 
     </span>
    </p>
   </div>
   <div class='ocr_carea' id='block_1_46' title="bbox 739 3115 2265 3186">
    <p class='ocr_par' dir='ltr' id='par_1_46' title="bbox 739 3115 2265 3186">
     <span class='ocr_line' id='line_1_46' title="bbox 739 3115 2265 3186; baseline 0.005 -23"><span class='ocrx_word' id='word_1_319' title='bbox 739 3126 865 3163; x_wconf 91' lang='lat' dir='ltr'><strong>sana</strong></span> <span class='ocrx_word' id='word_1_320' title='bbox 897 3115 1137 3180; x_wconf 85' lang='lat' dir='ltr'><strong>superbia</strong></span> <span class='ocrx_word' id='word_1_321' title='bbox 1171 3132 1183 3166; x_wconf 90' lang='lat'><strong>:</strong></span> <span class='ocrx_word' id='word_1_322' title='bbox 1217 3115 1302 3167; x_wconf 90' lang='lat' dir='ltr'><strong>ubi</strong></span> <span class='ocrx_word' id='word_1_323' title='bbox 1331 3125 1411 3168; x_wconf 83' lang='lat' dir='ltr'><strong>est</strong></span> <span class='ocrx_word' id='word_1_324' title='bbox 1435 3115 1606 3170; x_wconf 91' lang='lat' dir='ltr'><strong>fumus</strong></span> <span class='ocrx_word' id='word_1_325' title='bbox 1635 3116 1870 3180; x_wconf 87' lang='lat' dir='ltr'><strong>inflatus,</strong></span> <span class='ocrx_word' id='word_1_326' title='bbox 1897 3125 1954 3169; x_wconf 91' lang='lat' dir='ltr'><strong>ut</strong></span> <span class='ocrx_word' id='word_1_327' title='bbox 1989 3119 2145 3171; x_wconf 87' lang='lat' dir='ltr'><strong>homo</strong></span> <span class='ocrx_word' id='word_1_328' title='bbox 2170 3134 2265 3186; x_wconf 88' lang='lat' dir='ltr'><strong>po-</strong></span> 
     </span>
    </p>
   </div>
   <div class='ocr_carea' id='block_1_47' title="bbox 737 3180 2339 3276">
    <p class='ocr_par' dir='ltr' id='par_1_47' title="bbox 737 3180 2339 3276">
     <span class='ocr_line' id='line_1_47' title="bbox 737 3180 2339 3276; baseline 0.006 -26"><span class='ocrx_word' id='word_1_329' title='bbox 737 3199 870 3252; x_wconf 85' lang='lat' dir='ltr'><strong>situs</strong></span> <span class='ocrx_word' id='word_1_330' title='bbox 896 3200 948 3251; x_wconf 90' lang='lat' dir='ltr'><strong>in</strong></span> <span class='ocrx_word' id='word_1_331' title='bbox 974 3200 1144 3266; x_wconf 86' lang='lat' dir='ltr'><strong>aliqua</strong></span> <span class='ocrx_word' id='word_1_332' title='bbox 1173 3210 1451 3268; x_wconf 90' lang='lat' dir='ltr'><strong>potestate,</strong></span> <span class='ocrx_word' id='word_1_333' title='bbox 1476 3203 1736 3256; x_wconf 81' lang='lat' dir='ltr'><strong>heminem</strong></span> <span class='ocrx_word' id='word_1_334' title='bbox 1759 3220 1814 3257; x_wconf 87' lang='lat' dir='ltr'><strong>se</strong></span> <span class='ocrx_word' id='word_1_335' title='bbox 1838 3220 1953 3258; x_wconf 90' lang='lat' dir='ltr'><strong>esse</strong></span> <span class='ocrx_word' id='word_1_336' title='bbox 1982 3221 2085 3258; x_wconf 93' lang='lat' dir='ltr'><strong>non</strong></span> <span class='ocrx_word' id='word_1_337' title='bbox 2110 3180 2270 3276; x_wconf 45' lang='lat' dir='ltr'><strong>ag-nOT</strong></span> <span class='ocrx_word' id='word_1_338' title='bbox 2297 3180 2339 3239; x_wconf 79' lang='lat' dir='ltr'><strong><em>C</em></strong></span> 
     </span>
    </p>
   </div>
   <div class='ocr_carea' id='block_1_48' title="bbox 739 3288 2271 3359">
    <p class='ocr_par' dir='ltr' id='par_1_48' title="bbox 739 3288 2271 3359">
     <span class='ocr_line' id='line_1_48' title="bbox 739 3288 2271 3359; baseline 0.005 -20"><span class='ocrx_word' id='word_1_339' title='bbox 739 3294 872 3347; x_wconf 80' lang='lat' dir='ltr'><strong>seat,</strong></span> <span class='ocrx_word' id='word_1_340' title='bbox 903 3302 1021 3338; x_wconf 90' lang='lat' dir='ltr'><strong>cum</strong></span> <span class='ocrx_word' id='word_1_341' title='bbox 1046 3289 1108 3339; x_wconf 89' lang='lat' dir='ltr'><strong>de</strong></span> <span class='ocrx_word' id='word_1_342' title='bbox 1138 3288 1345 3341; x_wconf 90' lang='lat' dir='ltr'><strong>homine</strong></span> <span class='ocrx_word' id='word_1_343' title='bbox 1371 3290 1588 3358; x_wconf 75' lang='lat' dir='ltr'><strong>iudicat.</strong></span> <span class='ocrx_word' id='word_1_344' title='bbox 1629 3291 1726 3355; x_wconf 92' lang='lat' dir='ltr'><strong>Qui</strong></span> <span class='ocrx_word' id='word_1_345' title='bbox 1755 3292 1863 3343; x_wconf 92' lang='lat' dir='ltr'><strong>vult</strong></span> <span class='ocrx_word' id='word_1_346' title='bbox 1905 3308 2027 3359; x_wconf 89' lang='lat' dir='ltr'><strong>ergo</strong></span> <span class='ocrx_word' id='word_1_347' title='bbox 2060 3293 2271 3346; x_wconf 79' lang='lat' dir='ltr'><strong>vincere</strong></span> 
     </span>
    </p>
   </div>
   <div class='ocr_carea' id='block_1_49' title="bbox 739 3373 2272 3446">
    <p class='ocr_par' dir='ltr' id='par_1_49' title="bbox 739 3373 2272 3446">
     <span class='ocr_line' id='line_1_49' title="bbox 739 3373 2272 3446; baseline 0.006 -23"><span class='ocrx_word' id='word_1_348' title='bbox 739 3373 841 3423; x_wconf 88' lang='lat' dir='ltr'><strong>tria</strong></span> <span class='ocrx_word' id='word_1_349' title='bbox 892 3373 1012 3436; x_wconf 90' lang='lat' dir='ltr'><strong>ista,</strong></span> <span class='ocrx_word' id='word_1_350' title='bbox 1053 3374 1229 3428; x_wconf 82' lang='lat' dir='ltr'><strong>vincat</strong></span> <span class='ocrx_word' id='word_1_351' title='bbox 1267 3391 1382 3442; x_wconf 82' lang='lat' dir='ltr'><strong>quae</strong></span> <span class='ocrx_word' id='word_1_352' title='bbox 1422 3385 1544 3429; x_wconf 91' lang='lat' dir='ltr'><strong>sunt</strong></span> <span class='ocrx_word' id='word_1_353' title='bbox 1579 3377 1630 3428; x_wconf 93' lang='lat' dir='ltr'><strong>in</strong></span> <span class='ocrx_word' id='word_1_354' title='bbox 1674 3378 1867 3431; x_wconf 90' lang='lat' dir='ltr'><strong>mundo</strong></span> <span class='ocrx_word' id='word_1_355' title='bbox 1902 3393 1916 3429; x_wconf 87' lang='lat'><strong>:</strong></span> <span class='ocrx_word' id='word_1_356' title='bbox 1946 3387 1999 3431; x_wconf 89' lang='lat' dir='ltr'><strong>et</strong></span> <span class='ocrx_word' id='word_1_357' title='bbox 2034 3394 2126 3446; x_wconf 91' lang='lat' dir='ltr'><strong>per</strong></span> <span class='ocrx_word' id='word_1_358' title='bbox 2162 3380 2272 3432; x_wconf 73' lang='lat' dir='ltr'><strong>lizec</strong></span> 
     </span>
    </p>
   </div>
   <div class='ocr_carea' id='block_1_50' title="bbox 739 3461 2271 3534">
    <p class='ocr_par' dir='ltr' id='par_1_50' title="bbox 739 3461 2271 3534">
     <span class='ocr_line' id='line_1_50' title="bbox 739 3461 2271 3534; baseline 0.005 -22"><span class='ocrx_word' id='word_1_359' title='bbox 739 3461 882 3512; x_wconf 77' lang='lat' dir='ltr'><strong>illuzn</strong></span> <span class='ocrx_word' id='word_1_360' title='bbox 909 3461 1070 3515; x_wconf 89' lang='lat' dir='ltr'><strong>vincit</strong></span> <span class='ocrx_word' id='word_1_361' title='bbox 1099 3463 1288 3526; x_wconf 87' lang='lat' dir='ltr'><strong>etiam,</strong></span> <span class='ocrx_word' id='word_1_362' title='bbox 1317 3464 1404 3532; x_wconf 86' lang='lat' dir='ltr'><strong>qui</strong></span> <span class='ocrx_word' id='word_1_363' title='bbox 1441 3465 1708 3519; x_wconf 79' lang='lat' dir='ltr'><strong>suadendo</strong></span> <span class='ocrx_word' id='word_1_364' title='bbox 1735 3482 1830 3534; x_wconf 90' lang='lat' dir='ltr'><strong>per</strong></span> <span class='ocrx_word' id='word_1_365' title='bbox 1858 3465 2154 3534; x_wconf 87' lang='lat' dir='ltr'><strong>superbiam</strong></span> <span class='ocrx_word' id='word_1_366' title='bbox 2184 3468 2271 3520; x_wconf 87' lang='lat' dir='ltr'><strong>de-</strong></span> 
     </span>
    </p>
   </div>
   <div class='ocr_carea' id='block_1_51' title="bbox 740 3549 1177 3614">
    <p class='ocr_par' dir='ltr' id='par_1_51' title="bbox 740 3549 1177 3614">
     <span class='ocr_line' id='line_1_51' title="bbox 740 3549 1177 3614; baseline 0.009 -16"><span class='ocrx_word' id='word_1_367' title='bbox 740 3549 878 3614; x_wconf 82' lang='lat' dir='ltr'><strong>cepit</strong></span> <span class='ocrx_word' id='word_1_368' title='bbox 911 3550 1177 3604; x_wconf 88' lang='lat' dir='ltr'><strong>mundum.</strong></span> 
     </span>
    </p>
   </div>
   <div class='ocr_carea' id='block_1_52' title="bbox 1271 3638 1738 3692">
    <p class='ocr_par' dir='ltr' id='par_1_52' title="bbox 1271 3638 1738 3692">
     <span class='ocr_line' id='line_1_52' title="bbox 1271 3638 1738 3692; baseline 0 0"><span class='ocrx_word' id='word_1_369' title='bbox 1271 3638 1564 3692; x_wconf 84' lang='lat' dir='ltr'><strong>CAPUT</strong></span> <span class='ocrx_word' id='word_1_370' title='bbox 1637 3641 1738 3692; x_wconf 86' lang='lat' dir='ltr'><strong>IV.</strong></span> 
     </span>
    </p>
   </div>
   <div class='ocr_carea' id='block_1_53' title="bbox 1320 3724 1673 3794">
    <p class='ocr_par' dir='ltr' id='par_1_53' title="bbox 1320 3724 1673 3794">
     <span class='ocr_line' id='line_1_53' title="bbox 1320 3724 1673 3794; baseline 0.006 -18"><span class='ocrx_word' id='word_1_371' title='bbox 1320 3725 1395 3778; x_wconf 88' lang='lat' dir='ltr'><strong>De</strong></span> <span class='ocrx_word' id='word_1_372' title='bbox 1420 3724 1673 3794; x_wconf 88' lang='lat' dir='ltr'><strong>Symbolo.</strong></span> 
     </span>
    </p>
   </div>
   <div class='ocr_carea' id='block_1_54' title="bbox 813 3811 2276 3886">
    <p class='ocr_par' dir='ltr' id='par_1_54' title="bbox 813 3811 2276 3886">
     <span class='ocr_line' id='line_1_54' title="bbox 813 3811 2276 3886; baseline 0.008 -24"><span class='ocrx_word' id='word_1_373' title='bbox 813 3811 1111 3879; x_wconf 75' lang='lat' dir='ltr'><strong>Symbolum</strong></span> <span class='ocrx_word' id='word_1_374' title='bbox 1143 3814 1352 3878; x_wconf 75' lang='lat' dir='ltr'><strong>Grmce,</strong></span> <span class='ocrx_word' id='word_1_375' title='bbox 1383 3814 1566 3868; x_wconf 88' lang='lat' dir='ltr'><strong>Latine</strong></span> <span class='ocrx_word' id='word_1_376' title='bbox 1591 3831 1714 3870; x_wconf 89' lang='lat' dir='ltr'><strong>vero</strong></span> <span class='ocrx_word' id='word_1_377' title='bbox 1745 3817 2115 3886; x_wconf 88' lang='lat' dir='ltr'><strong>interpretatur</strong></span> <span class='ocrx_word' id='word_1_378' title='bbox 2142 3820 2276 3874; x_wconf 88' lang='lat' dir='ltr'><strong>indi-</strong></span> 
     </span>
    </p>
   </div>
   <div class='ocr_carea' id='block_1_55' title="bbox 743 3901 2272 3974">
    <p class='ocr_par' dir='ltr' id='par_1_55' title="bbox 743 3901 2272 3974">
     <span class='ocr_line' id='line_1_55' title="bbox 743 3901 2272 3974; baseline 0.007 -22"><span class='ocrx_word' id='word_1_379' title='bbox 743 3901 910 3964; x_wconf 89' lang='lat' dir='ltr'><strong>cium,</strong></span> <span class='ocrx_word' id='word_1_380' title='bbox 945 3901 1027 3954; x_wconf 87' lang='lat' dir='ltr'><strong>vel</strong></span> <span class='ocrx_word' id='word_1_381' title='bbox 1051 3902 1287 3967; x_wconf 88' lang='lat' dir='ltr'><strong>collatio;</strong></span> <span class='ocrx_word' id='word_1_382' title='bbox 1337 3905 1438 3957; x_wconf 91' lang='lat' dir='ltr'><strong>hoc</strong></span> <span class='ocrx_word' id='word_1_383' title='bbox 1477 3913 1590 3967; x_wconf 89' lang='lat' dir='ltr'><strong>est,</strong></span> <span class='ocrx_word' id='word_1_384' title='bbox 1624 3905 1771 3970; x_wconf 90' lang='lat' dir='ltr'><strong>Quod</strong></span> <span class='ocrx_word' id='word_1_385' title='bbox 1807 3908 1984 3974; x_wconf 81' lang='lat' dir='ltr'><strong>pluies</strong></span> <span class='ocrx_word' id='word_1_386' title='bbox 2023 3909 2074 3960; x_wconf 90' lang='lat' dir='ltr'><strong>in</strong></span> <span class='ocrx_word' id='word_1_387' title='bbox 2111 3925 2272 3963; x_wconf 89' lang='lat' dir='ltr'><strong>unum</strong></span> 
     </span>
    </p>
   </div>
   <div class='ocr_carea' id='block_1_56' title="bbox 743 3991 2271 4064">
    <p class='ocr_par' dir='ltr' id='par_1_56' title="bbox 743 3991 2271 4064">
     <span class='ocr_line' id='line_1_56' title="bbox 743 3991 2271 4064; baseline 0.006 -21"><span class='ocrx_word' id='word_1_388' title='bbox 743 3991 1035 4045; x_wconf 89' lang='lat' dir='ltr'><strong>conferunt.</strong></span> <span class='ocrx_word' id='word_1_389' title='bbox 1066 3993 1119 4046; x_wconf 87' lang='lat' dir='ltr'><strong>id</strong></span> <span class='ocrx_word' id='word_1_390' title='bbox 1147 3996 1284 4047; x_wconf 91' lang='lat' dir='ltr'><strong>enim</strong></span> <span class='ocrx_word' id='word_1_391' title='bbox 1315 3994 1549 4048; x_wconf 87' lang='lat' dir='ltr'><strong>fecerunt</strong></span> <span class='ocrx_word' id='word_1_392' title='bbox 1572 3996 1790 4064; x_wconf 89' lang='lat' dir='ltr'><strong>apostoli</strong></span> <span class='ocrx_word' id='word_1_393' title='bbox 1817 3997 1868 4049; x_wconf 93' lang='lat' dir='ltr'><strong>in</strong></span> <span class='ocrx_word' id='word_1_394' title='bbox 1905 3998 1986 4049; x_wconf 89' lang='lat' dir='ltr'><strong>his</strong></span> <span class='ocrx_word' id='word_1_395' title='bbox 2018 3999 2271 4052; x_wconf 84' lang='lat' dir='ltr'><strong>sermoni—</strong></span> 
     </span>
    </p>
   </div>
   <div class='ocr_carea' id='block_1_57' title="bbox 744 4077 2271 4152">
    <p class='ocr_par' dir='ltr' id='par_1_57' title="bbox 744 4077 2271 4152">
     <span class='ocr_line' id='line_1_57' title="bbox 744 4077 2271 4152; baseline 0.007 -25"><span class='ocrx_word' id='word_1_396' title='bbox 744 4077 860 4136; x_wconf 85' lang='lat' dir='ltr'><strong>bus,</strong></span> <span class='ocrx_word' id='word_1_397' title='bbox 901 4077 951 4129; x_wconf 90' lang='lat' dir='ltr'><strong>in</strong></span> <span class='ocrx_word' id='word_1_398' title='bbox 985 4093 1145 4130; x_wconf 90' lang='lat' dir='ltr'><strong>unum</strong></span> <span class='ocrx_word' id='word_1_399' title='bbox 1181 4079 1494 4134; x_wconf 88' lang='lat' dir='ltr'><strong>conferendo</strong></span> <span class='ocrx_word' id='word_1_400' title='bbox 1521 4084 1877 4150; x_wconf 77' lang='lat' dir='ltr'><strong>unusquisque</strong></span> <span class='ocrx_word' id='word_1_401' title='bbox 1914 4088 2052 4152; x_wconf 90' lang='lat' dir='ltr'><strong>quod</strong></span> <span class='ocrx_word' id='word_1_402' title='bbox 2090 4086 2271 4139; x_wconf 89' lang='lat' dir='ltr'><strong>sensit.</strong></span> 
     </span>
    </p>
   </div>
   <div class='ocr_carea' id='block_1_58' title="bbox 743 4162 2273 4238">
    <p class='ocr_par' dir='ltr' id='par_1_58' title="bbox 743 4162 2273 4238">
     <span class='ocr_line' id='line_1_58' title="bbox 743 4162 2273 4238; baseline 0.007 -24"><span class='ocrx_word' id='word_1_403' title='bbox 743 4162 994 4216; x_wconf 87' lang='lat' dir='ltr'><strong>Indicium</strong></span> <span class='ocrx_word' id='word_1_404' title='bbox 1023 4173 1198 4218; x_wconf 88' lang='lat' dir='ltr'><strong>autem</strong></span> <span class='ocrx_word' id='word_1_405' title='bbox 1226 4167 1304 4220; x_wconf 91' lang='lat' dir='ltr'><strong>vel</strong></span> <span class='ocrx_word' id='word_1_406' title='bbox 1333 4168 1540 4236; x_wconf 90' lang='lat' dir='ltr'><strong>signum</strong></span> <span class='ocrx_word' id='word_1_407' title='bbox 1575 4168 1772 4221; x_wconf 91' lang='lat' dir='ltr'><strong>idcirco</strong></span> <span class='ocrx_word' id='word_1_408' title='bbox 1817 4170 2025 4232; x_wconf 91' lang='lat' dir='ltr'><strong>dicitur,</strong></span> <span class='ocrx_word' id='word_1_409' title='bbox 2065 4173 2183 4238; x_wconf 88' lang='lat' dir='ltr'><strong>quia</strong></span> <span class='ocrx_word' id='word_1_410' title='bbox 2224 4174 2273 4225; x_wconf 88' lang='lat' dir='ltr'><strong>in</strong></span> 
     </span>
    </p>
   </div>
   <div class='ocr_carea' id='block_1_59' title="bbox 745 4252 2275 4324">
    <p class='ocr_par' dir='ltr' id='par_1_59' title="bbox 745 4252 2275 4324">
     <span class='ocr_line' id='line_1_59' title="bbox 745 4252 2275 4324; baseline 0.007 -22"><span class='ocrx_word' id='word_1_411' title='bbox 745 4252 833 4304; x_wconf 89' lang='lat' dir='ltr'><strong>illo</strong></span> <span class='ocrx_word' id='word_1_412' title='bbox 857 4260 1086 4320; x_wconf 91' lang='lat' dir='ltr'><strong>tempore</strong></span> <span class='ocrx_word' id='word_1_413' title='bbox 1112 4255 1258 4308; x_wconf 92' lang='lat' dir='ltr'><strong>multi</strong></span> <span class='ocrx_word' id='word_1_414' title='bbox 1281 4256 1598 4310; x_wconf 85' lang='lat' dir='ltr'><strong>simulabant</strong></span> <span class='ocrx_word' id='word_1_415' title='bbox 1621 4272 1677 4310; x_wconf 89' lang='lat' dir='ltr'><strong>se</strong></span> <span class='ocrx_word' id='word_1_416' title='bbox 1697 4272 1812 4310; x_wconf 90' lang='lat' dir='ltr'><strong>esse</strong></span> <span class='ocrx_word' id='word_1_417' title='bbox 1840 4259 2102 4324; x_wconf 90' lang='lat' dir='ltr'><strong>apostolos</strong></span> <span class='ocrx_word' id='word_1_418' title='bbox 2124 4259 2275 4313; x_wconf 87' lang='lat' dir='ltr'><strong>Chri-</strong></span> 
     </span>
    </p>
   </div>
   <div class='ocr_carea' id='block_1_60' title="bbox 747 4337 2273 4407">
    <p class='ocr_par' dir='ltr' id='par_1_60' title="bbox 747 4337 2273 4407">
     <span class='ocr_line' id='line_1_60' title="bbox 747 4337 2273 4407; baseline 0.008 -19"><span class='ocrx_word' id='word_1_419' title='bbox 747 4337 831 4397; x_wconf 91' lang='lat' dir='ltr'><strong>sti,</strong></span> <span class='ocrx_word' id='word_1_420' title='bbox 861 4340 1189 4394; x_wconf 87' lang='lat' dir='ltr'><strong>nominantes</strong></span> <span class='ocrx_word' id='word_1_421' title='bbox 1212 4343 1421 4406; x_wconf 90' lang='lat' dir='ltr'><strong>quidem</strong></span> <span class='ocrx_word' id='word_1_422' title='bbox 1444 4343 1732 4407; x_wconf 90' lang='lat' dir='ltr'><strong>Christum,</strong></span> <span class='ocrx_word' id='word_1_423' title='bbox 1757 4344 1847 4397; x_wconf 92' lang='lat' dir='ltr'><strong>sed</strong></span> <span class='ocrx_word' id='word_1_424' title='bbox 1877 4361 1978 4398; x_wconf 88' lang='lat' dir='ltr'><strong>non</strong></span> <span class='ocrx_word' id='word_1_425' title='bbox 2005 4361 2123 4398; x_wconf 89' lang='lat' dir='ltr'><strong>eum</strong></span> <span class='ocrx_word' id='word_1_426' title='bbox 2154 4362 2273 4400; x_wconf 88' lang='lat' dir='ltr'><strong>vera</strong></span> 
     </span>
    </p>
   </div>
   <div class='ocr_carea' id='block_1_61' title="bbox 752 4425 2274 4500">
    <p class='ocr_par' dir='ltr' id='par_1_61' title="bbox 752 4425 2274 4500">
     <span class='ocr_line' id='line_1_61' title="bbox 752 4425 2274 4500; baseline 0.007 -24"><span class='ocrx_word' id='word_1_427' title='bbox 752 4425 853 4477; x_wconf 90' lang='lat' dir='ltr'><strong>fide</strong></span> <span class='ocrx_word' id='word_1_428' title='bbox 883 4427 1200 4481; x_wconf 89' lang='lat' dir='ltr'><strong>nuntiantes.</strong></span> <span class='ocrx_word' id='word_1_429' title='bbox 1233 4429 1428 4483; x_wconf 88' lang='lat' dir='ltr'><strong>Idcirco</strong></span> <span class='ocrx_word' id='word_1_430' title='bbox 1456 4441 1738 4498; x_wconf 91' lang='lat' dir='ltr'><strong>posuerunt</strong></span> <span class='ocrx_word' id='word_1_431' title='bbox 1775 4433 2063 4500; x_wconf 87' lang='lat' dir='ltr'><strong>symbolum</strong></span> <span class='ocrx_word' id='word_1_432' title='bbox 2089 4474 2102 4497; x_wconf 93' lang='lat'><strong>,</strong></span> <span class='ocrx_word' id='word_1_433' title='bbox 2143 4434 2274 4487; x_wconf 88' lang='lat' dir='ltr'><strong>indi-</strong></span> 
     </span>
    </p>
   </div>
   <div class='ocr_carea' id='block_1_62' title="bbox 747 4510 2276 4584">
    <p class='ocr_par' dir='ltr' id='par_1_62' title="bbox 747 4510 2276 4584">
     <span class='ocr_line' id='line_1_62' title="bbox 747 4510 2276 4584; baseline 0.008 -22"><span class='ocrx_word' id='word_1_434' title='bbox 747 4510 884 4562; x_wconf 90' lang='lat' dir='ltr'><strong>cium</strong></span> <span class='ocrx_word' id='word_1_435' title='bbox 922 4527 1016 4579; x_wconf 91' lang='lat' dir='ltr'><strong>per</strong></span> <span class='ocrx_word' id='word_1_436' title='bbox 1056 4513 1190 4582; x_wconf 89' lang='lat' dir='ltr'><strong>quod</strong></span> <span class='ocrx_word' id='word_1_437' title='bbox 1227 4526 1594 4582; x_wconf 75' lang='lat' dir='ltr'><strong>agnosceretur</strong></span> <span class='ocrx_word' id='word_1_438' title='bbox 1629 4518 1673 4571; x_wconf 91' lang='lat' dir='ltr'><strong>is</strong></span> <span class='ocrx_word' id='word_1_439' title='bbox 1721 4519 1809 4584; x_wconf 91' lang='lat' dir='ltr'><strong>qui</strong></span> <span class='ocrx_word' id='word_1_440' title='bbox 1851 4517 2115 4572; x_wconf 87' lang='lat' dir='ltr'><strong>Christum</strong></span> <span class='ocrx_word' id='word_1_441' title='bbox 2154 4536 2276 4574; x_wconf 91' lang='lat' dir='ltr'><strong>vere</strong></span> 
     </span>
    </p>
   </div>
   <div class='ocr_carea' id='block_1_63' title="bbox 749 4599 2275 4674">
    <p class='ocr_par' dir='ltr' id='par_1_63' title="bbox 749 4599 2275 4674">
     <span class='ocr_line' id='line_1_63' title="bbox 749 4599 2275 4674; baseline 0.008 -26"><span class='ocrx_word' id='word_1_442' title='bbox 749 4599 1032 4651; x_wconf 80' lang='lat' dir='ltr'><strong>secundum</strong></span> <span class='ocrx_word' id='word_1_443' title='bbox 1062 4602 1371 4667; x_wconf 87' lang='lat' dir='ltr'><strong>apostolicas</strong></span> <span class='ocrx_word' id='word_1_444' title='bbox 1396 4605 1602 4674; x_wconf 89' lang='lat' dir='ltr'><strong>regulas</strong></span> <span class='ocrx_word' id='word_1_445' title='bbox 1625 4607 1954 4673; x_wconf 71' lang='lat' dir='ltr'><strong>prmdicaret.</strong></span> <span class='ocrx_word' id='word_1_446' title='bbox 1987 4608 2275 4661; x_wconf 81' lang='lat' dir='ltr'><strong>Discessuri</strong></span> 
     </span>
    </p>
   </div>
   <div class='ocr_carea' id='block_1_64' title="bbox 750 4684 2277 4761">
    <p class='ocr_par' dir='ltr' id='par_1_64' title="bbox 750 4684 2277 4761">
     <span class='ocr_line' id='line_1_64' title="bbox 750 4684 2277 4761; baseline 0.01 -27"><span class='ocrx_word' id='word_1_447' title='bbox 750 4684 887 4736; x_wconf 89' lang='lat' dir='ltr'><strong>enim</strong></span> <span class='ocrx_word' id='word_1_448' title='bbox 918 4687 1137 4752; x_wconf 88' lang='lat' dir='ltr'><strong>apostoli</strong></span> <span class='ocrx_word' id='word_1_449' title='bbox 1177 4687 1241 4740; x_wconf 91' lang='lat' dir='ltr'><strong>ad</strong></span> <span class='ocrx_word' id='word_1_450' title='bbox 1285 4691 1742 4759; x_wconf 87' lang='lat' dir='ltr'><strong>evangelizandum</strong></span> <span class='ocrx_word' id='word_1_451' title='bbox 1783 4693 1833 4744; x_wconf 93' lang='lat' dir='ltr'><strong>in</strong></span> <span class='ocrx_word' id='word_1_452' title='bbox 1872 4695 2142 4761; x_wconf 70' lang='lat' dir='ltr'><strong>gentibus,</strong></span> <span class='ocrx_word' id='word_1_453' title='bbox 2179 4696 2277 4749; x_wconf 88' lang='lat' dir='ltr'><strong>hoc</strong></span> 
     </span>
    </p>
   </div>
   <div class='ocr_carea' id='block_1_65' title="bbox 753 4770 2274 4845">
    <p class='ocr_par' dir='ltr' id='par_1_65' title="bbox 753 4770 2274 4845">
     <span class='ocr_line' id='line_1_65' title="bbox 753 4770 2274 4845; baseline 0.008 -25"><span class='ocrx_word' id='word_1_454' title='bbox 753 4770 850 4821; x_wconf 90' lang='lat' dir='ltr'><strong>sibi</strong></span> <span class='ocrx_word' id='word_1_455' title='bbox 893 4771 1274 4839; x_wconf 62' lang='lat' dir='ltr'><strong>praedicationis</strong></span> <span class='ocrx_word' id='word_1_456' title='bbox 1312 4775 1516 4844; x_wconf 89' lang='lat' dir='ltr'><strong>signum</strong></span> <span class='ocrx_word' id='word_1_457' title='bbox 1561 4777 1642 4830; x_wconf 91' lang='lat' dir='ltr'><strong>vel</strong></span> <span class='ocrx_word' id='word_1_458' title='bbox 1689 4778 1936 4830; x_wconf 88' lang='lat' dir='ltr'><strong>indicium</strong></span> <span class='ocrx_word' id='word_1_459' title='bbox 1977 4789 2274 4845; x_wconf 85' lang='lat' dir='ltr'><strong>posuerunt.</strong></span> 
     </span>
    </p>
   </div>
   <div class='ocr_carea' id='block_1_66' title="bbox 755 4859 2276 4923">
    <p class='ocr_par' dir='ltr' id='par_1_66' title="bbox 755 4859 2276 4923">
     <span class='ocr_line' id='line_1_66' title="bbox 755 4859 2276 4923; baseline 0.009 -13"><span class='ocrx_word' id='word_1_460' title='bbox 755 4859 993 4914; x_wconf 88' lang='lat' dir='ltr'><strong>Continet</strong></span> <span class='ocrx_word' id='word_1_461' title='bbox 1016 4871 1190 4916; x_wconf 91' lang='lat' dir='ltr'><strong>autem</strong></span> <span class='ocrx_word' id='word_1_462' title='bbox 1225 4864 1597 4920; x_wconf 86' lang='lat' dir='ltr'><strong>confessionem</strong></span> <span class='ocrx_word' id='word_1_463' title='bbox 1637 4867 1909 4920; x_wconf 88' lang='lat' dir='ltr'><strong>Trinitatis</strong></span> <span class='ocrx_word' id='word_1_464' title='bbox 1937 4878 1990 4920; x_wconf 90' lang='lat' dir='ltr'><strong>et</strong></span> <span class='ocrx_word' id='word_1_465' title='bbox 2025 4870 2276 4923; x_wconf 84' lang='lat' dir='ltr'><strong>unitatem</strong></span> 
     </span>
    </p>
   </div>
   <div class='ocr_carea' id='block_1_67' title="bbox 754 4947 2318 5022">
    <p class='ocr_par' dir='ltr' id='par_1_67' title="bbox 754 4947 2318 5022">
     <span class='ocr_line' id='line_1_67' title="bbox 754 4947 2318 5022; baseline 0.009 -24"><span class='ocrx_word' id='word_1_466' title='bbox 754 4947 1032 5012; x_wconf 69' lang='lat' dir='ltr'><strong>Ecclesiae,</strong></span> <span class='ocrx_word' id='word_1_467' title='bbox 1067 4958 1122 5002; x_wconf 92' lang='lat' dir='ltr'><strong>et</strong></span> <span class='ocrx_word' id='word_1_468' title='bbox 1155 4967 1360 5005; x_wconf 89' lang='lat' dir='ltr'><strong>omnem</strong></span> <span class='ocrx_word' id='word_1_469' title='bbox 1397 4954 1676 5008; x_wconf 88' lang='lat' dir='ltr'><strong>Christiani</strong></span> <span class='ocrx_word' id='word_1_470' title='bbox 1713 4955 1973 5022; x_wconf 87' lang='lat' dir='ltr'><strong>dogmatis</strong></span> <span class='ocrx_word' id='word_1_471' title='bbox 2000 4957 2277 5011; x_wconf 75' lang='lat' dir='ltr'><strong>confessio-</strong></span> <span class='ocrx_word' id='word_1_472' title='bbox 2315 4988 2318 4991; x_wconf 96' lang='lat'><strong><em>-</em></strong></span> 
     </span>
    </p>
   </div>
   <div class='ocr_carea' id='block_1_68' title="bbox 758 5034 2280 5111">
    <p class='ocr_par' dir='ltr' id='par_1_68' title="bbox 758 5034 2280 5111">
     <span class='ocr_line' id='line_1_68' title="bbox 758 5034 2280 5111; baseline 0.007 -24"><span class='ocrx_word' id='word_1_473' title='bbox 758 5049 895 5087; x_wconf 91' lang='lat' dir='ltr'><strong>nem.</strong></span> <span class='ocrx_word' id='word_1_474' title='bbox 927 5034 1070 5099; x_wconf 87' lang='lat' dir='ltr'><strong>Quod</strong></span> <span class='ocrx_word' id='word_1_475' title='bbox 1105 5039 1391 5105; x_wconf 83' lang='lat' dir='ltr'><strong>symbolum</strong></span> <span class='ocrx_word' id='word_1_476' title='bbox 1430 5040 1547 5093; x_wconf 85' lang='lat' dir='ltr'><strong>fidei</strong></span> <span class='ocrx_word' id='word_1_477' title='bbox 1576 5051 1766 5096; x_wconf 64' lang='lat' dir='ltr'><strong>nostrae</strong></span> <span class='ocrx_word' id='word_1_478' title='bbox 1808 5059 1910 5095; x_wconf 80' lang='lat' dir='ltr'><strong>non</strong></span> <span class='ocrx_word' id='word_1_479' title='bbox 1956 5044 2280 5111; x_wconf 89' lang='lat' dir='ltr'><strong>reliquerunt</strong></span> 
     </span>
    </p>
   </div>
   <div class='ocr_carea' id='block_1_69' title="bbox 759 5121 2280 5192">
    <p class='ocr_par' dir='ltr' id='par_1_69' title="bbox 759 5121 2280 5192">
     <span class='ocr_line' id='line_1_69' title="bbox 759 5121 2280 5192; baseline 0.007 -20"><span class='ocrx_word' id='word_1_480' title='bbox 759 5121 975 5187; x_wconf 90' lang='lat' dir='ltr'><strong>apostoli</strong></span> <span class='ocrx_word' id='word_1_481' title='bbox 1003 5123 1250 5190; x_wconf 88' lang='lat' dir='ltr'><strong>scriptum</strong></span> <span class='ocrx_word' id='word_1_482' title='bbox 1278 5133 1568 5179; x_wconf 89' lang='lat' dir='ltr'><strong>atramento</strong></span> <span class='ocrx_word' id='word_1_483' title='bbox 1599 5127 1649 5179; x_wconf 90' lang='lat' dir='ltr'><strong>in</strong></span> <span class='ocrx_word' id='word_1_484' title='bbox 1677 5128 1856 5181; x_wconf 86' lang='lat' dir='ltr'><strong>charta</strong></span> <span class='ocrx_word' id='word_1_485' title='bbox 1878 5167 1892 5192; x_wconf 90' lang='lat'><strong>,</strong></span> <span class='ocrx_word' id='word_1_486' title='bbox 1931 5129 2021 5182; x_wconf 88' lang='lat' dir='ltr'><strong>sed</strong></span> <span class='ocrx_word' id='word_1_487' title='bbox 2052 5131 2103 5180; x_wconf 93' lang='lat' dir='ltr'><strong>in</strong></span> <span class='ocrx_word' id='word_1_488' title='bbox 2134 5130 2280 5182; x_wconf 92' lang='lat' dir='ltr'><strong>tabu-</strong></span> 
     </span>
    </p>
   </div>
   <div class='ocr_carea' id='block_1_70' title="bbox 763 5206 1352 5288">
    <p class='ocr_par' dir='ltr' id='par_1_70' title="bbox 763 5206 1352 5288">
     <span class='ocr_line' id='line_1_70' title="bbox 763 5206 1352 5288; baseline 0.015 -32"><span class='ocrx_word' id='word_1_489' title='bbox 763 5206 825 5259; x_wconf 91' lang='lat' dir='ltr'><strong>lis</strong></span> <span class='ocrx_word' id='word_1_490' title='bbox 845 5209 1017 5288; x_wconf 82' lang='lat' dir='ltr'><strong>cordis</strong></span> <span class='ocrx_word' id='word_1_491' title='bbox 1043 5209 1352 5265; x_wconf 87' lang='lat' dir='ltr'><strong>carnalibus.</strong></span> 
     </span>
    </p>
   </div>
   <div class='ocr_carea' id='block_1_71' title="bbox 1360 5298 1675 5354">
    <p class='ocr_par' dir='ltr' id='par_1_71' title="bbox 1360 5298 1675 5354">
     <span class='ocr_line' id='line_1_71' title="bbox 1360 5298 1675 5354; baseline -0.006 -2"><span class='ocrx_word' id='word_1_492' title='bbox 1360 5298 1577 5354; x_wconf 82' lang='lat' dir='ltr'><strong>CAPUT</strong></span> <span class='ocrx_word' id='word_1_493' title='bbox 1617 5301 1675 5352; x_wconf 72' lang='grc' dir='ltr'><strong>γ.</strong></span> 
     </span>
    </p>
   </div>
   <div class='ocr_carea' id='block_1_72' title="bbox 1306 5385 1740 5466">
    <p class='ocr_par' dir='ltr' id='par_1_72' title="bbox 1306 5385 1740 5466">
     <span class='ocr_line' id='line_1_72' title="bbox 1306 5385 1740 5466; baseline 0 -28"><span class='ocrx_word' id='word_1_494' title='bbox 1306 5385 1378 5438; x_wconf 84' lang='lat' dir='ltr'><strong>De</strong></span> <span class='ocrx_word' id='word_1_495' title='bbox 1429 5386 1740 5466; x_wconf 67' lang='lat' dir='ltr'><strong>credulitgtc.</strong></span> 
     </span>
    </p>
   </div>
   <div class='ocr_carea' id='block_1_73' title="bbox 827 5471 2278 5548">
    <p class='ocr_par' dir='ltr' id='par_1_73' title="bbox 827 5471 2278 5548">
     <span class='ocr_line' id='line_1_73' title="bbox 827 5471 2278 5548; baseline 0.006 -26"><span class='ocrx_word' id='word_1_496' title='bbox 827 5471 949 5524; x_wconf 82' lang='lat' dir='ltr'><strong>l‘est</strong></span> <span class='ocrx_word' id='word_1_497' title='bbox 973 5475 1305 5540; x_wconf 88' lang='lat' dir='ltr'><strong>apostolicum</strong></span> <span class='ocrx_word' id='word_1_498' title='bbox 1327 5477 1617 5545; x_wconf 81' lang='lat' dir='ltr'><strong>symbolum</strong></span> <span class='ocrx_word' id='word_1_499' title='bbox 1643 5481 1931 5532; x_wconf 82' lang='lat' dir='ltr'><strong>certissima</strong></span> <span class='ocrx_word' id='word_1_500' title='bbox 1957 5480 2100 5538; x_wconf 87' lang='lat' dir='ltr'><strong>fides,</strong></span> <span class='ocrx_word' id='word_1_501' title='bbox 2125 5496 2278 5548; x_wconf 85' lang='lat' dir='ltr'><strong>quam</strong></span> 
     </span>
    </p>
   </div>
   <div class='ocr_carea' id='block_1_74' title="bbox 764 5559 2278 5628">
    <p class='ocr_par' dir='ltr' id='par_1_74' title="bbox 764 5559 2278 5628">
     <span class='ocr_line' id='line_1_74' title="bbox 764 5559 2278 5628; baseline 0.009 -21"><span class='ocrx_word' id='word_1_502' title='bbox 764 5559 989 5624; x_wconf 79' lang='lat' dir='ltr'><strong>magistri</strong></span> <span class='ocrx_word' id='word_1_503' title='bbox 1031 5561 1378 5614; x_wconf 81' lang='lat' dir='ltr'><strong>Ecclesiurum</strong></span> <span class='ocrx_word' id='word_1_504' title='bbox 1421 5565 1777 5625; x_wconf 86' lang='lat' dir='ltr'><strong>tradiderunt,</strong></span> <span class='ocrx_word' id='word_1_505' title='bbox 1813 5567 1921 5618; x_wconf 65' lang='lat' dir='ltr'><strong>haec</strong></span> <span class='ocrx_word' id='word_1_506' title='bbox 1949 5576 2027 5618; x_wconf 86' lang='lat' dir='ltr'><strong>est</strong></span> <span class='ocrx_word' id='word_1_507' title='bbox 2063 5567 2278 5628; x_wconf 86' lang='lat' dir='ltr'><strong>scilicet,</strong></span> 
     </span>
    </p>
   </div>
   <div class='ocr_carea' id='block_1_75' title="bbox 765 5647 2277 5720">
    <p class='ocr_par' dir='ltr' id='par_1_75' title="bbox 765 5647 2277 5720">
     <span class='ocr_line' id='line_1_75' title="bbox 765 5647 2277 5720; baseline 0.007 -26"><span class='ocrx_word' id='word_1_508' title='bbox 765 5651 816 5695; x_wconf 79' lang='lat' dir='ltr'><strong>ut</strong></span> <span class='ocrx_word' id='word_1_509' title='bbox 846 5647 1142 5711; x_wconf 80' lang='lat' dir='ltr'><strong>profiteatur</strong></span> <span class='ocrx_word' id='word_1_510' title='bbox 1164 5648 1366 5703; x_wconf 83' lang='lat' dir='ltr'><strong>Patrem</strong></span> <span class='ocrx_word' id='word_1_511' title='bbox 1396 5661 1440 5703; x_wconf 87' lang='lat' dir='ltr'><strong>ct</strong></span> <span class='ocrx_word' id='word_1_512' title='bbox 1473 5653 1660 5706; x_wconf 76' lang='lat' dir='ltr'><strong>Filium</strong></span> <span class='ocrx_word' id='word_1_513' title='bbox 1683 5663 1732 5707; x_wconf 86' lang='lat' dir='ltr'><strong>et</strong></span> <span class='ocrx_word' id='word_1_514' title='bbox 1763 5654 2011 5720; x_wconf 78' lang='lat' dir='ltr'><strong>Spiritum</strong></span> <span class='ocrx_word' id='word_1_515' title='bbox 2042 5665 2277 5707; x_wconf 82' lang='lat' dir='ltr'><strong>sanctum</strong></span> 
     </span>
    </p>
   </div>
   <div class='ocr_carea' id='block_1_76' title="bbox 2361 1967 3895 2038">
    <p class='ocr_par' dir='ltr' id='par_1_76' title="bbox 2361 1967 3895 2038">
     <span class='ocr_line' id='line_1_76' title="bbox 2361 1967 3895 2038; baseline -0.003 -15"><span class='ocrx_word' id='word_1_516' title='bbox 2361 1971 2494 2024; x_wconf 91' lang='lat' dir='ltr'><strong>verit</strong></span> <span class='ocrx_word' id='word_1_517' title='bbox 2521 1983 2796 2038; x_wconf 84' lang='lat' dir='ltr'><strong>personam</strong></span> <span class='ocrx_word' id='word_1_518' title='bbox 2825 1987 2836 2020; x_wconf 88' lang='lat'><strong>:</strong></span> <span class='ocrx_word' id='word_1_519' title='bbox 2862 1984 3018 2036; x_wconf 87' lang='lat' dir='ltr'><strong>quam</strong></span> <span class='ocrx_word' id='word_1_520' title='bbox 3048 1983 3146 2020; x_wconf 91' lang='lat' dir='ltr'><strong>non</strong></span> <span class='ocrx_word' id='word_1_521' title='bbox 3174 1967 3457 2036; x_wconf 83' lang='lat' dir='ltr'><strong>geminavit</strong></span> <span class='ocrx_word' id='word_1_522' title='bbox 3477 1969 3756 2035; x_wconf 87' lang='lat' dir='ltr'><strong>utriusque</strong></span> <span class='ocrx_word' id='word_1_523' title='bbox 3783 1973 3895 2021; x_wconf 68' lang='lat' dir='ltr'><strong>sub-</strong></span> 
     </span>
    </p>
   </div>
   <div class='ocr_carea' id='block_1_77' title="bbox 2361 2043 3892 2122">
    <p class='ocr_par' dir='ltr' id='par_1_77' title="bbox 2361 2043 3892 2122">
     <span class='ocr_line' id='line_1_77' title="bbox 2361 2043 3892 2122; baseline -0.003 -13"><span class='ocrx_word' id='word_1_524' title='bbox 2361 2056 2564 2109; x_wconf 65' lang='lat' dir='ltr'><strong>stantiae</strong></span> <span class='ocrx_word' id='word_1_525' title='bbox 2615 2055 2942 2122; x_wconf 74' lang='lat' dir='ltr'><strong>integritate,</strong></span> <span class='ocrx_word' id='word_1_526' title='bbox 2979 2043 3128 2106; x_wconf 26' lang='lat' dir='ltr'><strong>‘sicut</strong></span> <span class='ocrx_word' id='word_1_527' title='bbox 3175 2068 3275 2106; x_wconf 90' lang='lat' dir='ltr'><strong>non</strong></span> <span class='ocrx_word' id='word_1_528' title='bbox 3321 2053 3595 2108; x_wconf 90' lang='lat' dir='ltr'><strong>confundit</strong></span> <span class='ocrx_word' id='word_1_529' title='bbox 3638 2055 3892 2122; x_wconf 83' lang='lat' dir='ltr'><strong>geminam</strong></span> 
     </span>
    </p>
   </div>
   <div class='ocr_carea' id='block_1_78' title="bbox 2362 2144 3221 2210">
    <p class='ocr_par' dir='ltr' id='par_1_78' title="bbox 2362 2144 3221 2210">
     <span class='ocr_line' id='line_1_78' title="bbox 2362 2144 3221 2210; baseline -0.002 -14"><span class='ocrx_word' id='word_1_530' title='bbox 2362 2144 2708 2196; x_wconf 83' lang='lat' dir='ltr'><strong>substantiam</strong></span> <span class='ocrx_word' id='word_1_531' title='bbox 2739 2158 2973 2210; x_wconf 77' lang='lat' dir='ltr'><strong>persona:</strong></span> <span class='ocrx_word' id='word_1_532' title='bbox 3003 2145 3221 2196; x_wconf 85' lang='lat' dir='ltr'><strong>unitate.</strong></span> 
     </span>
    </p>
   </div>
   <div class='ocr_carea' id='block_1_79' title="bbox 2430 2233 3896 2300">
    <p class='ocr_par' dir='ltr' id='par_1_79' title="bbox 2430 2233 3896 2300">
     <span class='ocr_line' id='line_1_79' title="bbox 2430 2233 3896 2300; baseline 0.003 -17"><span class='ocrx_word' id='word_1_533' title='bbox 2430 2233 2554 2285; x_wconf 87' lang='lat' dir='ltr'><strong>Post</strong></span> <span class='ocrx_word' id='word_1_534' title='bbox 2587 2233 2997 2285; x_wconf 88' lang='lat' dir='ltr'><strong>incarnationem</strong></span> <span class='ocrx_word' id='word_1_535' title='bbox 3037 2241 3092 2285; x_wconf 91' lang='lat' dir='ltr'><strong>et</strong></span> <span class='ocrx_word' id='word_1_536' title='bbox 3123 2233 3418 2298; x_wconf 88' lang='lat' dir='ltr'><strong>passionem</strong></span> <span class='ocrx_word' id='word_1_537' title='bbox 3465 2242 3627 2300; x_wconf 90' lang='lat' dir='ltr'><strong>atque</strong></span> <span class='ocrx_word' id='word_1_538' title='bbox 3671 2249 3896 2287; x_wconf 84' lang='lat' dir='ltr'><strong>resurre—</strong></span> 
     </span>
    </p>
   </div>
   <div class='ocr_carea' id='block_1_80' title="bbox 2363 2321 3894 2394">
    <p class='ocr_par' dir='ltr' id='par_1_80' title="bbox 2363 2321 3894 2394">
     <span class='ocr_line' id='line_1_80' title="bbox 2363 2321 3894 2394; baseline 0.002 -21"><span class='ocrx_word' id='word_1_539' title='bbox 2363 2321 2588 2373; x_wconf 88' lang='lat' dir='ltr'><strong>ctionem</strong></span> <span class='ocrx_word' id='word_1_540' title='bbox 2615 2322 2839 2385; x_wconf 87' lang='lat' dir='ltr'><strong>Christi,</strong></span> <span class='ocrx_word' id='word_1_541' title='bbox 2868 2323 3119 2390; x_wconf 87' lang='lat' dir='ltr'><strong>sequitur,</strong></span> <span class='ocrx_word' id='word_1_542' title='bbox 3155 2323 3204 2374; x_wconf 92' lang='lat' dir='ltr'><strong>in</strong></span> <span class='ocrx_word' id='word_1_543' title='bbox 3235 2321 3485 2394; x_wconf 85' lang='lat' dir='ltr'><strong>Symbolo</strong></span> <span class='ocrx_word' id='word_1_544' title='bbox 3515 2325 3894 2377; x_wconf 84' lang='lat' dir='ltr'><strong>commendatio</strong></span> 
     </span>
    </p>
   </div>
   <div class='ocr_carea' id='block_1_81' title="bbox 2316 2407 3897 2474">
    <p class='ocr_par' dir='ltr' id='par_1_81' title="bbox 2316 2407 3897 2474">
     <span class='ocr_line' id='line_1_81' title="bbox 2316 2407 3897 2474; baseline 0.001 -14"><span class='ocrx_word' id='word_1_545' title='bbox 2316 2463 2327 2472; x_wconf 60' lang='grc'><em>,</em></span> <span class='ocrx_word' id='word_1_546' title='bbox 2363 2419 2552 2461; x_wconf 73' lang='grc' dir='ltr'><strong>εαηστιε</strong></span> <span class='ocrx_word' id='word_1_547' title='bbox 2597 2407 2838 2461; x_wconf 69' lang='lat' dir='ltr'><strong>Ecclesia:</strong></span> <span class='ocrx_word' id='word_1_548' title='bbox 2878 2409 3158 2462; x_wconf 64' lang='lat' dir='ltr'><strong>catholicae.</strong></span> <span class='ocrx_word' id='word_1_549' title='bbox 3209 2408 3340 2474; x_wconf 87' lang='lat' dir='ltr'><strong>Quia</strong></span> <span class='ocrx_word' id='word_1_550' title='bbox 3389 2411 3784 2464; x_wconf 84' lang='lat' dir='ltr'><strong>demonstratus</strong></span> <span class='ocrx_word' id='word_1_551' title='bbox 3826 2421 3897 2463; x_wconf 69' lang='lat' dir='ltr'><strong>est</strong></span> 
     </span>
    </p>
   </div>
   <div class='ocr_carea' id='block_1_82' title="bbox 2365 2497 3896 2567">
    <p class='ocr_par' dir='ltr' id='par_1_82' title="bbox 2365 2497 3896 2567">
     <span class='ocr_line' id='line_1_82' title="bbox 2365 2497 3896 2567; baseline 0.001 -18"><span class='ocrx_word' id='word_1_552' title='bbox 2365 2497 2518 2560; x_wconf 89' lang='lat' dir='ltr'><strong>Deus,</strong></span> <span class='ocrx_word' id='word_1_553' title='bbox 2551 2498 2940 2551; x_wconf 87' lang='lat' dir='ltr'><strong>demonstretur</strong></span> <span class='ocrx_word' id='word_1_554' title='bbox 2963 2506 3017 2550; x_wconf 90' lang='lat' dir='ltr'><strong>et</strong></span> <span class='ocrx_word' id='word_1_555' title='bbox 3045 2498 3293 2567; x_wconf 87' lang='lat' dir='ltr'><strong>templum</strong></span> <span class='ocrx_word' id='word_1_556' title='bbox 3323 2498 3507 2566; x_wconf 88' lang='lat' dir='ltr'><strong>ipsius,</strong></span> <span class='ocrx_word' id='word_1_557' title='bbox 3533 2501 3677 2566; x_wconf 90' lang='lat' dir='ltr'><strong>quod</strong></span> <span class='ocrx_word' id='word_1_558' title='bbox 3703 2509 3783 2552; x_wconf 89' lang='lat' dir='ltr'><strong>est</strong></span> <span class='ocrx_word' id='word_1_559' title='bbox 3812 2499 3896 2550; x_wconf 69' lang='lat' dir='ltr'><strong>Ec-</strong></span> 
     </span>
    </p>
   </div>
   <div class='ocr_carea' id='block_1_83' title="bbox 2365 2585 3898 2648">
    <p class='ocr_par' dir='ltr' id='par_1_83' title="bbox 2365 2585 3898 2648">
     <span class='ocr_line' id='line_1_83' title="bbox 2365 2585 3898 2648; baseline -0.002 -10"><span class='ocrx_word' id='word_1_560' title='bbox 2365 2585 2550 2646; x_wconf 90' lang='lat' dir='ltr'><strong>clesia,</strong></span> <span class='ocrx_word' id='word_1_561' title='bbox 2584 2593 2796 2646; x_wconf 85' lang='lat' dir='ltr'><strong>sancta,</strong></span> <span class='ocrx_word' id='word_1_562' title='bbox 2827 2599 2962 2646; x_wconf 91' lang='lat' dir='ltr'><strong>una,</strong></span> <span class='ocrx_word' id='word_1_563' title='bbox 2993 2599 3146 2648; x_wconf 88' lang='lat' dir='ltr'><strong>vera,</strong></span> <span class='ocrx_word' id='word_1_564' title='bbox 3183 2585 3470 2647; x_wconf 89' lang='lat' dir='ltr'><strong>catholica,</strong></span> <span class='ocrx_word' id='word_1_565' title='bbox 3511 2594 3698 2637; x_wconf 90' lang='lat' dir='ltr'><strong>contra</strong></span> <span class='ocrx_word' id='word_1_566' title='bbox 3729 2600 3898 2637; x_wconf 78' lang='lat' dir='ltr'><strong>omnes</strong></span> 
     </span>
    </p>
   </div>
   <div class='ocr_carea' id='block_1_84' title="bbox 2367 2672 3897 2742">
    <p class='ocr_par' dir='ltr' id='par_1_84' title="bbox 2367 2672 3897 2742">
     <span class='ocr_line' id='line_1_84' title="bbox 2367 2672 3897 2742; baseline -0.001 -18"><span class='ocrx_word' id='word_1_567' title='bbox 2367 2673 2593 2725; x_wconf 69' lang='lat' dir='ltr'><strong>haereses</strong></span> <span class='ocrx_word' id='word_1_568' title='bbox 2619 2686 2874 2738; x_wconf 83' lang='lat' dir='ltr'><strong>pugnans,</strong></span> <span class='ocrx_word' id='word_1_569' title='bbox 2899 2686 3161 2740; x_wconf 83' lang='lat' dir='ltr'><strong>nunquam</strong></span> <span class='ocrx_word' id='word_1_570' title='bbox 3182 2680 3498 2742; x_wconf 84' lang='lat' dir='ltr'><strong>expugnata.</strong></span> <span class='ocrx_word' id='word_1_571' title='bbox 3532 2672 3776 2726; x_wconf 73' lang='lat' dir='ltr'><strong>llmrescs</strong></span> <span class='ocrx_word' id='word_1_572' title='bbox 3797 2687 3897 2724; x_wconf 90' lang='lat' dir='ltr'><strong>om-</strong></span> 
     </span>
    </p>
   </div>
   <div class='ocr_carea' id='block_1_85' title="bbox 2366 2759 3897 2828">
    <p class='ocr_par' dir='ltr' id='par_1_85' title="bbox 2366 2759 3897 2828">
     <span class='ocr_line' id='line_1_85' title="bbox 2366 2759 3897 2828; baseline 0.001 -18"><span class='ocrx_word' id='word_1_573' title='bbox 2366 2772 2460 2811; x_wconf 90' lang='lat' dir='ltr'><strong>nes</strong></span> <span class='ocrx_word' id='word_1_574' title='bbox 2501 2760 2563 2812; x_wconf 85' lang='lat' dir='ltr'><strong>de</strong></span> <span class='ocrx_word' id='word_1_575' title='bbox 2597 2759 2683 2810; x_wconf 89' lang='lat' dir='ltr'><strong>illa</strong></span> <span class='ocrx_word' id='word_1_576' title='bbox 2719 2760 2987 2822; x_wconf 73' lang='lat' dir='ltr'><strong>exierunt,</strong></span> <span class='ocrx_word' id='word_1_577' title='bbox 3025 2768 3269 2828; x_wconf 86' lang='lat' dir='ltr'><strong>tanquam</strong></span> <span class='ocrx_word' id='word_1_578' title='bbox 3309 2772 3577 2814; x_wconf 84' lang='lat' dir='ltr'><strong>sarmenta</strong></span> <span class='ocrx_word' id='word_1_579' title='bbox 3609 2762 3813 2814; x_wconf 86' lang='lat' dir='ltr'><strong>inutilia</strong></span> <span class='ocrx_word' id='word_1_580' title='bbox 3842 2763 3897 2812; x_wconf 83' lang='lat' dir='ltr'><strong>de</strong></span> 
     </span>
    </p>
   </div>
   <div class='ocr_carea' id='block_1_86' title="bbox 2366 2847 3895 2921">
    <p class='ocr_par' dir='ltr' id='par_1_86' title="bbox 2366 2847 3895 2921">
     <span class='ocr_line' id='line_1_86' title="bbox 2366 2847 3895 2921; baseline 0 -23"><span class='ocrx_word' id='word_1_581' title='bbox 2366 2847 2471 2899; x_wconf 84' lang='lat' dir='ltr'><strong>vite</strong></span> <span class='ocrx_word' id='word_1_582' title='bbox 2512 2847 2726 2921; x_wconf 74' lang='lat' dir='ltr'><strong>prmcisa</strong></span> <span class='ocrx_word' id='word_1_583' title='bbox 2776 2865 2788 2897; x_wconf 90' lang='lat'><strong>:</strong></span> <span class='ocrx_word' id='word_1_584' title='bbox 2837 2848 2947 2915; x_wconf 88' lang='lat' dir='ltr'><strong>ipsa</strong></span> <span class='ocrx_word' id='word_1_585' title='bbox 2993 2859 3164 2901; x_wconf 91' lang='lat' dir='ltr'><strong>autem</strong></span> <span class='ocrx_word' id='word_1_586' title='bbox 3205 2858 3380 2902; x_wconf 89' lang='lat' dir='ltr'><strong>manet</strong></span> <span class='ocrx_word' id='word_1_587' title='bbox 3414 2849 3466 2900; x_wconf 88' lang='lat' dir='ltr'><strong>in</strong></span> <span class='ocrx_word' id='word_1_588' title='bbox 3508 2850 3685 2903; x_wconf 88' lang='lat' dir='ltr'><strong>radice</strong></span> <span class='ocrx_word' id='word_1_589' title='bbox 3714 2865 3821 2908; x_wconf 88' lang='lat' dir='ltr'><strong>sua,</strong></span> <span class='ocrx_word' id='word_1_590' title='bbox 3853 2851 3895 2900; x_wconf 85' lang='lat' dir='ltr'><strong>in</strong></span> 
     </span>
    </p>
   </div>
   <div class='ocr_carea' id='block_1_87' title="bbox 2366 2933 3898 3003">
    <p class='ocr_par' dir='ltr' id='par_1_87' title="bbox 2366 2933 3898 3003">
     <span class='ocr_line' id='line_1_87' title="bbox 2366 2933 3898 3003; baseline 0.003 -19"><span class='ocrx_word' id='word_1_591' title='bbox 2366 2933 2470 2985; x_wconf 85' lang='lat' dir='ltr'><strong>vite</strong></span> <span class='ocrx_word' id='word_1_592' title='bbox 2500 2949 2614 2995; x_wconf 89' lang='lat' dir='ltr'><strong>sua,</strong></span> <span class='ocrx_word' id='word_1_593' title='bbox 2643 2934 2692 2985; x_wconf 86' lang='lat' dir='ltr'><strong>in</strong></span> <span class='ocrx_word' id='word_1_594' title='bbox 2715 2935 2970 2989; x_wconf 88' lang='lat' dir='ltr'><strong>charitate</strong></span> <span class='ocrx_word' id='word_1_595' title='bbox 2995 2951 3107 2999; x_wconf 86' lang='lat' dir='ltr'><strong>sua,</strong></span> <span class='ocrx_word' id='word_1_596' title='bbox 3129 2943 3186 2990; x_wconf 90' lang='lat' dir='ltr'><strong>et</strong></span> <span class='ocrx_word' id='word_1_597' title='bbox 3207 2944 3370 3003; x_wconf 77' lang='lat' dir='ltr'><strong>porta:</strong></span> <span class='ocrx_word' id='word_1_598' title='bbox 3395 2935 3547 2989; x_wconf 87' lang='lat' dir='ltr'><strong>inferi</strong></span> <span class='ocrx_word' id='word_1_599' title='bbox 3574 2953 3677 2992; x_wconf 87' lang='lat' dir='ltr'><strong>non</strong></span> <span class='ocrx_word' id='word_1_600' title='bbox 3701 2939 3802 2990; x_wconf 58' lang='lat' dir='ltr'><strong>vina</strong></span> <span class='ocrx_word' id='word_1_601' title='bbox 3819 2949 3898 2990; x_wconf 81' lang='lat' dir='ltr'><strong>ent</strong></span> 
     </span>
    </p>
   </div>
   <div class='ocr_carea' id='block_1_88' title="bbox 2364 3035 2499 3074">
    <p class='ocr_par' dir='ltr' id='par_1_88' title="bbox 2364 3035 2499 3074">
     <span class='ocr_line' id='line_1_88' title="bbox 2364 3035 2499 3074; baseline -0.03 0"><span class='ocrx_word' id='word_1_602' title='bbox 2364 3035 2499 3074; x_wconf 87' lang='lat' dir='ltr'><strong>eam.</strong></span> 
     </span>
    </p>
   </div>
   <div class='ocr_carea' id='block_1_89' title="bbox 2435 3110 3895 3178">
    <p class='ocr_par' dir='ltr' id='par_1_89' title="bbox 2435 3110 3895 3178">
     <span class='ocr_line' id='line_1_89' title="bbox 2435 3110 3895 3178; baseline 0.003 -16"><span class='ocrx_word' id='word_1_603' title='bbox 2435 3110 2707 3162; x_wconf 77' lang='lat' dir='ltr'><strong>Credimus</strong></span> <span class='ocrx_word' id='word_1_604' title='bbox 2741 3111 3081 3163; x_wconf 72' lang='lat' dir='ltr'><strong>remissionem</strong></span> <span class='ocrx_word' id='word_1_605' title='bbox 3125 3119 3462 3178; x_wconf 83' lang='lat' dir='ltr'><strong>peccatorum.</strong></span> <span class='ocrx_word' id='word_1_606' title='bbox 3515 3111 3642 3166; x_wconf 86' lang='lat' dir='ltr'><strong>Sine</strong></span> <span class='ocrx_word' id='word_1_607' title='bbox 3679 3112 3778 3166; x_wconf 88' lang='lat' dir='ltr'><strong>ista</strong></span> <span class='ocrx_word' id='word_1_608' title='bbox 3807 3113 3895 3166; x_wconf 83' lang='lat' dir='ltr'><strong>fide</strong></span> 
     </span>
    </p>
   </div>
   <div class='ocr_carea' id='block_1_90' title="bbox 2370 3199 3898 3268">
    <p class='ocr_par' dir='ltr' id='par_1_90' title="bbox 2370 3199 3898 3268">
     <span class='ocr_line' id='line_1_90' title="bbox 2370 3199 3898 3268; baseline 0.002 -16"><span class='ocrx_word' id='word_1_609' title='bbox 2370 3201 2410 3252; x_wconf 87' lang='lat' dir='ltr'><strong>si</strong></span> <span class='ocrx_word' id='word_1_610' title='bbox 2442 3200 2558 3267; x_wconf 80' lang='lat' dir='ltr'><strong>quis</strong></span> <span class='ocrx_word' id='word_1_611' title='bbox 2584 3200 2647 3250; x_wconf 82' lang='lat' dir='ltr'><strong>ad</strong></span> <span class='ocrx_word' id='word_1_612' title='bbox 2674 3199 2986 3266; x_wconf 75' lang='lat' dir='ltr'><strong>baptismum</strong></span> <span class='ocrx_word' id='word_1_613' title='bbox 3014 3200 3231 3262; x_wconf 85' lang='lat' dir='ltr'><strong>accedit,</strong></span> <span class='ocrx_word' id='word_1_614' title='bbox 3258 3200 3367 3268; x_wconf 90' lang='lat' dir='ltr'><strong>ipse</strong></span> <span class='ocrx_word' id='word_1_615' title='bbox 3405 3209 3586 3254; x_wconf 91' lang='lat' dir='ltr'><strong>contra</strong></span> <span class='ocrx_word' id='word_1_616' title='bbox 3618 3217 3674 3254; x_wconf 88' lang='lat' dir='ltr'><strong>se</strong></span> <span class='ocrx_word' id='word_1_617' title='bbox 3693 3202 3898 3268; x_wconf 83' lang='lat' dir='ltr'><strong>januam</strong></span> 
     </span>
    </p>
   </div>
   <div class='ocr_carea' id='block_1_91' title="bbox 2370 3286 3898 3356">
    <p class='ocr_par' dir='ltr' id='par_1_91' title="bbox 2370 3286 3898 3356">
     <span class='ocr_line' id='line_1_91' title="bbox 2370 3286 3898 3356; baseline 0.001 -16"><span class='ocrx_word' id='word_1_618' title='bbox 2370 3287 2699 3356; x_wconf 66' lang='lat' dir='ltr'><strong>tndulgcntim</strong></span> <span class='ocrx_word' id='word_1_619' title='bbox 2729 3288 2939 3340; x_wconf 86' lang='lat' dir='ltr'><strong>claudit.</strong></span> <span class='ocrx_word' id='word_1_620' title='bbox 2970 3286 3154 3340; x_wconf 89' lang='lat' dir='ltr'><strong>Omnia</strong></span> <span class='ocrx_word' id='word_1_621' title='bbox 3175 3301 3392 3353; x_wconf 88' lang='lat' dir='ltr'><strong>prorsus</strong></span> <span class='ocrx_word' id='word_1_622' title='bbox 3419 3287 3609 3341; x_wconf 89' lang='lat' dir='ltr'><strong>delicta</strong></span> <span class='ocrx_word' id='word_1_623' title='bbox 3631 3290 3769 3342; x_wconf 87' lang='lat' dir='ltr'><strong>delet</strong></span> <span class='ocrx_word' id='word_1_624' title='bbox 3788 3306 3898 3342; x_wconf 88' lang='lat' dir='ltr'><strong>san-</strong></span> 
     </span>
    </p>
   </div>
   <div class='ocr_carea' id='block_1_92' title="bbox 2369 3374 3898 3446">
    <p class='ocr_par' dir='ltr' id='par_1_92' title="bbox 2369 3374 3898 3446">
     <span class='ocr_line' id='line_1_92' title="bbox 2369 3374 3898 3446; baseline 0.001 -20"><span class='ocrx_word' id='word_1_625' title='bbox 2369 3383 2510 3426; x_wconf 88' lang='lat' dir='ltr'><strong>ctum</strong></span> <span class='ocrx_word' id='word_1_626' title='bbox 2543 3375 2799 3440; x_wconf 84' lang='lat' dir='ltr'><strong>baptisma</strong></span> <span class='ocrx_word' id='word_1_627' title='bbox 2825 3383 2878 3426; x_wconf 89' lang='lat' dir='ltr'><strong>et</strong></span> <span class='ocrx_word' id='word_1_628' title='bbox 2905 3374 3176 3442; x_wconf 81' lang='lat' dir='ltr'><strong>originalia</strong></span> <span class='ocrx_word' id='word_1_629' title='bbox 3204 3381 3258 3427; x_wconf 92' lang='lat' dir='ltr'><strong>et</strong></span> <span class='ocrx_word' id='word_1_630' title='bbox 3291 3376 3529 3446; x_wconf 89' lang='lat' dir='ltr'><strong>propria,</strong></span> <span class='ocrx_word' id='word_1_631' title='bbox 3561 3377 3700 3429; x_wconf 87' lang='lat' dir='ltr'><strong>facta</strong></span> <span class='ocrx_word' id='word_1_632' title='bbox 3721 3418 3734 3440; x_wconf 91' lang='lat'><strong>,</strong></span> <span class='ocrx_word' id='word_1_633' title='bbox 3766 3379 3898 3445; x_wconf 80' lang='lat' dir='ltr'><strong>cogi-</strong></span> 
     </span>
    </p>
   </div>
   <div class='ocr_carea' id='block_1_93' title="bbox 2371 3463 3899 3532">
    <p class='ocr_par' dir='ltr' id='par_1_93' title="bbox 2371 3463 3899 3532">
     <span class='ocr_line' id='line_1_93' title="bbox 2371 3463 3899 3532; baseline -0.001 -14"><span class='ocrx_word' id='word_1_634' title='bbox 2371 3473 2497 3523; x_wconf 85' lang='lat' dir='ltr'><strong>tata,</strong></span> <span class='ocrx_word' id='word_1_635' title='bbox 2526 3465 2753 3531; x_wconf 76' lang='lat' dir='ltr'><strong>cognita,</strong></span> <span class='ocrx_word' id='word_1_636' title='bbox 2786 3463 3067 3532; x_wconf 83' lang='lat' dir='ltr'><strong>incognita,</strong></span> <span class='ocrx_word' id='word_1_637' title='bbox 3095 3464 3268 3517; x_wconf 87' lang='lat' dir='ltr'><strong>omnia</strong></span> <span class='ocrx_word' id='word_1_638' title='bbox 3297 3466 3652 3519; x_wconf 86' lang='lat' dir='ltr'><strong>dimittuntur.</strong></span> <span class='ocrx_word' id='word_1_639' title='bbox 3692 3466 3899 3520; x_wconf 76' lang='lat' dir='ltr'><strong>lnnovut</strong></span> 
     </span>
    </p>
   </div>
   <div class='ocr_carea' id='block_1_94' title="bbox 2370 3552 3896 3622">
    <p class='ocr_par' dir='ltr' id='par_1_94' title="bbox 2370 3552 3896 3622">
     <span class='ocr_line' id='line_1_94' title="bbox 2370 3552 3896 3622; baseline 0.001 -18"><span class='ocrx_word' id='word_1_640' title='bbox 2370 3553 2632 3605; x_wconf 89' lang='lat' dir='ltr'><strong>hominem</strong></span> <span class='ocrx_word' id='word_1_641' title='bbox 2673 3553 2761 3619; x_wconf 91' lang='lat' dir='ltr'><strong>qui</strong></span> <span class='ocrx_word' id='word_1_642' title='bbox 2809 3552 2933 3606; x_wconf 85' lang='lat' dir='ltr'><strong>fecit</strong></span> <span class='ocrx_word' id='word_1_643' title='bbox 2970 3553 3174 3616; x_wconf 89' lang='lat' dir='ltr'><strong>omnia;</strong></span> <span class='ocrx_word' id='word_1_644' title='bbox 3209 3553 3368 3606; x_wconf 88' lang='lat' dir='ltr'><strong>donat</strong></span> <span class='ocrx_word' id='word_1_645' title='bbox 3415 3555 3639 3618; x_wconf 82' lang='lat' dir='ltr'><strong>delicta,</strong></span> <span class='ocrx_word' id='word_1_646' title='bbox 3674 3557 3762 3622; x_wconf 81' lang='lat' dir='ltr'><strong>qui</strong></span> <span class='ocrx_word' id='word_1_647' title='bbox 3802 3570 3896 3606; x_wconf 84' lang='lat' dir='ltr'><strong>non</strong></span> 
     </span>
    </p>
   </div>
   <div class='ocr_carea' id='block_1_95' title="bbox 2369 3641 3897 3711">
    <p class='ocr_par' dir='ltr' id='par_1_95' title="bbox 2369 3641 3897 3711">
     <span class='ocr_line' id='line_1_95' title="bbox 2369 3641 3897 3711; baseline 0.001 -18"><span class='ocrx_word' id='word_1_648' title='bbox 2369 3642 2555 3708; x_wconf 52' lang='lat' dir='ltr'><strong>quaerit</strong></span> <span class='ocrx_word' id='word_1_649' title='bbox 2595 3641 2806 3702; x_wconf 89' lang='lat' dir='ltr'><strong>merita;</strong></span> <span class='ocrx_word' id='word_1_650' title='bbox 2845 3643 3094 3708; x_wconf 75' lang='lat' dir='ltr'><strong>praevenit</strong></span> <span class='ocrx_word' id='word_1_651' title='bbox 3126 3642 3293 3710; x_wconf 87' lang='lat' dir='ltr'><strong>gratia</strong></span> <span class='ocrx_word' id='word_1_652' title='bbox 3333 3642 3493 3695; x_wconf 85' lang='lat' dir='ltr'><strong>etiam</strong></span> <span class='ocrx_word' id='word_1_653' title='bbox 3533 3644 3697 3711; x_wconf 89' lang='lat' dir='ltr'><strong>ipsam</strong></span> <span class='ocrx_word' id='word_1_654' title='bbox 3737 3644 3897 3697; x_wconf 87' lang='lat' dir='ltr'><strong>infan-</strong></span> 
     </span>
    </p>
   </div>
   <div class='ocr_carea' id='block_1_96' title="bbox 2371 3727 3895 3799">
    <p class='ocr_par' dir='ltr' id='par_1_96' title="bbox 2371 3727 3895 3799">
     <span class='ocr_line' id='line_1_96' title="bbox 2371 3727 3895 3799; baseline 0 -17"><span class='ocrx_word' id='word_1_655' title='bbox 2371 3731 2530 3791; x_wconf 84' lang='lat' dir='ltr'><strong>tiam,</strong></span> <span class='ocrx_word' id='word_1_656' title='bbox 2577 3735 2635 3781; x_wconf 90' lang='lat' dir='ltr'><strong>ut</strong></span> <span class='ocrx_word' id='word_1_657' title='bbox 2678 3727 2784 3781; x_wconf 90' lang='lat' dir='ltr'><strong>sint</strong></span> <span class='ocrx_word' id='word_1_658' title='bbox 2826 3727 2973 3780; x_wconf 91' lang='lat' dir='ltr'><strong>liberi</strong></span> <span class='ocrx_word' id='word_1_659' title='bbox 3021 3744 3116 3795; x_wconf 91' lang='lat' dir='ltr'><strong>per</strong></span> <span class='ocrx_word' id='word_1_660' title='bbox 3149 3727 3443 3794; x_wconf 87' lang='lat' dir='ltr'><strong>Christum,</strong></span> <span class='ocrx_word' id='word_1_661' title='bbox 3467 3730 3557 3799; x_wconf 92' lang='lat' dir='ltr'><strong>qui</strong></span> <span class='ocrx_word' id='word_1_662' title='bbox 3594 3730 3646 3784; x_wconf 91' lang='lat' dir='ltr'><strong>in</strong></span> <span class='ocrx_word' id='word_1_663' title='bbox 3680 3731 3843 3784; x_wconf 81' lang='lat' dir='ltr'><strong>Adam</strong></span> <span class='ocrx_word' id='word_1_664' title='bbox 3870 3747 3895 3782; x_wconf 85' lang='lat' dir='ltr'><strong>a</strong></span> 
     </span>
    </p>
   </div>
   <div class='ocr_carea' id='block_1_97' title="bbox 2368 3817 3898 3890">
    <p class='ocr_par' dir='ltr' id='par_1_97' title="bbox 2368 3817 3898 3890">
     <span class='ocr_line' id='line_1_97' title="bbox 2368 3817 3898 3890; baseline 0.001 -19"><span class='ocrx_word' id='word_1_665' title='bbox 2368 3817 2574 3871; x_wconf 90' lang='lat' dir='ltr'><strong>diabolo</strong></span> <span class='ocrx_word' id='word_1_666' title='bbox 2599 3818 2910 3870; x_wconf 89' lang='lat' dir='ltr'><strong>tenebantur</strong></span> <span class='ocrx_word' id='word_1_667' title='bbox 2937 3826 3057 3870; x_wconf 90' lang='lat' dir='ltr'><strong>ante</strong></span> <span class='ocrx_word' id='word_1_668' title='bbox 3091 3819 3302 3886; x_wconf 88' lang='lat' dir='ltr'><strong>captivi.</strong></span> <span class='ocrx_word' id='word_1_669' title='bbox 3331 3818 3555 3887; x_wconf 76' lang='lat' dir='ltr'><strong>Propter</strong></span> <span class='ocrx_word' id='word_1_670' title='bbox 3578 3821 3753 3873; x_wconf 88' lang='lat' dir='ltr'><strong>omnia</strong></span> <span class='ocrx_word' id='word_1_671' title='bbox 3785 3837 3898 3890; x_wconf 84' lang='lat' dir='ltr'><strong>pec-</strong></span> 
     </span>
    </p>
   </div>
   <div class='ocr_carea' id='block_1_98' title="bbox 2369 3906 3898 3978">
    <p class='ocr_par' dir='ltr' id='par_1_98' title="bbox 2369 3906 3898 3978">
     <span class='ocr_line' id='line_1_98' title="bbox 2369 3906 3898 3978; baseline 0.001 -17"><span class='ocrx_word' id='word_1_672' title='bbox 2369 3915 2485 3962; x_wconf 88' lang='lat' dir='ltr'><strong>cata</strong></span> <span class='ocrx_word' id='word_1_673' title='bbox 2511 3907 2798 3975; x_wconf 85' lang='lat' dir='ltr'><strong>baptismus</strong></span> <span class='ocrx_word' id='word_1_674' title='bbox 2825 3908 3064 3960; x_wconf 89' lang='lat' dir='ltr'><strong>inventus</strong></span> <span class='ocrx_word' id='word_1_675' title='bbox 3087 3916 3184 3960; x_wconf 88' lang='lat' dir='ltr'><strong>est.</strong></span> <span class='ocrx_word' id='word_1_676' title='bbox 3216 3906 3438 3977; x_wconf 80' lang='lat' dir='ltr'><strong>Pmpter</strong></span> <span class='ocrx_word' id='word_1_677' title='bbox 3466 3907 3620 3970; x_wconf 88' lang='lat' dir='ltr'><strong>levia,</strong></span> <span class='ocrx_word' id='word_1_678' title='bbox 3654 3910 3766 3962; x_wconf 84' lang='lat' dir='ltr'><strong>sine</strong></span> <span class='ocrx_word' id='word_1_679' title='bbox 3793 3925 3898 3978; x_wconf 67' lang='lat' dir='ltr'><strong>qu.-</strong></span> 
     </span>
    </p>
   </div>
   <div class='ocr_carea' id='block_1_99' title="bbox 2369 3995 3893 4060">
    <p class='ocr_par' dir='ltr' id='par_1_99' title="bbox 2369 3995 3893 4060">
     <span class='ocr_line' id='line_1_99' title="bbox 2369 3995 3893 4060; baseline 0.001 -13"><span class='ocrx_word' id='word_1_680' title='bbox 2369 3996 2468 4047; x_wconf 91' lang='lat' dir='ltr'><strong>bus</strong></span> <span class='ocrx_word' id='word_1_681' title='bbox 2492 4010 2606 4046; x_wconf 89' lang='lat' dir='ltr'><strong>esse</strong></span> <span class='ocrx_word' id='word_1_682' title='bbox 2635 4010 2735 4046; x_wconf 90' lang='lat' dir='ltr'><strong>non</strong></span> <span class='ocrx_word' id='word_1_683' title='bbox 2765 4009 3059 4060; x_wconf 90' lang='lat' dir='ltr'><strong>possumus,</strong></span> <span class='ocrx_word' id='word_1_684' title='bbox 3081 3995 3262 4048; x_wconf 89' lang='lat' dir='ltr'><strong>Oratio</strong></span> <span class='ocrx_word' id='word_1_685' title='bbox 3283 3995 3544 4050; x_wconf 83' lang='lat' dir='ltr'><strong>dominica</strong></span> <span class='ocrx_word' id='word_1_686' title='bbox 3567 3997 3778 4050; x_wconf 88' lang='lat' dir='ltr'><strong>inventa</strong></span> <span class='ocrx_word' id='word_1_687' title='bbox 3802 4007 3893 4050; x_wconf 90' lang='lat' dir='ltr'><strong>est.</strong></span> 
     </span>
    </p>
   </div>
   <div class='ocr_carea' id='block_1_100' title="bbox 2372 4079 3893 4150">
    <p class='ocr_par' dir='ltr' id='par_1_100' title="bbox 2372 4079 3893 4150">
     <span class='ocr_line' id='line_1_100' title="bbox 2372 4079 3893 4150; baseline 0.003 -17"><span class='ocrx_word' id='word_1_688' title='bbox 2372 4079 2542 4133; x_wconf 88' lang='lat' dir='ltr'><strong>Semel</strong></span> <span class='ocrx_word' id='word_1_689' title='bbox 2573 4079 2832 4132; x_wconf 90' lang='lat' dir='ltr'><strong>abluimur</strong></span> <span class='ocrx_word' id='word_1_690' title='bbox 2856 4081 3184 4147; x_wconf 82' lang='lat' dir='ltr'><strong>baptismate,</strong></span> <span class='ocrx_word' id='word_1_691' title='bbox 3215 4083 3445 4150; x_wconf 89' lang='lat' dir='ltr'><strong>quotidie</strong></span> <span class='ocrx_word' id='word_1_692' title='bbox 3481 4085 3746 4139; x_wconf 89' lang='lat' dir='ltr'><strong>abluimur</strong></span> <span class='ocrx_word' id='word_1_693' title='bbox 3783 4101 3893 4140; x_wconf 85' lang='lat' dir='ltr'><strong>ora-</strong></span> 
     </span>
    </p>
   </div>
   <div class='ocr_carea' id='block_1_101' title="bbox 2372 4167 3896 4236">
    <p class='ocr_par' dir='ltr' id='par_1_101' title="bbox 2372 4167 3896 4236">
     <span class='ocr_line' id='line_1_101' title="bbox 2372 4167 3896 4236; baseline 0.003 -17"><span class='ocrx_word' id='word_1_694' title='bbox 2372 4167 2528 4220; x_wconf 90' lang='lat' dir='ltr'><strong>tione.</strong></span> <span class='ocrx_word' id='word_1_695' title='bbox 2561 4167 2780 4233; x_wconf 85' lang='lat' dir='ltr'><strong>Propter</strong></span> <span class='ocrx_word' id='word_1_696' title='bbox 2805 4167 3002 4220; x_wconf 89' lang='lat' dir='ltr'><strong>scelera</strong></span> <span class='ocrx_word' id='word_1_697' title='bbox 3029 4175 3222 4230; x_wconf 89' lang='lat' dir='ltr'><strong>autem,</strong></span> <span class='ocrx_word' id='word_1_698' title='bbox 3246 4175 3336 4221; x_wconf 91' lang='lat' dir='ltr'><strong>aut</strong></span> <span class='ocrx_word' id='word_1_699' title='bbox 3357 4168 3530 4236; x_wconf 90' lang='lat' dir='ltr'><strong>aliqua</strong></span> <span class='ocrx_word' id='word_1_700' title='bbox 3557 4169 3702 4225; x_wconf 86' lang='lat' dir='ltr'><strong>facta</strong></span> <span class='ocrx_word' id='word_1_701' title='bbox 3729 4174 3896 4226; x_wconf 82' lang='lat' dir='ltr'><strong>imma-</strong></span> 
     </span>
    </p>
   </div>
   <div class='ocr_carea' id='block_1_102' title="bbox 2372 4257 3895 4328">
    <p class='ocr_par' dir='ltr' id='par_1_102' title="bbox 2372 4257 3895 4328">
     <span class='ocr_line' id='line_1_102' title="bbox 2372 4257 3895 4328; baseline 0.005 -20"><span class='ocrx_word' id='word_1_702' title='bbox 2372 4258 2476 4319; x_wconf 87' lang='lat' dir='ltr'><strong>nia,</strong></span> <span class='ocrx_word' id='word_1_703' title='bbox 2509 4257 2560 4308; x_wconf 88' lang='lat' dir='ltr'><strong>id</strong></span> <span class='ocrx_word' id='word_1_704' title='bbox 2587 4265 2670 4309; x_wconf 93' lang='lat' dir='ltr'><strong>est</strong></span> <span class='ocrx_word' id='word_1_705' title='bbox 2695 4264 2906 4323; x_wconf 88' lang='lat' dir='ltr'><strong>peccata</strong></span> <span class='ocrx_word' id='word_1_706' title='bbox 2932 4257 3240 4321; x_wconf 88' lang='lat' dir='ltr'><strong>criminalia,</strong></span> <span class='ocrx_word' id='word_1_707' title='bbox 3271 4259 3468 4328; x_wconf 87' lang='lat' dir='ltr'><strong>agenda</strong></span> <span class='ocrx_word' id='word_1_708' title='bbox 3494 4267 3575 4314; x_wconf 83' lang='lat' dir='ltr'><strong>est</strong></span> <span class='ocrx_word' id='word_1_709' title='bbox 3599 4262 3895 4328; x_wconf 74' lang='lat' dir='ltr'><strong>pmnitentia</strong></span> 
     </span>
    </p>
   </div>
   <div class='ocr_carea' id='block_1_103' title="bbox 2372 4345 3894 4413">
    <p class='ocr_par' dir='ltr' id='par_1_103' title="bbox 2372 4345 3894 4413">
     <span class='ocr_line' id='line_1_103' title="bbox 2372 4345 3894 4413; baseline 0.003 -16"><span class='ocrx_word' id='word_1_710' title='bbox 2372 4346 2436 4397; x_wconf 90' lang='lat' dir='ltr'><strong>ab</strong></span> <span class='ocrx_word' id='word_1_711' title='bbox 2461 4345 2541 4397; x_wconf 85' lang='lat' dir='ltr'><strong>his</strong></span> <span class='ocrx_word' id='word_1_712' title='bbox 2567 4345 2654 4412; x_wconf 90' lang='lat' dir='ltr'><strong>qui</strong></span> <span class='ocrx_word' id='word_1_713' title='bbox 2682 4360 2742 4397; x_wconf 91' lang='lat' dir='ltr'><strong>ea</strong></span> <span class='ocrx_word' id='word_1_714' title='bbox 2771 4346 3170 4408; x_wconf 90' lang='lat' dir='ltr'><strong>commiserunt,</strong></span> <span class='ocrx_word' id='word_1_715' title='bbox 3209 4360 3306 4413; x_wconf 88' lang='lat' dir='ltr'><strong>pro</strong></span> <span class='ocrx_word' id='word_1_716' title='bbox 3335 4346 3526 4413; x_wconf 86' lang='lat' dir='ltr'><strong>quibus</strong></span> <span class='ocrx_word' id='word_1_717' title='bbox 3561 4362 3779 4403; x_wconf 87' lang='lat' dir='ltr'><strong>necesse</strong></span> <span class='ocrx_word' id='word_1_718' title='bbox 3804 4359 3894 4408; x_wconf 86' lang='lat' dir='ltr'><strong>est,</strong></span> 
     </span>
    </p>
   </div>
   <div class='ocr_carea' id='block_1_104' title="bbox 2373 4434 3897 4506">
    <p class='ocr_par' dir='ltr' id='par_1_104' title="bbox 2373 4434 3897 4506">
     <span class='ocr_line' id='line_1_104' title="bbox 2373 4434 3897 4506; baseline 0.005 -20"><span class='ocrx_word' id='word_1_719' title='bbox 2373 4445 2483 4487; x_wconf 90' lang='lat' dir='ltr'><strong>uta</strong></span> <span class='ocrx_word' id='word_1_720' title='bbox 2513 4434 2708 4488; x_wconf 90' lang='lat' dir='ltr'><strong>Christi</strong></span> <span class='ocrx_word' id='word_1_721' title='bbox 2744 4450 2963 4503; x_wconf 89' lang='lat' dir='ltr'><strong>corpore</strong></span> <span class='ocrx_word' id='word_1_722' title='bbox 3003 4446 3326 4504; x_wconf 88' lang='lat' dir='ltr'><strong>separentur.</strong></span> <span class='ocrx_word' id='word_1_723' title='bbox 3366 4437 3503 4506; x_wconf 80' lang='lat' dir='ltr'><strong>Ergo</strong></span> <span class='ocrx_word' id='word_1_724' title='bbox 3536 4439 3706 4492; x_wconf 87' lang='lat' dir='ltr'><strong>tribus</strong></span> <span class='ocrx_word' id='word_1_725' title='bbox 3739 4444 3897 4493; x_wconf 84' lang='lat' dir='ltr'><strong>modis</strong></span> 
     </span>
    </p>
   </div>
   <div class='ocr_carea' id='block_1_105' title="bbox 2375 4521 3895 4594">
    <p class='ocr_par' dir='ltr' id='par_1_105' title="bbox 2375 4521 3895 4594">
     <span class='ocr_line' id='line_1_105' title="bbox 2375 4521 3895 4594; baseline 0.003 -22"><span class='ocrx_word' id='word_1_726' title='bbox 2375 4521 2704 4573; x_wconf 89' lang='lat' dir='ltr'><strong>dimittuntur</strong></span> <span class='ocrx_word' id='word_1_727' title='bbox 2735 4531 2950 4589; x_wconf 91' lang='lat' dir='ltr'><strong>peccata</strong></span> <span class='ocrx_word' id='word_1_728' title='bbox 2991 4523 3042 4575; x_wconf 91' lang='lat' dir='ltr'><strong>in</strong></span> <span class='ocrx_word' id='word_1_729' title='bbox 3084 4523 3304 4577; x_wconf 88' lang='lat' dir='ltr'><strong>ecclesia</strong></span> <span class='ocrx_word' id='word_1_730' title='bbox 3339 4543 3351 4575; x_wconf 92' lang='lat'><strong>:</strong></span> <span class='ocrx_word' id='word_1_731' title='bbox 3386 4524 3440 4576; x_wconf 89' lang='lat' dir='ltr'><strong>in</strong></span> <span class='ocrx_word' id='word_1_732' title='bbox 3477 4525 3822 4594; x_wconf 85' lang='lat' dir='ltr'><strong>baptismate,</strong></span> <span class='ocrx_word' id='word_1_733' title='bbox 3853 4529 3895 4578; x_wconf 89' lang='lat' dir='ltr'><strong>in</strong></span> 
     </span>
    </p>
   </div>
   <div class='ocr_carea' id='block_1_106' title="bbox 2376 4609 3895 4680">
    <p class='ocr_par' dir='ltr' id='par_1_106' title="bbox 2376 4609 3895 4680">
     <span class='ocr_line' id='line_1_106' title="bbox 2376 4609 3895 4680; baseline 0.003 -19"><span class='ocrx_word' id='word_1_734' title='bbox 2376 4610 2636 4670; x_wconf 90' lang='lat' dir='ltr'><strong>oratione,</strong></span> <span class='ocrx_word' id='word_1_735' title='bbox 2679 4609 2731 4660; x_wconf 93' lang='lat' dir='ltr'><strong>in</strong></span> <span class='ocrx_word' id='word_1_736' title='bbox 2775 4611 3064 4663; x_wconf 88' lang='lat' dir='ltr'><strong>humilitate</strong></span> <span class='ocrx_word' id='word_1_737' title='bbox 3099 4612 3296 4680; x_wconf 75' lang='lat' dir='ltr'><strong>majore</strong></span> <span class='ocrx_word' id='word_1_738' title='bbox 3331 4612 3672 4679; x_wconf 65' lang='lat' dir='ltr'><strong>paenitentiae.</strong></span> <span class='ocrx_word' id='word_1_739' title='bbox 3713 4615 3895 4667; x_wconf 83' lang='lat' dir='ltr'><strong>Tamen</strong></span> 
     </span>
    </p>
   </div>
   <div class='ocr_carea' id='block_1_107' title="bbox 2378 4698 3594 4767">
    <p class='ocr_par' dir='ltr' id='par_1_107' title="bbox 2378 4698 3594 4767">
     <span class='ocr_line' id='line_1_107' title="bbox 2378 4698 3594 4767; baseline 0.001 -17"><span class='ocrx_word' id='word_1_740' title='bbox 2378 4698 2514 4750; x_wconf 90' lang='lat' dir='ltr'><strong>Deus</strong></span> <span class='ocrx_word' id='word_1_741' title='bbox 2539 4713 2640 4751; x_wconf 92' lang='lat' dir='ltr'><strong>non</strong></span> <span class='ocrx_word' id='word_1_742' title='bbox 2669 4698 2880 4750; x_wconf 91' lang='lat' dir='ltr'><strong>dimittit</strong></span> <span class='ocrx_word' id='word_1_743' title='bbox 2903 4706 3138 4765; x_wconf 88' lang='lat' dir='ltr'><strong>peccata,</strong></span> <span class='ocrx_word' id='word_1_744' title='bbox 3173 4699 3272 4754; x_wconf 89' lang='lat' dir='ltr'><strong>nisi</strong></span> <span class='ocrx_word' id='word_1_745' title='bbox 3296 4699 3594 4767; x_wconf 88' lang='lat' dir='ltr'><strong>baptizatis.</strong></span> 
     </span>
    </p>
   </div>
   <div class='ocr_carea' id='block_1_108' title="bbox 2444 4785 3895 4856">
    <p class='ocr_par' dir='ltr' id='par_1_108' title="bbox 2444 4785 3895 4856">
     <span class='ocr_line' id='line_1_108' title="bbox 2444 4785 3895 4856; baseline 0.003 -18"><span class='ocrx_word' id='word_1_746' title='bbox 2444 4785 2718 4838; x_wconf 75' lang='lat' dir='ltr'><strong>Creditnus</strong></span> <span class='ocrx_word' id='word_1_747' title='bbox 2754 4787 2914 4838; x_wconf 88' lang='lat' dir='ltr'><strong>etiam</strong></span> <span class='ocrx_word' id='word_1_748' title='bbox 2958 4787 3373 4840; x_wconf 77' lang='lat' dir='ltr'><strong>resurrectionem</strong></span> <span class='ocrx_word' id='word_1_749' title='bbox 3401 4789 3608 4849; x_wconf 75' lang='lat' dir='ltr'><strong>carnis;</strong></span> <span class='ocrx_word' id='word_1_750' title='bbox 3635 4802 3751 4856; x_wconf 75' lang='lat' dir='ltr'><strong>quzr</strong></span> <span class='ocrx_word' id='word_1_751' title='bbox 3778 4804 3895 4856; x_wconf 66' lang='lat' dir='ltr'><strong>pm</strong></span> 
     </span>
    </p>
   </div>
   <div class='ocr_carea' id='block_1_109' title="bbox 2379 4871 3896 4944">
    <p class='ocr_par' dir='ltr' id='par_1_109' title="bbox 2379 4871 3896 4944">
     <span class='ocr_line' id='line_1_109' title="bbox 2379 4871 3896 4944; baseline 0.003 -20"><span class='ocrx_word' id='word_1_752' title='bbox 2379 4871 2536 4925; x_wconf 87' lang='lat' dir='ltr'><strong>cessit</strong></span> <span class='ocrx_word' id='word_1_753' title='bbox 2561 4873 2611 4924; x_wconf 93' lang='lat' dir='ltr'><strong>in</strong></span> <span class='ocrx_word' id='word_1_754' title='bbox 2636 4871 2878 4934; x_wconf 88' lang='lat' dir='ltr'><strong>Christo,</strong></span> <span class='ocrx_word' id='word_1_755' title='bbox 2906 4880 2962 4924; x_wconf 92' lang='lat' dir='ltr'><strong>ut</strong></span> <span class='ocrx_word' id='word_1_756' title='bbox 2986 4873 3086 4925; x_wconf 89' lang='lat' dir='ltr'><strong>hoc</strong></span> <span class='ocrx_word' id='word_1_757' title='bbox 3119 4872 3278 4925; x_wconf 87' lang='lat' dir='ltr'><strong>etiam</strong></span> <span class='ocrx_word' id='word_1_758' title='bbox 3315 4877 3488 4938; x_wconf 87' lang='lat' dir='ltr'><strong>speret</strong></span> <span class='ocrx_word' id='word_1_759' title='bbox 3520 4886 3743 4942; x_wconf 87' lang='lat' dir='ltr'><strong>corpus,</strong></span> <span class='ocrx_word' id='word_1_760' title='bbox 3772 4877 3896 4944; x_wconf 78' lang='lat' dir='ltr'><strong>quod</strong></span> 
     </span>
    </p>
   </div>
   <div class='ocr_carea' id='block_1_110' title="bbox 2379 4955 3895 5024">
    <p class='ocr_par' dir='ltr' id='par_1_110' title="bbox 2379 4955 3895 5024">
     <span class='ocr_line' id='line_1_110' title="bbox 2379 4955 3895 5024; baseline 0.003 -14"><span class='ocrx_word' id='word_1_761' title='bbox 2379 4957 2647 5024; x_wconf 70' lang='lat' dir='ltr'><strong>prtecessit</strong></span> <span class='ocrx_word' id='word_1_762' title='bbox 2668 4957 2723 5010; x_wconf 88' lang='lat' dir='ltr'><strong>in</strong></span> <span class='ocrx_word' id='word_1_763' title='bbox 2747 4957 2935 5024; x_wconf 88' lang='lat' dir='ltr'><strong>capite.</strong></span> <span class='ocrx_word' id='word_1_764' title='bbox 2959 4955 3140 5009; x_wconf 91' lang='lat' dir='ltr'><strong>Omnis</strong></span> <span class='ocrx_word' id='word_1_765' title='bbox 3167 4971 3286 5024; x_wconf 89' lang='lat' dir='ltr'><strong>spes</strong></span> <span class='ocrx_word' id='word_1_766' title='bbox 3313 4955 3432 5011; x_wconf 88' lang='lat' dir='ltr'><strong>fidei</strong></span> <span class='ocrx_word' id='word_1_767' title='bbox 3456 4965 3650 5013; x_wconf 66' lang='lat' dir='ltr'><strong>nostra:</strong></span> <span class='ocrx_word' id='word_1_768' title='bbox 3677 4959 3788 5014; x_wconf 61' lang='lat' dir='ltr'><strong>haec</strong></span> <span class='ocrx_word' id='word_1_769' title='bbox 3806 4971 3895 5020; x_wconf 67' lang='grc' dir='ltr'><strong>εει.</strong></span> 
     </span>
    </p>
   </div>
   <div class='ocr_carea' id='block_1_111' title="bbox 2379 5042 3900 5118">
    <p class='ocr_par' dir='ltr' id='par_1_111' title="bbox 2379 5042 3900 5118">
     <span class='ocr_line' id='line_1_111' title="bbox 2379 5042 3900 5118; baseline 0.002 -22"><span class='ocrx_word' id='word_1_770' title='bbox 2379 5045 2624 5112; x_wconf 88' lang='lat' dir='ltr'><strong>quoniam</strong></span> <span class='ocrx_word' id='word_1_771' title='bbox 2654 5042 3100 5098; x_wconf 89' lang='lat' dir='ltr'><strong>resuscitabimur.</strong></span> <span class='ocrx_word' id='word_1_772' title='bbox 3141 5043 3432 5113; x_wconf 80' lang='lat' dir='ltr'><strong>Resurgent</strong></span> <span class='ocrx_word' id='word_1_773' title='bbox 3461 5045 3610 5110; x_wconf 86' lang='lat' dir='ltr'><strong>boni,</strong></span> <span class='ocrx_word' id='word_1_774' title='bbox 3633 5057 3900 5118; x_wconf 80' lang='lat' dir='ltr'><strong>resnrgent</strong></span> 
     </span>
    </p>
   </div>
   <div class='ocr_carea' id='block_1_112' title="bbox 2382 5131 3892 5200">
    <p class='ocr_par' dir='ltr' id='par_1_112' title="bbox 2382 5131 3892 5200">
     <span class='ocr_line' id='line_1_112' title="bbox 2382 5131 3892 5200; baseline 0.003 -16"><span class='ocrx_word' id='word_1_775' title='bbox 2382 5131 2540 5184; x_wconf 89' lang='lat' dir='ltr'><strong>mali:</strong></span> <span class='ocrx_word' id='word_1_776' title='bbox 2571 5131 2662 5185; x_wconf 84' lang='lat' dir='ltr'><strong>sed</strong></span> <span class='ocrx_word' id='word_1_777' title='bbox 2688 5131 2810 5184; x_wconf 92' lang='lat' dir='ltr'><strong>boni</strong></span> <span class='ocrx_word' id='word_1_778' title='bbox 2833 5139 2892 5184; x_wconf 93' lang='lat' dir='ltr'><strong>ut</strong></span> <span class='ocrx_word' id='word_1_779' title='bbox 2924 5131 3238 5200; x_wconf 88' lang='lat' dir='ltr'><strong>sempiterna</strong></span> <span class='ocrx_word' id='word_1_780' title='bbox 3274 5131 3598 5186; x_wconf 84' lang='lat' dir='ltr'><strong>beatitudine</strong></span> <span class='ocrx_word' id='word_1_781' title='bbox 3638 5132 3892 5196; x_wconf 70' lang='lat' dir='ltr'><strong>fruantur;</strong></span> 
     </span>
    </p>
   </div>
   <div class='ocr_carea' id='block_1_113' title="bbox 2383 5218 3374 5286">
    <p class='ocr_par' dir='ltr' id='par_1_113' title="bbox 2383 5218 3374 5286">
     <span class='ocr_line' id='line_1_113' title="bbox 2383 5218 3374 5286; baseline -0.002 -15"><span class='ocrx_word' id='word_1_782' title='bbox 2383 5218 2536 5280; x_wconf 91' lang='lat' dir='ltr'><strong>mali,</strong></span> <span class='ocrx_word' id='word_1_783' title='bbox 2561 5226 2621 5271; x_wconf 91' lang='lat' dir='ltr'><strong>ut</strong></span> <span class='ocrx_word' id='word_1_784' title='bbox 2645 5225 2896 5285; x_wconf 88' lang='lat' dir='ltr'><strong>perpetuo</strong></span> <span class='ocrx_word' id='word_1_785' title='bbox 2931 5218 3048 5286; x_wconf 88' lang='lat' dir='ltr'><strong>igne</strong></span> <span class='ocrx_word' id='word_1_786' title='bbox 3072 5219 3374 5286; x_wconf 88' lang='lat' dir='ltr'><strong>puniantur.</strong></span> 
     </span>
    </p>
   </div>
   <div class='ocr_carea' id='block_1_114' title="bbox 2450 5306 3893 5378">
    <p class='ocr_par' dir='ltr' id='par_1_114' title="bbox 2450 5306 3893 5378">
     <span class='ocr_line' id='line_1_114' title="bbox 2450 5306 3893 5378; baseline -0.001 -17"><span class='ocrx_word' id='word_1_787' title='bbox 2450 5306 2724 5362; x_wconf 90' lang='lat' dir='ltr'><strong>Credimus</strong></span> <span class='ocrx_word' id='word_1_788' title='bbox 2748 5307 2899 5358; x_wconf 81' lang='lat' dir='ltr'><strong>vitam</strong></span> <span class='ocrx_word' id='word_1_789' title='bbox 2924 5315 3182 5368; x_wconf 69' lang='lat' dir='ltr'><strong>(uernam,</strong></span> <span class='ocrx_word' id='word_1_790' title='bbox 3208 5306 3263 5358; x_wconf 90' lang='lat' dir='ltr'><strong>in</strong></span> <span class='ocrx_word' id='word_1_791' title='bbox 3288 5320 3386 5374; x_wconf 87' lang='lat' dir='ltr'><strong>qua</strong></span> <span class='ocrx_word' id='word_1_792' title='bbox 3420 5306 3713 5378; x_wconf 88' lang='lat' dir='ltr'><strong>incorrupti</strong></span> <span class='ocrx_word' id='word_1_793' title='bbox 3738 5325 3893 5377; x_wconf 54' lang='lat' dir='ltr'><strong>aulum</strong></span> 
     </span>
    </p>
   </div>
   <div class='ocr_carea' id='block_1_115' title="bbox 2380 5379 3890 5462">
    <p class='ocr_par' dir='ltr' id='par_1_115' title="bbox 2380 5379 3890 5462">
     <span class='ocr_line' id='line_1_115' title="bbox 2380 5379 3890 5462; baseline -0.001 -15"><span class='ocrx_word' id='word_1_794' title='bbox 2380 5395 2454 5448; x_wconf 90' lang='lat' dir='ltr'><strong>les</strong></span> <span class='ocrx_word' id='word_1_795' title='bbox 2477 5379 2632 5448; x_wconf 82' lang='lat' dir='ltr'><strong>erunt</strong></span> <span class='ocrx_word' id='word_1_796' title='bbox 2653 5392 2850 5461; x_wconf 86' lang='lat' dir='ltr'><strong>angelis</strong></span> <span class='ocrx_word' id='word_1_797' title='bbox 2875 5391 2994 5453; x_wconf 86' lang='lat' dir='ltr'><strong>Dei,</strong></span> <span class='ocrx_word' id='word_1_798' title='bbox 3026 5399 3086 5444; x_wconf 90' lang='lat' dir='ltr'><strong>ut</strong></span> <span class='ocrx_word' id='word_1_799' title='bbox 3115 5391 3294 5444; x_wconf 90' lang='lat' dir='ltr'><strong>vivant</strong></span> <span class='ocrx_word' id='word_1_800' title='bbox 3317 5407 3436 5445; x_wconf 91' lang='lat' dir='ltr'><strong>cum</strong></span> <span class='ocrx_word' id='word_1_801' title='bbox 3466 5393 3596 5462; x_wconf 89' lang='lat' dir='ltr'><strong>ipsis</strong></span> <span class='ocrx_word' id='word_1_802' title='bbox 3631 5396 3684 5447; x_wconf 90' lang='lat' dir='ltr'><strong>in</strong></span> <span class='ocrx_word' id='word_1_803' title='bbox 3714 5403 3890 5447; x_wconf 67' lang='lat' dir='ltr'><strong>acterna</strong></span> 
     </span>
    </p>
   </div>
   <div class='ocr_carea' id='block_1_116' title="bbox 2380 5478 3895 5548">
    <p class='ocr_par' dir='ltr' id='par_1_116' title="bbox 2380 5478 3895 5548">
     <span class='ocr_line' id='line_1_116' title="bbox 2380 5478 3895 5548; baseline 0.001 -17"><span class='ocrx_word' id='word_1_804' title='bbox 2380 5484 2515 5544; x_wconf 86' lang='lat' dir='ltr'><strong>vita,</strong></span> <span class='ocrx_word' id='word_1_805' title='bbox 2563 5481 2615 5533; x_wconf 90' lang='lat' dir='ltr'><strong>in</strong></span> <span class='ocrx_word' id='word_1_806' title='bbox 2651 5495 2806 5532; x_wconf 89' lang='lat' dir='ltr'><strong>unam</strong></span> <span class='ocrx_word' id='word_1_807' title='bbox 2846 5478 3288 5531; x_wconf 83' lang='lat' dir='ltr'><strong>immortalitatem</strong></span> <span class='ocrx_word' id='word_1_808' title='bbox 3321 5496 3382 5533; x_wconf 87' lang='lat' dir='ltr'><strong>ac</strong></span> <span class='ocrx_word' id='word_1_809' title='bbox 3415 5482 3790 5548; x_wconf 88' lang='lat' dir='ltr'><strong>sempiternam</strong></span> <span class='ocrx_word' id='word_1_810' title='bbox 3816 5496 3895 5548; x_wconf 79' lang='lat' dir='ltr'><strong>pa-</strong></span> 
     </span>
    </p>
   </div>
   <div class='ocr_carea' id='block_1_117' title="bbox 2383 5566 3890 5634">
    <p class='ocr_par' dir='ltr' id='par_1_117' title="bbox 2383 5566 3890 5634">
     <span class='ocr_line' id='line_1_117' title="bbox 2383 5566 3890 5634; baseline -0.001 -13"><span class='ocrx_word' id='word_1_811' title='bbox 2383 5570 2556 5629; x_wconf 83' lang='lat' dir='ltr'><strong>triam,</strong></span> <span class='ocrx_word' id='word_1_812' title='bbox 2586 5569 2638 5619; x_wconf 89' lang='lat' dir='ltr'><strong>in</strong></span> <span class='ocrx_word' id='word_1_813' title='bbox 2665 5582 2765 5633; x_wconf 89' lang='lat' dir='ltr'><strong>qua</strong></span> <span class='ocrx_word' id='word_1_814' title='bbox 2789 5566 2959 5633; x_wconf 86' lang='lat' dir='ltr'><strong>patria</strong></span> <span class='ocrx_word' id='word_1_815' title='bbox 2982 5566 3086 5619; x_wconf 91' lang='lat' dir='ltr'><strong>vita</strong></span> <span class='ocrx_word' id='word_1_816' title='bbox 3112 5575 3287 5619; x_wconf 87' lang='lat' dir='ltr'><strong>nostra</strong></span> <span class='ocrx_word' id='word_1_817' title='bbox 3313 5576 3508 5620; x_wconf 76' lang='lat' dir='ltr'><strong>:cterna</strong></span> <span class='ocrx_word' id='word_1_818' title='bbox 3534 5568 3645 5634; x_wconf 89' lang='lat' dir='ltr'><strong>ipse</strong></span> <span class='ocrx_word' id='word_1_819' title='bbox 3672 5568 3890 5622; x_wconf 86' lang='lat' dir='ltr'><strong>Christus</strong></span> 
     </span>
    </p>
   </div>
   <div class='ocr_carea' id='block_1_118' title="bbox 2381 5652 3888 5720">
    <p class='ocr_par' dir='ltr' id='par_1_118' title="bbox 2381 5652 3888 5720">
     <span class='ocr_line' id='line_1_118' title="bbox 2381 5652 3888 5720; baseline -0.001 -13"><span class='ocrx_word' id='word_1_820' title='bbox 2381 5656 2498 5708; x_wconf 81' lang='lat' dir='ltr'><strong>erit.</strong></span> <span class='ocrx_word' id='word_1_821' title='bbox 2530 5654 2662 5719; x_wconf 82' lang='lat' dir='ltr'><strong>Quid</strong></span> <span class='ocrx_word' id='word_1_822' title='bbox 2690 5653 2758 5706; x_wconf 89' lang='lat' dir='ltr'><strong>sit</strong></span> <span class='ocrx_word' id='word_1_823' title='bbox 2783 5654 2954 5707; x_wconf 79' lang='lat' dir='ltr'><strong>autem</strong></span> <span class='ocrx_word' id='word_1_824' title='bbox 2979 5652 3100 5706; x_wconf 89' lang='lat' dir='ltr'><strong>illud</strong></span> <span class='ocrx_word' id='word_1_825' title='bbox 3128 5653 3316 5706; x_wconf 73' lang='lat' dir='ltr'><strong>bonum</strong></span> <span class='ocrx_word' id='word_1_826' title='bbox 3340 5653 3475 5717; x_wconf 83' lang='lat' dir='ltr'><strong>quod</strong></span> <span class='ocrx_word' id='word_1_827' title='bbox 3508 5655 3750 5720; x_wconf 86' lang='lat' dir='ltr'><strong>promisit</strong></span> <span class='ocrx_word' id='word_1_828' title='bbox 3773 5655 3888 5708; x_wconf 82' lang='lat' dir='ltr'><strong>Deus</strong></span> 
     </span>
    </p>
   </div>
  </div>
