4110 6422
308 450 404 504 881

1306 450 1495 502 LIBER
1535 450 1617 502 DE
1657 442 2105 501 SACRAMENTO
2143 446 2467 501 BAI’TISPJL

3352 449 3454 500 86.!

309 561 511 616 sanctis
553 561 691 623 suis,
733 560 852 626 quis
891 558 1114 625 explicet
1151 557 1360 610 verbis?
1403 556 1628 610 Facilius
1670 564 1843 608 tanten
1872 553 1913 606 A
1945 561 2045 611 stu,
2074 568 2165 619 per
2186 555 2353 621 ipsum
2382 554 2722 615 renascimur,
2752 554 3093 621 ut-puriﬁcati
3122 551 3464 607 viviﬁeemur.

308 662 596 717 possumus
620 646 817 711 dicere,
842 647 895 698 in
916 646 1003 697 illa
1029 645 1133 697 vita
1160 645 1503 710 aeternaequid
1531 644 1599 696 ibi
1629 659 1729 695 non
1754 642 1843 701 sit,

309 751 473 803 quam
498 736 623 802 quid
649 735 722 788 ibi
751 735 837 787 sit.
869 733 982 786 Non
1007 739 1088 785 est
1113 732 1185 785 ibi
1213 745 1371 792 mors,
1397 739 1503 783 “non
1528 729 1715 790 luctus,
1743 743 1844 781 non

308 818 596 883 lassitudo,
648 834 751 872 non
795 818 1101 879 inﬁrmitas,
1150 832 1253 870 non
1295 816 1490 877 fames;
1534 814 1670 866 nulla
1708 813 1843 872 sitis,

309 905 441 958 nulli
470 914 657 968 aestus,
685 905 820 957 nulla
857 905 1125 971 corruptio
1147 942 1161 966 ,
1191 904 1329 955 nulla
1360 901 1671 970 indigentia,
1704 899 1843 952 nulla

310 993 583 1055 llKBSlllia,
607 992 746 1045 nulla
767 992 996 1044 tristitia.
1024 990 1095 1044 De
1114 991 1196 1043 his
1221 990 1377 1059 igitur
1399 990 1586 1056 quibus
1608 987 1847 1039 catechu-

309 1093 498 1132 menos
526 1080 909 1148 interrogamus
939 1079 1147 1145 quando
1181 1077 1533 1145 baptizantur,
1564 1077 1641 1129 sic
1678 1075 1848 1158 credi;

308 1181 451 1231 inus,
486 1175 541 1219 et
565 1167 643 1220 sie
665 1168 742 1218 eis
768 1174 886 1233 post
911 1166 1226 1232 baptismum
1251 1164 1614 1232 prtedicamus.

832 1269 1146 1325 CAPUT
1208 1270 1320 1323 Vl.

896 1338 972 1391 De
994 1338 1259 1406 baptismo.

381 1430 680 1498 Baptismus
716 1427 938 1491 Graece,
983 1427 1168 1479 Latine
1212 1427 1396 1479 tinctio
1445 1427 1853 1492 interpretatur.

306 1519 440 1583 Quze
488 1518 681 1571 idcirco
726 1516 909 1570 tinctio
950 1515 1157 1577 dicitur,
1200 1515 1321 1581 quia
1361 1514 1430 1567 ibi
1470 1515 1626 1566 homo
1659 1512 1844 1580 spiritu

306 1606 498 1675 gratia:
538 1602 591 1659 in
636 1604 822 1658 melius
865 1605 1199 1665 immutatur,
1252 1612 1304 1657 et
1349 1604 1499 1671 longe
1525 1603 1663 1655 aliud
1687 1617 1842 1669 quam

306 1692 429 1747 crat
448 1693 688 1747 edicitur.
742 1692 894 1746 Prius
938 1692 1076 1745 enim
1117 1690 1241 1745 ﬁndi
1266 1706 1473 1744 eramus
1515 1689 1844 1744 deformitate

306 1790 681 1848 peccatorum:
716 1781 767 1833 in
806 1781 914 1849 ipsa
955 1780 1201 1833 tinctione
1232 1780 1498 1832 reddimur
1521 1778 1723 1847 pulchri
1754 1778 1842 1830 de-

1945 639 2083 691 Fons
2107 639 2203 693 iste
2223 642 2370 709 origo
2400 648 2481 693 est
2514 640 2745 692 omnium
2775 639 3055 709 gloriarum
3083 657 3094 691 :
3125 638 3240 691 fons
3276 639 3374 693 iste
3399 642 3469 694 sio

1945 726 2180 780 militudo
2198 737 2280 780 est
2304 727 2461 781 fontis
2486 729 2687 781 teterni.
2739 727 2888 794 Aqua
2914 726 2997 779 illa
3033 741 3135 779 non
3161 725 3326 779 solum
3356 741 3465 781 sor-

1944 813 2034 865 des
2056 814 2215 876 lavat,
2241 815 2411 868 scd'et
2438 817 2667 868 animant
2690 831 2717 868 a
2742 817 2971 884 peccatis
3000 814 3207 868 liberat.

2012 898 2383 953 Sanctiticatur
2409 902 2519 954 haec
2545 916 2638 970 per
2660 902 3104 955 consecrationem
3132 901 3294 954 verbi.
3324 901 3467 954 Tolle

1942 995 2113 1037 autem
2130 988 2366 1048 verbum,
2379 995 2432 1040 et
2451 988 2575 1054 quid
2592 996 2674 1041 est
2692 1003 2846 1056 aqua,
2879 989 2977 1042 nisi
3006 988 3172 1056 aqua?
3221 1005 3238 1037 ι
3266 1000 3289 1027 α
3306 988 3442 1041 Acen
3455 1018 3467 1026 -

1942 1074 2020 1125 dit
2057 1076 2272 1127 verbum
2320 1076 2383 1127 ad
2423 1075 2738 1128 elementum
2760 1115 2775 1140 ,
2812 1085 2866 1129 et
2912 1076 2971 1129 llt
3004 1085 3405 1130 sacramentum.
3444 1096 3461 1126 ο

1945 1164 2122 1215 \‘irtus
2148 1164 2292 1216 verbi
2322 1178 2415 1231 per
2442 1178 2629 1231 aquam
2658 1164 2876 1218 mundat
2901 1179 3014 1217 nos.
3055 1164 3142 1217 Ait
3166 1165 3304 1217 enim
3331 1164 3468 1231 Apoc

1943 1249 2107 1301 stolus
2130 1264 2142 1300 :
2172 1250 2483 1302 decedamus
2504 1250 2570 1302 ad
2597 1249 2759 1303 Deum
2779 1266 2895 1303 vero
2914 1250 3063 1303 corde
3084 1252 3137 1303 in
3159 1249 3469 1318 plenitudine

1941 1338 2079 1402 ﬁdei,
2104 1339 2296 1406 aspersi
2318 1339 2467 1391 corde
2509 1357 2540 1391 a
2580 1340 2882 1392 conscientia
2923 1337 3080 1399 mala,
3106 1347 3150 1390 et
3173 1338 3333 1390 abluti
3357 1354 3469 1390 cor-

1940 1441 2034 1491 pus
2057 1442 2188 1493 aqua
2212 1427 2419 1478 munda.

2011 1512 2287 1566 Sciendum
2301 1522 2471 1565 autem
2488 1514 2625 1581 (ιυοά
2640 1514 2770 1568 ordo
2789 1525 2841 1568 et
2855 1530 2980 1569 usus
2994 1514 3288 1583 baptizandi
3301 1514 3468 1567 diver-

1942 1603 2015 1655 sis
2038 1604 2358 1669 temporilns
2368 1604 2520 1657 aliter
2533 1611 2690 1672 atque
2709 1604 2860 1658 aliter
2870 1604 2998 1669 fuit;
3032 1614 3201 1658 tamen
3223 1622 3324 1658 una
3335 1622 3463 1658 seut-

1940 1705 2029 1756 per
2047 1690 2195 1755 ﬁdes,
2224 1706 2380 1743 unum
2407 1691 2674 1761 baptisma.
2713 1692 2876 1746 Aliter
2904 1693 3189 1762 baptizavit
3212 1692 3459 1753 Joannes,

1943 1774 2092 1827 aliter
2118 1776 2226 1843 ipse
2255 1776 2537 1855 Dominus,
2608 1779 2762 1833 aliter
2789 1779 3006 1848 apostoli
3028 1787 3148 1834 ante
3174 1781 3465 1847 passionem

306 1836 573 1920 albatione
597 1836 864 1920 virtutum.
917 1865 1018 1918 Per
1042 1866 1356 1934 baptismum
1384 1836 1704 1920 restaurator
1727 1881 1842 1919 cor-
1872 1836 1913 1892 Β
1946 1863 2230 1918 Salvatoris
2253 1906 2267 1930 ,
2317 1877 2370 1919 et
2408 1846 2688 1935 antequam
2731 1872 2796 1923 ex
2834 1870 2993 1924 latere
3022 1870 3135 1939 ejus
3174 1871 3385 1939 sanguis
3407 1858 3469 1924 ὀι

306 1970 411 2021 pus
435 1953 614 2023 [Forte
640 1954 877 2024 spiritus]
908 1954 1135 2008 hominis
1172 1955 1237 2008 ad
1270 1955 1500 2022 priorem
1522 1956 1714 2008 statum
1738 1955 1844 2021 pri-

306 2043 385 2095 mi
410 2042 549 2095 illius
569 2042 791 2095 hominis
810 2049 932 2095 ante
958 2049 1258 2110 peccatum;
1289 2040 1379 2095 sed
1416 2057 1520 2094 non
1549 2042 1634 2100 ita,
1678 2050 1734 2093 ut
1760 2058 1843 2093 se-

304 2145 473 2182 curus
501 2136 618 2196 post
659 2128 973 2195 baptismum
996 2128 1153 2181 vivat.
1192 2128 1322 2182 Nam
1346 2128 1413 2181 ad
1434 2143 1625 2198 agones
1650 2128 1843 2196 produ—

305 2218 453 2271 citur
475 2226 659 2271 contra
681 2216 943 2270 diabolum
970 2217 1213 2270 vitiorum
1253 2217 1540 2287 principem
1567 2218 1839 2272 dimicatu-

308 2322 404 2360 rus
434 2307 487 2360 in
534 2321 695 2360 arena
745 2307 901 2375 hujus
947 2306 1157 2369 mundi;
1205 2307 1292 2361 ubi
1338 2306 1680 2376 spectaculum
1718 2307 1843 2375 facti

303 2412 488 2448 sumus
516 2396 632 2447 huic
661 2395 849 2448 mundo
887 2405 934 2447 et
979 2395 1168 2463 angelis
1212 2405 1259 2448 et
1300 2395 1583 2448 hominibus
1625 2394 1677 2463 (I
1718 2394 1837 2450 Cor.

303 2500 383 2545 iv,
415 2484 491 2547 9).
529 2481 817 2548 Utramque
858 2481 996 2534 enim
1040 2490 1280 2548 partem,
1329 2481 1522 2535 Christi
1564 2482 1761 2535 scilicet
1790 2492 1841 2537 et

302 2568 533 2629 diaboli,
563 2568 763 2621 inﬁnita
798 2568 972 2635 populi
998 2568 1273 2622 multitudo
1301 2575 1500 2636 spectat
1535 2568 1836 2622 luctantem.

307 2655 441 2707 Dure
496 2662 617 2708 sunt
663 2669 891 2722 namque
940 2654 1205 2721 pactiones
1255 2656 1593 2709 credentium.
1667 2658 1840 2712 Prima

301 2743 484 2810 pactio
506 2750 617 2806 est,
649 2743 699 2795 in
720 2757 822 2810 qua
848 2744 1161 2797 renuntiavit
1188 2744 1391 2797 diabolo
1416 2752 1467 2797 et
1487 2748 1690 2814 pompis
1707 2747 1837 2814 ejus,

302 2840 363 2883 et
391 2829 653 2883 universae
679 2830 1061 2884 conversatioui
1092 2831 1259 2895 illius;
1286 2833 1508 2886 secunda
1535 2836 1708 2903 pactio
1736 2845 1837 2901 est,

302 2919 361 2970 in
392 2932 495 2985 qua
521 2932 579 2971 se
617 2918 893 2985 proﬁtetur
931 2919 1144 2971 credere
1173 2920 1224 2970 in
1247 2919 1409 2972 Deum
1441 2920 1648 2975 Patrem
1671 2925 1840 2975 omni-

302 3016 575 3076 potentem
598 3046 612 3071 ,
661 3014 714 3061 et
747 3007 797 3061 in
824 3005 999 3062 Iesum
1026 3005 1288 3062 Christum
1314 3007 1498 3061 Filium
1523 3007 1633 3076 ejus
1650 3050 1663 3071 ,
1710 3018 1761 3064 et
1785 3012 1837 3064 in

1940 1968 2074 2020 aqua
2104 1954 2341 2015 ﬂuerent,
2372 1953 2524 2007 aliter
2546 1964 2821 2023 postquam
2858 1956 3053 2009 dictum
3075 1966 3155 2012 est
3188 1957 3288 2010 illis
3313 1976 3324 2008 :
3368 1958 3465 2017 Ite.

1941 2040 2111 2091 docete
2158 2057 2327 2094 omnes
2366 2050 2556 2109 gentes,
2595 2042 2906 2110 baptizantes
2936 2060 3019 2097 eos
3045 2046 3098 2096 in
3125 2045 3323 2097 nomine
3358 2043 3463 2097 Pa-

1940 2126 2054 2186 tris,
2083 2136 2129 2176 et
2166 2124 2328 2189 Filii,
2375 2137 2422 2179 et
2466 2126 2685 2196 Spiritus
2721 2130 2905 2183 sancti.
2957 2131 3232 2199 Apostolus
3263 2145 3468 2200 quoque

1939 2217 2229 2284 baptizatos
2248 2218 2373 2270 dicit
2393 2204 2587 2286 patres,
2617 2221 2705 2287 qui
2727 2223 2792 2275 ab
2818 2208 3047 2292 Egypto
3070 2223 3287 2292 profecti
3307 2233 3461 2278 sunt:

1941 2292 2077 2358 Nolo
2099 2308 2232 2360 enim
2255 2323 2339 2361 vos
2378 2294 2630 2376 ignorare,
2674 2310 2857 2378 fratres
2878 2351 2895 2375 ,
2925 2313 3163 2381 quoniam
3185 2323 3353 2381 patres
3379 2330 3466 2365 na-

1938 2395 2031 2445 stri
2060 2411 2227 2447 omnes
2252 2394 2345 2448 sub
2368 2396 2496 2448 nube
2520 2396 2757 2464 fuerunt,
2805 2408 2851 2450 et
2876 2414 3046 2451 omnes
3080 2415 3218 2451 mare
3242 2386 3459 2452 transie—

1939 2488 2073 2542 runt,
2102 2473 2150 2531 et
2179 2496 2346 2533 omnes
2372 2484 2427 2534 in
2462 2481 2635 2551 Moyse
2672 2484 2916 2553 baptizati
2956 2495 3073 2538 sunt
3105 2487 3160 2538 in
3188 2487 3315 2539 nube
3342 2498 3388 2540 et
3415 2491 3465 2541 in

1937 2567 2088 2617 mari.
2127 2566 2194 2620 Et
2233 2582 2290 2621 re
2327 2584 2451 2621 vera
2495 2571 2688 2637 egressi
2735 2572 2799 2625 de
2846 2570 3075 2641 Egypto
3117 2574 3377 2627 ducuntur
3413 2576 3464 2629 in

1937 2666 2094 2704 manu
2121 2651 2242 2706 forti
2265 2663 2318 2706 et
2340 2655 2556 2708 brachio
2591 2658 2831 2719 excelso,
2859 2666 2914 2711 et
2938 2659 3204 2713 venientes
3231 2662 3295 2714 ad
3322 2677 3466 2717 mare

1937 2740 2169 2793 Rubrum
2199 2742 2455 2794 antecedit
2491 2743 2688 2811 Moyses
2727 2744 2951 2799 famulus
2975 2745 3066 2799 Dei
3108 2756 3325 2816 portans
3350 2750 3460 2803 vir-

1935 2842 2052 2895 gam
2094 2843 2249 2895 quam
2287 2845 2317 2881 a
2343 2829 2561 2884 Domino
2586 2840 2896 2900 acceperat:
2926 2835 3153 2902 percutit
3179 2852 3343 2905 aquas
3363 2877 3378 2899 ,
3408 2848 3461 2892 et

1935 2916 2340 2985 statim-cogitur
2381 2915 2567 2971 ﬂuctus
2607 2918 2659 2971 in
2700 2919 3001 2984 cunmlum,
3055 2929 3110 2974 et
3130 2923 3268 2976 unda
3293 2923 3343 2975 in
3374 2938 3460 2977 se-

1934 3004 2151 3071 metipsa
2202 3019 2440 3072 repressa
2492 3014 2773 3060 curvatur:
2818 3009 3129 3064 soliditatem
3181 3012 3365 3080 recipit
3400 3013 3459 3065 li-

306 3097 564 3164 Spiritum
605 3104 866 3149 sanctum.
924 3096 1028 3150 Sed
1067 3111 1170 3149 non
1193 3105 1273 3151 est
1313 3096 1383 3150 ibi
1431 3096 1547 3152 thus
1582 3098 1831 3154 victoriae.
1933 3106 2087 3161 quor.
2129 3100 2183 3146 ει
2230 3090 2395 3146 solum
2425 3093 2587 3145 maris
2615 3095 2807 3148 arescit
2852 3096 2904 3150 in
2945 3096 3178 3166 pulvere.
3238 3098 3459 3170 Ingressi

306 3183 418 3235 llas
440 3182 712 3248 pactiones
734 3181 912 3234 ﬁdeles
939 3181 991 3234 in
1016 3182 1212 3234 curiam
1247 3183 1517 3251 proferunt
1548 3182 1835 3255 angelicam

307 3270 524 3323 nomina
549 3269 941 3336 proﬁtentium:
973 3270 1024 3322 in
1070 3268 1204 3323 libro
1234 3272 1500 3338 excipiunt
1542 3272 1685 3336 vitm,
1734 3288 1835 3326 non

302 3374 334 3410 a
361 3358 600 3425 quolibet
625 3358 860 3420 homine,
891 3358 979 3411 sed
1026 3373 1054 3410 a
1086 3360 1351 3427 superiore
1376 3360 1581 3414 ccelitus
1607 3370 1837 3429 potesta-

303 3456 379 3497 te.
418 3443 534 3496 Jam
575 3434 762 3508 deinde
800 3445 1121 3497 tironestDei
1151 3455 1205 3501 et
1246 3447 1436 3501 milites
1471 3447 1665 3508 Christi
1695 3463 1837 3503 arma

301 3538 753 3585 sacramentorum
776 3531 1081 3598 suscipiunt,
1118 3540 1174 3585 ut
1193 3548 1416 3602 pugnam
1449 3544 1633 3603 gerant
1655 3538 1837 3589 adver-

304 3637 401 3673 sus
427 3620 708 3673 diabolum.
762 3619 862 3672 Sed
889 3618 1231 3673 fortissimum
1254 3623 1632 3676 munimentum
1654 3639 1836 3678 eorum

303 3710 422 3774 ipse
448 3714 530 3759 est
554 3706 813 3769 Christus,
838 3721 994 3774 quem
1016 3708 1067 3761 in
1094 3708 1352 3776 baptismo
1381 3711 1678 3785 induerunt,
1702 3714 1837 3768 sicut

300 3795 379 3847 ait
405 3794 724 3861 Apostolus:
754 3792 865 3858 'Qui
909 3794 962 3847 in
999 3793 1200 3849 Christo
1243 3797 1482 3866 baptisati
1505 3802 1655 3863 estis,
1689 3800 1835 3853 Citri-

300 3891 441 3931 stum
462 3880 718 3933 induistis.
744 3879 842 3945 Qui
864 3880 974 3933 vult
992 3882 1201 3937 vincere
1226 3898 1401 3945 manu,
1429 3882 1579 3939 fortis
1605 3887 1835 3940 invenia-

301 3974 394 4016 tur
417 3966 469 4017 in
498 3967 633 4018 bono
658 3979 850 4033 opere:
883 3965 1008 4035 ﬁgat
1034 3969 1212 4034 pedes,
1248 3985 1352 4023 non
1379 3979 1560 4025 nutent
1597 3975 1830 4043 vestigia,

301 4061 362 4103 ut
388 4052 557 4120 possit
582 4052 799 4120 implere
828 4054 1122 4108 victoriam.

378 4140 527 4193 Unde
551 4148 604 4194 et
623 4143 726 4195 duo
752 4151 875 4195 sunt
912 4158 1102 4212 genera
1122 4136 1404 4213 baptismi.
1459 4146 1689 4200 Primum
1735 4150 1830 4202 ba-

300 4228 576 4294 ptismum,
605 4243 709 4295 quo
735 4229 916 4282 sordes
942 4240 1274 4296 peccatorum
1312 4248 1405 4301 per
1432 4237 1833 4301 regenerationis

301 4317 574 4367 lavacrum
600 4316 881 4369 abluuntur
905 4335 917 4369 :
949 4319 1230 4371 secundum
1251 4360 1265 4382 ,
1309 4337 1412 4390 quo
1443 4325 1558 4390 quis
1582 4325 1831 4392 sanguine

1934 3191 2056 3235 sunt
2099 3181 2184 3235 alii
2230 3182 2479 3243 salvandi,
2520 3182 2607 3236 alii
2637 3184 2903 3251 puniendi.
2949 3186 3117 3240 Umnn
3144 3188 3455 3244 elementum

1930 3284 2208 3336 aquarum,
2232 3276 2442 3322 auctore
2469 3270 2627 3323 totius
2655 3279 2907 3326 creatura:
2928 3275 3168 3340 jubeute,
3203 3275 3459 3343 judicavit

1932 3364 2203 3422 utrosque,
2230 3357 2489 3422 separavit
2517 3357 2630 3424 pios
2671 3359 2737 3411 ab
2782 3360 2972 3427 impiis.
3010 3360 3213 3432 Moyses
3234 3346 3454 3434 ﬁgurant

1933 3444 2115 3496 habuit
2133 3443 2335 3496 Domini
2350 3442 2542 3496 Christi
2572 3462 2584 3495 :
2613 3446 2665 3497 in
2696 3446 2840 3513 virga
2863 3450 3189 3515 agnoscimus
3212 3466 3452 3517 crucem;

1935 3544 2081 3582 mare
2125 3529 2357 3581 Rubrum
2405 3530 2687 3597 accipimus
2736 3532 3051 3599 baptismum
3095 3535 3287 3590 Christi
3338 3553 3456 3592 san-

1930 3617 2085 3685 guine
2109 3624 2485 3685 purpuratum;
2531 3631 2706 3687 regem
2749 3618 3113 3688 Egyptiorum
3136 3624 3457 3693 populosque

1930 3703 2074 3770 ejus,
2102 3711 2367 3758 auctorem
2392 3714 2722 3772 peccatorum
2766 3708 3027 3762 diabolum
3065 3724 3183 3764 cum
3216 3715 3458 3769 omnibus

1932 3791 2185 3843 ministris
2207 3789 2338 3857 ejus.
2397 3792 2501 3845 Sed
2534 3792 2822 3859 baptismus
2849 3789 3023 3864 imigo
3048 3799 3231 3852 mortis
3263 3801 3453 3854 Christi

1930 3882 2011 3931 est
2038 3886 2089 3930 et
2113 3877 2412 3946 sepulturae,
2444 3878 2579 3931 sicut
2603 3877 2883 3947 Apostolus
2914 3889 3136 3936 testatur
3167 3902 3179 3936 :
3214 3885 3292 3937 Αη
3313 3887 3455 3954 igno-

1932 3964 2075 4025 ratis,
2102 3963 2305 4031 fratres,
2336 3964 2574 4033 quoniam
2610 3968 2892 4036 quicunque
2931 3968 3169 4037 baptizati
3206 3986 3380 4025 sumus
3402 3975 3455 4026 in

1930 4052 2132 4106 Christo
2154 4052 2299 4115 Jesu,
2327 4055 2382 4105 in
2412 4063 2571 4106 morte
2601 4056 2760 4121 ipsius
2796 4055 3037 4123 baptismi
3056 4076 3230 4114 sumus
3255 4062 3280 4113 .’
3321 4060 3455 4115 Con-

1929 4139 2112 4209 sepulti
2148 4142 2281 4192 enim
2316 4157 2490 4193 sumus
2518 4158 2632 4194 cum
2650 4141 2739 4196 illo
2768 4160 2860 4212 per
2878 4143 3176 4214 baptismum
3197 4151 3250 4202 in
3273 4160 3449 4212 morte,

1931 4240 1984 4283 ut
2007 4231 2254 4300 quomodo
2280 4235 2602 4286 resurrexita
2626 4237 2836 4289 mortuis
2875 4252 2966 4304 per
2994 4238 3210 4305 gloriam
3252 4236 3469 4301 Patris,’

1928 4321 2000 4372 ita
2026 4328 2073 4371 et
2106 4336 2195 4372 nos
2224 4320 2275 4372 in
2304 4322 2522 4373 novitate
2546 4323 2662 4374 vittr
2686 4322 3019 4377 ambulemus.
3058 4322 3115 4377 Si
3152 4327 3284 4378 enim
3305 4343 3446 4378 cam-

300 4420 401 4457 suo
427 4418 525 4471 per
565 4406 872 4473 martyrium
899 4407 1207 4473 baptizatur.
1258 4410 1371 4473 Quo
1397 4411 1652 4477 baptismo
1679 4411 1830 4465 Chri-
1860 4429 1905 4484 υ

1825 4444 1830 4451 .
1860 4429 1905 4484 υ
1929 4407 2144 4475 plantati
2167 4407 2287 4472 facti
2306 4421 2481 4459 sumus
2505 4407 2828 4462 similitudini
2847 4411 3019 4463 mortis
3054 4410 3187 4478 ejus,
3226 4412 3448 4468 simulet

299 4500 421 4545 stus
447 4492 739 4558 baptizatus
778 4501 889 4555 est;
937 4503 995 4545 ut
1037 4502 1091 4546 et
1115 4496 1166 4547 in
1195 4496 1313 4558 hoc,
1358 4498 1493 4549 sicut
1516 4506 1567 4551 et
1595 4499 1647 4551 in
1677 4507 1827 4552 ecete-

300 4582 402 4645 ris,
430 4579 650 4633 formam
676 4581 1009 4635 credentibus
1036 4582 1214 4647 daret,
1243 4584 1379 4637 sicut
1405 4586 1479 4638 ait
1502 4586 1777 4655 Apostolus
1810 4628 1822 4640 .

300 4669 541 4722 Christus
576 4684 755 4735 passus
788 4678 861 4720 est
886 4685 976 4736 pro
1003 4668 1145 4722 nobis
1185 4670 1468 4739 relinquens
1494 4672 1630 4725 vobis
1668 4688 1828 4725 exem-

298 4756 463 4825 plum.
524 4756 597 4807 De
634 4756 732 4808 hoc
771 4756 927 4823 igitur
976 4757 1231 4822 baptismo
1279 4758 1389 4824 ipse
1429 4760 1676 4813 Dominus
1706 4761 1777 4812 ait
1810 4779 1821 4811 :

302 4844 569 4911 Baptismo
628 4842 787 4894 habeo
827 4843 1093 4911 baptizari.
1174 4842 1241 4894 Et
1288 4844 1534 4911 quomodo
1578 4856 1822 4907 coarctor,

300 4929 587 4998 usquedum
607 4929 900 4995 perﬁciatur
932 4929 1077 4999 (Lac.
1104 4946 1202 4994 ιιι,
1226 4929 1313 5000 50)
1340 4932 1352 4983 !
1384 4930 1530 4984 Filiis
1559 4932 1819 4985 Zebedati:

301 5016 526 5069 Potestis
551 5012 715 5066 bibere
757 5013 965 5067 calicem
990 5054 1005 5078 ,
1050 5031 1196 5085 quem
1221 5032 1310 5085 ego
1341 5015 1587 5070 bibiturus
1619 5034 1749 5081 sum,
1778 5027 1823 5070 et

298 5103 553 5169 baptismo
579 5116 678 5170 quo
712 5115 801 5168 ego
834 5099 1076 5166 baptizor,
1105 5101 1350 5168 baptizari
1390 5101 1573 5169 (Marc.
1608 5119 1636 5155 ς
1656 5143 1669 5164 ,
1695 5104 1824 5172 38)?

298 5182 602 5257 Ba’ptismus
627 5197 802 5242 autem
830 5202 977 5254 aqure
1001 5196 1081 5240 est
1104 5226 1119 5250 ,
1156 5202 1273 5255 quae
1310 5198 1539 5257 tempore
1568 5192 1823 5258 passionis

298 5277 367 5330 de
395 5276 561 5329 latere
579 5274 770 5329 Christi
795 5275 1038 5343 proﬂuxit
1062 5292 1072 5326 :
1100 5274 1400 5342 nullumque
1432 5278 1571 5331 aliud
1599 5280 1822 5332 elemen-

300 5375 412 5416 tum
440 5372 544 5424 est,
570 5362 712 5429 quod
744 5363 796 5415 in
830 5364 929 5416 hoc
962 5360 1156 5416 mundo
1198 5372 1384 5431 purget
1435 5374 1640 5429 cuncta,
1684 5370 1820 5435 quod

299 5451 530 5505 viviﬁeet
558 5451 820 5503 universa.
861 5450 1079 5518 [deoque
1109 5466 1224 5503 cum
1247 5451 1573 5518 baptizamur
1598 5455 1648 5506 in
1673 5457 1820 5507 Chri-

365 5596 388 5621 δ
431 5581 703 5635 Sententia
741 5580 794 5632 Β.
825 5579 1092 5648 Augustini
1120 5580 1294 5633 Tract.
1328 5598 1458 5635 LXX!
1486 5584 1535 5635 in
1567 5582 1713 5635 Jean.

1928 4493 2303 4547 resurrectionis
2329 4495 2517 4546 erimus
2539 4507 2558 4544 :
2599 4495 2693 4547 hoc
2714 4498 2943 4559 scientes,
2978 4498 3098 4564 quia
3119 4507 3257 4551 uetus
3281 4508 3452 4553 noster

1925 4584 2073 4635 homo
2100 4581 2252 4635 simul
2274 4583 2550 4649 cruciﬁxus
2573 4592 2646 4635 est
2670 4621 2686 4645 ,
2726 4594 2782 4635 ut
2820 4583 3110 4635 destruatur
3134 4601 3316 4655 corpus
3334 4603 3449 4656 pec-

1925 4668 2046 4729 cati,
2071 4676 2125 4718 ut
2154 4666 2288 4719 ultra
2311 4683 2411 4719 non
2439 4668 2715 4719 serviamus
2743 4672 2962 4734 peccato.
3018 4668 3120 4733 Qui
3152 4672 3283 4725 enim
3306 4656 3441 4725 mbr-

1924 4763 2041 4804 tuus
2066 4756 2138 4805 est
2159 4792 2173 4816 ,
2195 4752 2506 4820 justi/ianus
2541 4762 2614 4805 est
2654 4770 2686 4805 a
2720 4763 2953 4822 peccato:
2984 4754 3041 4808 Si
3066 4766 3236 4809 autem
3259 4763 3443 4813 mortui

1922 4855 2097 4891 sumus
2131 4854 2246 4891 cum
2271 4837 2472 4891 Christo
2541 4839 2791 4892 credimus
2815 4840 2932 4908 quia
2956 4840 3107 4893 simul
3130 4844 3282 4895 etiam
3311 4845 3441 4897 rice-

1923 4943 2033 4979 mus
2058 4941 2169 4977 cum
2191 4924 2413 4978 Christo.

1990 5016 2207 5081 Quidam
2244 5014 2383 5068 enim
2411 5023 2715 5076 senserunt,
2748 5017 2935 5070 trinam
2982 5008 3095 5095 ﬁeri
3126 5022 3439 5076 mensionem

1921 5112 2131 5170 propter
2183 5101 2454 5156 Trinitatis
2505 5104 2893 5173 venerationem
2933 5122 2946 5156 :
2996 5107 3208 5173 quidam
3264 5116 3439 5163 autem

1919 5198 2130 5258 propter
2145 5187 2397 5244 triduante
2410 5190 2689 5259 sepultura:
2705 5206 2852 5245 sacra
2859 5201 3108 5246 mentum.
3122 5193 3236 5253 Sed
3255 5196 3441 5250 beatus

1918 5274 2196 5343 Gregorius
2246 5289 2380 5343 papa
2408 5276 2435 5315 ι’
2464 5276 2669 5329 cuidam
2709 5290 2766 5329 se
2810 5277 3146 5347 interroganti
3194 5280 3259 5334 de
3300 5282 3432 5335 trina

1918 5371 1972 5415 et
1995 5360 2177 5428 simpla
2206 5362 2464 5416 mersione
2486 5400 2500 5423 ,
2546 5362 2622 5414 sic
2651 5364 2913 5430 respondit
2939 5381 2954 5417 :
3001 5382 3018 5414 ι
3048 5364 3119 5417 De
3148 5365 3435 5430 trinayero

1922 5450 2175 5503 uwrsioue
2204 5448 2525 5517 baptismatis
2546 5449 2670 5502 nihil
2707 5451 3004 5516 responderi
3039 5451 3213 5506 verius
3242 5462 3431 5522 potest,

1915 5647 1945 5698 4
1976 5578 2171 5696 ἔλπεαι
2199 5579 2242 5629 is
2270 5578 2502 5631 Leander
2528 5578 2873 5645 llispalcnsis,
2904 5580 2967 5632 ad
2996 5595 3149 5648 quem
3173 5589 3251 5635 est
3275 5582 3428 5650 epist.

1958 5686 1968 5698 .
2020 5664 2032 5697 ι
2073 5684 2083 5695 .
2117 5660 2151 5696 ι.

1958 5686 1968 5708 ,
2001 5660 2083 5697 un.
2117 5660 2151 5696 ι.
