4110 6486
838 489 939 543 863

833 694 1026 740 sancta:
1053 683 1323 737 Ecclesia:
1375 681 1698 735 consuetudo
1748 681 1972 734 diversa.
2045 678 2151 732 Nos
2194 685 2370 730 autem

831 778 968 845 quod
1006 775 1162 830 tertio
1207 774 1526 842 mergimus,
1580 773 1835 826 triduana:
1871 761 2156 840 sepultura:
2193 783 2372 822 sacra-

832 875 1006 919 menta
1044 865 1312 932 siguamus
1336 881 1348 914 :
1379 872 1435 915 ιιι
1464 865 1586 914 dum
1617 861 1770 914 tertio
1799 862 1863 913 ab
1885 860 2034 927 aquis
2053 857 2224 912 infans
2247 858 2374 910 edu-

831 958 988 1012 citur.
1009 955 1323 1008 resurrectio
1340 953 1567 1005 triduani
1594 952 1843 1020 temporis
1863 952 2205 1018 exprimatur.
2223 948 2373 1014 Quod
2402 1011 2407 1017 .

834 1046 874 1094 si
903 1044 1020 1110 quis
1049 1041 1182 1094 forte
1208 1042 1364 1094 etiam
1394 1055 1490 1107 pro
1523 1055 1737 1093 summa:
1776 1039 2050 1092 Trinitatis
2077 1037 2375 1092 veneratio-

835 1147 898 1184 ne
920 1133 1177 1192 restimct;
1208 1129 1375 1198 neque
1403 1130 1467 1182 ad
1490 1130 1587 1183 hoc
1611 1129 1806 1197 aliquid
1828 1129 2037 1182 obsistit
2058 1126 2375 1194 baptizando

835 1218 995 1272 semel
1032 1217 1081 1270 iu
1111 1219 1263 1286 aquis
1303 1231 1578 1285 mergere:
1606 1217 1728 1284 quia
1775 1218 1896 1269 dum
1925 1218 1977 1268 in
2005 1215 2172 1268 tribus
2205 1211 2375 1266 subsi-

833 1306 1040 1358 stentiis
1069 1321 1168 1358 una
1205 1305 1496 1359 substantia
1523 1313 1635 1366 est,
1670 1301 2082 1370 reprehensibile
2107 1316 2224 1354 esse
2263 1298 2374 1352 nul-

841 1399 1042 1449 latentis
1091 1404 1296 1465 potest,
1327 1394 1577 1447 infantem
1611 1394 1661 1448 in
1693 1393 2008 1461 baptismate
2045 1391 2126 1444 vel
2172 1398 2251 1443 ter
2292 1387 2373 1441 vel

835 1485 1010 1539 semel,
1044 1499 1314 1554 mergere;
1361 1483 1572 1552 quando
1620 1491 1674 1535 et
1718 1483 1768 1534 in
1819 1482 1988 1534 tribus
2025 1478 2374 1533 mersionibus

839 1590 1177 1640 personarum
1206 1573 1434 1637 trinitas,
1456 1582 1510 1625 et
1536 1571 1591 1624 in
1621 1587 1724 1623 una
1751 1578 1926 1637 potest
1948 1569 2236 1623 divinitatis
2268 1568 2374 1620 sin-

832 1661 1080 1729 gatlaritas
1099 1660 1381 1728 designari.
1415 1679 1432 1709 ι
1489 1658 1591 1711 Sed
1631 1658 1870 1725 quamvis
1895 1656 1947 1709 in
1975 1665 2145 1709 morte
2176 1654 2377 1710 Christi

832 1747 1115 1800 secundum
1131 1744 1431 1813 Apostolum
1450 1745 1796 1811 haptizamur,
1820 1743 1863 1796 si
1885 1743 2233 1810 praetermissa
2245 1755 2375 1809 qua-

833 1837 960 1888 libet
1001 1836 1277 1888 Trinitatis
1319 1849 1542 1903 persona
1586 1835 1876 1902 baptismus
1901 1834 2054 1886 detur
2078 1831 2128 1885 iu
2157 1846 2374 1899 regene-

815 1923 1047 1977 'rationis
1078 1922 1407 1977 solemnitate
1429 1962 1442 1982 .
1475 1922 1604 1974 nihil
1639 1923 1839 1990 agitur;
1873 1921 1972 1974 nisi
2004 1928 2115 1972 tota
2144 1919 2375 1972 Trinitas

832 2015 1134 2066 invocetur.
1181 2013 1312 2077 Quia
1351 2012 1559 2065 nonnisi
1606 2012 1656 2063 in
1692 2026 1796 2063 uno
1839 2010 2050 2063 nomine
2085 2008 2278 2071 Patris,
2323 2016 2376 2061 ct

833 2103 969 2164 Filii,
998 2114 1052 2157 et
1091 2103 1318 2170 Spiritus
1364 2104 1531 2156 sancti
1579 2101 1822 2170 baptismi
1865 2099 2224 2155 sanctificatur
2261 2098 2374 2153 oili-

832 2193 970 2244 cium

905 2280 1201 2346 linplismus
1249 2289 1421 2331 autem
1470 2293 1572 2332 non
1614 2285 1693 2330 est
1735 2278 1993 2338 heminis,
2041 2278 2132 2330 sed
2157 2275 2370 2329 Christi.

834 2369 1056 2436 lleoque
1086 2369 1212 2421 nihil
1244 2369 1461 2422 interest
1490 2369 1768 2422 lizereticus
1805 2383 1871 2419 an
1914 2367 2080 2420 lidelis
2107 2367 2372 2433 baptitet;

835 2455 956 2522 quia
979 2466 1365 2508 sacramentum
1397 2464 1501 2507 tam
1528 2465 1768 2509 sanetum
1793 2464 1893 2518 est,
1915 2465 1973 2508 ut
2000 2469 2096 2507 nec
2118 2453 2376 2507 homicida
2402 2496 2414 2508 .

839 2545 1168 2598 ministrante
1217 2545 1496 2612 polluatur.
1574 2545 1738 2598 llabet
1803 2545 2014 2612 quidem
2059 2545 2376 2612 baptismum

823 2632 1028 2704 ’Christi
1053 2631 1358 2689 haereticus;
1399 2633 1488 2684 scd
1517 2633 1637 2698 quia
1665 2640 1820 2689 extra,
1843 2633 2094 2685 unitatem
2120 2631 2237 2684 fidei
2275 2639 2376 2694 est,

824 2705 963 2770 nihil
994 2718 1066 2770 nu
1111 2719 1344 2785 prodest.
1402 2718 1470 2770 At
1506 2719 1590 2770 ubi
1620 2719 1886 2788 ingressus
1924 2717 2050 2778 fuit,
2080 2719 2260 2772 statim
2286 2718 2380 2770 bo-

833 2807 1086 2875 ptisuium
1133 2806 1271 2874 quod
1303 2805 1520 2860 haberet
1564 2797 1693 2859 foris
1731 2807 1798 2858 ad
1844 2806 2131 2872 perniciem
2154 2846 2167 2866 ,
2199 2806 2382 2872 incipit

839 2891 1034 2958 illijam
1069 2893 1320 2960 prodesse
1366 2891 1430 2944 ad
1476 2893 1719 2949 salutem.
1778 2893 1910 2955 Quia
1957 2891 2033 2945 sic
2067 2893 2262 2946 habent
2290 2893 2381 2945 ba-

837 2983 1088 3049 ptismum
1128 2980 1391 3044 haeretici,
1441 2981 1702 3047 quomodo
1741 2981 1980 3034 desertor
2009 2981 2167 3035 habet
2193 2982 2383 3035 chara-

837 3080 1035 3123 cterem
1061 3087 1073 3122 :
1102 3077 1155 3123 et
1191 3077 1365 3142 tamen
1401 3070 1443 3123 si
1474 3070 1712 3123 desertor
1735 3070 1845 3138 ipse
1868 3079 2138 3124 correctus
2167 3072 2384 3140 incipiat

840 3158 1098 3223 militare,
1139 3174 1240 3212 non
1280 3159 1326 3213 ei
1375 3160 1533 3212 audet
1565 3159 1843 3227 quisquam
1879 3159 2238 3214 characterem
2267 3174 2381 3212 mu-
2405 3195 2452 3256 c

840 3255 973 3299 tare.

2407 1899 2448 1955 Β

1431 3332 1652 3387 CAPUT
1689 3333 1793 3387 ΥΠ.

1334 3421 1411 3476 De
1455 3429 1604 3477 sacra
1648 3425 1900 3476 unctione.

909 3509 1034 3564 Post
1062 3510 1329 3564 lavacrum
1376 3512 1642 3578 ungimur,
1687 3518 1746 3564 ut
1784 3509 1981 3565 Christi
2017 3511 2226 3565 nomine
2252 3526 2380 3566 cen-

839 3611 1068 3650 seamur.
1108 3597 1350 3651 Cbrisma
1369 3591 1517 3651 ‘enim
1537 3597 1715 3650 unctio
1744 3597 2136 3662 interpretatur,
2165 3597 2299 3651 sicut
2329 3606 2384 3652 et

838 3684 1080 3736 Christus
1106 3723 1121 3746 ,
1167 3690 1386 3746 unctus;
1418 3676 1528 3749 ‘qua
1558 3682 1804 3736 unctione
1830 3683 2090 3737 eﬂicimur-
2108 3697 2271 3753 genus
2295 3699 2382 3738 re-

841 3771 1005 3838 gium.
1049 3770 1104 3822 In
1129 3769 1300 3823 Veteri
1336 3783 1562 3836 namque
1595 3768 1932 3824 Testamento
1971 3785 2073 3823 non
2096 3771 2265 3825 solum
2299 3787 2384 3826 re-

839 3872 932 3925 ges
957 3865 1010 3910 et
1039 3857 1339 3911 sacerdotes
1376 3857 1728 3926 ungebantur,
1765 3858 1856 3912 sed
1882 3859 2040 3912 etiam
2059 3859 2382 3914 tabernacu-

841 3941 950 3996 lum
978 3945 1282 4006 testimonii,
1314 3945 1452 4012 quod
1476 3944 1698 3999 Domino
1722 3947 2054 4014 praecipiente
2081 3949 2382 4004 institutum

840 4041 945 4096 cst,
970 4047 1121 4087 sacra
1145 4034 1393 4087 unctione
1427 4033 1810 4089 sanctiIiCatum
1831 4044 1930 4100 est,
1959 4037 2168 4092 dicente
2203 4038 2382 4094 Domi-

843 4135 913 4175 no
939 4119 1005 4174 ad
1032 4119 1261 4190 Moysem
1303 4140 1316 4173 :
1366 4120 1719 4176 Circumdabis
1758 4125 1949 4177 atrium
1970 4127 2199 4180 tentoriis
2225 4137 2271 4180 et
2305 4130 2384 4181 in-

817 4229 1075 4284 ~gressum
1099 4211 1232 4283 ejus,
1261 4222 1309 4266 et
1334 4223 1596 4282 assumpto
1633 4214 1886 4267 unctionis
1907 4213 2017 4268 oleo
2040 4231 2195 4284 unges
2218 4216 2383 4270 taber-

844 4291 1088 4359 naculum
1109 4320 1225 4358 cum
1251 4301 1387 4358 vasis
1419 4305 1528 4358 suis
1551 4313 1607 4356 ut
1645 4303 2066 4372 sanctiﬁcentur;
2104 4305 2266 4360 altare
2299 4307 2384 4360 Ito-

844 4395 1062 4446 loeausti
1085 4432 1101 4458 ,
1146 4398 1210 4446 et
1234 4394 1408 4448 omnia
1431 4408 1554 4445 vasa
1576 4393 1706 4462 ejus,
1736 4392 1938 4446 labrum
1975 4410 2092 4447 cum
2130 4394 2240 4449 basi
2263 4412 2378 4459 sua,

1839 480 2146 534 LEIDRADI
2183 476 2652 532 LL'GDUNENSIS
2695 476 2986 531 lil‘lSCOl‘l

3939 481 4040 535 864

832 612 989 666 quam
1032 595 1129 664 ipsi
1175 593 1440 657 seusrstis;
1487 593 1607 660 quia
1654 593 1703 645 in
1751 607 1850 646 una
1899 594 2000 646 lide
2029 593 2155 645 nihil
2194 589 2365 643 ollieio
2394 597 2434 647 Α
2465 589 2624 640 ticum
2651 589 2943 666 nullatenus
2974 595 3144 656 potest
3185 589 3286 642 dici
3323 590 3729 658 sempiternum,
3782 593 3920 661 quia
3947 609 4036 646 ve-

2474 677 2646 729 niente
2690 657 2908 729 veritate
2960 676 3123 744 ligura
3175 657 3445 729 cessavit,
3484 677 3558 731 De
3605 677 3710 733 hoc
3757 657 4041 746 unguento

2471 764 2608 831 quod
2635 765 2685 815 in
2712 764 3060 816 sacerdotium
3086 762 3292 831 proiicit
3320 763 3704 833 sempiternum
3729 805 3744 829 ,
3795 777 3853 818 et
3885 766 4037 819 Psal-

2474 855 2626 907 mista
2652 856 2726 907 ait
2751 870 2762 902 :
2793 851 2933 905 Sicut
2960 863 3269 921 unguentum
3312 853 3364 905 in
3385 855 3550 922 capite
3577 855 3718 923 quod
3761 855 4040 908 descendit

2470 941 2522 992 in
2555 940 2781 1001 barbam,
2805 938 3011 990 barbam
3035 938 3226 991 Aaron.
3262 939 3426 1008 llujus
3459 955 3586 1008 ergo
3613 941 3896 995 unctionis
3925 958 4043 1009 qun:

2474 1028 2523 1078 in
2563 1015 2773 1078 Christo
2818 1027 3077 1092 veraciter
3118 1025 3380 1094 completa
3422 1035 3540 1090 est,
3589 1038 3642 1080 et
3684 1029 3736 1081 it:
3771 1029 4044 1082 membris

2470 1115 2842 1184 ejusquolidie
2876 1117 3138 1186 impletur,
3171 1117 3337 1186 figura
3363 1117 3571 1171 exstitit
3607 1119 3794 1171 unctio
3832 1118 3945 1180 illa,
3984 1119 4041 1171 :le

2471 1221 2574 1272 qua
2606 1207 2656 1258 in
2698 1207 2874 1259 Veteri
2911 1206 3244 1260 Testamento
3271 1205 3494 1276 legimus
3523 1207 3595 1259 ita
3624 1225 3637 1259 :
3673 1206 3816 1258 Tulit
3866 1221 4039 1258 autem

2472 1290 2680 1343 Samuel
2705 1293 2997 1344 lenticulam
3024 1293 3119 1360 olei
3147 1333 3161 1356 ,
3198 1301 3243 1344 et
3285 1293 3464 1360 effudit
3496 1309 3651 1359 super
3687 1304 3850 1361 caput
3903 1296 4037 1361 ejus,

2472 1383 2522 1434 id
2553 1393 2631 1436 est
2659 1382 2850 1446 Saulis,
2882 1394 2934 1436 et
2959 1383 3290 1437 deosculatus
3316 1385 3388 1436 ait
3422 1403 3433 1437 :
3468 1384 3634 1437 Ecce!
3669 1387 3822 1438 unxit
3854 1398 3903 1438 te
3937 1388 4038 1438 Do-

2471 1471 2638 1522 minus
2666 1488 2816 1540 super
2848 1471 3192 1524 Ita'rcditatcm
3219 1489 3366 1525 suam
3394 1474 3446 1524 in
3476 1473 3780 1540 principem.
3839 1473 3906 1525 Et
3943 1475 4037 1525 itc-

2473 1574 2586 1610 rum
2618 1578 2628 1610 :
2664 1557 2799 1611 Tulit
2829 1558 2984 1627 igitur
3030 1558 3237 1612 Samuel
3275 1576 3432 1612 cornu
3468 1559 3586 1623 olei,
3613 1570 3660 1613 et
3702 1561 3858 1611 auxit
3900 1577 4034 1618 eum,

2473 1645 2522 1696 id
2551 1655 2648 1707 est,
2674 1645 2858 1709 David,
2885 1648 2935 1698 in
2963 1647 3128 1698 medio
3169 1646 3387 1715 fratrum
3417 1647 3558 1716 ejus,
3607 1658 3656 1700 et
3697 1648 3935 1701 directus
3969 1661 4037 1700 t‘sl

2471 1735 2679 1798 spiritus
2721 1733 2928 1786 Domini
2970 1736 3023 1786 in
3069 1734 3231 1787 θαι-ἔα
3277 1753 3309 1787 a
3355 1736 3438 1796 die
3479 1737 3571 1788 illa
3617 1750 3663 1789 et
3696 1739 3747 1788 in
3777 1739 4035 1804 reliquum

2475 1819 2523 1889 (1
2550 1819 2667 1890 Reg.
2705 1837 2815 1883 xw,
2846 1821 2951 1890 15).
2990 1820 3045 1872 lu
3073 1820 3263 1889 quibus
3284 1835 3492 1890 quoque
3524 1822 3704 1875 verbis
3730 1824 4032 1874 notandum

2474 1917 2550 1962 est
2575 1907 2712 1976 quod
2736 1918 2855 1976 post
2881 1909 3204 1972 unctionem,
3225 1909 3332 1962 imo
3359 1923 3455 1978 per
3482 1909 3813 1972 unctionem,
3839 1910 4034 1978 diriga-

2479 2006 2563 2049 tur
2585 1997 2798 2065 spiritus
2822 1996 3026 2050 Domini
3060 1997 3111 2049 in
3137 1995 3489 2060 Da\'id,.sicut
3512 1998 3564 2050 in
3591 1997 3832 2050 Ecclesia
3861 2000 4033 2049 credi-

2473 2100 2589 2136 mus
2609 2099 2702 2151 per
2721 2085 3020 2138 chrismatis
3040 2086 3336 2140 unctionem
3360 2094 3412 2140 et
3427 2102 3616 2141 manus
3637 2087 4030 2155 impositionem

2473 2173 2584 2225 dari
2611 2174 2862 2241 Spiritum
2891 2183 3149 2228 sanctum.
3187 2175 3318 2228 Nam
3346 2179 3481 2230 sicut
3518 2178 3570 2231 in
3601 2180 3874 2247 baptismo
3901 2194 4024 2247 pee—

2473 2270 2706 2312 eatorum
2738 2261 2977 2314 remissio
3004 2263 3190 2325 datur,
3232 2263 3304 2316 ita
3343 2278 3434 2331 per
3462 2267 3767 2319 unctionem
3795 2270 4029 2321 sanctiﬁ-

2473 2347 2613 2400 catio
2638 2346 2866 2416 Spiritus
2890 2349 3189 2402 adhibetur.
3230 2347 3294 2402 Et
3325 2351 3426 2403 hoc
3454 2352 3592 2418 quod
3631 2352 3834 2425 dictum
3861 2362 3942 2406 est
3972 2355 4029 2405 de

2473 2436 2692 2502 pristina
2743 2437 3051 2505 disciplina,
3101 2454 3202 2507 quo
3249 2440 3373 2506 ungi
3415 2439 3466 2491 in
3507 2439 3868 2493 sacerdotium
3900 2452 3949 2493 et
3981 2441 4025 2491 iu

2477 2540 2693 2592 regnum
2717 2526 2974 2589 solebant,
3004 2541 3120 2593 qua:
3139 2527 3264 2580 dum
3287 2527 3571 2580 carnaliter
3601 2527 3679 2592 lit,
3709 2529 4021 2596 spiritaliter

2475 2615 2721 2682 proficit:
2765 2618 3026 2683 quomodo
3054 2624 3108 2669 et
3135 2617 3185 2668 in
3215 2618 3323 2684 ipsa
3370 2616 3618 2685 baptismi
3665 2620 3862 2686 gratia,
3908 2622 4026 2670 visi-

2475 2704 2596 2756 bilis
2639 2705 2850 2772 quidem
2890 2715 3038 2758 aetus
3081 2705 3219 2772 quod
3259 2705 3310 2757 in
3339 2719 3528 2773 aquam
3571 2706 3890 2774 mergimur,
3940 2709 4025 2759 sed

2478 2795 2730 2864 spiritalis
2751 2794 2969 2849 elfectus
3001 2795 3141 2862 quod
3176 2794 3378 2847 delictis
3406 2794 3745 2847 inundauuir.
3807 2793 4024 2862 Proptt-r

2478 2885 2618 2953 quod
2644 2894 2698 2938 et
2740 2892 3070 2938 sacramenta
3101 2883 3365 2947 dicuntur,
3414 2883 3536 2951 quia
3583 2883 3683 2937 sub
3725 2892 4022 2953 tegumento

2478 2972 2829 3042 corporalium
2864 2987 3038 3026 rerum
3074 2972 3244 3026 virtus
3282 2971 3457 3024 divina
3504 2972 3766 3024 secretius
3805 2971 4020 3024 salutem

2478 3064 2782 3116 eorumdem
2824 3070 3274 3116 sacramentorum
3318 3069 3586 3128 Operetur.
3658 3060 3811 3128 Quod
3854 3072 4021 3116 autem

2485 3150 2804 3220 presbyteris
2829 3149 2952 3204 licet
2975 3149 3149 3218 capita
3175 3148 3561 3217 baptizatorum
3601 3149 3889 3205 chrismate
3929 3169 4019 3204 un-

2481 3252 2625 3306 gere,
2654 3239 2793 3306 qnod
2818 3245 2991 3291 tamen
3032 3238 3099 3291 ab
3133 3237 3380 3305 episcopo
3417 3235 3577 3290 fuerit
3620 3249 4018 3302 consecratum;

2480 3343 2583 3381 non
2611 3336 2784 3380 tamen
2815 3327 3039 3380 frontem
3073 3327 3284 3395 signare
3302 3363 3316 3389 ,
3345 3324 3483 3393 quod
3510 3325 3636 3379 solis
3663 3327 3888 3380 debetur
3920 3331 4020 3396 epi-

2481 3417 2656 3485 scopis
2679 3432 2800 3471 cum
2822 3417 3035 3470 tradunt
3065 3415 3319 3486 Spiritum
3348 3415 3661 3485 paraclitum
3679 3456 3696 3481 ,
3725 3419 3840 3472 lucc
3865 3435 4018 3472 causa

2480 3515 2596 3560 est:
2626 3522 2746 3560 nam
2775 3507 2897 3561 licet
2935 3508 3037 3560 sint
3074 3515 3128 3560 et
3159 3507 3452 3577 presbyteri
3489 3508 3826 3571 sacerdotes,
3858 3511 4019 3578 ponti-

2481 3595 2670 3649 ﬁcatus
2695 3603 2866 3648 tamen
2909 3595 3112 3662 apicem
3151 3610 3253 3648 non
3299 3595 3514 3648 habent.
3555 3594 3666 3648 lloc
3694 3605 3870 3649 autem
3900 3599 4017 3650 solis

2481 3683 2817 3753 pontificibus
2843 3683 3058 3746 deberi,
3095 3698 3197 3737 non
3226 3682 3396 3736 solum
3423 3683 3750 3737 consuetudo
3785 3685 4017 3738 ecclesia-

2481 3773 2613 3828 stica
2657 3773 3004 3836 demonstrat,
3030 3785 3213 3825 verum
3238 3773 3398 3826 etiam
3420 3771 3645 3826 Actuum
3672 3774 4014 3842 apostolorum

2482 3859 2636 3914 lectio
2658 3899 2673 3923 ,
2712 3874 2829 3928 qua:
2874 3861 3104 3923 asserit,
3149 3859 3365 3914 Petrum
3389 3870 3443 3912 et
3477 3859 3734 3913 Joannem
3765 3861 4014 3927 apostolos

2484 3945 2776 3999 Samariam
2805 3945 2965 4000 fuisse
2993 3947 3240 4012 directos,
3281 3949 3371 4015 qui
3406 3945 3519 4013 jam
3547 3949 3829 4016 baptizatis
3857 3951 4012 4002 trade-

2486 4046 2601 4090 rent
2631 4036 2883 4106 Spiritum
2927 4047 3188 4092 sanctum.
3248 4039 3324 4093 De
3360 4041 3551 4108 quibus
3594 4043 3754 4094 etiam
3795 4042 4006 4095 dicitur:

2486 4126 2770 4181 Oraverunt
2796 4146 2888 4198 pro
2919 4130 3021 4183 illis
3064 4141 3119 4183 ut
3158 4132 3436 4201 acciperent
3481 4131 3733 4200 Spiritum
3772 4141 4006 4185 sanctum.

2485 4216 2562 4268 Ex
2600 4231 2716 4284 quo»
2742 4219 3036 4273 ostenditur
3080 4220 3203 4287 quia
3231 4218 3482 4288 Spiritum
3519 4229 3760 4274 sanetum
3790 4221 4010 4288 accipere

2483 4318 2762 4372 possumus
2780 4345 2796 4368 ,
2828 4309 2956 4360 dare
2986 4321 3088 4360 non
3115 4321 3426 4375 possumus;
3459 4309 3550 4362 sed
3583 4317 3642 4362 ut
3671 4309 3825 4361 detur
3853 4307 4008 4360 Domi-

2485 4408 2610 4445 num
2638 4395 2961 4449 invocamus.
3024 4395 3089 4448 Et
3114 4404 3394 4466 propterea
3436 4397 3496 4449 lit
3527 4411 3717 4450 manus
3745 4397 4004 4467 impositio.

848 4482 1021 4535 omnia
1045 4482 1298 4535 unctionis
1323 4480 1434 4534 oleo
1461 4482 1811 4545 consecrabis,
1842 4491 1898 4534 ut
1923 4484 2025 4536 sint
2047 4494 2224 4537 sancta
2262 4503 2382 4539 san—
2409 4500 2462 4559 ι)
2485 4489 2542 4535 ut
2569 4497 2664 4550 per
2688 4483 2981 4536 orationem
3009 4491 3061 4537 et
3090 4483 3504 4539 benedictionem
3533 4484 3818 4538 advocatus
3839 4485 4005 4536 invite-

847 4581 1068 4625 ctorum.
1105 4569 1218 4625 Non
1243 4572 1412 4625 solum
1435 4571 1603 4625 altare
1619 4612 1632 4634 ,
1664 4577 1846 4626 verum
1871 4574 2029 4630 etiam
2063 4575 2238 4627 omnia
2263 4589 2388 4627 vasa

847 4659 964 4714 oleo
989 4669 1384 4723 consecrantur,
1426 4661 1549 4729 quia
1577 4663 1752 4715 omnia
1781 4665 2017 4717 membra
2043 4664 2277 4718 ecclesia:
2298 4680 2392 4734 per

847 4746 1078 4800 chrisma
1104 4745 1392 4801 Christiani
1436 4747 1757 4802 efﬁciuntur.
1812 4749 2123 4806 Sacerdotes
2162 4769 2391 4821 quoque,

850 4833 903 4887 id
949 4829 1031 4888 est
1075 4833 1252 4888 Aaron
1277 4843 1332 4889 et
1364 4833 1458 4889 illil
1487 4834 1632 4904 ejus,
1690 4837 1744 4890 in
1784 4846 1908 4908 typo
1948 4839 2193 4909 baptismi
2237 4852 2391 4897 antea

850 4936 984 4988 aqua
1031 4922 1290 4986 lavantur,
1336 4930 1389 4976 et
1433 4932 1614 4991 postea
1650 4934 1935 4993 unguntur,
1975 4927 2108 4982 sicut
2135 4929 2386 4986 Dominus

850 5010 916 5062 ad
945 5007 1175 5077 Moysem
1210 5010 1325 5064 ait:
1375 5009 1665 5079 Applicabis
1706 5011 1881 5067 Aaron
1921 5023 1970 5068 et
2007 5015 2142 5083 ﬁlios
2167 5017 2277 5086 ejus
2317 5019 2384 5070 ad

851 5098 987 5164 [ores
1007 5097 1322 5152 tabernaculi
1352 5101 1644 5166 testimonii,
1670 5111 1716 5156 et
1745 5101 1874 5157 lotos
1896 5121 2030 5175 aqua
2061 5105 2240 5160 indues
2265 5123 2385 5159 san-

852 5183 945 5236 ctis
972 5183 1213 5248 vestibus,
1261 5195 1316 5238 ut
1357 5187 1644 5241 ministrent
1671 5190 1826 5255 mihi,
1863 5201 1910 5244 et
1940 5193 2109 5246 unctio
2128 5209 2304 5246 eorum
2331 5196 2384 5247 in

853 5270 1190 5324 sacerdotium
1236 5271 1470 5340 proﬁciat
1511 5275 1870 5342 sempiternum
1915 5276 2108 5346 (Exod.
2148 5279 2380 5350 itL,15).

855 5359 911 5410 1η
935 5359 1126 5426 quibus
1146 5360 1320 5414 verbis
1343 5363 1628 5416 notandum
1652 5363 1804 5418 valde
1824 5373 1904 5418 est
1928 5366 2067 5433 quod
2099 5368 2276 5420 unctio
2300 5367 2386 5420 illa

857 5446 1031 5514 typica
1060 5447 1113 5500 in
1136 5449 1486 5504 sacerdotium
1515 5451 1754 5520 proficiat
1793 5455 2165 5524 sempiternum
2189 5496 2206 5520 ,
2249 5458 2387 5526 quod

859 5540 942 5586 est
965 5532 1162 5590 Christi
1181 5545 1234 5590 et
1261 5537 1526 5592 Ecclesize.
1556 5539 1685 5593 Nam
1712 5543 2059 5598 sacerdotium
2081 5544 2206 5598 illud
2234 5536 2387 5598 Levi-

931 5670 970 5741 I.
994 5659 1106 5741 Non
1131 5674 1282 5741 erant
1303 5669 1663 5741 cum_pCccalo
1699 5658 1939 5740 originali
1968 5673 2184 5739 apostoli
2223 5690 2389 5741 quan-

864 5725 930 5781 do
957 5725 1198 5798 baptizati
1226 5744 1362 5788 sunt.
1421 5725 1618 5792 Sensus
1646 5753 1770 5808 ergo
1783 5725 1900 5804 "cst,
1936 5725 2089 5795 talem
2118 5725 2276 5798 fuisse
2302 5725 2379 5796 eis

2485 4580 2572 4623 tur
2619 4569 2847 4639 Spiritus
2891 4581 3144 4626 sanctus:
3191 4581 3248 4627 et
3281 4581 3406 4627 tunc
3449 4572 3537 4626 ille
3567 4573 3877 4635 Paraclitus,
3901 4580 4004 4638 post

2484 4661 2699 4723 munda,
2726 4660 2999 4714 benedicta
3038 4669 3093 4715 et
3129 4669 3289 4714 uncta
3329 4675 3582 4729 corpora,
3610 4661 3782 4714 libens
3815 4675 3841 4714 a
3867 4659 4002 4713 Patre

2484 4747 2772 4801 descendit.

2553 4833 2726 4900 Qumri
2755 4842 2937 4894 autem
2982 4849 3012 4886 a
3054 4835 3367 4904 quibusdam
3411 4835 3576 4898 solet,
3624 4849 3746 4887 eum
3791 4832 3896 4887 lous
3923 4835 3999 4886 ba-

2488 4923 2749 4990 ptismatis
2769 4923 2883 4977 sine
2910 4922 3110 4991 Spiritu
3129 4931 3311 4976 sancto
3329 4921 3996 4982 nullatenus'sanctillcetur,

2489 5027 2658 5082 neque
2683 5014 2796 5066 sine
2819 5026 2883 5066 eo
2903 5020 3241 5079 peccatorum
3270 5011 3509 5066 remissio
3534 5010 3779 5075 donetur,
3815 5025 3900 5064 cur
3925 5025 3998 5064 ne-

2487 5116 2634 5156 cessc
2674 5109 2755 5153 est
2798 5108 2980 5169 postea
3022 5100 3137 5154 ﬁeri
3181 5114 3427 5154 manuum
3467 5099 3884 5174 impositiouem?
3907 5097 3994 5151 Sed

2487 5191 2754 5244 sciendum
2786 5189 2964 5242 multis
2995 5189 3162 5244 modis
3198 5190 3310 5243 dari
3352 5188 3605 5256 Spiritum
3632 5195 3880 5250 sanctum,
3906 5201 3993 5240 non

2490 5278 2657 5331 solum
2684 5278 2736 5330 in
2757 5277 3038 5346 baptismo,
3068 5278 3159 5332 sed
3183 5278 3341 5331 etiam
3375 5284 3494 5344 post
3517 5276 3850 5344 baptismum.
3882 5273 3990 5327 Nam

2486 5366 2645 5418 etiam
2683 5365 2810 5433 ipsis
2851 5365 3100 5434 apostolis
3125 5365 3386 5418 credimus
3415 5363 3466 5416 in
3488 5364 3747 5433 baptismo
3773 5363 3989 5418 donatum

2489 5453 2742 5522 Spiritum
2773 5464 3033 5516 sanctum,
3074 5461 3133 5506 ut
3161 5454 3553 5508 remitterentur
3579 5467 3761 5507 eorum
3781 5462 3988 5520 peccata.

2489 5543 2596 5596 sive
2617 5557 2711 5611 per
2737 5543 2989 5610 originem
3013 5550 3176 5596 tracta
3198 5559 3246 5607 ιι,
3277 5544 3386 5598 θίγε
3407 5543 3674 5597 voluntate
3701 5550 3987 5610 perpetrata.

2490 5676 2663 5752 datum
2709 5673 3002 5752 Spiritum,
3035 5675 3121 5743 qui
3151 5688 3333 5728 omnes
3375 5687 3537 5742 genus
3575 5679 3896 5740 peccatorum
3919 5684 3986 5725 re-

2492 5751 2697 5795 mittere
2717 5751 2912 5811 posset.
3265 5753 3270 5760 ’
