4110 6420
56 450 160 503 865

1033 452 1228 505 LIBER
1268 454 1354 506 DE
1392 449 1846 507 SACRAMENTO
1885 451 2192 506 BAPTISMI

3137 458 3240 513 866

49 555 255 604 lterum
282 561 402 621 post
427 552 1125 633 resurrectionemDomini,
1157 558 1327 611 adhuc
1357 560 1468 627 ipso
1500 558 1601 611 Do-
1630 562 1672 618 Α
1702 558 1949 626 impletur
1978 558 2029 611 in
2056 560 2208 612 nobis
2234 562 2371 627 quod
2398 562 2622 615 dicitur‘
2656 562 2839 620 Ponite
2860 568 3080 623 cidarim
3103 586 3250 624 mun—

52 643 205 695 mino
233 645 285 695 in
322 650 463 697 terra
492 642 834 706 consistente,
857 655 1171 712 acceperunt
1203 643 1451 713 Spiritum
1476 661 1600 698 san-

51 742 225 791 ctum,
253 738 312 783 ut
346 729 605 783 haberent
623 738 944 797 potestatem
972 732 1053 785 vel
1075 733 1336 785 dimittere
1369 734 1448 788 vel
1473 736 1604 788 deti-

52 831 185 869 nere
210 816 433 869 aliorum
457 824 691 885 peccata.
746 816 896 872 Sicut
921 819 1173 886 scriptum
1207 828 1287 872 est
1320 838 1331 871 :
1378 822 1603 890 Accipite

52 904 310 971 Spiritum
359 914 613 958 sanctum.
664 904 893 969 Quorum
929 906 1223 960 dimiseritis
1250 919 1476 976 peccata,
1523 910 1603 961 di-

48 996 356 1057 mittentur;
383 1005 430 1047 et
454 1010 670 1064 quorum
693 995 1032 1062 detinueritis,
1058 996 1256 1050 detenta
1285 1009 1450 1051 erunt.
1474 999 1603 1052 Ter-

52 1083 131 1136 tio
180 1093 497 1153 acceperunt
548 1084 803 1154 Spiritum
856 1094 1095 1140 sanctum
1134 1083 1245 1151 jam
1290 1085 1511 1139 Domino
1547 1088 1599 1139 in

48 1174 192 1227 coelo
232 1174 479 1238 sedente,
530 1182 588 1227 ut
637 1173 893 1228 baberent
930 1176 1067 1229 dona
1106 1175 1310 1228 diversa
1341 1176 1392 1227 in
1417 1174 1601 1227 eodem

49 1260 292 1329 Spiritu;
326 1261 378 1313 id
406 1270 508 1325 est,
536 1262 754 1330 gratiam
778 1263 1058 1315 sanitatum
1078 1300 1092 1325 ,
1120 1262 1460 1329 operationem
1497 1263 1599 1313 vir-

48 1358 244 1410 tutum,
275 1349 624 1418 prophetiam,
674 1350 1028 1402 discretionem
1071 1349 1372 1416 spirituum,
1417 1364 1599 1416 genera

46 1438 389 1505 linguarum,
431 1439 894 1502 interpretationem
934 1454 1244 1491 sermonum.
1286 1436 1396 1489 Non
1435 1436 1600 1490 solum

46 1522 233 1576 autem
263 1523 330 1576 ad
359 1524 473 1577 haec
501 1524 747 1578 sublimia
774 1525 910 1578 dona
931 1524 1288 1593 percipienda,
1333 1524 1422 1599 sed
1441 1524 1601 1576 etiam

43 1611 115 1664 ad
140 1626 302 1665 omne
348 1626 482 1678 opus
513 1610 709 1664 bonum
738 1612 1001 1665 credimus
1036 1613 1147 1665 dari
1194 1610 1445 1679 Spiritum
1483 1625 1603 1663 san-

44 1709 217 1751 ctum.
260 1698 562 1767 Quicunque
590 1698 745 1761 enim,
791 1698 863 1750 ait
898 1698 1218 1766 Apostolus,
1260 1697 1454 1766 Spiritu
1504 1696 1602 1748 Dei

44 1796 299 1853 aguntur,
344 1786 396 1837 lii
434 1786 531 1853 ﬁlii
556 1794 674 1838 sunt
703 1786 825 1857 .Dei.
879 1785 1017 1854 Ergo
1060 1787 1113 1839 in
1143 1785 1402 1855 baptismo
1432 1774 1491 1838 lit
1516 1799 1600 1837 re-

1702 647 1822 701 dant
1852 664 2007 716 super
2030 658 2181 714 caput
2206 651 2316 715 ejus
2335 690 2347 711 ,
2379 660 2423 701 et
2458 653 2734 706 induerunt
2773 671 2885 707 eum
2914 656 3153 711 vestibus.
3182 658 3251 713 Ct

1700 736 2011 789 audiamus:
2046 734 2244 789 Fuistis
2286 737 2565 808 aliquando
2610 742 2859 807 tenebrce,
2905 760 3039 797 nunc
3080 732 3251 799 autem

1699 824 1791 877 tua:
1812 827 1865 878 in
1884 825 2124 878 Domino.
2156 824 2254 891 Qui
2296 843 2392 895 per
2431 829 2748 896 baptismum
2794 834 3036 887 tenebras
3079 833 3245 903 Egy-

1699 914 1930 981 ptiorum
1958 914 2170 976 evadit,
2213 923 2266 968 et
2308 931 2500 984 corpus
2548 918 2743 972 Christi
2776 920 3022 983 ellicitur,
3061 924 3252 975 merito

1699 1002 2031 1065 vestimentis
2049 1001 2183 1055 albis
2204 1003 2469 1066 induitur;
2488 1006 2607 1074 quia
2623 1016 2677 1059 et
2691 1022 2815 1060 caro
2836 1008 3030 1064 Christi
3056 1011 3251 1064 mundo

1700 1088 1858 1140 linteo
1887 1082 2122 1142 involuta
2148 1091 2349 1158 sepulta
2380 1100 2477 1145 est.
2500 1092 2598 1156 Qui
2638 1109 2758 1147 cum
2782 1094 2996 1151 Christo
3022 1102 3190 1168 surgit
3219 1117 3247 1153 a

1698 1184 1869 1230 morte
1890 1192 1986 1245 per
2015 1179 2295 1231 transitum
2327 1182 2463 1234 sacri
2491 1182 2678 1244 fontis,
2706 1185 2893 1237 merito
2921 1186 3054 1240 albis
3079 1188 3254 1241 indui-

1703 1270 1787 1316 tur
1812 1277 1825 1315 :
1855 1265 1977 1332 quia
2008 1273 2063 1317 et
2090 1274 2248 1318 testes
2278 1270 2848 1324 resurrectionisillius
2872 1274 3040 1327 sancti
3074 1278 3245 1345 angeli

1704 1352 1755 1405 in
1785 1353 1919 1405 albis
1944 1364 2301 1421 apparuerunt
2329 1358 2582 1409 vestibus.

1766 1439 1912 1492 Albae
1941 1449 2112 1498 autem
2145 1451 2319 1494 vestes
2356 1443 2742 1510 baptizatorum
2773 1456 2881 1502 tres
2906 1450 3249 1519 signiﬁcatio-

1703 1542 1795 1579 nes
1825 1536 2047 1594 gestant.
2078 1528 2246 1582 Unam
2285 1531 2346 1582 de
2378 1533 2644 1598 ptwterito
2664 1574 2678 1598 ,
2709 1550 2824 1602 qua:
2861 1537 2997 1592 facta
3040 1548 3122 1594 est
3153 1557 3252 1611 per

1703 1615 2090 1667 innovationem
2138 1616 2489 1684 baptismatis.
2514 1619 2683 1673 Aliam
2728 1623 2791 1675 de
2834 1628 3101 1692 praesenti,
3132 1644 3255 1697 quae

1703 1703 1762 1755 lit
1781 1718 1879 1772 per
1901 1705 2180 1759 candorem
2206 1707 2481 1772 virtutum,
2505 1710 2639 1763 sicut
2662 1714 2919 1782 scriptum
2947 1725 3029 1769 est
3054 1735 3065 1770 :
3095 1716 3253 1773 Omni

1702 1797 1923 1859 tempore
1950 1793 2055 1844 sint
2090 1793 2387 1847 vestimenta
2430 1805 2517 1848 tua
2558 1800 2797 1852 candida.
2824 1801 2895 1873 De
2921 1805 3111 1871 quibus
3154 1808 3247 1860 ite-

42 1876 237 1929 missio
278 1884 616 1944 peccatorum
636 1915 650 1939 ,
698 1876 751 1929 in
796 1876 1127 1945 impositione
1150 1890 1397 1929 manuum
1420 1875 1605 1953 coufe-
1636 1870 1677 1926 Β
1708 1891 1824 1928 rum
1859 1878 2051 1931 dicitur
2079 1897 2090 1931 :
2121 1880 2311 1934 Beatus
2333 1884 2418 1951 qui
2447 1884 2619 1953 vigilat
2642 1896 2688 1938 et
2714 1870 3250 1946 custoditivestimcnta

44 1975 245 2018 runtur
264 1966 400 2019 dona
445 1966 699 2019 virtutum
727 2006 741 2029 ,
794 1944 933 2021 sicut
971 1967 1160 2021 Petrus
1194 1944 1459 2035 apostoltis
1488 1968 1563 2020 ait
1590 1985 1603 2020 :

41 2055 354 2123 Baptizatur
380 2055 592 2125 quisque
626 2064 842 2108 vestrum
886 2056 942 2108 in
978 2057 1179 2109 nomine
1214 2055 1420 2109 Domini
1448 2058 1607 2109 nostri

40 2141 177 2195 Jesu
203 2139 399 2195 Christi
439 2144 495 2194 in
530 2144 879 2196 remissionem
919 2153 1241 2212 peccatorum
1267 2154 1321 2196 ut
1344 2132 1608 2213 accipiatis

40 2233 241 2283 donum
260 2228 486 2297 Spiritus
510 2233 671 2283 sancti
699 2230 831 2300 (Act.
858 2247 917 2294 ll,
935 2232 1046 2301 58).
1074 2231 1204 2285 Nam
1229 2248 1346 2301 qua:
1368 2234 1437 2285 sit
1456 2231 1606 2286 «ηπε-

44 2320 221 2371 rentia
241 2319 492 2388 baptismi
518 2326 569 2372 et
590 2319 915 2383 chrismatis,
953 2319 1139 2373 beatus
1160 2319 1485 2389 Augusrinus
1511 2335 1605 2373 ex-

40 2409 217 2477 ponit,
242 2409 426 2463 dicens
451 2429 462 2463 :
499 2431 515 2461 I
540 2410 761 2477 Quando
798 2412 1442 2474 exorcizanturinl‘autes,
1464 2411 1608 2465 velut

42 2497 379 2553 frumentum
400 2500 698 2566 moluntur;
727 2503 939 2572 quando
959 2502 1294 2569 baptizantur
1310 2541 1324 2565 ,
1359 2516 1609 2569 consper-

41 2596 277 2653 guntur;
318 2575 534 2654 quando
564 2590 943 2652 chrismantur,
979 2598 1295 2657 coquuntur.
1322 2609 1337 2640 ι
1383 2589 1606 2641 Pulchra

42 2678 419 2744 comparatio!
453 2677 585 2730 Dum
618 2678 885 2733 moluntur
916 2696 1014 2749 per
1031 2680 1404 2743 exorcismum,
1448 2696 1476 2733 a
1513 2694 1607 2749 po-

44 2772 246 2817 testate
291 2764 489 2817 diaboli
536 2775 819 2831 eruantur;
885 2769 1009 2820 dum
1051 2775 1471 2837 consperguntur
1512 2781 1608 2834 per

42 2853 415 2937 baptismum,
468 2869 496 2906 a
546 2863 885 2922 peccatorum
936 2856 1181 2911 sordibus
1216 2857 1604 2939 emundentur;

42 2943 169 2993 dunt
194 2956 295 3011 per
322 2942 555 2996 chrisma
594 2952 913 3011 coquuntur,
969 2945 1138 3007 sancti
1185 2942 1414 3011 Spiritus
1437 2946 1605 3013 gratia

43 3028 385 3083 illustrentur
421 3037 476 3082 et
502 3030 902 3084 conﬁrmentur.

458 3128 467 3131 τ
634 3140 855 3195 CAPUT
893 3141 1024 3196 Vlll.

540 3207 615 3261 De
636 3212 943 3263 vestimentis
969 3210 1118 3264 albis.

110 3296 383 3364 Baptizati
425 3297 561 3350 albis
600 3298 890 3352 induuntur
915 3300 1185 3364 vestibus,
1213 3308 1273 3353 ut
1302 3301 1416 3369 ipso
1447 3300 1608 3354 etiam

38 3385 231 3437 habitu
263 3375 545 3438 exterioris
575 3386 802 3438 hominis
829 3387 1194 3441 demonstrent
1217 3390 1608 3442 innovatioucm

35 3482 91 3530 et
120 3476 563 3530 emundationcm
607 3475 893 3529 interioris.
924 3475 1023 3540 Qui
1066 3478 1204 3530 enim
1241 3478 1305 3552 de
1348 3474 1609 3545 potestate

39 3566 390 3618 tenebrarum
424 3564 740 3617 transfertur
764 3566 814 3616 in
844 3580 1061 3635 regnum
1088 3565 1220 3620 lucis
1245 3574 1297 3618 et
1323 3567 1606 3627 claritatis,

35 3659 438 3721 consequenter
484 3654 652 3704 utitur
678 3654 1007 3706 vestimentis
1040 3654 1172 3706 aliis
1214 3655 1279 3705 ad
1315 3656 1607 3721 exemplum
1699 3666 1709 3677 '

33 3743 161 3797 Jesu
193 3758 307 3797 non
342 3743 511 3796 solum
542 3741 631 3793 lilii
654 3740 941 3800 Joscdcrh,
980 3740 1072 3794 sed
1101 3749 1155 3794 et
1187 3740 1311 3793 Jesu
1344 3741 1461 3793 Filii
1494 3742 1603 3794 Dei.

36 3836 169 3888 Nam
203 3837 258 3888 in
286 3832 415 3888 Jesu
446 3834 553 3885 lilio
571 3832 826 3886 Josedech
856 3832 1249 3900 pracliguratum
1278 3840 1359 3885 est
1389 3831 1526 3900 quod
1553 3829 1603 3881 in

32 3926 158 3981 Jcsu
190 3927 339 3980 Filio
374 3925 467 3978 Dei
511 3933 628 3977 erat
665 3923 1005 3992 implendum.
1056 3923 1145 3975 Att
1189 3938 1314 3993 ergo
1354 3924 1606 3991 propheta

31 4018 341 4071 Zacharias
368 4032 380 4067 :
413 4015 478 4066 Et
502 4015 655 4067 Jcsus
682 4023 791 4068 erat
815 4014 1025 4066 indutus
1051 4013 1268 4064 vestibus
1297 4012 1540 4075 sordidis,
1561 4022 1608 4064 ct

30 4105 203 4158 stabat
237 4114 366 4157 ante
403 4102 589 4170 faciem
613 4099 799 4170 angeli.
826 4098 923 4164 Qui
955 4099 1224 4165 respondit
1252 4105 1305 4149 ct
1326 4098 1399 4149 ait
1421 4098 1483 4149 ad
1514 4110 1607 4150 eos

28 4195 120 4263 qui
143 4194 374 4248 stabant
394 4205 575 4245 coram
601 4203 677 4251 se,
704 4189 915 4242 dicens:
942 4186 1149 4255 Auferte
1173 4187 1471 4239 vestimenta
1496 4201 1607 4240 sor.

29 4288 154 4339 ditia
183 4284 251 4339 ab
282 4299 367 4336 eo.
397 4279 466 4333 Et
489 4280 622 4333 dixit
651 4279 718 4332 ad
743 4294 858 4332 cum
882 4292 898 4328 :
924 4277 1053 4331 Ecce
1073 4276 1261 4329 abstuli
1288 4295 1321 4329 a
1344 4285 1392 4329 te
1416 4275 1606 4345 iniqui-

31 4388 189 4429 tatem
220 4384 414 4435 tuam;
441 4379 488 4424 et
528 4368 675 4423 indui
715 4377 762 4421 te
805 4367 1126 4432 mutatoriis,
1163 4376 1211 4419 et
1247 4366 1397 4419 dixi:
1425 4363 1606 4417 Ponite

32 4468 256 4521 ritlarim
289 4462 542 4517 mundam
569 4475 721 4528 super
740 4469 891 4527 caput
920 4459 1050 4524 eius.
1078 4458 1147 4510 Et
1175 4457 1454 4511 induerunt
1492 4472 1607 4509 eum

1706 1982 1800 2018 sua
1817 2005 1831 2030 ,
1860 1967 2117 2021 nernudus
2141 1970 2381 2023 ambulet.
2408 1972 2636 2026 Tertiam
2679 1975 2743 2028 de
2774 1976 2969 2043 futuro,
2995 1996 3112 2049 qua:
3135 1996 3252 2051 spe-

1708 2067 1856 2110 ratur
1893 2057 1946 2109 in
1972 2066 2167 2112 (eterna
2191 2061 2294 2111 vita
2340 2076 2435 2128 per
2473 2063 2771 2118 claritatem
2819 2069 3248 2125 immortalitatis.

1709 2145 1858 2199 Unde
1884 2143 2112 2199 Joannes
2134 2147 2396 2214 apostolus
2425 2150 2621 2203 vidisse
2650 2168 2707 2206 se
2731 2153 2857 2207 dicit
2896 2156 3253 2212 innumerabi-

1706 2234 1782 2286 les
1806 2221 2004 2287 stantes
2047 2242 2168 2287 ante
2197 2236 2444 2290 thronum
2478 2239 2529 2291 in
2556 2251 2839 2308 conspectu
2872 2243 3001 2313 Agni
3028 2250 3253 2302 amictos

1707 2321 1855 2373 stolis
1884 2321 2035 2383 albis,
2063 2331 2117 2375 et
2142 2323 2457 2394 interrogari
2485 2326 2552 2378 ab
2577 2342 2679 2379 uno
2710 2328 2775 2381 de
2812 2332 3107 2387 senioribus
3133 2352 3143 2387 :
3182 2336 3253 2388 lli

1705 2409 1793 2476 qui
1823 2407 1996 2460 amicti
2017 2419 2133 2461 sunt
2160 2410 2304 2462 stolis
2325 2410 2475 2476 albis,
2500 2429 2586 2482 qui
2612 2424 2728 2467 sunt
2754 2425 2801 2468 et
2822 2418 2958 2471 unde
2978 2426 3256 2475 venerunt?

1706 2505 1760 2548 et
1783 2496 1851 2549 ab
1878 2512 1941 2550 eo
1967 2497 2173 2552 audisse
2197 2517 2208 2549 :
2239 2497 2309 2552 Ili
2330 2508 2450 2552 sunt
2472 2501 2559 2569 qui
2581 2513 2826 2555 venerunt
2845 2504 2908 2556 de
2928 2507 3256 2564 tribulatione

1706 2603 1891 2655 magna
1910 2598 1959 2640 et
1984 2588 2214 2641 laverunt
2232 2590 2386 2643 stolas
2397 2607 2518 2643 suus
2533 2594 2586 2644 in
2602 2594 2849 2661 sanguine
2869 2596 3006 2663 agni.
3033 2595 3258 2667 Propter

1706 2676 1804 2730 has
1829 2678 1987 2746 igitur
2007 2677 2365 2732 dealbationcs
2385 2686 2708 2743 renalorum,
2739 2681 2984 2733 dicuntur
3010 2698 3106 2751 per
3127 2683 3257 2738 Pro-

1703 2765 1918 2833 phetam
1947 2763 2037 2817 lilii
2066 2764 2191 2819 Sion
2205 2766 2537 2820 candidiores
2560 2766 2710 2831 lacte,
2732 2768 3114 2824 rubicundiores
3140 2772 3254 2825 cbo-

1707 2871 1760 2907 re
1780 2855 2000 2923 pretioso
2029 2855 2264 2926 (Tltrcn.,
2286 2872 2358 2920 tv,
2385 2857 2460 2927 7).
2489 2857 2554 2911 Et
2582 2859 2834 2912 Dominus
2863 2859 3049 2929 angelo
3067 2860 3256 2915 Laodi-

1706 2944 1801 2997 cia:
1826 2945 1985 2998 scribi
2008 2944 2158 3011 jubet
2196 2960 2292 3015 per
2317 2944 2571 2999 Joannem
2598 2962 2611 3000 :
2638 2945 2841 3001 Suadeo
2889 2948 2978 3001 tibi
3025 2966 3188 3002 emere
3223 2968 3254 3002 η

1708 3051 1785 3087 me
1810 3051 1996 3089 aurum
2016 3037 2251 3105 ignitum,
2281 3036 2551 3104 probatum
2568 3076 2582 3100 ,
2608 3046 2663 3088 ut
2701 3036 2925 3107 locuples
2953 3038 3078 3105 fias,
3103 3047 3149 3091 et
3175 3056 3256 3091 ve-

1703 3124 1953 3177 stimentis
1981 3124 2110 3177 albis
2151 3126 2384 3178 induaris
2408 3124 2587 3197 (Apoc.
2620 3142 2681 3179 ιιι
2702 3166 2714 3188 ,
2747 3127 2852 3187 18).
2881 3127 3080 3195 Viginti
3126 3142 3256 3195 qua-

1633 3202 1677 3260 C
1708 3220 1831 3266 tuor
1866 3205 2073 3281 quoque
2110 3215 2345 3268 seniores
2368 3216 2549 3268 sedere
2576 3216 2824 3269 dicuntur
2850 3230 3009 3284 super
3033 3218 3255 3271 thronos

1709 3304 1895 3372 viginti
1928 3310 2153 3371 quatuor
2186 3304 2566 3357 cireumamieti
2590 3305 2920 3358 vestimentis
2954 3306 3103 3368 albis,
3127 3314 3181 3358 et
3202 3307 3254 3358 in

1706 3393 1968 3461 capitibus
1999 3408 2180 3446 eorum
2216 3407 2423 3447 corona:
2451 3408 2642 3447 aureze.
2672 3392 2737 3446 Et
2764 3394 3009 3449 omnibus
3031 3395 3084 3448 in
3110 3410 3255 3449 eom-

1707 3486 1865 3534 mune
1885 3483 2174 3536 victoribus
2194 3484 2551 3550 promittitur:
2579 3482 2682 3547 Qui
2701 3482 2898 3547 vicerit,
2919 3483 2992 3537 sic
3019 3485 3256 3538 vestietur

1707 3572 2015 3624 vestimentis
2045 3571 2195 3625 albis.

2292 3659 2512 3715 CAPUT
2565 3659 2654 3713 IX.

1986 3748 2063 3802 De
2090 3765 2300 3819 corpore
2321 3748 2591 3802 Dontinico
2620 3766 2681 3803 ac
2710 3751 2977 3819 sanguine.

1775 3837 1992 3906 Oportet
2018 3846 2295 3891 renovatus
2322 3852 2419 3907 per
2441 3839 2759 3906 baptismum
2798 3854 2992 3893 mensa:
3018 3839 3252 3896 Domini-

1706 3943 1782 3981 εει)
1816 3927 2099 3995 applicari,
2130 3935 2191 3979 ut
2236 3936 2504 3981 sumentes
2540 3943 2733 3996 panem
2780 3928 2868 3995 qui
2906 3943 2996 3981 cor
3036 3929 3259 3983 hominis

1706 4015 2055 4082 conﬁrmat,et
2077 4015 2250 4066 vinum
2268 4014 2405 4082 quod
2434 4012 2684 4081 la‘tiﬁcat,
2713 4015 2887 4067 dicere
2907 4016 3110 4082 possint
3134 4032 3254 4071 cum

1704 4102 1985 4156 Psalmista
2015 4116 2029 4154 :
2057 4100 2223 4170 Super
2253 4118 2441 4170 aquam
2472 4101 2761 4170 refectionis
2799 4104 2972 4156 eduxit
3003 4120 3112 4167 me,
3142 4108 3258 4159 ani-

1704 4190 2025 4244 iuammeatn
2062 4190 2132 4242 ibi
2162 4191 2420 4256 convertit.
2456 4189 2520 4240 Et
2560 4200 2678 4257 post
2708 4190 3010 4258 paululum:
3047 4190 3255 4245 Parasti

1704 4271 1758 4332 in
1782 4289 2050 4347 conspectu
2078 4294 2188 4331 meo
2218 4260 2457 4331 mensarii
2475 4278 2719 4332 adversus
2755 4295 2840 4332 eos
2880 4279 2966 4348 qui
3008 4280 3258 4334 tribulam

1704 4385 1803 4420 me.
1830 4368 1927 4433 Qui
1959 4369 2098 4421 enim
2129 4367 2296 4421 dixit:
2331 4367 2449 4421 Nisi
2475 4369 2590 4437 quis
2621 4378 2827 4440 renatus
2849 4369 3004 4438 fuerit
3030 4387 3093 4424 ea:
3119 4387 3255 4439 aqua

1706 4469 1754 4511 et
1783 4456 1976 4527 Spiritu
2008 4465 2215 4521 sancto,
2265 4474 2365 4511 non
2410 4456 2615 4510 intrabit
2644 4458 2697 4509 in
2731 4462 2936 4526 regnum
2981 4459 3254 4523 caelorum;

31 4556 258 4610 restibus
285 4549 475 4622 (Zach.
507 4563 564 4601 ιιι
588 4586 604 4612 ,
627 4546 688 4608 ιι,
719 4545 793 4617 5).
823 4545 949 4611 Quae
978 4545 1101 4599 licet
1118 4546 1180 4605 ,in
1222 4544 1440 4598 Domino
1472 4542 1596 4596 Jesu
1626 4538 1672 4596 D
1696 4546 1831 4599 dixit
1858 4560 1872 4597 :
1904 4545 2020 4599 Nisi
2054 4546 2484 4599 manducaveritis
2513 4561 2718 4614 carnept
2744 4561 2925 4608 meam,
2955 4555 3002 4597 ct
3029 4546 3254 4601 biberitis

32 4646 253 4712 Christo
279 4657 347 4697 ex
380 4647 536 4709 parte
560 4636 772 4705 impleta
804 4642 944 4698 sunt,
968 4636 1137 4702 magis
1165 4642 1339 4686 tamen
1363 4634 1412 4684 in
1439 4646 1602 4685 mem-

32 4736 144 4790 bris
165 4732 289 4801 ejus
308 4727 550 4800 quotidie
579 4724 881 4793 implentur.
911 4723 1038 4776 Erat
1059 4723 1269 4789 quidem
1291 4721 1465 4789 aliquo
1490 4735 1600 4775 mo~

32 4823 98 4876 do
121 4830 174 4875 et
206 4817 474 4874 Dominus
501 4814 715 4868 indutus
749 4813 981 4866 vestibus
1012 4811 1241 4865 sordidis
1264 4850 1277 4873 ,
1323 4810 1444 4879 quia
1480 4825 1600 4864 cum

35 4930 133 4965 non
155 4910 368 4980 fecisset
391 4912 676 4974 peccatum,
707 4918 798 4971 pro
826 4902 968 4955 nobis
1001 4912 1263 4971 peccatum
1299 4902 1466 4970 factus
1493 4909 1564 4953 est
1582 4940 1596 4962 ,

34 5012 79 5054 et
98 5003 208 5070 ipse
232 4997 571 5066 inﬁrmitates
596 5001 796 5047 nostras
811 4992 1047 5061 portavit,
1071 5000 1117 5042 et
1139 5006 1231 5059 pro
1252 4989 1395 5042 nobis
1416 4988 1599 5042 doluit.

36 5076 238 5142 Tamen
269 5084 401 5153 quia
430 5084 483 5136 in
519 5081 607 5134 illo
634 5080 775 5133 nulla
806 5079 903 5132 fuit
938 5079 1193 5147 iniquitas
1232 5094 1350 5146 qua:
1376 5079 1609 5131 auferre-

36 5188 141 5241 tur,
182 5176 280 5231 scd
318 5171 627 5227 vulneratus
675 5180 749 5221 est
791 5177 997 5237 propter
1033 5169 1325 5239 iniquitates
1373 5177 1607 5230 nostras;

34 5266 249 5324 sordida
279 5262 607 5317 vestimenta
637 5257 948 5312 auferuntur
974 5272 1004 5311 a
1039 5258 1189 5312 nobis
1214 5298 1228 5322 ,
1270 5273 1389 5310 eum
1429 5263 1608 5311 nostra

35 5365 254 5424 precata
277 5352 556 5412 delentur,
585 5354 641 5401 ut
661 5354 997 5416 resurgentes
1018 5347 1068 5399 in
1092 5360 1175 5409 eo,
1199 5347 1474 5400 audiamus
1493 5354 1610 5413 post

39 5447 304 5515 baptisma
331 5456 346 5493 :
376 5438 512 5492 Ecce
539 5435 687 5488 indui
712 5444 759 5488 te
780 5436 1088 5488 mutatoriis.
1122 5435 1186 5487 Et
1224 5434 1348 5489 illud
1382 5434 1519 5503 quod
1558 5433 1608 5485 in
1642 5481 1651 5489 .

37 5535 258 5589 Cantico
287 5532 499 5585 dicitur
517 5526 868 5580 canticorum.
903 5522 1032 5587 Qua:
1053 5533 1126 5576 est
1150 5524 1272 5587 ista,
1296 5541 1411 5593 qua:
1437 5539 1610 5576 ascen-

37 5625 111 5678 dit
138 5619 430 5678 dealbata?
454 5616 522 5670 Et
547 5624 827 5685 postquam
864 5615 916 5667 in
954 5614 1126 5681 capite
1162 5613 1426 5682 ungimur,
1458 5612 1606 5681 quasi

103 5748 131 5775 ⁸
156 5734 361 5802 Expos.
404 5728 642 5781 inchoat.
674 5725 837 5793 Epist.
868 5724 931 5778 ad
964 5724 1140 5785 Rom,
1174 5739 1317 5777 num.
1357 5723 1433 5775 l5.

1706 4638 2004 4705 sanguinem
2043 4652 2247 4700 nteant,
2276 4652 2376 4687 non
2412 4633 2660 4687 [rubebitis
2681 4636 2835 4687 vitam
2858 4635 2910 4688 in
2941 4635 3100 4689 vobis.
3127 4634 3253 4691 Om-

1711 4727 1795 4780 nis
1822 4727 1920 4778 ista
1946 4726 2205 4778 sententia
2232 4732 2392 4785 tenet,
2418 4732 2476 4776 ut
2502 4726 2616 4778 sine
2640 4739 2860 4793 corpore
2904 4734 2955 4778 et
2999 4730 3256 4796 sanguine

1711 4818 1800 4871 lilii
1831 4818 2061 4870 hominis
2083 4818 2245 4869 vitam
2285 4815 2478 4870 habere
2502 4832 2606 4871 non
2649 4818 2872 4885 possint.
2896 4819 3030 4872 Dicit
3059 4821 3249 4874 iterum

1704 4905 1955 4958 Dominus
1981 4921 1992 4955 :
2028 4901 2193 4957 Panis
2212 4920 2359 4974 quem
2383 4920 2472 4977 ego
2502 4904 2708 4965 dedero,
2741 4922 2861 4958 caro
2887 4922 2999 4959 mea
3046 4917 3118 4961 est
3157 4926 3249 4977 pro

1703 4995 1880 5049 satculi
1902 4995 2020 5047 rita.
2040 4993 2228 5048 Sa’culi
2254 4995 2355 5047 rita
2377 4973 2587 5070 npminc
2607 4995 2847 5050 homines
2867 4997 3247 5068 significantur,

1706 5087 1795 5156 qui
1837 5085 2101 5140 nascendo
2149 5086 2199 5137 in
2240 5085 2339 5137 hoc
2382 5083 2631 5138 sreculum
2658 5086 2910 5138 veniunt:
2943 5103 3004 5140 ac
3032 5103 3125 5156 per
3151 5089 3250 5142 hoc

1705 5189 1804 5242 pro
1830 5173 2101 5226 hominum
2132 5173 2237 5224 vita
2263 5186 2384 5225 cato
2417 5169 2613 5224 Christi
2658 5172 2777 5224 data
2805 5182 2913 5232 est,
2959 5182 3116 5240 quam
3150 5175 3250 5230 nisi

1708 5263 2160 5326 mandneaverint,
2178 5244 2303 5315 Onon
2336 5262 2605 5316 habebunt
2629 5263 2790 5314 vitam
2819 5268 3092 5315 aeternam.
3118 5262 3250 5316 Bea-

1711 5360 1796 5405 tus
1815 5364 2038 5417 namque
2054 5350 2377 5416 Augustinus
2399 5349 2452 5400 in
2471 5344 2698 5415 quodam
2713 5348 2826 5401 loco
2843 5361 2865 5387 η
2878 5350 2982 5402 ait:
3005 5367 3022 5398 ι
3044 5348 3251 5416 Optime

1709 5437 1893 5491 Punici
1917 5437 2193 5490 christiani
2214 5437 2534 5505 baptismum
2561 5436 2729 5504 ipsum
2758 5437 2887 5489 nihil
2923 5436 3065 5490 aliud
3090 5451 3248 5504 quam

1710 5527 1962 5587 salutent;
1995 5533 2048 5577 et
2071 5534 2460 5579 sacramentum
2481 5527 2718 5592 corporis
2738 5526 2931 5580 Christi
2960 5526 3089 5579 nihil
3110 5526 3251 5581 aliud

1707 5633 1862 5687 quam
1888 5618 2049 5670 vitam
2079 5625 2288 5671 vocant.
2318 5616 2498 5670 Unde?
2525 5619 2623 5670 nisi
2665 5634 2727 5672 ex
2770 5617 3005 5684 antiqua,
3031 5626 3087 5670 ut
3112 5615 3224 5671 testi
