4110 6468
665 469 763 524 sia-
1353 503 1376 528 ,.
1429 453 1434 455 “
1660 467 1968 520 ιιςιυιιΑυι
2002 462 2465 520 LUGDUNENSIS
2502 467 2790 522 EPISCOPI
2838 476 2899 527 ’κ
3719 475 3826 529 eos

663 595 768 642 Ino,
791 588 844 632 et
873 579 1150 646 apostolica
1194 571 1488 638 traditione,
1517 591 1617 643 qua
1646 575 1888 628 Ecclesia:
1919 574 2183 628 Christum
2212 573 2260 628 Α
2883 578 3099 632 CAPUT
3138 580 3198 632 χ,

663 667 876 721 insitum
919 672 1128 725 tenent,
1153 679 1247 732 per
1281 664 1597 731 baptismum
1644 671 1695 716 et
1738 663 2186 730 participationem
2290 658 2362 710 De
2384 661 2659 726 infamibus
2683 664 2756 714 μοι
2771 665 2848 715 his
2866 667 3056 734 quipro
3079 683 3132 719 se
3156 669 3456 734 respondere
3470 682 3826 737 nonpossunt.

663 767 856 807 mensa:
891 754 1198 812 dominicas,
1235 766 1338 804 non
1379 751 1544 804 solum
1573 751 1638 803 ad
1688 765 1904 817 regnum
1940 751 2056 810 Dei,
2097 748 2187 800 sed
2354 749 2684 802 Consuetudo
2709 752 2950 806 licclesim
2988 757 3179 818 habet,
3204 764 3258 807 et
3291 756 3540 810 doctores
3570 759 3829 822 tradunt,

660 857 755 892 nec
801 841 864 893 ad
912 840 1134 892 salutem
1171 848 1223 892 et
1251 839 1414 891 vitam
1441 847 1690 890 a'ternam
1720 853 1870 905 posse
1895 839 2182 904 pervenire.
2289 845 2343 888 ut
2368 839 2578 891 omnino
2623 840 2817 893 cistiem
2857 845 3170 897 sacramenti
3209 847 3384 899 verbis
3433 847 3482 899 in
3533 845 3832 900 infantibus

661 925 767 978 lloc
796 941 938 978 enim
969 934 1022 978 et
1043 923 1314 992 Scriptura
1345 933 1590 977 testatur.
1623 925 1752 976 Nam
1778 925 1900 991 quid
1939 925 2077 976 aliud
2117 931 2190 976 te—
2287 925 2475 990 quibus
2511 935 2563 978 et
2607 927 2662 979 in
2708 929 2994 996 majoribus
3021 932 3264 998 baptismi
3296 934 3552 1002 mysteria
3581 933 3830 987 celebre-

659 1022 783 1065 neat
814 1013 902 1080 qui
931 1013 1242 1080 baptismum
1272 1013 1482 1064 nomine
1523 1013 1707 1064 salutis
1750 1011 2009 1079 appellant
2035 1050 2050 1072 ,
2091 1012 2186 1063 nisi
2287 1026 2420 1064 mus.
2443 1012 2572 1066 Hinc
2591 1023 2672 1067 est
2695 1017 2834 1068 enim
2855 1019 2990 1082 quod
3016 1021 3261 1074 sacerdos
3276 1021 3459 1074 eadem
3484 1031 3830 1076 sacramenta

657 1100 796 1166 quod
821 1099 1016 1152 dictum
1047 1109 1126 1152 est
1153 1116 1166 1149 :
1197 1100 1508 1151 Salvosnos
1537 1096 1657 1151 fecit
1689 1113 1782 1164 per
1817 1098 2080 1150 lavacrum
2112 1113 2188 1150 rc-
2286 1114 2462 1164 agens,
2492 1117 2593 1154 non
2621 1118 2781 1155 unum
2812 1118 2906 1170 pro
2934 1107 3098 1159 altero
3123 1107 3442 1176 interrogat,
3473 1109 3524 1160 id
3547 1118 3633 1161 est
3661 1110 3834 1178 majo-

656 1190 1043 1256 gcnerationis?
1093 1188 1227 1251 Quid
1274 1187 1412 1238 aliud
1454 1188 1612 1238 etiam
1665 1187 1754 1253 qui
1803 1195 2188 1240 sacramentum
2287 1200 2395 1237 rem
2417 1201 2513 1253 pro
2537 1203 2714 1254 parvo,
2743 1199 2916 1245 utrum
2953 1195 3283 1248 abrenuntiet
3317 1196 3556 1258 diabolo,
3586 1207 3686 1250 aut
3713 1212 3834 1250 cre-

657 1294 850 1332 mensa:
879 1278 1160 1330 Dominicce
1208 1277 1366 1328 vitam
1414 1284 1632 1336 vocant,
1682 1276 1780 1340 nisi
1827 1276 1964 1340 quod
1991 1275 2186 1326 dictum
2285 1271 2375 1325 dat
2403 1275 2450 1325 in
2481 1275 2638 1328 Deum
2669 1296 2679 1328 :
2709 1280 2798 1331 sed
2837 1280 3004 1346 ipsum
3031 1298 3186 1350 quem
3222 1284 3590 1350 baptizaturus
3618 1293 3706 1337 est
3742 1285 3830 1337 in-

654 1374 735 1417 est
761 1383 772 1416 :
795 1364 950 1415 Panis
971 1377 1122 1428 quem
1145 1376 1240 1429 ego
1261 1359 1480 1422 dedero.
1507 1377 1629 1415 caro
1655 1377 1769 1413 mea
1795 1369 1874 1412 est
1901 1375 1994 1426 pro
2017 1360 2188 1411 seculi
2287 1371 2534 1430 teri-ngat,
2561 1365 2813 1418 dicendo:
2847 1365 3229 1422 Abrenuntias?
3253 1379 3362 1435 aut,
3385 1369 3605 1424 Credis?
3625 1371 3676 1423 Is
3703 1385 3832 1424 vero

653 1451 793 1504 vita?
821 1450 960 1502 Idem
995 1450 1242 1502 Dominus
1283 1450 1334 1501 in
1372 1449 1652 1516 Evangelia
1677 1466 1690 1500 :
1715 1446 1847 1500 Caro
1881 1449 2012 1500 enim
2049 1463 2185 1507 nica,
2286 1452 2372 1516 qui
2404 1467 2520 1503 eum
2545 1455 2779 1519 suscipit,
2803 1469 2904 1507 non
2933 1458 3078 1522 quasi
3107 1472 3240 1510 unus
3275 1473 3370 1526 pro
3397 1458 3567 1511 altero
3607 1473 3830 1525 βελτιου-

655 1537 846 1604 inquit,
875 1553 984 1587 vere
1011 1546 1081 1588 est
1113 1536 1272 1598 cibus,
1301 1545 1348 1588 et
1376 1537 1582 1604 sanguis
1613 1551 1754 1587 meus
1783 1550 1891 1587 vere
1925 1547 1994 1586 est
2020 1545 2186 1601 potus.
2289 1540 2374 1590 det
2400 1554 2460 1590 ac
2490 1541 2633 1600 dicit,
2663 1541 3008 1596 Abrenuntiat
3029 1583 3043 1605 ,
3071 1552 3161 1597 aut
3188 1544 3366 1598 Credit
3392 1563 3405 1598 :
3431 1548 3522 1599 sed
3549 1548 3829 1599 Abreunn-

655 1639 678 1666 ο
707 1627 836 1679 Cum
878 1625 1017 1677 enim
1063 1625 1182 1678 eii‘o
1227 1633 1280 1676 et
1324 1633 1448 1690 potu
1478 1624 1529 1677 id
1557 1629 1805 1691 appetant
1832 1621 2102 1680 homines,
2135 1629 2192 1672 ut
2287 1626 2376 1682 tio,
2406 1633 2514 1687 aut,
2541 1625 2722 1679 Credo.
2753 1629 2938 1682 Ethzcc
2958 1645 3114 1684 causa
3141 1640 3238 1688 est,
3266 1641 3324 1684 ut
3348 1633 3551 1700 parvuli
3575 1643 3631 1686 et
3650 1635 3828 1702 pinni-

653 1731 754 1767 non
781 1715 1017 1766 esuriant
1046 1728 1212 1778 neque
1241 1712 1454 1774 sitiant;
1487 1712 1586 1764 hoc
1614 1709 1872 1763 veraciter
1908 1721 2011 1760 non
2057 1721 2190 1774 prte—
2290 1721 2458 1764 tentes
2487 1715 2686 1780 possint
2730 1716 2830 1768 dici
2862 1725 2914 1768 et
2941 1716 3138 1772 ﬁdeles.
3170 1719 3319 1772 Unde
3349 1721 3668 1788 quibusdam
3714 1722 3829 1773 iure

651 1812 772 1862 stat,
808 1803 906 1854 nisi
936 1803 1032 1854 istc
1059 1803 1205 1854 cibus
1231 1811 1282 1853 et
1307 1810 1462 1869 potus
1484 1841 1498 1862 ,
1526 1800 1614 1866 qui
1643 1813 1734 1852 eos
1761 1813 1790 1850 a
1814 1799 2003 1865 quibus
2027 1797 2190 1850 sumi-
2216 1871 2245 1874 _
2288 1801 2617 1866 negantibus,
2647 1803 2714 1854 ita
2744 1818 2772 1855 a
2799 1803 3040 1856 Patribus
3074 1805 3338 1858 invenitur
3383 1820 3694 1874 responsum
3721 1821 3736 1858 :
3771 1807 3826 1860 Si

651 1898 736 1942 tur
760 1890 1084 1941 ittttuormlcs
1113 1900 1164 1940 et
1195 1887 1617 1954 incorruptibiles
1643 1887 1800 1945 facit;
1827 1887 1896 1938 ita
1923 1893 2113 1947 tamen,
2137 1886 2180 1938 si
2216 1871 2256 1926 Β
2283 1896 2556 1954 propterea
2586 1891 2898 1956 pmnitcutes
2921 1891 3126 1944 dicendi
3157 1909 3258 1945 non
3288 1901 3432 1955 sunt,
3461 1895 3582 1960 quia
3609 1909 3828 1948 sensum

650 1986 772 2032 ante
799 1978 973 2031 omnia
999 1977 1052 2029 hi
1079 1977 1165 2044 qui
1196 1985 1411 2029 sumunt
1435 1977 1682 2043 impleant
1709 1975 1832 2027 illud
1854 1974 1991 2042 quod
2013 1974 2186 2041 sequi-
2278 1975 2562 2042 pandtendi
2618 1992 2718 2028 non
2771 1978 2995 2038 habent;
3044 1993 3139 2030 nec
3184 1978 3363 2031 ﬁdeles
3407 1979 3614 2032 dicendi
3660 1987 3824 2036 sunt.

652 2075 772 2118 tur:
809 2065 909 2128 Qui
935 2064 1209 2116 manduca!
1241 2080 1404 2116 meum
1431 2053 1633 2115 carnem
1663 2072 1710 2115 et
1736 2063 1853 2114 bibit
1877 2077 2042 2114 meum
2067 2077 2185 2112 san-
2282 2061 2400 2126 quia
2437 2063 2676 2114 similiter
2707 2079 2916 2116 sensum
2958 2065 3200 2119 credendi
3243 2080 3349 2118 non
3397 2065 3609 2118 habent.
3641 2065 3700 2118 Si
3729 2081 3824 2116 an-

651 2154 872 2219 gninem,
906 2153 959 2203 in
1002 2167 1079 2203 me
1118 2161 1285 2203 manet
1329 2162 1372 2203 et
1417 2167 1507 2219 ego
1551 2151 1604 2202 in
1655 2149 1764 2200 illo.
1806 2148 1936 2200 Nam
1981 2149 2078 2200 hoc
2108 2155 2189 2199 est
2284 2156 2385 2200 tem
2423 2158 2698 2216 propterea
2741 2159 2882 2203 recte
2919 2151 3096 2205 lideles
3123 2161 3376 2206 vocantur
3393 2153 3642 2220 quoniam
3667 2153 3823 2206 ﬁdem

649 2227 911 2295 veraciter
939 2242 1256 2294 manducare
1285 2239 1423 2291 illaut
1464 2253 1638 2290 escam
1664 2276 1678 2298 ,
1718 2245 1772 2290 et
1821 2237 1966 2290 illum
2011 2237 2188 2290 bibere
2284 2251 2378 2304 per
2398 2237 2559 2288 verba
2590 2239 2904 2305 gestantium
2936 2225 3320 2306 quodammodo
3357 2239 3692 2306 proﬁtentur,
3720 2255 3822 2293 cur

649 2335 852 2393 potum,
880 2327 931 2379 in
961 2325 1174 2384 Christo
1203 2326 1404 2378 scilicet
1429 2339 1643 2377 manere
1665 2364 1678 2385 ,
1707 2333 1761 2378 et
1789 2323 1932 2376 illum
1975 2339 2189 2377 manen-
2285 2339 2386 2376 non
2409 2325 2558 2392 prius
2584 2327 2742 2378 etiam
2783 2328 3095 2394 pmnitentcs
3137 2329 3415 2390 habentur,
3455 2344 3574 2382 cum
3603 2345 3700 2398 per
3734 2345 3826 2384 eo-

653 2422 756 2466 tem
793 2415 844 2466 in
879 2428 935 2466 sc
982 2413 1192 2466 habere.
1225 2412 1301 2465 Ac
1344 2426 1439 2479 per
1485 2412 1583 2464 hoc
1639 2411 1724 2478 qui
1772 2426 1873 2464 non
1915 2420 2090 2463 manet
2137 2413 2188 2463 in
2289 2416 2522 2466 ramdem
2553 2416 2710 2467 verba
2741 2418 3087 2482 gestantium,
3131 2417 3336 2469 diabolo
3370 2427 3423 2471 ct
3470 2418 3592 2470 huic
3627 2420 3823 2486 sgceuio

656 2501 888 2558 (lin-isto,
916 2507 970 2551 ct
999 2500 1049 2551 in
1081 2514 1184 2566 quo
1211 2515 1312 2552 non
1341 2505 1516 2550 manet
1541 2497 1800 2560 Christus,
1828 2497 2008 2566 procul
2035 2499 2192 2551 dubio
2290 2499 2588 2551 renuntiare
2633 2502 3024 2554 monstrantur?
3071 2500 3258 2553 Totum
3310 2512 3409 2554 hoc
3451 2503 3502 2554 in
3535 2517 3630 2571 spe
3677 2503 3737 2555 ﬁt
3771 2506 3820 2555 vi

653 2599 752 2640 nec
795 2587 1074 2640 manducat
1117 2584 1230 2652 ejus
1274 2600 1485 2639 carnem
1505 2625 1520 2649 ,
1547 2599 1643 2639 nec
1667 2585 1800 2638 bibit
1838 2583 1952 2652 ejus
1985 2586 2192 2652 sangui-
2288 2587 2600 2639 sacramenti
2629 2595 2682 2640 et
2709 2589 2895 2640 divinae
2928 2591 3122 2656 gratia),
3152 2605 3307 2656 quam
3334 2591 3582 2644 Dominus
3607 2593 3823 2644 donavit

657 2692 797 2739 nem,
832 2697 851 2727 ι
887 2677 1092 2730 etiamsi
1129 2686 1286 2730 tanta:
1314 2677 1386 2730 rei
1419 2660 1810 2729 sacramentiun
1839 2675 1902 2728 ad
1936 2675 2192 2743 judicium
2292 2673 2568 2737 Ecclesirc,
2601 2690 2722 2728 cum
2760 2677 3110 2744 laptizantui,
3151 2686 3367 2746 propter
3390 2679 3641 2732 virtutem
3683 2680 3821 2731 cele-

655 2765 753 2819 sibi
782 2766 1062 2819 manducet
1085 2773 1137 2819 et
1157 2766 1320 2821 bibat.
1347 2765 1500 2818 Aliud
1519 2773 1601 2818 est
1621 2765 1760 2818 enim
1786 2773 2189 2827 sacramentum,
2292 2760 2683 2828 Isrationcmque
2719 2763 2849 2814 ιειιιίί
2878 2765 3188 2816 sacramenti
3211 2803 3226 2825 ν
3257 2766 3502 2830 (ιιιειιηνὶδ
3541 2779 3637 2818 suo
3666 2767 3823 2818 corde

653 2853 792 2906 aliud
821 2855 988 2906 virtus
1015 2853 1350 2907 sacramenti.
1376 2852 1529 2906 Salus
1570 2863 1745 2905 autem
1773 2861 1824 2906 et
1851 2854 1954 2904 vita
1997 2863 2192 2906 :eterna
2294 2857 2448 2912 atque
2470 2863 2561 2900 ore
2597 2864 2696 2900 non
2717 2858 2878 2917 agant
2902 2889 2914 2910 ς
2944 2849 3082 2918 quod
3107 2851 3170 2902 ad
3209 2851 3528 2905 credendum
3571 2852 3823 2905 conﬁten-

657 2959 761 2996 non
790 2952 871 2996 est
893 2943 1128 2996 exterius
1152 2943 1202 2993 in
1227 2949 1585 3004 sacramento;
1609 2956 1728 2993 nam
1755 2940 1854 2994 hoc
1883 2940 2043 2993 etiam
2077 2939 2193 2994 inﬁ-
2293 2935 2518 3002 dumque
2559 2937 2835 3005 pertineat.
2888 2939 3084 2992 Tamen
3126 2939 3178 2992 in
3227 2955 3447 2994 numero
3497 2941 3822 2996 credentium

655 3034 800 3086 deles
827 3046 1036 3086 sumere
1067 3040 1324 3100 possunt;
1373 3031 1464 3084 sed
1502 3031 1724 3084 interius
1767 3030 1900 3084 sumi
1959 3045 2062 3083 non
2100 3045 2192 3097 ρο·
2293 3032 2679 3090 computantur.
2707 3023 2974 3092 Plerisque
2999 3026 3209 3088 accidit,
3253 3035 3309 3080 ut
3352 3027 3614 3082 catholico
3649 3031 3824 3083 animo

659 3128 762 3172 test
789 3119 841 3172 in
869 3120 1064 3172 virtute
1093 3119 1428 3180 sacramenti,
1463 3133 1579 3186 quze
1612 3133 1714 3171 non
1743 3118 1970 3171 sumitur
1997 3117 2095 3172 nisi
2125 3119 2191 3172 ab
2238 3184 2256 3186 ᾗ
2293 3123 2347 3165 cl
2375 3115 2529 3167 corde
2553 3116 2617 3166 ab
2647 3115 2844 3168 unitate
2867 3117 3010 3183 pacis
3036 3131 3138 3169 non
3167 3116 3416 3181 alienato,
3441 3118 3611 3185 aliqua
3643 3131 3824 3172 neces-

657 3208 740 3260 his
781 3207 868 3275 qui
895 3207 1152 3260 veraciter
1175 3215 1296 3260 sunt
1315 3207 1386 3275 pii
1411 3214 1466 3259 et
1481 3184 1688 3265 ﬁdeles,
1717 3214 1770 3260 et
1795 3207 2070 3259 imitatores
2094 3206 2188 3258 Dei
2217 3184 2262 3246 (ἶ
2292 3203 2444 3254 sitate
2474 3205 2658 3254 mortis
2683 3213 2933 3269 urgente,
2975 3205 3025 3257 in
3062 3205 3288 3272 aliquem
3326 3184 3628 3260 bterelicum
3662 3209 3822 3260 irrue-

662 3299 790 3348 δίεπε
817 3294 913 3363 ﬁlii
941 3295 1248 3358 charissimi,
1279 3305 1324 3347 et
1355 3294 1615 3348 ambulant
1644 3295 1698 3346 in
1727 3293 2015 3355 dilectione,
2055 3295 2184 3346 sicut
2287 3301 2423 3352 rent,
2452 3301 2504 3345 et
2531 3291 2595 3344 ab
2621 3308 2684 3345 eo
2706 3293 2899 3346 Christi
2921 3295 3234 3362 baptismum
3256 3295 3370 3350 sine
3394 3296 3534 3349 illius
3557 3297 3818 3366 perversi-

663 3395 708 3436 et
745 3383 978 3436 Christus
1002 3383 1177 3436 dilexit
1213 3399 1327 3435 nos.
2288 3386 2395 3433 tate
2422 3379 2778 3448 perciperent,
2821 3388 2876 3434 et
2911 3381 3026 3435 sive
3051 3381 3280 3437 defuncti
3310 3383 3422 3437 sive
3446 3383 3690 3448 liberati,
3733 3402 3820 3440 ne-

730 3470 876 3522 llunc
901 3484 1086 3538 panem
1113 3469 1203 3536 qui
1234 3471 1392 3522 vitam
1427 3465 1610 3520 tribuit
1636 3467 1847 3528 uutndo,
1879 3467 2193 3535 signiﬁcavit
2288 3479 2549 3531 quaquam
2589 3466 2724 3533 apud
2769 3482 2860 3520 eos
2905 3476 3212 3531 manerent,
3259 3471 3325 3522 ad
3371 3486 3505 3538 quos
3550 3489 3811 3540 nunquam

657 3562 781 3614 illud
829 3563 1016 3619 manna
1046 3575 1148 3627 quo
1175 3559 1282 3611 aliti
1311 3567 1433 3611 sunt
1460 3557 1548 3611 lilii
1579 3557 1738 3610 Israel
1785 3557 1836 3610 in
1878 3557 2114 3620 deserto,
2142 3567 2195 3610 et
2290 3554 2450 3606 corde
2489 3554 2825 3608 transierant.
2871 3555 3016 3610 Unde
3045 3557 3141 3610 hoc
3179 3557 3289 3610 ﬁeri
3334 3568 3542 3626 potest,
3585 3569 3644 3614 ut
3687 3564 3818 3630 quod

665 3649 722 3702 tle
750 3664 854 3716 quo
883 3649 1129 3700 Dominus
1157 3648 1229 3700 ait
1261 3645 1454 3702 Judtcis
1483 3661 1496 3697 :
1527 3645 1709 3698 Patres
1738 3645 1887 3698 vestri
1917 3645 2196 3696 manduca-
2291 3654 2429 3694 unus
2453 3640 2745 3708 perniciose
2775 3643 2954 3706 tradit,
2981 3644 3112 3697 alter
3135 3644 3418 3698 salubriter
3439 3648 3702 3716 accipiat?
3725 3650 3818 3702 nisi

659 3747 832 3790 verunt
860 3738 912 3789 in
939 3737 1136 3789 deserto
1173 3721 1392 3796 manna,
1439 3744 1485 3787 et
1531 3733 1717 3786 mortui
1755 3741 1872 3785 sunt
1919 3731 2095 3801 (Joan.
2124 3746 2191 3789 vt,
2291 3730 2415 3798 quia
2467 3733 2752 3784 secundum
2809 3731 2964 3785 ﬁdem
3013 3734 3382 3801 accipientium
3439 3747 3818 3792 sacramentum

657 3823 766 3892 59).
789 3823 920 3878 Cum
947 3838 1072 3891 ergo
1101 3823 1436 3890 perspicuum
1462 3824 1532 3874 sit
1559 3823 1698 3889 quod
1728 3822 1977 3876 Dominus
2006 3837 2106 3874 non
2133 3823 2198 3875 de
2231 3889 2240 3897 _
2294 3827 2568 3884 acceptum
2591 3816 2879 3882 judicatur,
2909 3835 3012 3872 non
3049 3823 3332 3877 secundum
3365 3822 3519 3876 ﬁdem
3544 3824 3734 3880 dantis.
3762 3827 3822 3879 Et

661 3921 830 3965 morte
857 3913 1093 3979 corporis
1121 3911 1440 3979 loqueretur,
1465 3927 1569 3978 qua
1599 3919 1653 3963 et
1678 3925 1774 3964 nos
1806 3911 2078 3973 morimur,
2107 3913 2194 3980 qui
2299 3913 2506 3971 Prop“?
2528 3904 2661 3956 hanc
2685 3920 2896 3958 causam
2927 3905 2982 3958 ηι
3008 3917 3064 3958 ιιι
3083 3907 3135 3959 hi
3158 3908 3247 3974 qui
3276 3910 3422 3962 surdi
3449 3919 3540 3964 aut
3566 3913 3695 3964 muti
3719 3915 3818 3967 nati

657 4016 846 4068 panem
873 4001 938 4056 de
971 4001 1105 4056 οωΙο
1140 4001 1544 4056 descendentem
1587 4001 2053 4064 manducavimus,
2103 4003 2194 4056 sed
2293 3999 2432 4054 Sunt,
2459 3999 2548 4044 aut
2575 3992 2952 4046 catholicorum
2984 4003 3076 4046 aut
3121 3995 3171 4046 in
3203 3993 3574 4050 hatreticorum
3611 4013 3820 4052 numero

659 4093 724 4146 de
753 4101 921 4146 morte
949 4092 1158 4154 animm,
1189 4107 1285 4147 cur
1311 4089 1504 4145 dicitur
1546 4093 1685 4159 quod
1726 4092 1815 4159 qui
1846 4093 2196 4146 manducave-
2293 4080 2639 4148 reperiantur.
2670 4081 2733 4133 ΕΙ.
2765 4096 2884 4134 cum
2908 4079 3188 4149 Apostolus
3209 4081 3348 4136 dicat
3379 4099 3391 4133 Ξ
3425 4080 3696 4146 ριιοιηοάο
3716 4101 3815 4138 cre-

660 4187 782 4233 rnnt
829 4195 1022 4233 manna
1068 4181 1261 4234 mortui
1305 4180 1460 4234 sunt?
1501 4178 1746 4247 Nunquid
1794 4187 1848 4232 et
1892 4177 2096 4247 Moyses
2144 4187 2198 4232 et

2191 4193 2198 4231 ι
2291 4165 2409 4218 dent
2432 4165 2530 4217 nisi
2556 4165 2850 4218 audierint?
2867 4167 2932 4219 Et
2959 4167 3147 4220 iterum
3174 4185 3186 4218 :
3220 4167 3354 4236 Ergo
3380 4168 3510 4236 ﬁdes
3529 4182 3594 4222 ea:
3618 4171 3814 4233 auditu;

661 4270 836 4322 umeri
889 4270 1054 4322 saucii
1099 4270 1186 4337 qui
1236 4268 1307 4322 iiii
1345 4267 1585 4334 (uerum,
1644 4269 1837 4322 monui
1881 4268 2035 4322 sum?
2093 4267 2196 4322 sed
2291 4255 2426 4308 miro
2460 4263 2631 4307 tamen
2660 4253 2831 4315 modo,
2859 4254 2970 4308 sive
2989 4255 3094 4308 sint
3119 4255 3284 4318 surdi,
3307 4256 3418 4310 sive
3441 4259 3598 4322 muti,
3625 4259 3730 4314 sive
3747 4260 3818 4313 in-

662 4361 780 4414 illos
823 4360 948 4414 dicit
991 4369 1227 4414 mortuos
1277 4358 1368 4427 qui
1419 4368 1804 4457 sacramentum
1847 4359 1960 4412 sine
2005 4359 2196 4431 virtute
2290 4341 2477 4403 fames,
2511 4355 2602 4408 Per
2627 4341 2788 4394 corda
2815 4350 2978 4457 “0:3
3001 4341 3326 4396 οσετθηιίυω
3351 4352 3405 4397 ει
3433 4346 3815 4413 suscipiendum

914 4428 920 4434 ’
964 4448 975 4457 .
1359 4456 1362 4457 ,
1447 4447 1477 4457 Α
1573 4448 1586 4457 .
1863 4449 1873 4457 .
2001 4449 2012 4457 .
2157 4448 2188 4457 ._
2293 4446 2512 4457 ...ηυηαηι
2542 4438 2892 4457 .....-_.\.-nnl.._
2939 4432 3150 4457 ..1..ιε......

661 4431 978 4504 sacramenti
1025 4456 1391 4518 perceperunt.
1439 4431 1587 4513 Φιοά
1637 4457 1812 4501 autem
1861 4449 2080 4502 interius
2127 4448 2268 4518 sit“

1547 4448 1587 4499 ,ιι
1637 4457 1812 4501 auiam
1861 4449 2080 4502 interius
2127 4448 2194 4500 si;
2218 4499 2268 4518 n
2293 4446 2514 4484 numero
2541 4438 2892 4501 aggregantur
2920 4431 3170 4505 ﬁdelium.

662 4499 1377 4604 virttts'sacratrtt'entil;quas
1420 4499 2196 4604 genus;itania..-
2218 4499 2270 4560 υ
2711 4499 2721 4501 ⁷
2894 4500 3115 4596 iam
3152 4542 3240 4594 XI.

665 4625 883 4689 tionem,
909 4625 1374 4679 sanctiﬁcationem
1417 4634 1472 4679 et
1516 4627 1708 4688 vitam,
1751 4625 1886 4678 sicut
1931 4641 2066 4693 aqua
2109 4627 2199 4678 ba-

1885 4668 1886 4673 η
1931 4641 2066 4693 aqua
2109 4627 2199 4678 ba,
2343 4661 2346 4665 ,
2598 4605 2687 4662 ’Βθ
2706 4608 2976 4678 disciplina
2997 4609 3192 4662 vivendi
3211 4620 3256 4662 et
3275 4611 3508 4664 docendi.

665 4713 954 4780 ptismatis,
1002 4713 1177 4766 unctio
1225 4714 1557 4776 chrismatis,
1586 4723 1641 4767 ct
1679 4729 1869 4781 corpus
1895 4729 1957 4767 ac
1986 4716 2200 4782 sanguis
2277 4776 2282 4780 ,
2368 4701 2440 4753 De
2463 4700 2561 4752 ίιοε
2585 4708 2760 4751 amem
2784 4697 2923 4779 quoi]
2945 4697 3201 4765 (ιιιωτὶιιιτ
3224 4713 3256 4751 ³
3281 4700 3450 4764 “oms.
3493 4709 3550 4754 υῑ
3590 4703 3806 4756 Simili!“
3892 4775 3898 4781 .

668 4803 910 4866 Domini,
957 4801 1128 4855 nullus
1171 4801 1350 4870 utique
1391 4803 1597 4870 ignorat
1643 4802 1890 4856 ﬁdelium.
1935 4803 2082 4857 Unde
2123 4804 2200 4855 in-
2251 4835 2256 4840 ι

2190 4833 2200 4842 .
2251 4835 2256 4840 .
2299 4793 2554 4852 dicamus,
2584 4792 2624 4844 si
2653 4791 2706 4844 in
2727 4792 2828 4849 hoc
2846 4791 2984 4858 quod
3007 4791 3352 4858 pradicamus
3375 4807 3470 4846 nos
3493 4794 3636 4862 ipsos
3663 4804 3813 4849 custo-

668 4893 918 4962 telligitur
960 4892 1101 4960 quod
1144 4899 1199 4944 et
1244 4891 1348 4945 illis
1379 4893 1606 4958 antiquis
1642 4893 1881 4946 Patribus
1919 4895 2006 4961 qui
2043 4894 2204 4962 impii-
2301 4881 2536 4940 diamus;
2559 4895 2656 4932 nos
2676 4880 2930 4932 hactenus
2951 4879 3265 4934 nescivimus
3284 4887 3339 4933 et
3357 4881 3530 4935 adhuc
3550 4885 3811 4946 nescium.

669 4982 770 5033 sati
799 4981 1042 5032 dicuntur
1067 4981 1120 5032 in
1148 4980 1277 5032 nube
1303 4988 1350 5032 et
1377 4980 1430 5032 in
1458 4981 1590 5032 mari
1609 5019 1622 5042 ,
1650 4980 1725 5032 sic
1767 4981 1946 5034 datum
1983 4990 2062 5035 est
2101 4983 2203 5035 sal-

2188 5013 2203 5022 .
2303 4981 2474 5024 utrum
2498 4971 2663 5038 possit
2689 4970 2844 5022 homo
2866 4983 3014 5022 suam
3039 4969 3274 5038 proﬁteri
3313 4970 3641 5034 custodiam,
3676 4986 3811 5040 quam

668 5068 802 5132 vari,
828 5068 1067 5121 mundari
1097 5077 1150 5120 et
1177 5069 1493 5122 sanctiﬁcari
1533 5070 1582 5121 in
1617 5070 1809 5122 virtute
1849 5080 2202 5124 sacramento-

2189 5101 2202 5111 .
2303 5061 2455 5112 habet
2483 5075 2603 5123 erga
2637 5059 2808 5112 divina
2836 5059 3097 5112 mandata.
3124 5057 3255 5110 Nam
3295 5073 3416 5112 cum
3451 5061 3812 5126 quotidievitm

673 5155 1060 5224 rumaPropter
1111 5156 1249 5224 quod
1295 5157 1465 5209 nullus
1510 5173 1625 5212 esse
1673 5173 1890 5212 securus
1937 5160 2089 5213 debet
2136 5161 2200 5213 de

2188 5176 2200 5213 ε
2297 5149 2670 5200 continentizun
2699 5148 2947 5216 consequi
2975 5148 3242 5206 conemur.
3269 5155 3323 5201 et
3342 5148 3577 5216 quotidie
3597 5158 3684 5203 aut
3701 5149 3811 5202 obli-

671 5243 1007 5310 perceptione
1037 5255 1486 5298 sacramentorum
1506 5284 1520 5306 ,
1549 5247 1648 5298 nisi
1674 5247 1922 5300 virtutem
1967 5249 2200 5302 invisibi—

2183 5280 2200 5288 -
2301 5239 2481 5296 vione,
2527 5246 2619 5289 aut
2661 5237 3024 5304 subreptione,
3069 5243 3162 5290 aut
3205 5235 3542 5300 inﬁrmitate,
3571 5247 3661 5290 aut
3692 5236 3806 5304 quo-.l

673 5329 794 5382 liter
819 5338 994 5382 teneat
1019 5340 1072 5383 et
1098 5333 1379 5384 custodiat.
1407 5331 1526 5384 llaec
1565 5332 1721 5398 igitur
1747 5335 1921 5388 omnia
1965 5335 2080 5388 ideo
2110 5335 2197 5387 tali

2186 5335 2197 5387 i
2301 5324 2446 5394 pejus
2475 5332 2575 5384 est,
2607 5312 2875 5377 voluntate
2901 5339 3206 5394 peccemus;
3254 5325 3519 5390 quomodo
3559 5342 3809 5394 possumus

677 5421 831 5474 modo
869 5419 1120 5483 dicimus,
1148 5423 1268 5488 quia
1301 5421 1397 5476 nisi
1429 5436 1609 5474 sumus
1635 5437 1912 5492 exponere,
1941 5425 2200 5492 quomodo

2183 5443 2200 5477 ,
2303 5412 2536 5480 proﬁteri
2558 5427 2640 5471 ea.
2664 5426 2780 5479 qua:
2803 5411 3053 5474 volentes,
3077 5411 3286 5478 quando
3305 5425 3475 5479 neque
3498 5427 3581 5475 ca,
3607 5427 3715 5480 qua:
3732 5428 3806 5463 tm-

677 5505 880 5569 plebem
910 5507 1188 5561 doceamus
1217 5509 1365 5562 nobis
1390 5511 1742 5564 conmissam,
2303 5503 2467 5552 lentes
2512 5500 2750 5568 agimus,
2800 5499 3166 5566 intelligimus?
3213 5499 3350 5553 sicut
3401 5501 3656 5568 scriptum
3700 5511 3802 5556 eSt:

2305 5587 2496 5639 Delicta
2524 5587 2635 5651 quis
2663 5585 2932 5654 inlt‘lligt'l?
2973 5585 3102 5638 Nam
3143 5587 3241 5640 etsi
3284 5585 3478 5640 dictum
3505 5597 3628 5641 est:
3662 5587 3806 5650 Deis,

749 5687 771 5711 ι
801 5673 1040 5742 Αιιειιςι..
1069 5684 1221 5729 tract.
1257 5692 1375 5730 XXVI
1410 5677 1462 5732 in
1489 5678 1672 5733 Juann.
