4110 6436
228 429 328 477 κίτθ
353 478 361 488 ,

1193 427 1376 478 Lililii‘u
1423 427 1503 479 Diri
1544 423 1990 478 SACRAMENTO
2032 427 2359 483 HAPTISHI.

3262 442 3392 494 ’870

224 544 385 591 υἱιίτηι
407 553 566 588 meam
592 537 847 588 enuntiari
874 537 994 597 tibi,
1026 551 1118 587 nos
1151 544 1392 600 putamus
1419 535 1555 599 (mod
1580 535 1642 585 de
1664 532 1767 583 cri-
1795 535 1832 587 Α
1864 531 2097 586 dicamus
2122 553 2134 586 :
2172 536 2288 590 Non
2322 553 2399 589 me
2428 538 2684 606 dcmergat
2729 548 2996 610 tempestas
3034 560 3210 613 aqum.
3239 562 3396 617 neque

225 626 459 677 nauibus
503 625 556 677 id
598 639 875 691 possumus
920 623 1110 683 facere,
1149 640 1249 675 non
1294 623 1357 674 de
1403 623 1518 674 aliis
1563 622 1760 673 actibus

225 711 599 767 nostris.sicut
623 711 871 778 scriptum
898 720 1006 763 est:
1038 710 1174 773 Dixi,
1199 712 1474 775 confitebor
1496 712 1672 761 advers
1711 726 1759 760 1n

224 816 305 851 me
350 800 659 866 injusttttam
700 814 862 849 meant
904 797 1149 870 Domino,
1197 798 1420 863 qualiter
1455 798 1635 849 nusin
1679 796 1762 849 his

222 898 345 950 quas
386 883 735 952 praedicamus
780 883 1161 941 custodiamus,
1187 883 1274 949 qui
1302 882 1533 949 quotidie
1571 896 1752 951 pecca-

221 982 461 1025 tuus:et
507 972 584 1026 sic
634 981 908 1040 peccatum
958 971 1211 1042 iniquitas
1253 979 1369 1025 est.
1417 972 1810 1055 conﬁrmantc,‘

221 1060 475 1126 Apostolo
500 1060 589 1126 qui
609 1062 683 1112 ait
708 1077 720 1111 :
754 1058 930 1112 Omnis
950 1060 1039 1128 qui
1057 1059 1180 1126 facit
1201 1068 1479 1127 peccatum,
1507 1067 1552 1109 et
1575 1059 1761 1125 iniqui-

219 1157 377 1200 tatem
407 1149 560 1215 facit,
600 1157 648 1201 et
688 1158 944 1217 peccatum
968 1155 1039 1201 est
1066 1148 1326 1215 iniquitas.
1351 1147 1488 1215 Ergo
1514 1146 1759 1213 iniquita-

221 1246 329 1287 tem
355 1251 666 1304 operantur;
693 1244 747 1291 et
771 1237 815 1290 si
841 1237 1171 1304 iniquitatem
1213 1251 1515 1304 operamnr,
1566 1237 1619 1288 in
1663 1237 1759 1288 viis

223 1324 552 1377 Domini'non
573 1324 919 1387 ambulamus,
938 1326 1143 1379 dicente
1162 1324 1463 1378 Psalmista:
1484 1325 1604 1377 Non
1623 1327 1757 1377 enim

217 1411 307 1477 qui
338 1412 652 1480 iniquitatem
682 1421 976 1480 operantur,
1000 1414 1054 1466 in
1089 1414 1183 1466 viis
1206 1414 1319 1482 ejus
1353 1412 1753 1465 ambulauerunt.

215 1500 352 1556 Cum
382 1501 492 1552 lucc
519 1514 647 1568 ergo
669 1501 741 1553 ita
780 1502 916 1565 sint,
943 1502 1069 1568 quid
1106 1503 1171 1555 de
1213 1502 1449 1555 custodia
1489 1501 1759 1555 mandato-

214 1603 337 1640 rum
362 1627 376 1648 ,
423 1588 474 1640 id
516 1595 600 1640 est
646 1589 867 1655 qualiter
905 1605 1001 1643 nos
1041 1591 1092 1642 in
1126 1591 1207 1643 his
1238 1604 1354 1659 qua:
1380 1590 1754 1658 praedicamus,

213 1675 597 1738 custodiamus,
622 1675 798 1729 dicere
819 1676 1007 1739 melius
1024 1692 1322 1746 possumus,
1345 1679 1447 1731 nisi
1466 1678 1592 1732 illud
1617 1679 1757 1746 quod

213 1768 355 1820 idem
380 1767 659 1821 Psalmista
688 1769 763 1832 ait
787 1749 808 1821 ξ
828 1767 1036 1822 Utinam
1075 1768 1364 1838 dirigantur
1388 1770 1483 1821 via:
1523 1785 1646 1822 mea:
1686 1769 1754 1821 ad

207 1858 575 1912 custodiendas
608 1859 1001 1928 jnstiﬁcationes
1035 1859 1185 1933 tuasl
1215 1860 1343 1925 Quis
1366 1861 1505 1913 enim
1540 1858 1756 1926 implere

206 1955 386 2012 potest
410 1947 550 2015 quod
567 1948 718 2003 nobis
742 1947 1040 2018 praecipitur
1061 1966 1073 2000 :
1098 1947 1284 2015 Diliges
1308 1948 1591 2016 proximum
1614 1956 1754 1999 tuum

204 2034 339 2084 sicut
383 2033 601 2102 teipsum
626 2047 644 2084 :
669 2042 722 2088 et
763 2034 954 2087 iterum
977 2072 992 2097 ,
1022 2034 1231 2103 Diligite
1255 2035 1486 2087 inimicos
1531 2035 1759 2087 vestros?

204 2120 309 2171 nisi
339 2119 495 2186 cujus
518 2122 771 2177 Dominus
795 2123 1090 2176 dilatavcrit
1110 2137 1206 2189 per
1238 2122 1549 2177 inlusionem
1589 2124 1755 2177 sancti

206 2208 443 2274 Spiritus
472 2224 567 2261 cor
592 2209 646 2261 in
689 2210 968 2273 cliaritatc,
998 2219 1055 2263 ut
1079 2210 1127 2262 ei
1154 2215 1323 2277 possit
1349 2210 1561 2263 dicere:
1609 2209 1752 2262 Viam

200 2294 575 2350 mandatorum
593 2305 797 2350 tuorum
817 2298 1040 2361 cucurri,
1061 2314 1175 2349 cum
1193 2296 1435 2351 dilatares
1457 2314 1545 2350 cor
1568 2314 1752 2350 nicum.

202 2382 546 2437 Terrililitcr
590 2384 742 2438 valde
784 2385 1038 2439 Dominus
1088 2386 1137 2437 in
1186 2385 1469 2453 Evangelio
1512 2386 1755 2453 proponit

203 2470 423 2525 inodum
467 2472 786 2528 humilitatis
827 2482 881 2528 et
919 2473 1303 2541 simplicitatis,
1336 2473 1607 2534 dicendo:
1637 2472 1757 2525 Nisi

201 2566 439 2618 conversi
485 2565 705 2633 fueritis,
750 2575 796 2617 et
835 2565 1121 2633 e/ficiamini
1148 2566 1277 2616 sicut
1302 2564 1518 2632 parvuli,
1542 2580 1643 2615 non
1671 2564 1755 2616 in-

199 2652 410 2704 trabitis
437 2652 493 2704 in
528 2668 738 2721 regnum
771 2651 1030 2704 caelorum.
1056 2650 1212 2705 Juxta
1251 2652 1407 2719 quem
1453 2652 1665 2706 modum
1700 2661 1756 2706 ct

198 2738 493 2806 Apostolus
533 2738 808 2808 praecipit:
840 2736 1012 2791 Nolite
1038 2739 1182 2806 pueri
1210 2738 1336 2806 eﬂici
1364 2736 1624 2800 sensibus,
1665 2738 1754 2789 sed

198 2829 407 2881 malitia
426 2828 631 2897 parvuli
653 2837 827 2882 estote.
846 2828 948 2883 Sed
974 2829 1095 2896 quis
1122 2829 1190 2883 ad
1217 2836 1416 2882 tantam
1441 2828 1754 2882 innocentia:

197 2916 587 2982 perfectionem
634 2917 908 2984 pervenire
949 2923 1151 2985 potest,
1194 2916 1296 2970 nisi
1341 2916 1389 2970 is
1418 2930 1573 2983 quem
1608 2924 1753 2969 tanta

198 3004 295 3056 Dei
339 3003 580 3072 gratuita
610 3002 905 3072 benignitas
948 3004 1300 3077 praevenerit,
1343 3012 1402 3057 ut
1441 3017 1506 3057 ex
1554 3003 1753 3056 intimis

199 3092 499 3145 visceribus
531 3090 707 3145 dicere
750 3091 937 3160 possit
990 3089 1163 3144 Dilexi
1207 3093 1448 3161 quoniam
1490 3092 1749 3144 exaudivit

198 3182 456 3235 Dominus
481 3197 652 3234 vocem
683 3181 929 3253 orationis
953 3196 1106 3241 mete,
1129 3180 1251 3249 quia
1277 3179 1537 3233 inclinavit
1574 3197 1749 3253 aurem

195 3285 349 3320 suam
379 3267 527 3321 mihi.
558 3264 626 3321 Et
652 3275 772 3336 post
798 3250 963 3335 panda
988 3285 1000 3319 :
1031 3266 1332 3321 Custodiens
1364 3268 1603 3336 parvulos
1644 3250 1751 3323 Da-

194 3358 404 3417 minus;
439 3354 740 3408 humiliatus
773 3371 886 3408 sum
913 3364 959 3407 et
989 3355 1218 3408 liberavit
1240 3371 1339 3408 me.
1359 3355 1438 3410 Ae
1459 3356 1644 3411 deinde
1668 3371 1747 3412 sc-

194 3459 398 3498 curus:
427 3440 752 3506 Convertere,
798 3443 1000 3511 inquit,
1042 3444 1215 3497 duima
1256 3460 1400 3508 mea,
1444 3445 1498 3497 in
1526 3445 1747 3514 requiem

192 3545 363 3587 tuam.
397 3533 589 3586 Dicunt
610 3532 953 3587 ecclesiastici
970 3532 1229 3595 doctores,
1256 3534 1526 3601 speculum
1555 3534 1745 3588 anima:

190 3641 315 3679 csse
342 3623 591 3678 mandata
618 3624 813 3688 divina,
844 3632 903 3677 ut
926 3639 1252 3693 unaquaque
1273 3624 1578 3680 fidelissima
1607 3626 1663 3679 in
1684 3640 1747 3677 co

192 3731 249 3769 se
273 3715 525 3777 intuens,
568 3712 926 3782 deprehendat
954 3713 1006 3765 in
1028 3714 1309 3780 semetipsa
1336 3712 1419 3767 vel
1457 3711 1745 3766 fmditatcm

189 3802 451 3853 vitiorum
476 3837 492 3863 ,
536 3798 622 3851 vel
669 3797 1111 3866 pulchritudinem
1161 3797 1435 3851 virtutum.
1464 3796 1747 3853 Etidcirco

190 3888 483 3943 Psalmista
515 3885 629 3939 ait:
655 3884 796 3939 Tunc
837 3901 939 3938 non
979 3884 1285 3953 confundar,
1308 3902 1424 3939 cum
1451 3903 1748 3957 perspexero

189 3981 245 4029 in
283 3975 529 4029 omnibus
570 3974 826 4043 mandatis
870 3974 988 4027 tuis.
1028 3972 1371 4045 Subauditur,
1415 3975 1461 4027 si
1502 3975 1748 4031 direa'eris

188 4066 302 4117 vias
346 4078 492 4115 meas
530 4062 600 4114 ad
644 4060 1003 4113 custodiendas
1038 4058 1437 4127 justiﬁcationes
1482 4070 1616 4115 tuas.
1646 4062 1747 4117 Sed

189 4153 313 4219 quis
336 4157 584 4204 nostrum
607 4142 806 4215 absque
831 4147 933 4200 hac
962 4145 1273 4201 confusione
1295 4156 1513 4203 cantare
1538 4159 1707 4218 potest
1731 4168 1743 4204 :

188 4245 420 4297 Domine
442 4240 693 4295 Dominus
720 4249 887 4293 noster
905 4240 949 4292 si
971 4240 1068 4308 feci
1089 4241 1243 4305 istud,
1264 4242 1309 4294 si
1330 4251 1401 4294 est
1421 4242 1677 4313 iniquitas,
1696 4236 1749 4295 in

189 4330 440 4384 manibus
474 4328 629 4391 meis,
660 4328 706 4380 si
739 4326 940 4380 reddidi
977 4326 1369 4380 retribuentibus
1415 4329 1539 4381 milii
1578 4326 1745 4391 mala,

185 4420 435 4473 decidant
462 4418 641 4470 merito
669 4416 731 4470 ab
754 4416 974 4468 inimicis
996 4416 1118 4469 meis
1143 4416 1349 4469 inanis?

257 4510 335 4562 De
362 4507 468 4560 hac
497 4504 656 4574 igitur
680 4502 987 4558 confusione
1012 4503 1382 4557 nosDominus
1411 4505 1475 4557 ad
1497 4504 1740 4573 gaudium

187 4599 303 4659 vult
348 4594 517 4651 levari
551 4608 670 4648 cum
706 4593 869 4648 dicit:
898 4592 1045 4645 Beati
1086 4595 1205 4646 estis
1239 4608 1352 4645 cum
1392 4592 1746 4646 maledixcrint

186 4688 331 4741 vobis
351 4684 610 4745 homines,
632 4691 680 4734 et
702 4682 951 4751 persecuti
982 4698 1068 4735 vos
1091 4681 1303 4749 fuerint,
1334 4693 1379 4733 et
1401 4682 1622 4735 dixerint
1640 4698 1745 4734 om-

189 4795 250 4831 ne
275 4774 482 4828 malum
499 4772 781 4824 adversum
808 4786 894 4824 vos
922 4772 1236 4833 mentientes,
1258 4782 1461 4841 propter
1483 4787 1561 4825 me
1581 4785 1598 4821 :
1619 4788 1746 4839 gau-

187 4869 302 4920 dete
352 4875 402 4918 et
451 4860 724 4916 exsultate.
759 4861 824 4914 Et
863 4860 916 4913 in
958 4860 1061 4914 alio
1099 4859 1246 4915 loco:
1275 4858 1431 4913 Orate
1459 4876 1550 4929 pro
1579 4876 1745 4928 perse-

188 4953 469 5024 quentibus
503 4959 551 5003 et
589 4948 1015 5002 calumniantibus
1058 4964 1160 5009 vos,
1204 4959 1276 5005 ut.
1303 4950 1413 5001 sitis
1442 4948 1539 5015 ﬁlii
1575 4948 1746 5001 Patris

188 5045 363 5105 vestri,
393 5042 486 5112 qui
519 5041 574 5093 in
616 5037 752 5093 caelis
783 5047 875 5092 est.
907 5036 1213 5105 Quicunque
1254 5038 1352 5090 hoc.
1398 5051 1463 5090 ex
1505 5037 1745 5090 medullis

188 5131 372 5188 cordis
419 5128 645 5198 implere
667 5127 919 5196 potuerit,
956 5127 1042 5181 ille
1086 5143 1186 5179 non
1226 5125 1589 5192 confundetur,
1629 5143 1743 5179 cum

188 5221 509 5293 perspexerit
528 5219 583 5271 in
609 5217 839 5272 omnibus
863 5218 1119 5271 mandatis
1140 5216 1236 5270 Dei
1274 5226 1519 5286 tauquam
1549 5218 1600 5269 in
1629 5230 1744 5285 spe-

190 5313 330 5366 culo.
385 5308 626 5363 Joannes
667 5322 894 5376 namque
931 5302 1199 5375 apostolds
1237 5309 1349 5360 ait:
1384 5306 1485 5371 Qui
1535 5306 1655 5358 dicit
1691 5322 1744 5358 se

192 5417 341 5455 nosse
379 5398 551 5451 Deum
572 5435 588 5460 ,
620 5404 668 5449 et
694 5395 936 5450 mandata
964 5396 1077 5463 ejus
1114 5402 1213 5449 nan
1246 5399 1493 5459 custodit,
1526 5395 1743 5448 mendax

191 5498 283 5542 cst.
311 5487 381 5542 Et
406 5490 603 5542 iterum
628 5501 641 5536 :
672 5483 773 5548 Qui
800 5484 925 5537 dicit
947 5500 1001 5538 se
1028 5486 1081 5538 in
1105 5485 1212 5552 ipso
1230 5501 1452 5546 manere,
1474 5486 1616 5537 debet
1645 5486 1743 5535 sir-

192 5584 246 5628 ut
286 5574 377 5629 ille
405 5571 711 5635 ambulavit,
746 5572 818 5624 sic
854 5581 902 5624 et
943 5573 1047 5642 ipse
1093 5572 1370 5626 ambulare.
1400 5573 1503 5627 Sed
1541 5574 1604 5625 ad
1631 5573 1742 5627 lucc

191 5664 317 5727 quid
340 5665 488 5719 aliud
510 5663 666 5717 nobis
690 5662 945 5731 agendum
973 5671 1049 5714 est
1070 5702 1085 5724 ,
1113 5662 1210 5715 nisi
1247 5669 1302 5714 ut
1341 5662 1742 5731 ingemiscentes

1859 621 2123 674 absorbent
2150 640 2229 676 me
2246 625 2588 692 profundum,
2622 645 2778 696 neque
2815 642 2987 698 urgeat
3017 650 3167 701 super
3191 651 3268 687 me
3302 654 3397 705 pu-

1859 718 1967 760 teus
1990 725 2045 761 os
2075 726 2241 762 suum.
2274 711 2478 765 Exaudi
2501 730 2598 775 me,
2626 714 2837 768 Domine
2855 756 2869 775 ,
2910 722 3150 787 quoniam
3184 723 3396 794 benigna

1858 804 1929 845 cst
1960 797 2307 849 misericordia
2337 808 2425 850 tua
2452 814 2469 849 :
2493 802 2769 853 secundum
2795 805 3165 859 multitudinem
3188 811 3408 867 misera-

1859 884 2051 934 tionum
2079 892 2282 944 tuarum
2313 889 2498 954 respice
2520 889 2571 939 in
2600 905 2696 940 me.
2726 890 2887 957 Igitur
2909 894 3042 945 sicut
3068 899 3400 962 supradictus

1860 970 2138 1035 Apostolus
2174 974 2361 1027 docet:
2388 974 2486 1039 Qui
2532 995 2629 1030 non
2668 980 2833 1046 diligit
2875 984 3090 1048 fratres,
3134 1000 3300 1040 manet
3346 992 3398 1042 in

1858 1067 2034 1109 morte.
2063 1058 2187 1121 Qua‘
2214 1073 2295 1114 cst
2316 1072 2489 1116 autem
2533 1050 2769 1129 dilectio,
2794 1084 2893 1135 qua
2921 1070 3110 1124 fratres
3148 1076 3397 1128 dclncinus

1858 1146 2091 1213 diligere,
2122 1149 2231 1215 ipse
2263 1159 2377 1217 post
2412 1168 2574 1220 pauca
2611 1158 2838 1209 ostendit
2866 1158 3081 1214 dicens:
3108 1162 3171 1214 In
3194 1165 3289 1215 hoc
3313 1181 3397 1215 c0-

1858 1235 2122 1300 gnovimus
2143 1238 2442 1291 charitatem
2466 1241 2597 1304 Dei;
2626 1246 2866 1311 quoniam
2892 1246 2974 1298 ille
2999 1265 3088 1317 pro
3113 1251 3254 1304 nobis
3283 1256 3396 1304 ani-

1857 1337 1992 1373 mam
2021 1329 2381 1394 suamposuit,
2406 1338 2452 1380 et
2471 1347 2569 1383 nos
2599 1332 2834 1386 debt'n'ms
2866 1354 2956 1403 pro
2994 1338 3238 1405 fratribus
3280 1344 3393 1394 ani-

1857 1425 1967 1462 mas
1986 1428 2190 1486 ponere.
2218 1414 2283 1467 Et
2313 1416 2501 1470 iterum
2527 1436 2539 1470 :
2575 1419 2691 1473 Non
2720 1423 2994 1491 diligamus
3020 1427 3165 1479 verba
3189 1446 3276 1481 nec
3301 1430 3393 1482 lin-

1856 1514 1977 1565 gua,
2000 1500 2088 1551 sed
2108 1518 2254 1569 opere
2274 1513 2320 1555 et
2341 1507 2567 1560 veritate.
2585 1509 2685 1561 Sed
2708 1512 2826 1577 quia
2854 1513 2986 1567 hanc
3009 1523 3112 1569 tam
3134 1533 3392 1574 summam

1858 1587 2189 1642 dilectionem
2237 1592 2454 1659 implere
2491 1611 2603 1649 .non
2644 1612 2938 1665 possunms,
2972 1611 3024 1654 et
3050 1620 3150 1657 non
3179 1605 3248 1658 ita
3280 1608 3393 1659 dili-

1858 1679 2027 1746 gendo
2053 1678 2245 1733 fratres
2267 1696 2540 1737 manemus
2577 1685 2629 1737 in
2669 1695 2867 1751 morte;
2900 1690 3087 1745 timore
3125 1696 3387 1759 perterriti

1858 1765 2147 1821 clamamus
2179 1771 2244 1823 ad
2266 1772 2705 1839 omnipotentem:
2728 1778 2953 1832 Adhwsit
2975 1783 3257 1848 pavimento
3279 1787 3392 1836 ani—

1857 1870 1941 1905 ma
1961 1871 2103 1919 mea;
2132 1858 2331 1925 rivi/ica
2352 1877 2431 1914 me
2456 1862 2731 1916 secundum
2754 1868 2956 1920 verbum
2983 1879 3142 1922 tuum.
3168 1872 3248 1931 Et,
3281 1873 3382 1925 00--

1854 1942 1989 2005 mine
2012 1944 2059 1996 si
2086 1945 2191 2007 eisr
2215 1960 2354 2012 potes
2380 1964 2459 2000 me
2482 1948 2679 2002 salvere

1924 2031 2057 2084 Sunt
2080 2034 2272 2087 etenim
2302 2036 2352 2088 in
2390 2038 2578 2112 divinis
2611 2042 2887 2110 prmeeptis
2922 2042 3091 2100 adhuc
3116 2049 3385 2105 sublimio-

1855 2134 1913 2171 ra
1938 2128 1992 2173 et
2016 2119 2306 2175 dilliciliora
2336 2125 2400 2177 ad
2431 2125 2748 2193 implendum
2772 2132 3013 2184 mandata
3042 2152 3054 2185 :
3083 2136 3174 2188 sed
3198 2138 3242 2190 si
3270 2154 3390 2206 pro-

1853 2219 2031 2278 pterea
2055 2213 2178 2280 quia
2211 2227 2308 2267 nos
2327 2229 2395 2268 ea
2426 2215 2641 2282 implere
2675 2234 2779 2271 non
2804 2236 3096 2288 possumus,
3126 2225 3242 2279 aliis
3283 2242 3387 2281 non

1852 2298 2331 2366 prmdicaverimus,
2387 2303 2577 2371 duplex
2628 2317 2686 2358 ut
2727 2318 2970 2376 putamus
3018 2313 3211 2367 malum
3264 2325 3383 2370 erit.

1853 2384 2032 2455 Neque
2060 2389 2202 2441 enim
2242 2405 2337 2444 nos
2375 2393 2639 2477 ambigere
2668 2405 2873 2463 oportet
2898 2413 3013 2453 esse
3046 2400 3095 2453 in
3125 2403 3275 2470 plebe
3303 2406 3385 2457 cui

1853 2475 2054 2545 praelati
2078 2490 2280 2542 sumus,
2306 2479 2506 2548 aliquos
2534 2496 2657 2535 vasa
2694 2484 2881 2538 divinae
2906 2487 3275 2543 misericordia:
3315 2491 3391 2543 cf-

1856 2562 2053 2629 fcctos,
2094 2565 2146 2618 in
2184 2566 2371 2633 quibus
2422 2569 2669 2621 ostendat
2706 2572 2841 2625 Deus
2869 2575 3091 2628 .divitias
3143 2578 3389 2632 bonitatis

1853 2666 1991 2716 sum;
2024 2653 2112 2721 qui
2161 2643 2297 2707 solét
2336 2656 2496 2708 etiam
2532 2657 2594 2712 dc
2635 2661 2963 2727 sterquilinio
2991 2664 3223 2730 proferre
3251 2682 3385 2734 prm-

1851 2738 2022 2792 claras
2042 2741 2357 2809 margaritas
2369 2752 2676 2798 ornamento
2700 2761 2938 2814 superum
2957 2750 3185 2805 civitatis
3207 2763 3389 2822 aptan-

1852 2826 1964 2889 das,
1989 2843 2086 2896 pro
2110 2828 2302 2896 quibus
2326 2831 2489 2885 taceri
2515 2848 2618 2887 non
2647 2835 2836 2889 debent
2872 2836 3174 2907 Scriptum.
3202 2841 3388 2896 Sciunt

1853 2916 1990 2969 enim
2036 2917 2277 2972 doctores
2303 2918 2500 2973 nullam
2536 2935 2654 2976 esse
2694 2923 2747 2976 in
2793 2925 3088 2982 hominibus
3130 2931 3391 2987 conditio-

1851 3019 1990 3068 nem,
2034 3005 2235 3059 nullum
2276 3006 2534 3071 ordinem,
2577 3012 2771 3066 nullam
2808 3023 3035 3081 artatem,
3074 3020 3270 3074 nullum
3303 3022 3387 3076 in-

1850 3090 2080 3158 genium,
2112 3094 2247 3147 unde
2282 3111 2383 3149 non
2427 3107 2663 3165 pereant,
2706 3108 2755 3153 et
2791 3104 2928 3157 unde
2974 3121 3074 3158 non
3121 3109 3388 3164 salventur

1853 3178 1903 3229 in
1934 3178 2114 3230 vitam.
2146 3179 2210 3232 Et
2248 3180 2347 3233 hoc
2374 3196 2436 3234 ex
2460 3184 2660 3250 judicio
2688 3184 2924 3252 justitiae,
2956 3199 3006 3244 et
3031 3196 3257 3261 gratuita
3289 3197 3388 3248 mi-

1848 3265 2132 3318 sericordia
2176 3267 2266 3320 Dei
2308 3268 2443 3321 hunc
2488 3270 2803 3326 liumiliantis
2834 3285 2881 3327 et
2909 3276 3041 3329 hunc
3088 3280 3387 3344 exultantis,

1845 3354 1968 3422 quia
2007 3353 2143 3407 calix
2194 3356 2248 3407 in
2294 3372 2450 3409 manu
2478 3358 2589 3425 ejus
2634 3360 2735 3412 uini
2775 3364 2903 3414 meri
2940 3363 3118 3433 plenus
3145 3368 3314 3428 misto,
3342 3385 3389 3420 es

1845 3442 2059 3496 inclinat
2092 3460 2155 3497 ea:
2194 3444 2288 3498 hoc
2324 3446 2378 3500 in
2415 3446 2563 3500 illud.
2596 3449 2659 3501 Et
2682 3459 2958 3517 propterea
2985 3453 3174 3507 debent
3198 3459 3388 3524 praedi-

1846 3532 1953 3583 cari
2004 3530 2311 3600 Scriptura},
2361 3534 2516 3587 debet
2562 3550 2749 3588 sonare
2793 3537 3153 3607 Erangelium,
3195 3542 3387 3596 debent

1845 3620 2146 3672 ammntiari
2188 3627 2243 3673 et
2288 3628 2518 3674 terrores
2564 3624 3051 3689 eomminationum,
3086 3634 3139 3679 et
3184 3628 3388 3682 bimuli-

1845 3713 2021 3759 menta
2070 3706 2509 3761 consolationum.
2553 3708 2683 3773 Quia
2734 3710 2785 3762 in
2830 3710 2985 3779 plebe
3029 3712 3384 3768 ecclesiastica

1844 3794 2104 3847 exsistunt
2136 3801 2190 3848 et
2218 3794 2541 3857 duricordcs,
2574 3797 2765 3864 quibus
2799 3798 2944 3851 utilia
2993 3808 3115 3853 sunt
3152 3804 3381 3855 tonitrua

1844 3888 1898 3933 et
1928 3882 2126 3950 grando
2155 3896 2454 3935 sermonum
2496 3882 2611 3946 Dei,
2644 3896 2776 3952 'qure
2822 3887 3049 3953 primum
3092 3890 3388 3956 percutiant

1845 3977 1900 4022 et
1922 3977 2102 4035 postea
2134 3969 2371 4036 irrigent.
2396 3971 2641 4024 Existunt
2667 3980 2721 4025 et
2746 3972 2919 4035 mites,
2947 3976 3136 4041 quibus
3158 3984 3389 4030 tantum-

1845 4059 2002 4112 modo
2031 4058 2162 4111 lenis
2205 4065 2261 4111 et
2295 4057 2534 4127 placidus
2560 4072 2735 4113 sermo
2759 4054 2905 4114 verbi
2933 4062 3093 4115 divini
3117 4065 3384 4131 expediat.

1847 4146 1938 4200 Sic
1960 4147 2103 4200 enim
2148 4147 2201 4199 in
2230 4146 2332 4200 hoc
2357 4146 2551 4199 mundo
2577 4146 2819 4209 vivimus,
2850 4154 2907 4200 ut
2933 4162 3138 4218 semper
3177 4150 3387 4207 solliciti

1847 4238 1955 4291 Deo
1996 4236 2171 4290 dicere
2214 4249 2317 4288 non
2345 4232 2850 4288 cessemus:‘Sitirit
2874 4235 2928 4288 in
2956 4246 3003 4289 te
3027 4239 3199 4289 anima
3239 4255 3388 4302 mea;

1845 4340 1998 4394 quam
2024 4321 2370 4391 multipliciter
2393 4322 2485 4375 tibi
2524 4338 2645 4377 caro
2671 4324 2817 4376 mea!
2852 4324 2903 4376 in
2929 4333 3066 4378 terra
3092 4325 3311 4390 deserta,
3340 4339 3387 4381 et

1789 4422 1822 4484 ξι
1846 4415 1983 4468 ini-ia
2008 4422 2055 4467 et
2077 4414 2345 4484 inaquosa.
2372 4413 2596 4468 Vascula
2638 4412 2923 4467 enimsunt
2958 4415 3143 4469 anima:
3172 4424 3386 4472 nostne.

1775 4444 1822 4504 D

1848 4504 1983 4573 Ergo
2029 4503 2249 4558 levanda
2298 4511 2420 4558 sunt
2460 4503 2527 4556 ad
2556 4501 2720 4557 Deum
2760 4517 2791 4555 a
2829 4501 2980 4556 nobis
3007 4505 3303 4572 petentibus
3335 4514 3391 4561 et

1841 4594 2216 4661 quaerentibus,
2241 4600 2296 4647 et
2341 4591 2618 4647 dicendum
2650 4608 2664 4643 :
2692 4589 2878 4643 Anima
2904 4607 3017 4644 mea
3067 4592 3197 4645 sicut
3246 4603 3385 4647 terra

1843 4683 1952 4735 sine
1974 4698 2107 4750 aqua
2135 4681 2247 4733 tibi.

1912 4772 2046 4825 Ecce
2080 4772 2193 4824 lucc
2241 4768 2393 4836 juxta
2417 4768 2755 4839 exiguitatem
2781 4783 2967 4823 sensus
2993 4769 3157 4822 nostri
3199 4768 3264 4822 ad
3302 4769 3384 4823 iu-

1844 4868 2106 4928 terrogata
2146 4859 2514 4928 respondimus
2553 4857 2812 4919 breviter,
2851 4850 3204 4925 significantes
3248 4873 3381 4926 quo-

1843 4948 1997 5002 modo
2028 4936 2231 5016 plebem
2279 4956 2513 5001 nostram
2565 4945 2866 5007 doceamus,
2906 4951 2959 4998 et
2999 4959 3061 4998 ea
3086 4959 3202 5013 qua:
3226 4944 3383 4999 doce-

1842 5052 1990 5099 mus,
2040 5037 2265 5103 qualiter
2313 5051 2408 5090 nos
2451 5035 2549 5103 ipsi
2595 5033 2968 5088 custodiamus.
3013 5033 3161 5086 Nunc
3204 5041 3381 5087 auten

1842 5126 2101 5179 maximas
2135 5126 2284 5178 vobis
2326 5122 2605 5178 referimus
2636 5124 2848 5194 gratias,
2877 5122 3295 5176 constantissime
3328 5132 3379 5177 et

1841 5215 2215 5286 gloriosissime
2252 5214 2558 5282 imperator,
2587 5224 2794 5279 semper
2835 5210 2979 5274 felix,
3027 5211 3242 5280 optime,
3290 5227 3384 5265 au-

1841 5314 2011 5375 guste,
2039 5305 2126 5373 qui
2157 5318 2253 5358 nos
2280 5304 2366 5373 pia
2389 5312 2562 5358 vestra
2604 5300 2952 5357 sollicitudine
2988 5310 3237 5368 tanquam
3260 5300 3382 5353 dor-

1842 5398 2064 5450 mientes
2107 5393 2371 5458 excitatis,
2414 5401 2469 5447 et
2498 5400 2760 5459 torporem
2793 5390 2986 5444 mentis
3014 5395 3201 5441 nostrzc
3224 5403 3384 5442 excu~

1841 5486 1971 5548 titis,
2017 5492 2069 5536 et
2117 5482 2183 5536 ad
2229 5490 2467 5538 sanctum
2515 5478 2823 5534 exercitium
2869 5475 3183 5545 provocatis,
3231 5479 3387 5545 quasi

1842 5589 1963 5628 cum
2008 5573 2262 5641 prepheta
2311 5577 2504 5627 sancte
2534 5569 2767 5623 dicentes
2812 5567 3075 5627 Ecclcsia},
3114 5582 3208 5635 pro
3235 5564 3384 5630 cujus

1844 5660 2144 5715 defensione
2193 5675 2284 5713 vos
2322 5658 2573 5713 Dominus
2614 5655 2764 5711 Jcsus
2807 5654 3045 5709 Christus
3074 5666 3383 5708 consumite
