4110 6478
571 511 667 564 871

1583 497 1898 552 LElDRADl
1937 491 2410 550 LUGDIJNENSIS
2456 489 2750 545 EPlSCO-Pl

3670 484 3772 536 872

571 621 818 685 dignatur
848 633 861 670 :
896 615 1144 669 Excutere
1179 615 1238 667 de
1274 613 1494 681 pulvere,
1527 626 1792 678 consurge,
1825 608 1942 661 sede
1969 608 2119 660 Jeru-
2150 614 2194 665 Α
2222 606 2510 672 perducere
2541 603 2801 671 dignetur,
2853 596 3214 652 transferendo
3256 596 3318 648 de
3362 609 3526 663 regno
3575 598 3644 646 ad
3689 609 3766 647 που

574 709 729 760 ralem
749 748 761 769 ,
795 706 858 759 ad
885 705 1032 772 cujus
1059 704 1320 773 fastigium
1349 703 1401 754 in
1446 700 1765 767 sempiterna
1806 697 1970 764 gloria
1996 711 2117 763 par-

576 794 913 862 ticipaudutn,
935 808 1047 855 vos,
1066 801 1120 845 ut
1143 802 1263 860 po:e
1277 789 1643 842 charissinutm
1669 787 1960 838 membrum
1983 783 2114 850 ejus,

2222 709 2400 760 gnum,
2437 690 2540 742 Rea:
2569 706 2740 758 regum
2769 699 2814 739 et
2846 688 3094 740 Dominus
3123 686 3518 740 dominantium.

1048 1331 1372 1388 EPISTOLA
1410 1329 1635 1382 PRIMA.

794 1438 820 1465 ⁸
859 1441 924 1478 Αἰ)
960 1436 1204 1476 ῦλκοιιυκ
1243 1432 1453 1471 ΙΛϐΝυἊ
1493 1432 1886 1470 IIPEBATOREM.

642 1515 862 1568 Summo
909 1511 1100 1566 Carolo
1147 1506 1452 1575 imperatori
1512 1505 1802 1560 Leidradus
1845 1506 2122 1573 episcopus

581 1601 947 1672 Lugdunensis
975 1600 1218 1654 salutem.

627 1691 846 1744 Domine
859 1698 1056 1751 noster,
1071 1695 1321 1741 constans
1335 1695 1390 1740 et
1401 1699 1553 1740 sacer
1566 1685 1871 1751 imperator,
1887 1681 2124 1750 supplico

571 1778 865 1832 c1e:nenti:e
892 1776 1219 1830 celsitudinis
1257 1783 1464 1835 vestra),
1495 1781 1554 1827 ut
1582 1774 1720 1826 hanc
1747 1773 1962 1826 brevem
2006 1786 2125 1838 sug-

1313 1033 2048 1163 LEIDRADI
2141 1033 2978 1157 EPISTOL/E.

2226 1323 2433 1377 scholas
2472 1324 2741 1384 lectorum,
2769 1341 2871 1380 non
2897 1327 3066 1381 solum
3095 1329 3183 1396 qui
3209 1329 3501 1384 officiorum
3534 1331 3780 1385 lectioni-

2230 1414 2326 1465 hus
2374 1421 2701 1473 exercentur,
2750 1414 2840 1467 sed
2885 1417 3042 1468 etiam
3083 1417 3134 1468 in
3173 1418 3471 1470 divinorum
3520 1418 3784 1472 librorum

2225 1498 2563 1554 meditatione
2579 1501 2830 1569 spiritalis
2850 1502 3204 1574 intelligentiae
3225 1505 3248 1557 f
3249 1514 3426 1559 ructus
3445 1521 3785 1575 consequan-

2227 1597 2336 1649 tur;
2382 1604 2445 1641 cx
2477 1589 2668 1656 quibus
2694 1591 2927 1644 nonnulli
2969 1594 3032 1645 de
3059 1592 3192 1646 libro
3214 1593 3622 1663 Evangeliorum
3658 1611 3783 1649 seno

2225 1686 2342 1728 sum
2393 1677 2680 1743 spiritalem
2746 1679 2904 1730 etiam
2956 1695 3019 1732 ex
3075 1688 3225 1747 parte
3273 1679 3495 1748 adipisci
3537 1692 3782 1751 possunt.

2227 1764 2468 1830 Plerique
2493 1779 2618 1817 vero
2639 1764 2828 1818 librum
2850 1767 3225 1835 prephetarum
3249 1769 3540 1821 secundum
3567 1771 3784 1837 spirita-

567 1864 953 1933 gestiunculam
980 1877 1150 1937 meam
1172 1862 1318 1915 vultu
1345 1861 1684 1916 serenissimo
1710 1860 1935 1914 audiatis
1961 1877 1974 1912 :
1999 1875 2126 1928 qua-
2159 1865 2202 1922 Β
2230 1851 2332 1923 lem
2365 1851 2758 1916 intelligentiam
2783 1853 2956 1920 adepti
2982 1862 3124 1907 sunt.
3155 1853 3412 1908 Similiter
3436 1855 3601 1910 libros
3633 1855 3783 1911 Salo.

571 1960 723 2006 tenus
774 1968 891 2020 qua:
940 1936 1028 2004 hic
1081 1951 1280 2004 inserta
1333 1957 1489 2010 sunt,
1539 1949 1791 2017 piissimze
1835 1949 2125 2016 prudentiae

569 2050 760 2097 vestra).
795 2049 917 2093 nota
946 2039 1061 2091 fieri
1093 2045 1316 2106 queant,
1343 2045 1398 2091 et
1425 2037 1647 2091 intentio
1676 2053 1806 2091 mea:
1827 2037 2127 2106 postulatio-

575 2132 659 2182 nis
684 2131 750 2182 ab
791 2129 1012 2196 ingenua
1055 2127 1332 2180 clementia
1368 2136 1543 2179 vestra
1571 2127 1963 2180 reminiscatur.
1990 2124 2126 2178 Olim

573 2233 658 2270 me
685 2216 1080 2286 exiguissimum
1111 2214 1423 2270 famulorum
1453 2223 1748 2268 vestrorum
1792 2214 1858 2267 ad
1894 2215 2126 2281 regimen

581 2305 831 2359 Ecclesia:
876 2303 1245 2372 Lugdunensis
1295 2304 1563 2356 destinare,
1601 2302 1856 2362 voluistis,
1885 2317 2004 2356 cum
2033 2316 2129 2370 ego

577 2396 702 2448 huic
745 2393 922 2448 oﬂicio
967 2395 1136 2460 impar
1168 2393 1451 2445 existerem
1479 2399 1536 2444 .et
1578 2376 1837 2458 indignus.
1872 2391 1974 2444 Sed
2015 2408 2126 2452 vos,

575 2485 666 2552 qtti
696 2498 799 2534 non
829 2481 1103 2534 attenditis
1130 2481 1399 2554 hominum
1430 2481 1641 2543 merita,
1668 2481 1759 2534 sed
1789 2488 2017 2532 vestram
2048 2497 2132 2532 so-

573 2575 722 2626 litam
753 2571 1109 2632 clementiam,
1137 2571 1319 2638 egistis
1360 2570 1425 2620 de
1456 2585 1536 2622 me
1565 2570 1702 2622 sicut
1746 2567 1992 2621 ineffabili
2025 2569 2132 2636 pie-

574 2663 669 2714 tati
692 2670 879 2714 vestrm
899 2659 1112 2728 placuit,
1133 2658 1273 2710 nullo
1294 2658 1554 2710 existente
1571 2659 1760 2710 merito
1783 2671 1926 2719 meo;
1948 2671 2132 2724 meque

575 2749 859 2803 admonere
895 2747 1090 2815 dignati
1125 2747 1274 2808 estis,
1313 2754 1369 2798 ιιι
1403 2760 1500 2814 ego
1542 2746 1910 2798 sollicitudinis
1949 2760 2129 2797 curam

576 2851 833 2904 gererem,
861 2844 914 2888 et
950 2843 1007 2887 ut
1036 2835 1366 2903 negligentiae
1394 2850 1512 2901 quze
1538 2835 1587 2886 in
1615 2835 1862 2901 prmtlicta
1896 2834 2128 2886 Ecclesia

575 2932 888 2994 perpetratae
910 2925 1281 2985 noscebantur,
1306 2923 1712 2975 emendareutur
1734 2931 1784 2973 et
1823 2931 2132 2988 perpetran-

578 3015 657 3068 da:
686 3015 1000 3067 vitarentur.
1034 3013 1158 3064 Erat
1201 3013 1364 3064 enim"
1395 3011 1532 3063 dicta
1585 3010 1816 3063 Ecclesia
1865 3011 2042 3062 mttltis
2083 3012 2132 3062 in

577 3106 736 3156 rebus
759 3103 1012 3154 destituta
1048 3101 1269 3151 interius
1317 3099 1673 3164 exteriusque,
1719 3105 1824 3149 tam
1856 3098 1905 3149 in
1945 3097 2134 3150 officiis

2228 1939 2414 1998 monis,
2447 1939 2529 1990 vel
2569 1939 2732 1993 libros
2779 1937 3126 2006 Psalmorum,
3169 1949 3328 2010 atque
3371 1945 3532 1997 etiam
3571 1943 3693 1997 Job.
3729 1947 3781 1997 ln

2230 2027 2379 2079 libris
2406 2023 2616 2095 quoque
2663 2030 3080 2093 conscribendis,
3128 2031 3181 2083 in
3211 2033 3698 2107 eademEcclesia,
3729 2036 3779 2086 in

2229 2125 2482 2184 quantum
2505 2118 2671 2184 potui,
2691 2118 2978 2171 elaboravi.
2998 2119 3252 2174 Similiter
3265 2122 3581 2176 vestimenta
3603 2139 3780 2176 sacer-

2232 2207 2412 2258 dotum
2443 2206 2521 2257 vel
2553 2207 2840 2259 ministeria
2862 2208 3159 2273 procuravi.

2303 2295 2373 2346 De.
2418 2297 2802 2348 restauratione
2831 2296 2991 2348 etiam
3035 2295 3396 2360 ecclesiarum,
3439 2299 3492 2352 in
3523 2308 3778 2366 quantum

2231 2382 2389 2445 valui,
2417 2398 2518 2435 non
2548 2383 2778 2446 cessavi;
2809 2385 2878 2436 ita
2905 2394 2961 2437 ut
2979 2383 3213 2450 ejusdem
3233 2387 3467 2441 civitatis
3495 2390 3780 2442 maximazu

2231 2471 2529 2532 ecclesiam,
2554 2486 2670 2537 qua:
2694 2480 2773 2523 est
2802 2473 2852 2523 in
2879 2473 3132 2526 honorem
3162 2476 3328 2528 sancti
3357 2474 3580 2531 Joannis
3608 2477 3783 2547 Bapti-

2233 2567 2346 2621 stze,
2376 2574 2405 2612 a
2435 2573 2571 2611 novo
2603 2560 2926 2628 operuerim,
2969 2568 3022 2615 et
3045 2561 3303 2616 macerias
3327 2577 3393 2616 ex
3422 2575 3574 2633 parte
3601 2580 3784 2620 erexe-

2233 2651 2354 2703 rint.
2382 2649 2639 2704 Similiter
2666 2651 2900 2705 ecclesiae
2929 2653 3096 2706 sancti
3129 2653 3382 2722 Stephani
3419 2663 3781 2726 tegumentum

2233 2733 2296 2792 de
2330 2752 2467 2791 novo
2509 2737 2817 2791 instaurari.
2849 2739 3136 2794 Ecclesiam
3166 2757 3376 2812 quoque
3402 2746 3574 2798 sancti
3596 2745 3785 2799 Nicetii

2234 2827 2299 2880 de
2330 2841 2470 2879 novo
2497 2828 2655 2880 etiam
2683 2828 2955 2882 :editieavi.
2998 2830 3253 2885 Similiter
3273 2833 3554 2886 ecclesiam
3589 2844 3782 2887 sancta:

2236 2913 2430 2966 Marite.
2465 2912 2662 2966 Praeter
2684 2917 3122 2970 monasteriorum
3146 2920 3576 2982 restaurationcs,
3599 2920 3786 2973 domus

2233 3016 2440 3068 quoque
2462 3002 2804 3070 episcopales,
2831 3003 2962 3057 inter
2989 3019 3120 3073 quas
3148 3021 3305 3059 unam
3328 3009 3645 3070 restauravi,
3669 3025 3784 3076 qua:

2227 3088 2336 3154 jam
2361 3103 2495 3156 pene
2515 3090 2783 3144 destructa
2805 3098 2938 3154 erat,
2969 3109 3125 3160 quam
3153 3096 3355 3162 operui.
3387 3096 3558 3149 Aliam
3580 3111 3787 3165 quoque

578 3206 738 3257 quam
766 3191 816 3241 in
848 3189 1084 3241 aediliciis
1110 3195 1160 3240 et
1181 3188 1387 3238 cmteris
1415 3186 1789 3238 ecclesiasticis
1815 3185 2138 3238 ministeriis.

2244 3176 2456 3254 domum
2484 3193 2602 3231 cum
2629 3178 2822 3233 solario
2854 3181 3125 3257 aedificavi,
3157 3190 3211 3236 et
3233 3183 3524 3250 duplicavi;
3557 3194 3610 3237 et
3654 3185 3787 3238 hanc

580 3279 688 3345 ligo
711 3275 1035 3328 humillimus
1051 3275 1289 3327 servulus
1309 3282 1498 3334 vester,
1518 3283 1793 3341 postquam
1811 3273 2002 3326 ibidem
2017 3288 2135 3341 per-

581 3367 722 3429 veni,
751 3381 868 3432 quw
893 3380 1010 3418 cum
1042 3365 1133 3416 Dei
1162 3362 1422 3429 adjutorio
1457 3371 1508 3414 et
1534 3372 1707 3415 vestro
1734 3362 1910 3430 peregi
1936 3360 2129 3414 audite.

580 3457 863 3521 Quoniam,
891 3464 944 3505 ιιι
976 3456 1242 3521 inspector
1269 3451 1710 3508 conscientiarum
1743 3450 1994 3502 Dominus
2015 3464 2132 3501 om-

578 3547 823 3612 nipotens
849 3544 973 3595 mihi
1007 3541 1156 3593 testis
1183 3549 1282 3614 est,
1313 3556 1416 3592 non
1448 3539 1534 3591 tali
1567 3540 1856 3592 intentione
1892 3553 1954 3591 ea
1985 3539 2065 3590 vo!
2092 3539 2134 3589 is

580 3633 842 3702 patefacio
873 3647 988 3700 qutn
1028 3630 1266 3683 dicturus
1318 3644 1450 3689 sum,
1479 3636 1533 3680 ut
1575 3636 1852 3696 propterea
1896 3627 1948 3679 in
1981 3628 2136 3680 rebus

582 3723 761 3785 augeri
789 3733 1033 3782 merear;
1067 3732 1237 3784 neque
1263 3717 1405 3770 aliud
1433 3716 1538 3770 tale
1580 3717 1630 3768 in
1672 3715 1989 3784 cogitatione
2019 3731 2135 3769 mea

580 3809 873 3874 mntposui,
905 3816 962 3860 ut
991 3807 1357 3874 adquisitionis
1387 3805 1513 3858 mihi
1541 3806 1748 3859 occasio
1771 3806 1860 3868 sit,
1895 3819 1992 3858 nec
2015 3819 2136 3871 sug-

575 3915 739 3966 gere,
795 3899 1042 3965 quoniam
1087 3897 1320 3963 quotidie
1370 3896 1568 3949 exitum
1621 3911 1646 3947 a
1692 3895 1850 3948 rebus
1893 3895 2137 3946 humanis

576 3990 840 4056 suspicor,
871 3995 1085 4052 propter
1116 3983 1474 4037 infirmitatem
1506 3999 1698 4045 nteant,
1728 3992 1781 4035 et
1812 3983 2139 4036 incessanter

572 4079 644 4128 de
690 4085 859 4127 morte
899 4082 1176 4141 stt-pectus
1211 4088 1348 4125 sum.
1397 4073 1460 4124 Et
1507 4073 1622 4124 ideo
1667 4072 1777 4124 hrec
1804 4085 2048 4139 suggero,
2078 4078 2136 4122 ut

579 4179 702 4218 cum
727 4163 1113 4230 benignissimis
1135 4161 1352 4213 auribus
1374 4161 1564 4214 vestris
1584 4168 1897 4226 praesentati
1917 4158 2132 4218 fuerint,

579 4261 633 4305 et
662 4251 948 4316 clementer
983 4250 1236 4316 inspecta,
1277 4250 1320 4300 si
1362 4264 1466 4315 qua
1493 4250 1626 4301 bene
1651 4255 1705 4299 et
1729 4248 2014 4300 secundum
2042 4264 2132 4298 vo-

581 4342 836 4393 luntatem
868 4346 1098 4390 ve~tram
1142 4338 1301 4405 gessi,
1341 4346 1459 4404 post
1503 4352 1678 4390 meum
1716 4335 2006 4388 discessum
2033 4346 2132 4386 non

585 4428 854 4488 deficiant,
879 4435 969 4477 aut
999 4437 1236 4491 pereant.

2238 3253 2451 3333 propter
2480 3280 2571 3319 vos
2594 3268 2773 3334 paravi
2795 3284 2808 3330 ;
2835 3277 2892 3320 ut
2917 3269 2959 3321 si
2982 3268 3034 3320 in
3049 3253 3163 3322 illis
3190 3271 3431 3336 partibus
3454 3280 3630 3325 vester
3653 3282 3787 3326 esset

2234 3355 2510 3432 adventus,
2549 3355 2598 3407 in
2637 3370 2698 3408 ea
2743 3356 2937 3424 suscipi
2979 3359 3223 3425 possetis.
3253 3357 3554 3413 Claustrum
3580 3377 3785 3430 quoque

2233 3448 2545 3500 clericorum
2592 3449 2886 3512 construxi,
2927 3449 2978 3504 in
3009 3465 3113 3516 quo
3153 3465 3338 3505 omnes
3386 3467 3529 3505 nunc
3556 3454 3655 3506 sub
3684 3469 3783 3505 uno

2235 3537 2470 3588 conclavi
2519 3553 2733 3590 manere
2779 3548 3086 3592 noscuntur.
3112 3539 3166 3592 ln
3195 3540 3379 3595 eadem
3410 3543 3623 3596 civitate
3657 3543 3783 3596 alias

2237 3626 2524 3677 rcslauravi
2547 3625 2798 3679 ecclesias
2826 3643 2836 3677 :
2867 3642 3024 3679 unam
3051 3628 3262 3694 quidem
3291 3627 3340 3680 in
3376 3629 3631 3685 honorem
3661 3647 3782 3685 san-

2234 3720 2332 3764 ctae
2361 3712 2594 3772 Eulaliae,
2618 3713 2705 3766 uhi
2733 3712 2827 3766 fuit
2862 3715 3236 3768 monasterium
3262 3715 3575 3784 puellarum,
3609 3720 3660 3771 in
3688 3719 3782 3771 ho-

2236 3816 2416 3853 norem
2453 3801 2624 3854 sancti
2674 3802 2905 3870 Georgii,
2939 3818 3097 3868 quam
3126 3803 3189 3856 de
3236 3819 3370 3857 novo
3396 3806 3600 3872 operui,
3633 3816 3685 3858 et
3722 3821 3781 3858 ex

2237 3899 2383 3956 parte
2407 3891 2662 3941 macerias
2683 3889 2796 3954 ejus
2818 3905 2847 3941 a
2872 3889 3230 3944 fundamentis
3249 3892 3414 3944 erexi.
3440 3893 3557 3946 Alia
3578 3909 3782 3962 quoque

2236 3979 2422 4030 domus
2449 3977 2500 4030 in
2538 3979 2788 4030 honorem
2818 3978 2983 4030 sancti
3022 3977 3168 4030 Pauli
3195 3979 3260 4032 de
3298 3995 3435 4033 novo
3477 3990 3661 4049 operta
3684 3991 3779 4035 est.

2307 4065 2681 4119 Monasterinm
2706 4074 2915 4133 quoque
2936 4064 3223 4132 puellarum
3266 4067 3317 4119 in
3342 4066 3596 4120 honorem
3619 4071 3780 4122 sancti

2235 4153 2374 4206 Petri
2440 4155 2773 4217 dedicatum,
2832 4156 2918 4207 ubi
2979 4170 3171 4223 corpus
3230 4156 3397 4208 sancti
3456 4156 3780 4211 Annemuntli

2237 4245 2482 4312 martyris
2529 4245 2797 4295 humatum
2847 4253 2959 4306 est,
3005 4245 3144 4311 quod
3193 4245 3303 4312 ipse
3331 4255 3546 4299 sanctus
3591 4256 3781 4315 martyr

2234 4339 2287 4382 et
2339 4332 2612 4398 episcopus
2667 4331 2920 4389 instituit,
2963 4346 3058 4400 ego
3093 4347 3122 4383 a
3158 4331 3514 4387 fundamentis
3559 4343 3664 4387 tam
3700 4350 3758 4388 ec

2236 4421 2448 4471 ctesiant
2480 4434 2638 4486 quam
2683 4419 2894 4472 domum
2937 4421 3248 4482 restauravi,
3280 4422 3367 4473 uli
3413 4437 3554 4475 nunc
3597 4425 3780 4476 sancti-

652 4515 886 4582 Denique
921 4524 1216 4581 postquam,
1253 4514 1538 4566 secundum
1561 4512 1850 4579 jussionem
1880 4522 2128 4569 vestram,
2169 4503 2212 4558 l)
2238 4509 2491 4560 moniales
2521 4523 2740 4560 numero
2769 4509 2976 4577 triginta
3002 4509 3138 4572 duae,
3181 4511 3468 4563 secundum
3499 4511 3778 4564 institutio-

584 4605 918 4672 smpcdictam
950 4604 1236 4656 Ecclesium
1269 4604 1496 4670 suscepi,
1517 4603 1666 4669 juxta
1696 4603 1834 4655 vires
1860 4603 2135 4668 parvitatis

587 4708 716 4744 mea:
745 4692 886 4742 omni
928 4691 1180 4743 industria
1213 4691 1314 4756 egi,
1339 4698 1395 4740 ut
1417 4690 1635 4742 clericos
1661 4688 1910 4741 officiales
1935 4690 2135 4754 potuis—

584 4795 694 4832 sem
725 4779 860 4830 sicut
888 4777 996 4842 jam
1042 4779 1146 4828 Deo
1179 4776 1384 4828 favente
1409 4791 1469 4828 ev
1501 4790 1689 4842 magna
1721 4774 1868 4842 parte
1897 4775 2018 4826 mihi
2046 4776 2135 4825 ba-

586 4871 709 4922 bere
734 4868 932 4919 videor.
971 4867 1031 4917 Et
1061 4866 1177 4916 ideo
1207 4864 1382 4916 ofiicio
1411 4875 1596 4917 vestr-.r
1621 4864 1835 4932 pictatis
1858 4863 2053 4930 placuit
2082 4873 2138 4915 ιιι

585 4959 650 5012 ad
679 4958 985 5027 petitionem
1029 4971 1198 5008 meam
1226 4953 1355 5006 mihi
1394 4953 1751 5005 concederetis
1778 4953 2010 5006 redditus
2049 4953 2135 5020 qui

587 5048 651 5099 ab
697 5047 913 5111 antiquo
961 5044 1169 5096 fuerant
1219 5042 1283 5096 de
1339 5038 1670 5110 Lugdun’ensi
1726 5041 1953 5094 Ecclesia
1997 5058 2008 5092 :
2046 5056 2139 5108 per

587 5151 766 5201 quam,
801 5135 908 5186 Deo
930 5131 1167 5198 juvante,
1208 5141 1260 5183 et
1293 5131 1532 5184 mercede
1561 5138 1733 5182 vestra
1763 5138 2044 5190 annuente,
2085 5130 2136 5180 in

592 5222 924 5289 Lugluncnsi
956 5219 1185 5272 Ecclesia
1226 5227 1306 5270 est
1336 5219 1465 5270 ordo
1504 5217 1752 5284 psallendi
1794 5219 2134 5278 instauratus,

589 5319 644 5362 ut
675 5309 822 5376 juxta
848 5310 986 5360 vires
1012 5318 1220 5360 nostras
1261 5304 1547 5358 secundum
1589 5304 1743 5358 ritum
1785 5305 1921 5358 sacri
1951 5304 2137 5358 Palatii

589 5397 731 5449 omni
760 5412 820 5448 ex
850 5403 996 5461 parte
1025 5395 1105 5462 agi
1130 5378 1370 5446 videatur
1391 5393 1641 5460 quidquid
1671 5395 1734 5447 ad
1765 5395 1995 5448 divinum
2027 5409 2140 5462 per-

591 5484 894 5553 Solvendum
922 5481 1152 5534 ofticium
1189 5483 1319 5535 ordo
1344 5483 1600 5550 exposcit.
1631 5481 1760 5534 Nam
1789 5484 1955 5536 habeo
1981 5484 2138 5536 scho-

594 5571 672 5624 las
694 5581 986 5634 cantorum,
1019 5585 1081 5623 ex
1110 5573 1298 5636 quibus
1325 5572 1561 5639 plerique
1591 5571 1659 5623 ita
1687 5581 1808 5625 sunt
1833 5574 2045 5635 eruditi,
2082 5582 2138 5625 ut

595 5659 725 5712 alios
754 5660 910 5711 etiam
938 5658 1146 5710 erudire
1185 5660 1402 5724 possint.
1455 5659 1651 5712 Praeter
1677 5660 1786 5712 lucc
1816 5675 1940 5711 vero
1972 5661 2138 5712 habeo

663 5763 686 5786 α
728 5748 798 5800 liv
832 5748 1037 5801 Baluzio
1064 5750 1250 5816 prima.

2235 4613 2352 4650 nem
2385 4598 2675 4666 regularem
2709 4598 2961 4658 viventes,
3008 4581 3247 4652 habitare
3272 4599 3534 4653 videntur.
3567 4601 3630 4653 Et
3672 4616 3776 4652 mo-

2236 4678 2524 4740 nas2erium
2571 4686 2744 4755 regale
2791 4685 2973 4739 insula:
3019 4687 3261 4741 Barbara:
3295 4687 3490 4756 (situm
3524 4689 3574 4740 in
3618 4689 3779 4742 medio

2235 4777 2416 4828 Araris
2445 4775 2608 4835 fluvii,
2631 4774 2769 4841 quod
2789 4773 3080 4842 antiquitus
3101 4783 3181 4827 est
3212 4774 3514 4828 dedicatum
3543 4775 3595 4828 in
3625 4775 3777 4828 hono-

2238 4881 2348 4918 rem
2369 4866 2535 4919 sancti
2566 4865 2788 4918 Andrea:
2817 4866 3035 4932 apostoli
3066 4873 3119 4917 et
3145 4865 3379 4916 omnium
3407 4865 3774 4933 apostolonnn,

2237 4973 2376 5010 nunc
2405 4964 2577 5008 autem
2609 4955 2658 5007 in
2704 4955 2956 5007 honorem
2987 4954 3153 5006 sancti
3186 4953 3395 5006 Martini
3427 4969 3614 5006 recens
3645 4954 3776 5006 vide-

2239 5055 2325 5096 tttr
2349 5059 2464 5096 esse
2510 5037 2780 5096 fundatum
2823 5041 2972 5108 jussu
3003 5042 3177 5095 domui
3210 5041 3382 5094 Caroli
3433 5043 3771 5110 imperatoris,

2237 5132 2324 5198 qui
2356 5132 2546 5183 ibidem
2588 5129 2821 5198 przefecit
2849 5131 3116 5184 dominum
3157 5129 3499 5182 Benedictum
3522 5131 3769 5184 abbatem.

2237 5237 2354 5274 cum
2386 5236 2489 5287 quo
2529 5221 2682 5274 simul
2729 5221 2922 5274 direxit
2948 5221 3018 5274 ibi
3061 5233 3184 5272 suos
3213 5217 3442 5287 codices)
3475 5219 3547 5272 ita
3581 5229 3770 5274 restau-

2240 5310 2368 5370 ravi,
2400 5317 2457 5360 ut
2483 5317 2616 5362 tecta
2646 5310 2709 5362 de
2735 5323 2871 5361 novo
2899 5308 3109 5372 fuerint,
3137 5317 3190 5362 et
3214 5308 3385 5376 aliqua
3427 5308 3492 5373 de
3547 5308 3773 5361 maceriis

2239 5414 2265 5450 a
2301 5397 2653 5450 fundamentis
2681 5405 2884 5459 erecta;
2913 5396 2999 5460 ubi
3047 5410 3185 5449 nunc
3230 5395 3472 5448 monachi
3503 5395 3773 5449 secundum

2240 5487 2530 5556 regularem
2574 5485 2901 5553 disciplinam
2947 5499 3167 5538 numero
3217 5484 3496 5553 nonaginta
3550 5485 3773 5536 habitare

2240 5579 2500 5629 videntur.
2553 5576 2646 5627 Cui
2685 5577 2843 5628 ctiam
2887 5576 3062 5627 abbati
3114 5574 3424 5626 tradidimus
3472 5581 3770 5639 potestatem

2243 5666 2430 5734 ligandi
2468 5674 2518 5717 et
2539 5665 2770 5717 solvendi
2800 5665 2872 5716 uti
2915 5665 3210 5716 habuerunt
3242 5662 3657 5729 praedecessores
3679 5665 3770 5723 sui,
