  <div class='ocr_page' id='page_1' title='image "/cluster/home/n/w/nwhite01/storage/ocr_20150623/99-100/uc1.31175006946845/446.png"; bbox 0 0 4110 6494; ppageno 0'>
   <div class='ocr_carea' id='block_1_1' title="bbox 124 592 218 648">
    <p class='ocr_par' dir='ltr' id='par_1_1' title="bbox 124 592 218 648">
     <span class='ocr_line' id='line_1_1' title="bbox 124 592 218 648; baseline -0.011 0"><span class='ocrx_word' id='word_1_1' title='bbox 124 592 218 648; x_wconf 72' lang='grc'><strong>875</strong></span> 
     </span>
    </p>
   </div>
   <div class='ocr_carea' id='block_1_2' title="bbox 125 682 1718 771">
    <p class='ocr_par' dir='ltr' id='par_1_2' title="bbox 125 682 1718 771">
     <span class='ocr_line' id='line_1_2' title="bbox 125 682 1718 771; baseline -0.015 -15"><span class='ocrx_word' id='word_1_2' title='bbox 125 703 320 757; x_wconf 86' lang='lat' dir='ltr'><strong>scilicet</strong></span> <span class='ocrx_word' id='word_1_3' title='bbox 362 697 693 771; x_wconf 80' lang='lat' dir='ltr'><strong>Ambrosius,</strong></span> <span class='ocrx_word' id='word_1_4' title='bbox 727 692 1055 754; x_wconf 74' lang='lat' dir='ltr'><strong>Maximinus,</strong></span> <span class='ocrx_word' id='word_1_5' title='bbox 1097 687 1347 749; x_wconf 84' lang='lat' dir='ltr'><strong>Licinius,</strong></span> <span class='ocrx_word' id='word_1_6' title='bbox 1375 682 1653 739; x_wconf 82' lang='lat' dir='ltr'><strong>clarissimi</strong></span> <span class='ocrx_word' id='word_1_7' title='bbox 1680 686 1718 739; x_wconf 78' lang='grc' dir='ltr'><strong>Α</strong></span> 
     </span>
    </p>
   </div>
   <div class='ocr_carea' id='block_1_3' title="bbox 126 772 1660 856">
    <p class='ocr_par' dir='ltr' id='par_1_3' title="bbox 126 772 1660 856">
     <span class='ocr_line' id='line_1_3' title="bbox 126 772 1660 856; baseline -0.011 -16"><span class='ocrx_word' id='word_1_8' title='bbox 126 790 244 853; x_wconf 86' lang='lat' dir='ltr'><strong>viri,</strong></span> <span class='ocrx_word' id='word_1_9' title='bbox 284 788 374 856; x_wconf 97' lang='lat' dir='ltr'><strong>qui</strong></span> <span class='ocrx_word' id='word_1_10' title='bbox 420 789 590 855; x_wconf 90' lang='lat' dir='ltr'><strong>ipsum</strong></span> <span class='ocrx_word' id='word_1_11' title='bbox 631 785 805 838; x_wconf 89' lang='lat' dir='ltr'><strong>locum</strong></span> <span class='ocrx_word' id='word_1_12' title='bbox 834 787 1085 835; x_wconf 85' lang='lat' dir='ltr'><strong>rexerunt</strong></span> <span class='ocrx_word' id='word_1_13' title='bbox 1119 792 1133 829; x_wconf 91' lang='lat'><strong>:</strong></span> <span class='ocrx_word' id='word_1_14' title='bbox 1170 790 1303 846; x_wconf 76' lang='lat' dir='ltr'><strong>quos</strong></span> <span class='ocrx_word' id='word_1_15' title='bbox 1350 772 1660 833; x_wconf 80' lang='lat' dir='ltr'><strong>Eucherius,</strong></span> 
     </span>
    </p>
   </div>
   <div class='ocr_carea' id='block_1_4' title="bbox 128 861 1666 945">
    <p class='ocr_par' dir='ltr' id='par_1_4' title="bbox 128 861 1666 945">
     <span class='ocr_line' id='line_1_4' title="bbox 128 861 1666 945; baseline -0.013 -14"><span class='ocrx_word' id='word_1_16' title='bbox 128 878 321 945; x_wconf 86' lang='lat' dir='ltr'><strong>Lupus,</strong></span> <span class='ocrx_word' id='word_1_17' title='bbox 364 884 521 943; x_wconf 85' lang='lat' dir='ltr'><strong>atque</strong></span> <span class='ocrx_word' id='word_1_18' title='bbox 562 872 838 933; x_wconf 88' lang='lat' dir='ltr'><strong>Genesius,</strong></span> <span class='ocrx_word' id='word_1_19' title='bbox 884 867 1160 945; x_wconf 60' lang='lat' dir='ltr'><strong>exterique</strong></span> <span class='ocrx_word' id='word_1_20' title='bbox 1188 863 1417 934; x_wconf 81' lang='lat' dir='ltr'><strong>episcopi</strong></span> <span class='ocrx_word' id='word_1_21' title='bbox 1459 861 1666 930; x_wconf 85' lang='lat' dir='ltr'><strong>Lugdu-</strong></span> 
     </span>
    </p>
   </div>
   <div class='ocr_carea' id='block_1_5' title="bbox 126 942 1663 1030">
    <p class='ocr_par' dir='ltr' id='par_1_5' title="bbox 126 942 1663 1030">
     <span class='ocr_line' id='line_1_5' title="bbox 126 942 1663 1030; baseline -0.012 -12"><span class='ocrx_word' id='word_1_22' title='bbox 126 942 336 1025; x_wconf 80' lang='lat' dir='ltr'><strong>nenses,</strong></span> <span class='ocrx_word' id='word_1_23' title='bbox 362 942 454 1016; x_wconf 82' lang='lat' dir='ltr'><strong>ubi</strong></span> <span class='ocrx_word' id='word_1_24' title='bbox 481 961 579 1030; x_wconf 89' lang='lat' dir='ltr'><strong>ipsi</strong></span> <span class='ocrx_word' id='word_1_25' title='bbox 608 961 843 1020; x_wconf 86' lang='lat' dir='ltr'><strong>deerant,</strong></span> <span class='ocrx_word' id='word_1_26' title='bbox 889 963 979 1009; x_wconf 91' lang='lat' dir='ltr'><strong>aut</strong></span> <span class='ocrx_word' id='word_1_27' title='bbox 1021 942 1125 1007; x_wconf 88' lang='lat' dir='ltr'><strong>non</strong></span> <span class='ocrx_word' id='word_1_28' title='bbox 1168 958 1415 1020; x_wconf 76' lang='lat' dir='ltr'><strong>poterant</strong></span> <span class='ocrx_word' id='word_1_29' title='bbox 1460 949 1663 1009; x_wconf 83' lang='lat' dir='ltr'><strong>adesse,</strong></span> 
     </span>
    </p>
   </div>
   <div class='ocr_carea' id='block_1_6' title="bbox 127 1039 1667 1119">
    <p class='ocr_par' dir='ltr' id='par_1_6' title="bbox 127 1039 1667 1119">
     <span class='ocr_line' id='line_1_6' title="bbox 127 1039 1667 1119; baseline -0.011 -14"><span class='ocrx_word' id='word_1_30' title='bbox 127 1052 407 1105; x_wconf 81' lang='lat' dir='ltr'><strong>mittebant</strong></span> <span class='ocrx_word' id='word_1_31' title='bbox 429 1049 733 1119; x_wconf 73' lang='lat' dir='ltr'><strong>cognituros</strong></span> <span class='ocrx_word' id='word_1_32' title='bbox 754 1054 932 1099; x_wconf 90' lang='lat' dir='ltr'><strong>utrum</strong></span> <span class='ocrx_word' id='word_1_33' title='bbox 954 1042 1215 1098; x_wconf 87' lang='lat' dir='ltr'><strong>catholica</strong></span> <span class='ocrx_word' id='word_1_34' title='bbox 1239 1039 1367 1093; x_wconf 71' lang='lat' dir='ltr'><strong>fides</strong></span> <span class='ocrx_word' id='word_1_35' title='bbox 1388 1044 1529 1091; x_wconf 89' lang='lat' dir='ltr'><strong>recte</strong></span> <span class='ocrx_word' id='word_1_36' title='bbox 1554 1048 1667 1088; x_wconf 87' lang='lat' dir='ltr'><strong>cre-</strong></span> 
     </span>
    </p>
   </div>
   <div class='ocr_carea' id='block_1_7' title="bbox 132 1121 1666 1201">
    <p class='ocr_par' dir='ltr' id='par_1_7' title="bbox 132 1121 1666 1201">
     <span class='ocr_line' id='line_1_7' title="bbox 132 1121 1666 1201; baseline -0.012 -10"><span class='ocrx_word' id='word_1_37' title='bbox 132 1139 363 1200; x_wconf 89' lang='lat' dir='ltr'><strong>deretur,</strong></span> <span class='ocrx_word' id='word_1_38' title='bbox 392 1150 460 1189; x_wconf 91' lang='lat' dir='ltr'><strong>ne</strong></span> <span class='ocrx_word' id='word_1_39' title='bbox 483 1133 627 1187; x_wconf 78' lang='lat' dir='ltr'><strong>fraus</strong></span> <span class='ocrx_word' id='word_1_40' title='bbox 646 1133 892 1187; x_wconf 66' lang='lat' dir='ltr'><strong>haeretica</strong></span> <span class='ocrx_word' id='word_1_41' title='bbox 925 1130 1220 1201; x_wconf 79' lang='lat' dir='ltr'><strong>pullularet.</strong></span> <span class='ocrx_word' id='word_1_42' title='bbox 1263 1126 1463 1192; x_wconf 87' lang='lat' dir='ltr'><strong>Quibus</strong></span> <span class='ocrx_word' id='word_1_43' title='bbox 1484 1122 1585 1176; x_wconf 87' lang='lat' dir='ltr'><strong>illis</strong></span> <span class='ocrx_word' id='word_1_44' title='bbox 1613 1121 1666 1173; x_wconf 93' lang='lat' dir='ltr'><strong>in</strong></span> 
     </span>
    </p>
   </div>
   <div class='ocr_carea' id='block_1_8' title="bbox 135 1210 1666 1282">
    <p class='ocr_par' dir='ltr' id='par_1_8' title="bbox 135 1210 1666 1282">
     <span class='ocr_line' id='line_1_8' title="bbox 135 1210 1666 1282; baseline -0.01 -6"><span class='ocrx_word' id='word_1_45' title='bbox 135 1231 333 1277; x_wconf 89' lang='lat' dir='ltr'><strong>tantum</strong></span> <span class='ocrx_word' id='word_1_46' title='bbox 361 1229 478 1277; x_wconf 90' lang='lat' dir='ltr'><strong>erat</strong></span> <span class='ocrx_word' id='word_1_47' title='bbox 502 1220 780 1275; x_wconf 88' lang='lat' dir='ltr'><strong>commissa</strong></span> <span class='ocrx_word' id='word_1_48' title='bbox 818 1233 969 1282; x_wconf 79' lang='lat' dir='ltr'><strong>cure,</strong></span> <span class='ocrx_word' id='word_1_49' title='bbox 1000 1226 1059 1270; x_wconf 89' lang='lat' dir='ltr'><strong>ut</strong></span> <span class='ocrx_word' id='word_1_50' title='bbox 1101 1216 1145 1269; x_wconf 90' lang='lat' dir='ltr'><strong>si</strong></span> <span class='ocrx_word' id='word_1_51' title='bbox 1192 1212 1425 1267; x_wconf 82' lang='lat' dir='ltr'><strong>Ecclesia</strong></span> <span class='ocrx_word' id='word_1_52' title='bbox 1458 1210 1666 1278; x_wconf 87' lang='lat' dir='ltr'><strong>Lugdu-</strong></span> 
     </span>
    </p>
   </div>
   <div class='ocr_carea' id='block_1_9' title="bbox 134 1293 1670 1373">
    <p class='ocr_par' dir='ltr' id='par_1_9' title="bbox 134 1293 1670 1373">
     <span class='ocr_line' id='line_1_9' title="bbox 134 1293 1670 1373; baseline -0.01 -12"><span class='ocrx_word' id='word_1_53' title='bbox 134 1307 310 1361; x_wconf 88' lang='lat' dir='ltr'><strong>nensis</strong></span> <span class='ocrx_word' id='word_1_54' title='bbox 351 1307 661 1373; x_wconf 82' lang='lat' dir='ltr'><strong>viduaretur</strong></span> <span class='ocrx_word' id='word_1_55' title='bbox 704 1302 917 1373; x_wconf 82' lang='lat' dir='ltr'><strong>proprio</strong></span> <span class='ocrx_word' id='word_1_56' title='bbox 966 1308 1208 1369; x_wconf 86' lang='lat' dir='ltr'><strong>patrono,</strong></span> <span class='ocrx_word' id='word_1_57' title='bbox 1255 1296 1353 1364; x_wconf 89' lang='lat' dir='ltr'><strong>ipsi</strong></span> <span class='ocrx_word' id='word_1_58' title='bbox 1384 1296 1437 1348; x_wconf 92' lang='lat' dir='ltr'><strong>in</strong></span> <span class='ocrx_word' id='word_1_59' title='bbox 1465 1293 1670 1346; x_wconf 86' lang='lat' dir='ltr'><strong>cunctis</strong></span> 
     </span>
    </p>
   </div>
   <div class='ocr_carea' id='block_1_10' title="bbox 136 1380 1670 1453">
    <p class='ocr_par' dir='ltr' id='par_1_10' title="bbox 136 1380 1670 1453">
     <span class='ocr_line' id='line_1_10' title="bbox 136 1380 1670 1453; baseline -0.01 -7"><span class='ocrx_word' id='word_1_60' title='bbox 136 1395 377 1448; x_wconf 78' lang='lat' dir='ltr'><strong>adessent</strong></span> <span class='ocrx_word' id='word_1_61' title='bbox 404 1401 657 1453; x_wconf 81' lang='lat' dir='ltr'><strong>rectores,</strong></span> <span class='ocrx_word' id='word_1_62' title='bbox 682 1397 736 1443; x_wconf 89' lang='lat' dir='ltr'><strong>et</strong></span> <span class='ocrx_word' id='word_1_63' title='bbox 754 1386 1126 1447; x_wconf 86' lang='lat' dir='ltr'><strong>consolatores,</strong></span> <span class='ocrx_word' id='word_1_64' title='bbox 1144 1396 1419 1451; x_wconf 72' lang='lat' dir='ltr'><strong>quousque</strong></span> <span class='ocrx_word' id='word_1_65' title='bbox 1439 1380 1670 1434; x_wconf 77' lang='lat' dir='ltr'><strong>Ecclesia</strong></span> 
     </span>
    </p>
   </div>
   <div class='ocr_carea' id='block_1_11' title="bbox 136 1461 1672 1549">
    <p class='ocr_par' dir='ltr' id='par_1_11' title="bbox 136 1461 1672 1549">
     <span class='ocr_line' id='line_1_11' title="bbox 136 1461 1672 1549; baseline -0.012 -13"><span class='ocrx_word' id='word_1_66' title='bbox 136 1498 163 1535; x_wconf 86' lang='lat' dir='ltr'><strong>a</strong></span> <span class='ocrx_word' id='word_1_67' title='bbox 192 1482 415 1536; x_wconf 86' lang='lat' dir='ltr'><strong>Domino</strong></span> <span class='ocrx_word' id='word_1_68' title='bbox 439 1479 741 1549; x_wconf 90' lang='lat' dir='ltr'><strong>dignissimo</strong></span> <span class='ocrx_word' id='word_1_69' title='bbox 768 1476 1115 1530; x_wconf 80' lang='lat' dir='ltr'><strong>illustraretur</strong></span> <span class='ocrx_word' id='word_1_70' title='bbox 1140 1478 1369 1539; x_wconf 83' lang='lat' dir='ltr'><strong>pastore.</strong></span> <span class='ocrx_word' id='word_1_71' title='bbox 1400 1466 1505 1520; x_wconf 85' lang='lat' dir='ltr'><strong>Nos</strong></span> <span class='ocrx_word' id='word_1_72' title='bbox 1528 1461 1672 1519; x_wconf 85' lang='lat' dir='ltr'><strong>simi-</strong></span> 
     </span>
    </p>
   </div>
   <div class='ocr_carea' id='block_1_12' title="bbox 135 1552 1667 1641">
    <p class='ocr_par' dir='ltr' id='par_1_12' title="bbox 135 1552 1667 1641">
     <span class='ocr_line' id='line_1_12' title="bbox 135 1552 1667 1641; baseline -0.014 -18"><span class='ocrx_word' id='word_1_73' title='bbox 135 1571 256 1625; x_wconf 82' lang='lat' dir='ltr'><strong>liter</strong></span> <span class='ocrx_word' id='word_1_74' title='bbox 277 1568 505 1641; x_wconf 82' lang='lat' dir='ltr'><strong>posteris</strong></span> <span class='ocrx_word' id='word_1_75' title='bbox 550 1566 757 1619; x_wconf 90' lang='lat' dir='ltr'><strong>illorum</strong></span> <span class='ocrx_word' id='word_1_76' title='bbox 806 1564 945 1616; x_wconf 88' lang='lat' dir='ltr'><strong>hanc</strong></span> <span class='ocrx_word' id='word_1_77' title='bbox 988 1566 1301 1628; x_wconf 89' lang='lat' dir='ltr'><strong>potestatem</strong></span> <span class='ocrx_word' id='word_1_78' title='bbox 1338 1552 1667 1607; x_wconf 80' lang='lat' dir='ltr'><strong>tradidimus.</strong></span> 
     </span>
    </p>
   </div>
   <div class='ocr_carea' id='block_1_13' title="bbox 134 1646 1673 1726">
    <p class='ocr_par' dir='ltr' id='par_1_13' title="bbox 134 1646 1673 1726">
     <span class='ocr_line' id='line_1_13' title="bbox 134 1646 1673 1726; baseline -0.014 -14"><span class='ocrx_word' id='word_1_79' title='bbox 134 1660 351 1726; x_wconf 92' lang='lat' dir='ltr'><strong>Insuper</strong></span> <span class='ocrx_word' id='word_1_80' title='bbox 385 1653 639 1722; x_wconf 83' lang='lat' dir='ltr'><strong>iussimus</strong></span> <span class='ocrx_word' id='word_1_81' title='bbox 694 1652 805 1704; x_wconf 80' lang='lat' dir='ltr'><strong>ﬁeri</strong></span> <span class='ocrx_word' id='word_1_82' title='bbox 867 1650 1077 1704; x_wconf 88' lang='lat' dir='ltr'><strong>decreta</strong></span> <span class='ocrx_word' id='word_1_83' title='bbox 1134 1646 1429 1714; x_wconf 90' lang='lat' dir='ltr'><strong>priscorum</strong></span> <span class='ocrx_word' id='word_1_84' title='bbox 1491 1654 1673 1709; x_wconf 86' lang='lat' dir='ltr'><strong>regum</strong></span> 
     </span>
    </p>
   </div>
   <div class='ocr_carea' id='block_1_14' title="bbox 135 1726 1673 1807">
    <p class='ocr_par' dir='ltr' id='par_1_14' title="bbox 135 1726 1673 1807">
     <span class='ocr_line' id='line_1_14' title="bbox 135 1726 1673 1807; baseline -0.011 -10"><span class='ocrx_word' id='word_1_85' title='bbox 135 1744 392 1805; x_wconf 61' lang='lat' dir='ltr'><strong>Francia,</strong></span> <span class='ocrx_word' id='word_1_86' title='bbox 442 1748 501 1793; x_wconf 90' lang='lat' dir='ltr'><strong>ut</strong></span> <span class='ocrx_word' id='word_1_87' title='bbox 540 1737 978 1807; x_wconf 81' lang='lat' dir='ltr'><strong>quemadmodum</strong></span> <span class='ocrx_word' id='word_1_88' title='bbox 1022 1735 1121 1803; x_wconf 86' lang='lat' dir='ltr'><strong>ipsi</strong></span> <span class='ocrx_word' id='word_1_89' title='bbox 1169 1738 1466 1787; x_wconf 89' lang='lat' dir='ltr'><strong>statuerunt</strong></span> <span class='ocrx_word' id='word_1_90' title='bbox 1506 1726 1673 1781; x_wconf 88' lang='lat' dir='ltr'><strong>moni-</strong></span> 
     </span>
    </p>
   </div>
   <div class='ocr_carea' id='block_1_15' title="bbox 135 1814 1671 1894">
    <p class='ocr_par' dir='ltr' id='par_1_15' title="bbox 135 1814 1671 1894">
     <span class='ocr_line' id='line_1_15' title="bbox 135 1814 1671 1894; baseline -0.011 -10"><span class='ocrx_word' id='word_1_91' title='bbox 135 1840 312 1885; x_wconf 86' lang='lat' dir='ltr'><strong>menta</strong></span> <span class='ocrx_word' id='word_1_92' title='bbox 354 1828 559 1882; x_wconf 84' lang='lat' dir='ltr'><strong>emendi</strong></span> <span class='ocrx_word' id='word_1_93' title='bbox 594 1835 648 1880; x_wconf 87' lang='lat' dir='ltr'><strong>et</strong></span> <span class='ocrx_word' id='word_1_94' title='bbox 675 1823 897 1894; x_wconf 88' lang='lat' dir='ltr'><strong>augendi</strong></span> <span class='ocrx_word' id='word_1_95' title='bbox 932 1822 1101 1875; x_wconf 90' lang='lat' dir='ltr'><strong>locum</strong></span> <span class='ocrx_word' id='word_1_96' title='bbox 1126 1814 1193 1877; x_wconf 62' lang='lat' dir='ltr'><strong>‘in</strong></span> <span class='ocrx_word' id='word_1_97' title='bbox 1220 1819 1462 1876; x_wconf 88' lang='lat' dir='ltr'><strong>omnibus</strong></span> <span class='ocrx_word' id='word_1_98' title='bbox 1494 1815 1671 1880; x_wconf 85' lang='lat' dir='ltr'><strong>rebus,</strong></span> 
     </span>
    </p>
   </div>
   <div class='ocr_carea' id='block_1_16' title="bbox 1530 566 1894 624">
    <p class='ocr_par' dir='ltr' id='par_1_16' title="bbox 1530 566 1894 624">
     <span class='ocr_line' id='line_1_16' title="bbox 1530 566 1894 624; baseline -0.005 0"><span class='ocrx_word' id='word_1_99' title='bbox 1530 566 1894 624; x_wconf 66' lang='grc' dir='ltr'><strong>ΕΡΙΞΤΟΙᾸΞ.</strong></span> 
     </span>
    </p>
   </div>
   <div class='ocr_carea' id='block_1_17' title="bbox 606 1 3907 113">
    <p class='ocr_par' dir='ltr' id='par_1_17' title="bbox 606 1 3907 113">
     <span class='ocr_line' id='line_1_17' title="bbox 606 1 3907 113; baseline -0.006 -9"><span class='ocrx_word' id='word_1_100' title='bbox 606 1 3881 113; x_wconf 25' lang='lat' dir='ltr'><strong>MM</strong></span> <span class='ocrx_word' id='word_1_101' title='bbox 3458 20 3479 23; x_wconf 52' lang='lat'>_</span> <span class='ocrx_word' id='word_1_102' title='bbox 3644 2 3779 21; x_wconf 17' lang='lat'><strong>&quot;’7</strong></span> <span class='ocrx_word' id='word_1_103' title='bbox 3878 68 3907 85; x_wconf 56' lang='grc' dir='ltr'><strong>ης</strong></span> 
     </span>
    </p>
   </div>
   <div class='ocr_carea' id='block_1_18' title="bbox 1696 190 1708 222">
    <p class='ocr_par' dir='ltr' id='par_1_18' title="bbox 1696 190 1708 222">
     <span class='ocr_line' id='line_1_18' title="bbox 1696 190 1708 222; baseline 0 0"><span class='ocrx_word' id='word_1_104' title='bbox 1696 190 1708 222; x_wconf 78' lang='lat' dir='ltr'><strong>&#39;t</strong></span> 
     </span>
    </p>
   </div>
   <div class='ocr_carea' id='block_1_19' title="bbox 3181 571 3285 630">
    <p class='ocr_par' dir='ltr' id='par_1_19' title="bbox 3181 571 3285 630">
     <span class='ocr_line' id='line_1_19' title="bbox 3181 571 3285 630; baseline -0.038 0"><span class='ocrx_word' id='word_1_105' title='bbox 3181 571 3285 630; x_wconf 63' lang='grc' dir='ltr'><strong>τη</strong></span> 
     </span>
    </p>
   </div>
   <div class='ocr_carea' id='block_1_20' title="bbox 1819 681 3287 751">
    <p class='ocr_par' dir='ltr' id='par_1_20' title="bbox 1819 681 3287 751">
     <span class='ocr_line' id='line_1_20' title="bbox 1819 681 3287 751; baseline 0.004 -16"><span class='ocrx_word' id='word_1_106' title='bbox 1819 681 1881 735; x_wconf 86' lang='lat' dir='ltr'><strong>ll.</strong></span> <span class='ocrx_word' id='word_1_107' title='bbox 1916 683 2149 737; x_wconf 82' lang='lat' dir='ltr'><strong>Vestram</strong></span> <span class='ocrx_word' id='word_1_108' title='bbox 2195 682 2369 751; x_wconf 82' lang='lat' dir='ltr'><strong>itaque</strong></span> <span class='ocrx_word' id='word_1_109' title='bbox 2405 681 2841 748; x_wconf 78' lang='lat' dir='ltr'><strong>sapicntissimam</strong></span> <span class='ocrx_word' id='word_1_110' title='bbox 2881 685 3287 741; x_wconf 82' lang='lat' dir='ltr'><strong>admonitionem</strong></span> 
     </span>
    </p>
   </div>
   <div class='ocr_carea' id='block_1_21' title="bbox 1760 768 3292 844">
    <p class='ocr_par' dir='ltr' id='par_1_21' title="bbox 1760 768 3292 844">
     <span class='ocr_line' id='line_1_21' title="bbox 1760 768 3292 844; baseline 0.003 -21"><span class='ocrx_word' id='word_1_111' title='bbox 1760 770 1903 823; x_wconf 89' lang='lat' dir='ltr'><strong>omni</strong></span> <span class='ocrx_word' id='word_1_112' title='bbox 1931 784 2110 823; x_wconf 90' lang='lat' dir='ltr'><strong>amore</strong></span> <span class='ocrx_word' id='word_1_113' title='bbox 2145 768 2447 835; x_wconf 84' lang='lat' dir='ltr'><strong>amplexati,</strong></span> <span class='ocrx_word' id='word_1_114' title='bbox 2494 768 2643 821; x_wconf 84' lang='lat' dir='ltr'><strong>valde</strong></span> <span class='ocrx_word' id='word_1_115' title='bbox 2693 770 2939 825; x_wconf 80' lang='lat' dir='ltr'><strong>admirati</strong></span> <span class='ocrx_word' id='word_1_116' title='bbox 2968 787 3147 828; x_wconf 91' lang='lat' dir='ltr'><strong>sumus</strong></span> <span class='ocrx_word' id='word_1_117' title='bbox 3168 790 3292 844; x_wconf 89' lang='lat' dir='ltr'><strong>pro-</strong></span> 
     </span>
    </p>
   </div>
   <div class='ocr_carea' id='block_1_22' title="bbox 1762 857 3294 925">
    <p class='ocr_par' dir='ltr' id='par_1_22' title="bbox 1762 857 3294 925">
     <span class='ocr_line' id='line_1_22' title="bbox 1762 857 3294 925; baseline 0.003 -12"><span class='ocrx_word' id='word_1_118' title='bbox 1762 860 2072 915; x_wconf 78' lang='lat' dir='ltr'><strong>funditatem</strong></span> <span class='ocrx_word' id='word_1_119' title='bbox 2094 864 2282 910; x_wconf 72' lang='lat' dir='ltr'><strong>vestra:</strong></span> <span class='ocrx_word' id='word_1_120' title='bbox 2306 865 2500 909; x_wconf 77' lang='lat' dir='ltr'><strong>sanctae</strong></span> <span class='ocrx_word' id='word_1_121' title='bbox 2526 857 2978 913; x_wconf 89' lang='lat' dir='ltr'><strong>considerationis.</strong></span> <span class='ocrx_word' id='word_1_122' title='bbox 3016 860 3158 917; x_wconf 84' lang='lat' dir='ltr'><strong>Inter</strong></span> <span class='ocrx_word' id='word_1_123' title='bbox 3183 865 3294 925; x_wconf 56' lang='lat' dir='ltr'><strong>hac</strong></span> 
     </span>
    </p>
   </div>
   <div class='ocr_carea' id='block_1_23' title="bbox 1763 944 3298 1018">
    <p class='ocr_par' dir='ltr' id='par_1_23' title="bbox 1763 944 3298 1018">
     <span class='ocr_line' id='line_1_23' title="bbox 1763 944 3298 1018; baseline -0.006 -15"><span class='ocrx_word' id='word_1_124' title='bbox 1763 948 1956 1018; x_wconf 67' lang='lat' dir='ltr'><strong>igitur,</strong></span> <span class='ocrx_word' id='word_1_125' title='bbox 1994 961 2113 1001; x_wconf 86' lang='lat' dir='ltr'><strong>cum</strong></span> <span class='ocrx_word' id='word_1_126' title='bbox 2158 944 2405 1015; x_wconf 86' lang='lat' dir='ltr'><strong>ingenioli</strong></span> <span class='ocrx_word' id='word_1_127' title='bbox 2453 944 2619 997; x_wconf 87' lang='lat' dir='ltr'><strong>nostri</strong></span> <span class='ocrx_word' id='word_1_128' title='bbox 2657 947 3008 1015; x_wconf 71' lang='lat' dir='ltr'><strong>praepediente</strong></span> <span class='ocrx_word' id='word_1_129' title='bbox 3050 951 3298 1007; x_wconf 60' lang='lat' dir='ltr'><strong>tarditate</strong></span> 
     </span>
    </p>
   </div>
   <div class='ocr_carea' id='block_1_24' title="bbox 1764 1020 3294 1102">
    <p class='ocr_par' dir='ltr' id='par_1_24' title="bbox 1764 1020 3294 1102">
     <span class='ocr_line' id='line_1_24' title="bbox 1764 1020 3294 1102; baseline 0.003 -11"><span class='ocrx_word' id='word_1_130' title='bbox 1764 1052 1870 1092; x_wconf 90' lang='lat' dir='ltr'><strong>non</strong></span> <span class='ocrx_word' id='word_1_131' title='bbox 1917 1038 2045 1091; x_wconf 85' lang='lat' dir='ltr'><strong>satis</strong></span> <span class='ocrx_word' id='word_1_132' title='bbox 2079 1034 2352 1090; x_wconf 79' lang='lat' dir='ltr'><strong>advertere</strong></span> <span class='ocrx_word' id='word_1_133' title='bbox 2377 1034 2750 1102; x_wconf 83' lang='lat' dir='ltr'><strong>potuissemus,</strong></span> <span class='ocrx_word' id='word_1_134' title='bbox 2793 1043 2967 1095; x_wconf 85' lang='lat' dir='ltr'><strong>utrum</strong></span> <span class='ocrx_word' id='word_1_135' title='bbox 2997 1020 3097 1090; x_wconf 83' lang='lat' dir='ltr'><strong>ista</strong></span> <span class='ocrx_word' id='word_1_136' title='bbox 3121 1049 3294 1094; x_wconf 81' lang='lat' dir='ltr'><strong>vestra</strong></span> 
     </span>
    </p>
   </div>
   <div class='ocr_carea' id='block_1_25' title="bbox 1765 1122 3296 1190">
    <p class='ocr_par' dir='ltr' id='par_1_25' title="bbox 1765 1122 3296 1190">
     <span class='ocr_line' id='line_1_25' title="bbox 1765 1122 3296 1190; baseline 0.004 -15"><span class='ocrx_word' id='word_1_137' title='bbox 1765 1122 2041 1178; x_wconf 83' lang='lat' dir='ltr'><strong>laudabilis</strong></span> <span class='ocrx_word' id='word_1_138' title='bbox 2085 1122 2375 1176; x_wconf 83' lang='lat' dir='ltr'><strong>admonitio</strong></span> <span class='ocrx_word' id='word_1_139' title='bbox 2423 1122 2817 1190; x_wconf 87' lang='lat' dir='ltr'><strong>responsionem</strong></span> <span class='ocrx_word' id='word_1_140' title='bbox 2861 1139 2892 1177; x_wconf 92' lang='lat' dir='ltr'><strong>a</strong></span> <span class='ocrx_word' id='word_1_141' title='bbox 2925 1126 3077 1180; x_wconf 87' lang='lat' dir='ltr'><strong>nobis</strong></span> <span class='ocrx_word' id='word_1_142' title='bbox 3121 1128 3296 1190; x_wconf 86' lang='lat' dir='ltr'><strong>vellet,</strong></span> 
     </span>
    </p>
   </div>
   <div class='ocr_carea' id='block_1_26' title="bbox 1766 1210 3300 1283">
    <p class='ocr_par' dir='ltr' id='par_1_26' title="bbox 1766 1210 3300 1283">
     <span class='ocr_line' id='line_1_26' title="bbox 1766 1210 3300 1283; baseline 0.004 -19"><span class='ocrx_word' id='word_1_143' title='bbox 1766 1220 1832 1264; x_wconf 84' lang='lat' dir='ltr'><strong>an</strong></span> <span class='ocrx_word' id='word_1_144' title='bbox 1875 1210 2236 1265; x_wconf 84' lang='lat' dir='ltr'><strong>tantummodo</strong></span> <span class='ocrx_word' id='word_1_145' title='bbox 2264 1216 2503 1263; x_wconf 88' lang='lat' dir='ltr'><strong>nostram</strong></span> <span class='ocrx_word' id='word_1_146' title='bbox 2544 1210 2697 1263; x_wconf 86' lang='lat' dir='ltr'><strong>nobis</strong></span> <span class='ocrx_word' id='word_1_147' title='bbox 2742 1210 3059 1279; x_wconf 87' lang='lat' dir='ltr'><strong>imperitiam</strong></span> <span class='ocrx_word' id='word_1_148' title='bbox 3108 1229 3300 1283; x_wconf 88' lang='lat' dir='ltr'><strong>cogno—</strong></span> 
     </span>
    </p>
   </div>
   <div class='ocr_carea' id='block_1_27' title="bbox 1767 1296 3306 1371">
    <p class='ocr_par' dir='ltr' id='par_1_27' title="bbox 1767 1296 3306 1371">
     <span class='ocr_line' id='line_1_27' title="bbox 1767 1296 3306 1371; baseline 0.003 -19"><span class='ocrx_word' id='word_1_149' title='bbox 1767 1299 2012 1353; x_wconf 85' lang='lat' dir='ltr'><strong>scendam</strong></span> <span class='ocrx_word' id='word_1_150' title='bbox 2054 1297 2467 1351; x_wconf 88' lang='lat' dir='ltr'><strong>commendare:</strong></span> <span class='ocrx_word' id='word_1_151' title='bbox 2500 1296 2600 1349; x_wconf 88' lang='lat' dir='ltr'><strong>hac</strong></span> <span class='ocrx_word' id='word_1_152' title='bbox 2648 1298 2991 1365; x_wconf 76' lang='lat' dir='ltr'><strong>ambiguitate</strong></span> <span class='ocrx_word' id='word_1_153' title='bbox 3038 1304 3306 1371; x_wconf 84' lang='lat' dir='ltr'><strong>suspensi-</strong></span> 
     </span>
    </p>
   </div>
   <div class='ocr_carea' id='block_1_28' title="bbox 1765 1383 3301 1455">
    <p class='ocr_par' dir='ltr' id='par_1_28' title="bbox 1765 1383 3301 1455">
     <span class='ocr_line' id='line_1_28' title="bbox 1765 1383 3301 1455; baseline 0.001 -13"><span class='ocrx_word' id='word_1_154' title='bbox 1765 1387 1965 1442; x_wconf 88' lang='lat' dir='ltr'><strong>nullum</strong></span> <span class='ocrx_word' id='word_1_155' title='bbox 1989 1384 2308 1455; x_wconf 81' lang='lat' dir='ltr'><strong>probabilius</strong></span> <span class='ocrx_word' id='word_1_156' title='bbox 2327 1383 2599 1437; x_wconf 86' lang='lat' dir='ltr'><strong>consilium</strong></span> <span class='ocrx_word' id='word_1_157' title='bbox 2620 1422 2635 1447; x_wconf 92' lang='lat'><strong>,</strong></span> <span class='ocrx_word' id='word_1_158' title='bbox 2668 1391 2726 1438; x_wconf 91' lang='lat' dir='ltr'><strong>ut</strong></span> <span class='ocrx_word' id='word_1_159' title='bbox 2754 1386 2905 1441; x_wconf 83' lang='lat' dir='ltr'><strong>nobis</strong></span> <span class='ocrx_word' id='word_1_160' title='bbox 2927 1395 3102 1443; x_wconf 85' lang='lat' dir='ltr'><strong>tamen</strong></span> <span class='ocrx_word' id='word_1_161' title='bbox 3131 1390 3301 1443; x_wconf 89' lang='lat' dir='ltr'><strong>visum</strong></span> 
     </span>
    </p>
   </div>
   <div class='ocr_carea' id='block_1_29' title="bbox 1768 1476 3304 1544">
    <p class='ocr_par' dir='ltr' id='par_1_29' title="bbox 1768 1476 3304 1544">
     <span class='ocr_line' id='line_1_29' title="bbox 1768 1476 3304 1544; baseline 0 -15"><span class='ocrx_word' id='word_1_162' title='bbox 1768 1484 1868 1540; x_wconf 90' lang='lat' dir='ltr'><strong>est,</strong></span> <span class='ocrx_word' id='word_1_163' title='bbox 1915 1476 2145 1543; x_wconf 89' lang='lat' dir='ltr'><strong>reperire</strong></span> <span class='ocrx_word' id='word_1_164' title='bbox 2190 1476 2474 1543; x_wconf 90' lang='lat' dir='ltr'><strong>potuimus,</strong></span> <span class='ocrx_word' id='word_1_165' title='bbox 2501 1489 2660 1542; x_wconf 85' lang='lat' dir='ltr'><strong>quam</strong></span> <span class='ocrx_word' id='word_1_166' title='bbox 2700 1482 2759 1527; x_wconf 87' lang='lat' dir='ltr'><strong>ut</strong></span> <span class='ocrx_word' id='word_1_167' title='bbox 2805 1489 2868 1528; x_wconf 89' lang='lat' dir='ltr'><strong>ea</strong></span> <span class='ocrx_word' id='word_1_168' title='bbox 2917 1488 3032 1543; x_wconf 76' lang='lat' dir='ltr'><strong>qua:</strong></span> <span class='ocrx_word' id='word_1_169' title='bbox 3075 1492 3169 1544; x_wconf 85' lang='lat' dir='ltr'><strong>per</strong></span> <span class='ocrx_word' id='word_1_170' title='bbox 3209 1493 3304 1533; x_wconf 78' lang='lat' dir='ltr'><strong>vos</strong></span> 
     </span>
    </p>
   </div>
   <div class='ocr_carea' id='block_1_30' title="bbox 1768 1562 3303 1632">
    <p class='ocr_par' dir='ltr' id='par_1_30' title="bbox 1768 1562 3303 1632">
     <span class='ocr_line' id='line_1_30' title="bbox 1768 1562 3303 1632; baseline 0.001 -15"><span class='ocrx_word' id='word_1_171' title='bbox 1768 1564 2107 1628; x_wconf 76' lang='lat' dir='ltr'><strong>cognovimus</strong></span> <span class='ocrx_word' id='word_1_172' title='bbox 2153 1578 2257 1616; x_wconf 92' lang='lat' dir='ltr'><strong>non</strong></span> <span class='ocrx_word' id='word_1_173' title='bbox 2306 1562 2538 1630; x_wconf 79' lang='lat' dir='ltr'><strong>legitime</strong></span> <span class='ocrx_word' id='word_1_174' title='bbox 2578 1579 2607 1617; x_wconf 89' lang='lat' dir='ltr'><strong>a</strong></span> <span class='ocrx_word' id='word_1_175' title='bbox 2650 1564 2800 1617; x_wconf 89' lang='lat' dir='ltr'><strong>nobis</strong></span> <span class='ocrx_word' id='word_1_176' title='bbox 2845 1562 3006 1618; x_wconf 80' lang='lat' dir='ltr'><strong>fuisse</strong></span> <span class='ocrx_word' id='word_1_177' title='bbox 3053 1579 3303 1632; x_wconf 85' lang='lat' dir='ltr'><strong>responsa</strong></span> 
     </span>
    </p>
   </div>
   <div class='ocr_carea' id='block_1_31' title="bbox 1768 1650 3304 1720">
    <p class='ocr_par' dir='ltr' id='par_1_31' title="bbox 1768 1650 3304 1720">
     <span class='ocr_line' id='line_1_31' title="bbox 1768 1650 3304 1720; baseline 0.004 -18"><span class='ocrx_word' id='word_1_178' title='bbox 1768 1651 1935 1719; x_wconf 82' lang='lat' dir='ltr'><strong>prius,</strong></span> <span class='ocrx_word' id='word_1_179' title='bbox 1972 1650 2122 1717; x_wconf 80' lang='lat' dir='ltr'><strong>juxta</strong></span> <span class='ocrx_word' id='word_1_180' title='bbox 2149 1650 2489 1718; x_wconf 88' lang='lat' dir='ltr'><strong>pusillitatem</strong></span> <span class='ocrx_word' id='word_1_181' title='bbox 2515 1665 2702 1705; x_wconf 88' lang='lat' dir='ltr'><strong>sensus</strong></span> <span class='ocrx_word' id='word_1_182' title='bbox 2747 1652 2938 1715; x_wconf 87' lang='lat' dir='ltr'><strong>nostri,</strong></span> <span class='ocrx_word' id='word_1_183' title='bbox 2966 1652 3019 1706; x_wconf 93' lang='lat' dir='ltr'><strong>in</strong></span> <span class='ocrx_word' id='word_1_184' title='bbox 3048 1662 3304 1720; x_wconf 86' lang='lat' dir='ltr'><strong>quantum</strong></span> 
     </span>
    </p>
   </div>
   <div class='ocr_carea' id='block_1_32' title="bbox 1770 1739 3310 1809">
    <p class='ocr_par' dir='ltr' id='par_1_32' title="bbox 1770 1739 3310 1809">
     <span class='ocr_line' id='line_1_32' title="bbox 1770 1739 3310 1809; baseline 0.005 -18"><span class='ocrx_word' id='word_1_185' title='bbox 1770 1740 2044 1793; x_wconf 74' lang='lat' dir='ltr'><strong>videbatur</strong></span> <span class='ocrx_word' id='word_1_186' title='bbox 2069 1740 2476 1806; x_wconf 84' lang='lat' dir='ltr'><strong>explicaremus;</strong></span> <span class='ocrx_word' id='word_1_187' title='bbox 2514 1753 2577 1792; x_wconf 84' lang='lat' dir='ltr'><strong>ac</strong></span> <span class='ocrx_word' id='word_1_188' title='bbox 2616 1739 2864 1809; x_wconf 85' lang='lat' dir='ltr'><strong>deinceps</strong></span> <span class='ocrx_word' id='word_1_189' title='bbox 2898 1742 2980 1797; x_wconf 89' lang='lat' dir='ltr'><strong>his</strong></span> <span class='ocrx_word' id='word_1_190' title='bbox 3008 1742 3200 1797; x_wconf 83' lang='lat' dir='ltr'><strong>litteris</strong></span> <span class='ocrx_word' id='word_1_191' title='bbox 3226 1758 3310 1798; x_wconf 85' lang='lat' dir='ltr'><strong>se-</strong></span> 
     </span>
    </p>
   </div>
   <div class='ocr_carea' id='block_1_33' title="bbox 1772 1824 3309 1903">
    <p class='ocr_par' dir='ltr' id='par_1_33' title="bbox 1772 1824 3309 1903">
     <span class='ocr_line' id='line_1_33' title="bbox 1772 1824 3309 1903; baseline 0.002 -24"><span class='ocrx_word' id='word_1_192' title='bbox 1772 1827 2062 1879; x_wconf 74' lang='lat' dir='ltr'><strong>renissima:</strong></span> <span class='ocrx_word' id='word_1_193' title='bbox 2087 1825 2377 1880; x_wconf 65' lang='lat' dir='ltr'><strong>clementiae</strong></span> <span class='ocrx_word' id='word_1_194' title='bbox 2419 1834 2611 1878; x_wconf 71' lang='lat' dir='ltr'><strong>vestrm</strong></span> <span class='ocrx_word' id='word_1_195' title='bbox 2656 1824 3029 1891; x_wconf 88' lang='lat' dir='ltr'><strong>iudicaremus,</strong></span> <span class='ocrx_word' id='word_1_196' title='bbox 3059 1841 3177 1903; x_wconf 66' lang='lat' dir='ltr'><strong>qua:</strong></span> <span class='ocrx_word' id='word_1_197' title='bbox 3217 1828 3309 1882; x_wconf 83' lang='lat' dir='ltr'><strong>du-</strong></span> 
     </span>
    </p>
   </div>
   <div class='ocr_carea' id='block_1_34' title="bbox 134 1902 3398 1983">
    <p class='ocr_par' dir='ltr' id='par_1_34' title="bbox 134 1902 3398 1983">
     <span class='ocr_line' id='line_1_34' title="bbox 134 1902 3398 1983; baseline -0.005 1"><span class='ocrx_word' id='word_1_198' title='bbox 134 1931 267 1983; x_wconf 73' lang='grc' dir='ltr'><strong>ίίυειδ</strong></span> <span class='ocrx_word' id='word_1_199' title='bbox 295 1914 362 1967; x_wconf 67' lang='lat' dir='ltr'><strong>ad</strong></span> <span class='ocrx_word' id='word_1_200' title='bbox 388 1927 618 1983; x_wconf 59' lang='grc' dir='ltr'><strong>Ραθεθηε</strong></span> <span class='ocrx_word' id='word_1_201' title='bbox 642 1912 835 1964; x_wconf 61' lang='lat' dir='ltr'><strong>habere</strong></span> <span class='ocrx_word' id='word_1_202' title='bbox 860 1908 1122 1970; x_wconf 62' lang='lat' dir='ltr'><strong>&quot;idenm&quot;.</strong></span> <span class='ocrx_word' id='word_1_203' title='bbox 1148 1907 1232 1960; x_wconf 64' lang='grc' dir='ltr'><strong>νεὶ</strong></span> <span class='ocrx_word' id='word_1_204' title='bbox 1264 1905 1317 1958; x_wconf 74' lang='lat' dir='ltr'><strong>in</strong></span> <span class='ocrx_word' id='word_1_205' title='bbox 1345 1903 1542 1983; x_wconf 53' lang='grc' dir='ltr'><strong>ῖυὲυΐον</strong></span> <span class='ocrx_word' id='word_1_206' title='bbox 1566 1902 1674 1955; x_wconf 68' lang='lat' dir='ltr'><strong>Deo</strong></span> <span class='ocrx_word' id='word_1_207' title='bbox 1703 1973 1739 1983; x_wconf 79' lang='lat'>_</span> <span class='ocrx_word' id='word_1_208' title='bbox 1772 1913 1981 1975; x_wconf 89' lang='lat' dir='ltr'><strong>bitatio,</strong></span> <span class='ocrx_word' id='word_1_209' title='bbox 2010 1913 2091 1965; x_wconf 89' lang='lat' dir='ltr'><strong>vel</strong></span> <span class='ocrx_word' id='word_1_210' title='bbox 2119 1912 2294 1979; x_wconf 88' lang='lat' dir='ltr'><strong>potius</strong></span> <span class='ocrx_word' id='word_1_211' title='bbox 2334 1927 2449 1980; x_wconf 66' lang='lat' dir='ltr'><strong>quae</strong></span> <span class='ocrx_word' id='word_1_212' title='bbox 2474 1913 2764 1968; x_wconf 88' lang='lat' dir='ltr'><strong>necessitas</strong></span> <span class='ocrx_word' id='word_1_213' title='bbox 2785 1928 2882 1969; x_wconf 91' lang='lat' dir='ltr'><strong>nos</strong></span> <span class='ocrx_word' id='word_1_214' title='bbox 2915 1902 3212 1970; x_wconf 81' lang='lat' dir='ltr'><strong>arctaverat</strong></span> <span class='ocrx_word' id='word_1_215' title='bbox 3241 1917 3309 1970; x_wconf 87' lang='lat' dir='ltr'><strong>ad</strong></span> <span class='ocrx_word' id='word_1_216' title='bbox 3395 1909 3398 1913; x_wconf 68' lang='grc'>’</span> 
     </span>
    </p>
   </div>
   <div class='ocr_carea' id='block_1_35' title="bbox 134 1973 3311 2070">
    <p class='ocr_par' dir='ltr' id='par_1_35' title="bbox 134 1973 3311 2070">
     <span class='ocr_line' id='line_1_35' title="bbox 134 1973 3311 2070; baseline -0.002 -7"><span class='ocrx_word' id='word_1_217' title='bbox 134 2002 438 2063; x_wconf 58' lang='lat' dir='ltr'><strong>auxiliante.</strong></span> <span class='ocrx_word' id='word_1_218' title='bbox 475 1998 751 2065; x_wconf 68' lang='grc' dir='ltr'><strong>θοίίυίνθνθ</strong></span> <span class='ocrx_word' id='word_1_219' title='bbox 775 2002 1039 2065; x_wconf 53' lang='lat' dir='ltr'><strong>Nimim,</strong></span> <span class='ocrx_word' id='word_1_220' title='bbox 1076 1994 1188 2048; x_wconf 73' lang='lat' dir='ltr'><strong>Sine</strong></span> <span class='ocrx_word' id='word_1_221' title='bbox 1215 1992 1316 2045; x_wconf 70' lang='lat'><strong>“&quot;3</strong></span> <span class='ocrx_word' id='word_1_222' title='bbox 1344 1974 1668 2060; x_wconf 59' lang='grc' dir='ltr'><strong>(ιιΐοτίιηοηία</strong></span> <span class='ocrx_word' id='word_1_223' title='bbox 1701 1973 1742 2034; x_wconf 76' lang='grc' dir='ltr'>Β</span> <span class='ocrx_word' id='word_1_224' title='bbox 1772 2000 2103 2054; x_wconf 89' lang='lat' dir='ltr'><strong>scribendum</strong></span> <span class='ocrx_word' id='word_1_225' title='bbox 2128 2013 2191 2053; x_wconf 90' lang='lat' dir='ltr'><strong>ea</strong></span> <span class='ocrx_word' id='word_1_226' title='bbox 2218 1973 2416 2067; x_wconf 48' lang='lat' dir='ltr'><strong>quae-in</strong></span> <span class='ocrx_word' id='word_1_227' title='bbox 2452 1989 2719 2067; x_wconf 82' lang='lat' dir='ltr'><strong>prioribus</strong></span> <span class='ocrx_word' id='word_1_228' title='bbox 2757 2002 3185 2070; x_wconf 91' lang='lat' dir='ltr'><strong>responsionibus</strong></span> <span class='ocrx_word' id='word_1_229' title='bbox 3211 2016 3311 2055; x_wconf 83' lang='lat' dir='ltr'><strong>no-</strong></span> 
     </span>
    </p>
   </div>
   <div class='ocr_carea' id='block_1_36' title="bbox 134 2082 798 2158">
    <p class='ocr_par' dir='ltr' id='par_1_36' title="bbox 134 2082 798 2158">
     <span class='ocr_line' id='line_1_36' title="bbox 134 2082 798 2158; baseline -0.009 -14"><span class='ocrx_word' id='word_1_230' title='bbox 134 2106 230 2158; x_wconf 81' lang='lat' dir='ltr'><strong>per</strong></span> <span class='ocrx_word' id='word_1_231' title='bbox 259 2082 798 2157; x_wconf 51' lang='lat' dir='ltr'><strong>saecula’possideant.</strong></span> 
     </span>
    </p>
   </div>
   <div class='ocr_carea' id='block_1_37' title="bbox 673 2191 1140 2247">
    <p class='ocr_par' dir='ltr' id='par_1_37' title="bbox 673 2191 1140 2247">
     <span class='ocr_line' id='line_1_37' title="bbox 673 2191 1140 2247; baseline -0.002 -1"><span class='ocrx_word' id='word_1_232' title='bbox 673 2205 698 2233; x_wconf 79' lang='grc' dir='ltr'>ι</span> <span class='ocrx_word' id='word_1_233' title='bbox 721 2191 1044 2247; x_wconf 79' lang='lat' dir='ltr'><strong>EPISTOLA</strong></span> <span class='ocrx_word' id='word_1_234' title='bbox 1080 2191 1140 2246; x_wconf 87' lang='lat' dir='ltr'><strong>ll.</strong></span> 
     </span>
    </p>
   </div>
   <div class='ocr_carea' id='block_1_38' title="bbox 414 2262 1526 2316">
    <p class='ocr_par' dir='ltr' id='par_1_38' title="bbox 414 2262 1526 2316">
     <span class='ocr_line' id='line_1_38' title="bbox 414 2262 1526 2316; baseline -0.004 -1"><span class='ocrx_word' id='word_1_235' title='bbox 414 2262 442 2301; x_wconf 73' lang='grc' dir='ltr'><strong>ι’</strong></span> <span class='ocrx_word' id='word_1_236' title='bbox 470 2277 598 2316; x_wconf 80' lang='lat' dir='ltr'><strong>rrsu</strong></span> <span class='ocrx_word' id='word_1_237' title='bbox 634 2277 700 2315; x_wconf 62' lang='lat' dir='ltr'><strong>an</strong></span> <span class='ocrx_word' id='word_1_238' title='bbox 736 2276 973 2315; x_wconf 72' lang='lat' dir='ltr'><strong>csnowu</strong></span> <span class='ocrx_word' id='word_1_239' title='bbox 1011 2266 1423 2314; x_wconf 52' lang='lat' dir='ltr'><strong>tuumnon“;</strong></span> <span class='ocrx_word' id='word_1_240' title='bbox 1519 2263 1526 2272; x_wconf 87' lang='lat'><strong>&#39;</strong></span> 
     </span>
    </p>
   </div>
   <div class='ocr_carea' id='block_1_39' title="bbox 203 2347 1673 2419">
    <p class='ocr_par' dir='ltr' id='par_1_39' title="bbox 203 2347 1673 2419">
     <span class='ocr_line' id='line_1_39' title="bbox 203 2347 1673 2419; baseline -0.004 -15"><span class='ocrx_word' id='word_1_241' title='bbox 203 2350 429 2404; x_wconf 86' lang='lat' dir='ltr'><strong>Domino</strong></span> <span class='ocrx_word' id='word_1_242' title='bbox 474 2349 848 2419; x_wconf 90' lang='lat' dir='ltr'><strong>gloriosissimo</strong></span> <span class='ocrx_word' id='word_1_243' title='bbox 870 2356 925 2402; x_wconf 86' lang='lat' dir='ltr'><strong>et</strong></span> <span class='ocrx_word' id='word_1_244' title='bbox 942 2363 1067 2402; x_wconf 83' lang='lat' dir='ltr'><strong>vere</strong></span> <span class='ocrx_word' id='word_1_245' title='bbox 1088 2348 1324 2416; x_wconf 88' lang='lat' dir='ltr'><strong>piissimo</strong></span> <span class='ocrx_word' id='word_1_246' title='bbox 1347 2347 1673 2415; x_wconf 84' lang='lat' dir='ltr'><strong>imperatori,</strong></span> 
     </span>
    </p>
   </div>
   <div class='ocr_carea' id='block_1_40' title="bbox 134 2435 1678 2505">
    <p class='ocr_par' dir='ltr' id='par_1_40' title="bbox 134 2435 1678 2505">
     <span class='ocr_line' id='line_1_40' title="bbox 134 2435 1678 2505; baseline -0.005 -11"><span class='ocrx_word' id='word_1_247' title='bbox 134 2447 189 2494; x_wconf 90' lang='lat' dir='ltr'><strong>et</strong></span> <span class='ocrx_word' id='word_1_248' title='bbox 200 2440 255 2493; x_wconf 91' lang='lat' dir='ltr'><strong>in</strong></span> <span class='ocrx_word' id='word_1_249' title='bbox 267 2439 479 2494; x_wconf 87' lang='lat' dir='ltr'><strong>Christo</strong></span> <span class='ocrx_word' id='word_1_250' title='bbox 490 2437 693 2499; x_wconf 74' lang='lat' dir='ltr'><strong>victuri,</strong></span> <span class='ocrx_word' id='word_1_251' title='bbox 713 2452 775 2490; x_wconf 91' lang='lat' dir='ltr'><strong>ac</strong></span> <span class='ocrx_word' id='word_1_252' title='bbox 787 2436 1047 2505; x_wconf 90' lang='lat' dir='ltr'><strong>triumpha</strong></span> <span class='ocrx_word' id='word_1_253' title='bbox 1054 2436 1153 2490; x_wconf 90' lang='lat' dir='ltr'><strong>tori</strong></span> <span class='ocrx_word' id='word_1_254' title='bbox 1170 2435 1533 2498; x_wconf 79' lang='lat' dir='ltr'><strong>invictissime,</strong></span> <span class='ocrx_word' id='word_1_255' title='bbox 1546 2449 1678 2488; x_wconf 85' lang='lat' dir='ltr'><strong>sem-</strong></span> 
     </span>
    </p>
   </div>
   <div class='ocr_carea' id='block_1_41' title="bbox 135 2524 1677 2598">
    <p class='ocr_par' dir='ltr' id='par_1_41' title="bbox 135 2524 1677 2598">
     <span class='ocr_line' id='line_1_41' title="bbox 135 2524 1677 2598; baseline -0.004 -16"><span class='ocrx_word' id='word_1_256' title='bbox 135 2543 231 2598; x_wconf 88' lang='lat' dir='ltr'><strong>per</strong></span> <span class='ocrx_word' id='word_1_257' title='bbox 255 2535 498 2596; x_wconf 84' lang='lat' dir='ltr'><strong>augusto,</strong></span> <span class='ocrx_word' id='word_1_258' title='bbox 526 2525 832 2590; x_wconf 89' lang='lat' dir='ltr'><strong>Leidradus,</strong></span> <span class='ocrx_word' id='word_1_259' title='bbox 863 2525 985 2579; x_wconf 89' lang='lat' dir='ltr'><strong>licet</strong></span> <span class='ocrx_word' id='word_1_260' title='bbox 1007 2524 1270 2594; x_wconf 89' lang='lat' dir='ltr'><strong>indignus,</strong></span> <span class='ocrx_word' id='word_1_261' title='bbox 1298 2524 1472 2577; x_wconf 88' lang='lat' dir='ltr'><strong>divina</strong></span> <span class='ocrx_word' id='word_1_262' title='bbox 1500 2530 1677 2576; x_wconf 89' lang='lat' dir='ltr'><strong>tamen</strong></span> 
     </span>
    </p>
   </div>
   <div class='ocr_carea' id='block_1_42' title="bbox 136 2602 1678 2684">
    <p class='ocr_par' dir='ltr' id='par_1_42' title="bbox 136 2602 1678 2684">
     <span class='ocr_line' id='line_1_42' title="bbox 136 2602 1678 2684; baseline -0.003 -15"><span class='ocrx_word' id='word_1_263' title='bbox 136 2616 529 2684; x_wconf 85' lang='lat' dir='ltr'><strong>dispensatione</strong></span> <span class='ocrx_word' id='word_1_264' title='bbox 549 2621 602 2668; x_wconf 89' lang='lat' dir='ltr'><strong>et</strong></span> <span class='ocrx_word' id='word_1_265' title='bbox 620 2620 804 2681; x_wconf 55' lang='lat' dir='ltr'><strong>\vestra</strong></span> <span class='ocrx_word' id='word_1_266' title='bbox 831 2612 1169 2666; x_wconf 87' lang='lat' dir='ltr'><strong>miseratione</strong></span> <span class='ocrx_word' id='word_1_267' title='bbox 1191 2602 1553 2680; x_wconf 73' lang='lat' dir='ltr'><strong>Lugdunensis</strong></span> <span class='ocrx_word' id='word_1_268' title='bbox 1577 2609 1678 2664; x_wconf 84' lang='lat' dir='ltr'><strong>Ec-</strong></span> 
     </span>
    </p>
   </div>
   <div class='ocr_carea' id='block_1_43' title="bbox 135 2692 1534 2771">
    <p class='ocr_par' dir='ltr' id='par_1_43' title="bbox 135 2692 1534 2771">
     <span class='ocr_line' id='line_1_43' title="bbox 135 2692 1534 2771; baseline -0.007 -11"><span class='ocrx_word' id='word_1_269' title='bbox 135 2703 315 2760; x_wconf 65' lang='lat' dir='ltr'><strong>clesiae</strong></span> <span class='ocrx_word' id='word_1_270' title='bbox 334 2701 628 2771; x_wconf 81' lang='lat' dir='ltr'><strong>episcopus.</strong></span> <span class='ocrx_word' id='word_1_271' title='bbox 1527 2692 1534 2700; x_wconf 82' lang='grc'><em>’</em></span> 
     </span>
    </p>
   </div>
   <div class='ocr_carea' id='block_1_44' title="bbox 204 2789 1674 2860">
    <p class='ocr_par' dir='ltr' id='par_1_44' title="bbox 204 2789 1674 2860">
     <span class='ocr_line' id='line_1_44' title="bbox 204 2789 1674 2860; baseline -0.001 -14"><span class='ocrx_word' id='word_1_272' title='bbox 204 2792 247 2846; x_wconf 94' lang='lat' dir='ltr'><strong>I.</strong></span> <span class='ocrx_word' id='word_1_273' title='bbox 282 2792 734 2847; x_wconf 84' lang='lat' dir='ltr'><strong>Christianissima</strong></span> <span class='ocrx_word' id='word_1_274' title='bbox 780 2799 835 2847; x_wconf 91' lang='lat' dir='ltr'><strong>et</strong></span> <span class='ocrx_word' id='word_1_275' title='bbox 880 2790 1203 2846; x_wconf 87' lang='lat' dir='ltr'><strong>admirabilis</strong></span> <span class='ocrx_word' id='word_1_276' title='bbox 1242 2789 1425 2860; x_wconf 85' lang='lat' dir='ltr'><strong>religio</strong></span> <span class='ocrx_word' id='word_1_277' title='bbox 1465 2798 1674 2855; x_wconf 88' lang='lat' dir='ltr'><strong>vestra,</strong></span> 
     </span>
    </p>
   </div>
   <div class='ocr_carea' id='block_1_45' title="bbox 134 2876 1680 2949">
    <p class='ocr_par' dir='ltr' id='par_1_45' title="bbox 134 2876 1680 2949">
     <span class='ocr_line' id='line_1_45' title="bbox 134 2876 1680 2949; baseline -0.001 -15"><span class='ocrx_word' id='word_1_278' title='bbox 134 2888 296 2949; x_wconf 87' lang='lat' dir='ltr'><strong>atque</strong></span> <span class='ocrx_word' id='word_1_279' title='bbox 321 2880 374 2933; x_wconf 92' lang='lat' dir='ltr'><strong>in</strong></span> <span class='ocrx_word' id='word_1_280' title='bbox 403 2876 568 2933; x_wconf 90' lang='lat' dir='ltr'><strong>Deum</strong></span> <span class='ocrx_word' id='word_1_281' title='bbox 591 2877 1107 2937; x_wconf 79' lang='lat' dir='ltr'><strong>ardentissima-ﬁdes</strong></span> <span class='ocrx_word' id='word_1_282' title='bbox 1136 2878 1310 2933; x_wconf 87' lang='lat' dir='ltr'><strong>divina</strong></span> <span class='ocrx_word' id='word_1_283' title='bbox 1337 2877 1680 2945; x_wconf 84' lang='lat' dir='ltr'><strong>inspiratione</strong></span> 
     </span>
    </p>
   </div>
   <div class='ocr_carea' id='block_1_46' title="bbox 137 2963 1681 3037">
    <p class='ocr_par' dir='ltr' id='par_1_46' title="bbox 137 2963 1681 3037">
     <span class='ocr_line' id='line_1_46' title="bbox 137 2963 1681 3037; baseline -0.003 -15"><span class='ocrx_word' id='word_1_284' title='bbox 137 2976 451 3032; x_wconf 84' lang='lat' dir='ltr'><strong>attacta,,et</strong></span> <span class='ocrx_word' id='word_1_285' title='bbox 481 2968 717 3037; x_wconf 80' lang='lat' dir='ltr'><strong>piissimo</strong></span> <span class='ocrx_word' id='word_1_286' title='bbox 746 2966 1094 3021; x_wconf 86' lang='lat' dir='ltr'><strong>sollicitudine</strong></span> <span class='ocrx_word' id='word_1_287' title='bbox 1116 2972 1374 3035; x_wconf 88' lang='lat' dir='ltr'><strong>permota,</strong></span> <span class='ocrx_word' id='word_1_288' title='bbox 1409 2963 1568 3031; x_wconf 90' lang='lat' dir='ltr'><strong>jussit</strong></span> <span class='ocrx_word' id='word_1_289' title='bbox 1584 2979 1681 3018; x_wconf 86' lang='lat' dir='ltr'><strong>nu-</strong></span> 
     </span>
    </p>
   </div>
   <div class='ocr_carea' id='block_1_47' title="bbox 134 3050 1680 3127">
    <p class='ocr_par' dir='ltr' id='par_1_47' title="bbox 134 3050 1680 3127">
     <span class='ocr_line' id='line_1_47' title="bbox 134 3050 1680 3127; baseline -0.006 -17"><span class='ocrx_word' id='word_1_290' title='bbox 134 3070 237 3127; x_wconf 88' lang='lat' dir='ltr'><strong>per</strong></span> <span class='ocrx_word' id='word_1_291' title='bbox 262 3055 460 3124; x_wconf 83' lang='lat' dir='ltr'><strong>aliquid</strong></span> <span class='ocrx_word' id='word_1_292' title='bbox 485 3070 581 3109; x_wconf 89' lang='lat' dir='ltr'><strong>nos</strong></span> <span class='ocrx_word' id='word_1_293' title='bbox 613 3055 677 3108; x_wconf 89' lang='lat' dir='ltr'><strong>de</strong></span> <span class='ocrx_word' id='word_1_294' title='bbox 703 3053 1046 3109; x_wconf 84' lang='lat' dir='ltr'><strong>sacramentis</strong></span> <span class='ocrx_word' id='word_1_295' title='bbox 1085 3058 1281 3106; x_wconf 70' lang='lat' dir='ltr'><strong>nostra:</strong></span> <span class='ocrx_word' id='word_1_296' title='bbox 1325 3050 1680 3104; x_wconf 81' lang='lat' dir='ltr'><strong>renovatiouis</strong></span> 
     </span>
    </p>
   </div>
   <div class='ocr_carea' id='block_1_48' title="bbox 140 3136 1681 3222">
    <p class='ocr_par' dir='ltr' id='par_1_48' title="bbox 140 3136 1681 3222">
     <span class='ocr_line' id='line_1_48' title="bbox 140 3136 1681 3222; baseline -0.003 -26"><span class='ocrx_word' id='word_1_297' title='bbox 140 3143 211 3197; x_wconf 87' lang='lat' dir='ltr'><strong>ad</strong></span> <span class='ocrx_word' id='word_1_298' title='bbox 236 3151 446 3196; x_wconf 85' lang='lat' dir='ltr'><strong>vestras</strong></span> <span class='ocrx_word' id='word_1_299' title='bbox 463 3141 829 3210; x_wconf 82' lang='lat' dir='ltr'><strong>sagacissimas</strong></span> <span class='ocrx_word' id='word_1_300' title='bbox 855 3140 1221 3222; x_wconf 65' lang='lat' dir='ltr'><strong>inquisitiopes</strong></span> <span class='ocrx_word' id='word_1_301' title='bbox 1240 3136 1577 3207; x_wconf 87' lang='lat' dir='ltr'><strong>respondere.</strong></span> <span class='ocrx_word' id='word_1_302' title='bbox 1600 3136 1681 3192; x_wconf 80' lang='lat' dir='ltr'><strong>Ad</strong></span> 
     </span>
    </p>
   </div>
   <div class='ocr_carea' id='block_1_49' title="bbox 1771 2085 3312 2159">
    <p class='ocr_par' dir='ltr' id='par_1_49' title="bbox 1771 2085 3312 2159">
     <span class='ocr_line' id='line_1_49' title="bbox 1771 2085 3312 2159; baseline 0.001 -18"><span class='ocrx_word' id='word_1_303' title='bbox 1771 2088 1897 2142; x_wconf 85' lang='lat' dir='ltr'><strong>stris</strong></span> <span class='ocrx_word' id='word_1_304' title='bbox 1921 2088 2095 2141; x_wconf 87' lang='lat' dir='ltr'><strong>minus</strong></span> <span class='ocrx_word' id='word_1_305' title='bbox 2120 2085 2277 2141; x_wconf 82' lang='lat' dir='ltr'><strong>fuisse</strong></span> <span class='ocrx_word' id='word_1_306' title='bbox 2304 2102 2396 2154; x_wconf 91' lang='lat' dir='ltr'><strong>per</strong></span> <span class='ocrx_word' id='word_1_307' title='bbox 2421 2101 2517 2141; x_wconf 90' lang='lat' dir='ltr'><strong>vos</strong></span> <span class='ocrx_word' id='word_1_308' title='bbox 2531 2089 2885 2154; x_wconf 79' lang='lat' dir='ltr'><strong>cognovimus.</strong></span> <span class='ocrx_word' id='word_1_309' title='bbox 2900 2086 3097 2144; x_wconf 88' lang='lat' dir='ltr'><strong>Deinde</strong></span> <span class='ocrx_word' id='word_1_310' title='bbox 3119 2089 3312 2159; x_wconf 86' lang='lat' dir='ltr'><strong>glorio-</strong></span> 
     </span>
    </p>
   </div>
   <div class='ocr_carea' id='block_1_50' title="bbox 1772 2175 3306 2249">
    <p class='ocr_par' dir='ltr' id='par_1_50' title="bbox 1772 2175 3306 2249">
     <span class='ocr_line' id='line_1_50' title="bbox 1772 2175 3306 2249; baseline -0.001 -19"><span class='ocrx_word' id='word_1_311' title='bbox 1772 2178 1981 2231; x_wconf 90' lang='lat' dir='ltr'><strong>sissimo</strong></span> <span class='ocrx_word' id='word_1_312' title='bbox 2027 2176 2326 2245; x_wconf 85' lang='lat' dir='ltr'><strong>conspectui</strong></span> <span class='ocrx_word' id='word_1_313' title='bbox 2371 2184 2550 2229; x_wconf 86' lang='lat' dir='ltr'><strong>vestro</strong></span> <span class='ocrx_word' id='word_1_314' title='bbox 2596 2175 2894 2239; x_wconf 87' lang='lat' dir='ltr'><strong>destinatis,</strong></span> <span class='ocrx_word' id='word_1_315' title='bbox 2935 2176 2980 2249; x_wconf 86' lang='lat' dir='ltr'><strong>si</strong></span> <span class='ocrx_word' id='word_1_316' title='bbox 3019 2180 3306 2249; x_wconf 83' lang='lat' dir='ltr'><strong>secundum</strong></span> 
     </span>
    </p>
   </div>
   <div class='ocr_carea' id='block_1_51' title="bbox 1767 2248 3313 2334">
    <p class='ocr_par' dir='ltr' id='par_1_51' title="bbox 1767 2248 3313 2334">
     <span class='ocr_line' id='line_1_51' title="bbox 1767 2248 3313 2334; baseline -0.001 -16"><span class='ocrx_word' id='word_1_317' title='bbox 1767 2260 2055 2334; x_wconf 73' lang='lat' dir='ltr'><strong>iussionem</strong></span> <span class='ocrx_word' id='word_1_318' title='bbox 2090 2269 2322 2317; x_wconf 86' lang='lat' dir='ltr'><strong>vestram</strong></span> <span class='ocrx_word' id='word_1_319' title='bbox 2377 2262 2597 2317; x_wconf 83' lang='lat' dir='ltr'><strong>fecimus</strong></span> <span class='ocrx_word' id='word_1_320' title='bbox 2635 2270 2725 2315; x_wconf 89' lang='lat' dir='ltr'><strong>aut</strong></span> <span class='ocrx_word' id='word_1_321' title='bbox 2779 2276 2901 2326; x_wconf 90' lang='lat' dir='ltr'><strong>non,</strong></span> <span class='ocrx_word' id='word_1_322' title='bbox 2952 2248 3075 2317; x_wconf 87' lang='lat' dir='ltr'><strong>ecce</strong></span> <span class='ocrx_word' id='word_1_323' title='bbox 3122 2248 3313 2318; x_wconf 86' lang='lat' dir='ltr'><strong>adsunt</strong></span> 
     </span>
    </p>
   </div>
   <div class='ocr_carea' id='block_1_52' title="bbox 1774 2349 3311 2419">
    <p class='ocr_par' dir='ltr' id='par_1_52' title="bbox 1774 2349 3311 2419">
     <span class='ocr_line' id='line_1_52' title="bbox 1774 2349 3311 2419; baseline 0.001 -15"><span class='ocrx_word' id='word_1_324' title='bbox 1774 2352 1827 2404; x_wconf 91' lang='lat' dir='ltr'><strong>in</strong></span> <span class='ocrx_word' id='word_1_325' title='bbox 1870 2357 2154 2417; x_wconf 89' lang='lat' dir='ltr'><strong>conspectu</strong></span> <span class='ocrx_word' id='word_1_326' title='bbox 2181 2349 2361 2419; x_wconf 75' lang='lat' dir='ltr'><strong>gloria:</strong></span> <span class='ocrx_word' id='word_1_327' title='bbox 2385 2356 2595 2412; x_wconf 65' lang='lat' dir='ltr'><strong>vestrae,</strong></span> <span class='ocrx_word' id='word_1_328' title='bbox 2618 2358 2673 2403; x_wconf 89' lang='lat' dir='ltr'><strong>et</strong></span> <span class='ocrx_word' id='word_1_329' title='bbox 2716 2365 2780 2404; x_wconf 87' lang='lat' dir='ltr'><strong>ea</strong></span> <span class='ocrx_word' id='word_1_330' title='bbox 2823 2365 2940 2419; x_wconf 67' lang='lat' dir='ltr'><strong>qua:</strong></span> <span class='ocrx_word' id='word_1_331' title='bbox 2968 2350 3019 2404; x_wconf 91' lang='lat' dir='ltr'><strong>in</strong></span> <span class='ocrx_word' id='word_1_332' title='bbox 3046 2350 3311 2419; x_wconf 87' lang='lat' dir='ltr'><strong>prioribus</strong></span> 
     </span>
    </p>
   </div>
   <div class='ocr_carea' id='block_1_53' title="bbox 1772 2437 3315 2504">
    <p class='ocr_par' dir='ltr' id='par_1_53' title="bbox 1772 2437 3315 2504">
     <span class='ocr_line' id='line_1_53' title="bbox 1772 2437 3315 2504; baseline -0.001 -10"><span class='ocrx_word' id='word_1_333' title='bbox 1772 2440 1945 2495; x_wconf 90' lang='lat' dir='ltr'><strong>minus</strong></span> <span class='ocrx_word' id='word_1_334' title='bbox 1988 2437 2222 2497; x_wconf 85' lang='lat' dir='ltr'><strong>fuerunt,</strong></span> <span class='ocrx_word' id='word_1_335' title='bbox 2252 2444 2303 2490; x_wconf 85' lang='lat' dir='ltr'><strong>et</strong></span> <span class='ocrx_word' id='word_1_336' title='bbox 2333 2450 2496 2504; x_wconf 86' lang='lat' dir='ltr'><strong>quare</strong></span> <span class='ocrx_word' id='word_1_337' title='bbox 2524 2452 2662 2491; x_wconf 90' lang='lat' dir='ltr'><strong>nunc</strong></span> <span class='ocrx_word' id='word_1_338' title='bbox 2690 2450 2751 2489; x_wconf 90' lang='lat' dir='ltr'><strong>ea</strong></span> <span class='ocrx_word' id='word_1_339' title='bbox 2790 2437 3019 2490; x_wconf 85' lang='lat' dir='ltr'><strong>scribere</strong></span> <span class='ocrx_word' id='word_1_340' title='bbox 3049 2444 3102 2491; x_wconf 91' lang='lat' dir='ltr'><strong>et</strong></span> <span class='ocrx_word' id='word_1_341' title='bbox 3142 2445 3315 2492; x_wconf 89' lang='lat' dir='ltr'><strong>trans-</strong></span> 
     </span>
    </p>
   </div>
   <div class='ocr_carea' id='block_1_54' title="bbox 1774 2522 3315 2595">
    <p class='ocr_par' dir='ltr' id='par_1_54' title="bbox 1774 2522 3315 2595">
     <span class='ocr_line' id='line_1_54' title="bbox 1774 2522 3315 2595; baseline -0.001 -14"><span class='ocrx_word' id='word_1_342' title='bbox 1774 2528 1985 2582; x_wconf 89' lang='lat' dir='ltr'><strong>mittere</strong></span> <span class='ocrx_word' id='word_1_343' title='bbox 2007 2526 2143 2590; x_wconf 86' lang='lat' dir='ltr'><strong>ausi,</strong></span> <span class='ocrx_word' id='word_1_344' title='bbox 2174 2526 2279 2579; x_wconf 92' lang='lat' dir='ltr'><strong>imo</strong></span> <span class='ocrx_word' id='word_1_345' title='bbox 2307 2524 2473 2578; x_wconf 86' lang='lat' dir='ltr'><strong>coacti</strong></span> <span class='ocrx_word' id='word_1_346' title='bbox 2498 2538 2695 2578; x_wconf 90' lang='lat' dir='ltr'><strong>sumus.</strong></span> <span class='ocrx_word' id='word_1_347' title='bbox 2720 2522 2868 2590; x_wconf 83' lang='lat' dir='ltr'><strong>Quod</strong></span> <span class='ocrx_word' id='word_1_348' title='bbox 2896 2523 2939 2577; x_wconf 91' lang='lat' dir='ltr'><strong>si</strong></span> <span class='ocrx_word' id='word_1_349' title='bbox 2968 2536 3030 2578; x_wconf 89' lang='lat' dir='ltr'><strong>ea</strong></span> <span class='ocrx_word' id='word_1_350' title='bbox 3059 2522 3315 2595; x_wconf 80' lang='lat' dir='ltr'><strong>aliquate-</strong></span> 
     </span>
    </p>
   </div>
   <div class='ocr_carea' id='block_1_55' title="bbox 1774 2611 3321 2681">
    <p class='ocr_par' dir='ltr' id='par_1_55' title="bbox 1774 2611 3321 2681">
     <span class='ocr_line' id='line_1_55' title="bbox 1774 2611 3321 2681; baseline -0.003 -12"><span class='ocrx_word' id='word_1_351' title='bbox 1774 2626 1874 2669; x_wconf 89' lang='lat' dir='ltr'><strong>nus</strong></span> <span class='ocrx_word' id='word_1_352' title='bbox 1907 2623 2098 2668; x_wconf 66' lang='lat' dir='ltr'><strong>vestra:</strong></span> <span class='ocrx_word' id='word_1_353' title='bbox 2130 2612 2383 2681; x_wconf 79' lang='lat' dir='ltr'><strong>voluntati</strong></span> <span class='ocrx_word' id='word_1_354' title='bbox 2422 2611 2787 2667; x_wconf 88' lang='lat' dir='ltr'><strong>convenientia</strong></span> <span class='ocrx_word' id='word_1_355' title='bbox 2828 2611 3093 2681; x_wconf 89' lang='lat' dir='ltr'><strong>judicatis,</strong></span> <span class='ocrx_word' id='word_1_356' title='bbox 3128 2625 3321 2665; x_wconf 80' lang='lat' dir='ltr'><strong>secun-</strong></span> 
     </span>
    </p>
   </div>
   <div class='ocr_carea' id='block_1_56' title="bbox 1775 2691 3313 2760">
    <p class='ocr_par' dir='ltr' id='par_1_56' title="bbox 1775 2691 3313 2760">
     <span class='ocr_line' id='line_1_56' title="bbox 1775 2691 3313 2760; baseline -0.005 -1"><span class='ocrx_word' id='word_1_357' title='bbox 1775 2706 1897 2760; x_wconf 90' lang='lat' dir='ltr'><strong>dum</strong></span> <span class='ocrx_word' id='word_1_358' title='bbox 1926 2691 2309 2757; x_wconf 80' lang='lat' dir='ltr'><strong>indeﬁcientem</strong></span> <span class='ocrx_word' id='word_1_359' title='bbox 2332 2703 2635 2755; x_wconf 86' lang='lat' dir='ltr'><strong>thesaurum</strong></span> <span class='ocrx_word' id='word_1_360' title='bbox 2664 2701 2917 2755; x_wconf 83' lang='lat' dir='ltr'><strong>bonitatis</strong></span> <span class='ocrx_word' id='word_1_361' title='bbox 2942 2709 3132 2754; x_wconf 75' lang='lat' dir='ltr'><strong>vesti-te</strong></span> <span class='ocrx_word' id='word_1_362' title='bbox 3155 2699 3206 2752; x_wconf 92' lang='lat' dir='ltr'><strong>id</strong></span> <span class='ocrx_word' id='word_1_363' title='bbox 3230 2697 3313 2753; x_wconf 76' lang='lat' dir='ltr'><strong>fa-</strong></span> 
     </span>
    </p>
   </div>
   <div class='ocr_carea' id='block_1_57' title="bbox 1774 2785 3313 2851">
    <p class='ocr_par' dir='ltr' id='par_1_57' title="bbox 1774 2785 3313 2851">
     <span class='ocr_line' id='line_1_57' title="bbox 1774 2785 3313 2851; baseline -0.005 -4"><span class='ocrx_word' id='word_1_364' title='bbox 1774 2792 1912 2846; x_wconf 90' lang='lat' dir='ltr'><strong>citis.</strong></span> <span class='ocrx_word' id='word_1_365' title='bbox 1938 2791 2031 2844; x_wconf 89' lang='lat' dir='ltr'><strong>Sin</strong></span> <span class='ocrx_word' id='word_1_366' title='bbox 2060 2798 2234 2843; x_wconf 89' lang='lat' dir='ltr'><strong>autem</strong></span> <span class='ocrx_word' id='word_1_367' title='bbox 2270 2804 2403 2842; x_wconf 85' lang='lat' dir='ltr'><strong>vana</strong></span> <span class='ocrx_word' id='word_1_368' title='bbox 2447 2797 2499 2841; x_wconf 85' lang='lat' dir='ltr'><strong>et</strong></span> <span class='ocrx_word' id='word_1_369' title='bbox 2537 2788 2710 2841; x_wconf 85' lang='lat' dir='ltr'><strong>minus</strong></span> <span class='ocrx_word' id='word_1_370' title='bbox 2736 2787 2903 2851; x_wconf 84' lang='lat' dir='ltr'><strong>utilia,</strong></span> <span class='ocrx_word' id='word_1_371' title='bbox 2931 2786 3067 2844; x_wconf 87' lang='lat' dir='ltr'><strong>sicut</strong></span> <span class='ocrx_word' id='word_1_372' title='bbox 3095 2785 3313 2842; x_wconf 81' lang='lat' dir='ltr'><strong>forsitan</strong></span> 
     </span>
    </p>
   </div>
   <div class='ocr_carea' id='block_1_58' title="bbox 1775 2875 3317 2957">
    <p class='ocr_par' dir='ltr' id='par_1_58' title="bbox 1775 2875 3317 2957">
     <span class='ocr_line' id='line_1_58' title="bbox 1775 2875 3317 2957; baseline -0.005 -21"><span class='ocrx_word' id='word_1_373' title='bbox 1775 2890 1916 2957; x_wconf 76' lang='lat' dir='ltr'><strong>sunt,</strong></span> <span class='ocrx_word' id='word_1_374' title='bbox 1943 2896 2038 2935; x_wconf 87' lang='lat' dir='ltr'><strong>nos</strong></span> <span class='ocrx_word' id='word_1_375' title='bbox 2056 2882 2296 2934; x_wconf 89' lang='lat' dir='ltr'><strong>novimus</strong></span> <span class='ocrx_word' id='word_1_376' title='bbox 2314 2888 2367 2933; x_wconf 89' lang='lat' dir='ltr'><strong>et</strong></span> <span class='ocrx_word' id='word_1_377' title='bbox 2389 2877 2699 2933; x_wconf 85' lang='lat' dir='ltr'><strong>conﬁtemur</strong></span> <span class='ocrx_word' id='word_1_378' title='bbox 2722 2876 3105 2936; x_wconf 85' lang='lat' dir='ltr'><strong>multitudinem</strong></span> <span class='ocrx_word' id='word_1_379' title='bbox 3128 2875 3180 2929; x_wconf 91' lang='lat' dir='ltr'><strong>id</strong></span> <span class='ocrx_word' id='word_1_380' title='bbox 3199 2888 3317 2944; x_wconf 85' lang='lat' dir='ltr'><strong>pro-</strong></span> 
     </span>
    </p>
   </div>
   <div class='ocr_carea' id='block_1_59' title="bbox 1777 2965 3317 3038">
    <p class='ocr_par' dir='ltr' id='par_1_59' title="bbox 1777 2965 3317 3038">
     <span class='ocr_line' id='line_1_59' title="bbox 1777 2965 3317 3038; baseline -0.005 -14"><span class='ocrx_word' id='word_1_381' title='bbox 1777 2970 1970 3024; x_wconf 89' lang='lat' dir='ltr'><strong>mereri</strong></span> <span class='ocrx_word' id='word_1_382' title='bbox 2000 2970 2274 3038; x_wconf 73' lang='lat' dir='ltr'><strong>imperitize</strong></span> <span class='ocrx_word' id='word_1_383' title='bbox 2302 2977 2515 3030; x_wconf 81' lang='lat' dir='ltr'><strong>nostrae,</strong></span> <span class='ocrx_word' id='word_1_384' title='bbox 2545 2968 2632 3034; x_wconf 89' lang='lat' dir='ltr'><strong>qui</strong></span> <span class='ocrx_word' id='word_1_385' title='bbox 2660 2974 2894 3020; x_wconf 87' lang='lat' dir='ltr'><strong>vestram</strong></span> <span class='ocrx_word' id='word_1_386' title='bbox 2912 2965 3232 3023; x_wconf 84' lang='lat' dir='ltr'><strong>voluntatem</strong></span> <span class='ocrx_word' id='word_1_387' title='bbox 3261 2970 3317 3018; x_wconf 90' lang='lat' dir='ltr'><strong>et</strong></span> 
     </span>
    </p>
   </div>
   <div class='ocr_carea' id='block_1_60' title="bbox 1779 3053 3319 3121">
    <p class='ocr_par' dir='ltr' id='par_1_60' title="bbox 1779 3053 3319 3121">
     <span class='ocr_line' id='line_1_60' title="bbox 1779 3053 3319 3121; baseline -0.003 -11"><span class='ocrx_word' id='word_1_388' title='bbox 1779 3065 2015 3111; x_wconf 87' lang='lat' dir='ltr'><strong>tenorem</strong></span> <span class='ocrx_word' id='word_1_389' title='bbox 2064 3056 2333 3109; x_wconf 89' lang='lat' dir='ltr'><strong>servitutis</strong></span> <span class='ocrx_word' id='word_1_390' title='bbox 2378 3063 2570 3108; x_wconf 83' lang='lat' dir='ltr'><strong>nostra:</strong></span> <span class='ocrx_word' id='word_1_391' title='bbox 2618 3054 2792 3106; x_wconf 91' lang='lat' dir='ltr'><strong>minus</strong></span> <span class='ocrx_word' id='word_1_392' title='bbox 2825 3053 3097 3105; x_wconf 83' lang='lat' dir='ltr'><strong>advertere</strong></span> <span class='ocrx_word' id='word_1_393' title='bbox 3133 3064 3319 3121; x_wconf 81' lang='lat' dir='ltr'><strong>possu-</strong></span> 
     </span>
    </p>
   </div>
   <div class='ocr_carea' id='block_1_61' title="bbox 1780 3136 3315 3210">
    <p class='ocr_par' dir='ltr' id='par_1_61' title="bbox 1780 3136 3315 3210">
     <span class='ocr_line' id='line_1_61' title="bbox 1780 3136 3315 3210; baseline -0.004 -14"><span class='ocrx_word' id='word_1_394' title='bbox 1780 3157 1915 3196; x_wconf 86' lang='lat' dir='ltr'><strong>mus.</strong></span> <span class='ocrx_word' id='word_1_395' title='bbox 1956 3136 2266 3210; x_wconf 83' lang='lat' dir='ltr'><strong>Quanquam</strong></span> <span class='ocrx_word' id='word_1_396' title='bbox 2294 3141 2395 3194; x_wconf 81' lang='lat' dir='ltr'><strong>etsi</strong></span> <span class='ocrx_word' id='word_1_397' title='bbox 2423 3142 2777 3203; x_wconf 67' lang='lat' dir='ltr'><strong>adt&#39;ertamus,</strong></span> <span class='ocrx_word' id='word_1_398' title='bbox 2802 3152 3131 3208; x_wconf 87' lang='lat' dir='ltr'><strong>nequaquam</strong></span> <span class='ocrx_word' id='word_1_399' title='bbox 3160 3137 3315 3193; x_wconf 80' lang='lat' dir='ltr'><strong>sirnul</strong></span> 
     </span>
    </p>
   </div>
   <div class='ocr_carea' id='block_1_62' title="bbox 137 3224 3321 3331">
    <p class='ocr_par' dir='ltr' id='par_1_62' title="bbox 137 3224 3321 3331">
     <span class='ocr_line' id='line_1_62' title="bbox 137 3224 3321 3331; baseline -0.001 -48"><span class='ocrx_word' id='word_1_400' title='bbox 137 3245 279 3299; x_wconf 80' lang='lat' dir='ltr'><strong>quas</strong></span> <span class='ocrx_word' id='word_1_401' title='bbox 306 3243 406 3284; x_wconf 90' lang='lat' dir='ltr'><strong>nos</strong></span> <span class='ocrx_word' id='word_1_402' title='bbox 449 3228 581 3331; x_wconf 64' lang='lat' dir='ltr'><strong>nihil</strong></span> <span class='ocrx_word' id='word_1_403' title='bbox 623 3228 943 3331; x_wconf 58' lang='lat' dir='ltr'><strong>condignum</strong></span> <span class='ocrx_word' id='word_1_404' title='bbox 971 3227 1339 3331; x_wconf 56' lang='lat' dir='ltr'><strong>intelleximus,</strong></span> <span class='ocrx_word' id='word_1_405' title='bbox 1387 3224 1491 3331; x_wconf 60' lang='lat' dir='ltr'><strong>nisi</strong></span> <span class='ocrx_word' id='word_1_406' title='bbox 1536 3226 1679 3331; x_wconf 68' lang='lat' dir='ltr'><strong>quod</strong></span> <span class='ocrx_word' id='word_1_407' title='bbox 1706 3268 1753 3331; x_wconf 73' lang='lat' dir='ltr'>c</span> <span class='ocrx_word' id='word_1_408' title='bbox 1783 3228 1957 3286; x_wconf 89' lang='lat' dir='ltr'><strong>idonei</strong></span> <span class='ocrx_word' id='word_1_409' title='bbox 1982 3228 2047 3282; x_wconf 91' lang='lat' dir='ltr'><strong>ad</strong></span> <span class='ocrx_word' id='word_1_410' title='bbox 2070 3228 2490 3296; x_wconf 77' lang='lat' dir='ltr'><strong>respondendum</strong></span> <span class='ocrx_word' id='word_1_411' title='bbox 2518 3235 2704 3281; x_wconf 70' lang='lat' dir='ltr'><strong>vestrm</strong></span> <span class='ocrx_word' id='word_1_412' title='bbox 2727 3237 2831 3313; x_wconf 86' lang='lat' dir='ltr'><strong>tam</strong></span> <span class='ocrx_word' id='word_1_413' title='bbox 2859 3226 3241 3285; x_wconf 69' lang='lat' dir='ltr'><strong>sublimissima&#39;c</strong></span> <span class='ocrx_word' id='word_1_414' title='bbox 3265 3236 3321 3281; x_wconf 87' lang='lat' dir='ltr'><strong>et</strong></span> 
     </span>
    </p>
   </div>
   <div class='ocr_carea' id='block_1_63' title="bbox 141 3308 1681 3384">
    <p class='ocr_par' dir='ltr' id='par_1_63' title="bbox 141 3308 1681 3384">
     <span class='ocr_line' id='line_1_63' title="bbox 141 3308 1681 3384; baseline -0.003 -15"><span class='ocrx_word' id='word_1_415' title='bbox 141 3330 243 3370; x_wconf 87' lang='lat' dir='ltr'><strong>nec</strong></span> <span class='ocrx_word' id='word_1_416' title='bbox 271 3315 590 3384; x_wconf 87' lang='lat' dir='ltr'><strong>respondere</strong></span> <span class='ocrx_word' id='word_1_417' title='bbox 632 3312 915 3377; x_wconf 76' lang='lat' dir='ltr'><strong>facilitatis,</strong></span> <span class='ocrx_word' id='word_1_418' title='bbox 942 3327 1039 3366; x_wconf 85' lang='lat' dir='ltr'><strong>nec</strong></span> <span class='ocrx_word' id='word_1_419' title='bbox 1065 3311 1394 3367; x_wconf 85' lang='lat' dir='ltr'><strong>dissimulare</strong></span> <span class='ocrx_word' id='word_1_420' title='bbox 1416 3308 1681 3365; x_wconf 78' lang='lat' dir='ltr'><strong>facultatis</strong></span> 
     </span>
    </p>
   </div>
   <div class='ocr_carea' id='block_1_64' title="bbox 139 3398 1679 3470">
    <p class='ocr_par' dir='ltr' id='par_1_64' title="bbox 139 3398 1679 3470">
     <span class='ocr_line' id='line_1_64' title="bbox 139 3398 1679 3470; baseline -0.003 -14"><span class='ocrx_word' id='word_1_421' title='bbox 139 3412 344 3458; x_wconf 59' lang='lat' dir='ltr'><strong>uestrae</strong></span> <span class='ocrx_word' id='word_1_422' title='bbox 375 3416 494 3456; x_wconf 84' lang='lat' dir='ltr'><strong>esse</strong></span> <span class='ocrx_word' id='word_1_423' title='bbox 520 3402 899 3470; x_wconf 79' lang='lat' dir='ltr'><strong>perspeximus.</strong></span> <span class='ocrx_word' id='word_1_424' title='bbox 933 3400 1164 3454; x_wconf 87' lang='lat' dir='ltr'><strong>Tandem</strong></span> <span class='ocrx_word' id='word_1_425' title='bbox 1191 3400 1317 3454; x_wconf 85' lang='lat' dir='ltr'><strong>licet</strong></span> <span class='ocrx_word' id='word_1_426' title='bbox 1340 3398 1406 3454; x_wconf 88' lang='lat' dir='ltr'><strong>ad</strong></span> <span class='ocrx_word' id='word_1_427' title='bbox 1430 3407 1679 3452; x_wconf 89' lang='lat' dir='ltr'><strong>neutrum</strong></span> 
     </span>
    </p>
   </div>
   <div class='ocr_carea' id='block_1_65' title="bbox 137 3474 1682 3558">
    <p class='ocr_par' dir='ltr' id='par_1_65' title="bbox 137 3474 1682 3558">
     <span class='ocr_line' id='line_1_65' title="bbox 137 3474 1682 3558; baseline -0.003 -15"><span class='ocrx_word' id='word_1_428' title='bbox 137 3492 340 3554; x_wconf 62' lang='lat' dir='ltr'><strong>idonei,</strong></span> <span class='ocrx_word' id='word_1_429' title='bbox 366 3490 515 3558; x_wconf 86' lang='lat' dir='ltr'><strong>juxta</strong></span> <span class='ocrx_word' id='word_1_430' title='bbox 540 3487 890 3558; x_wconf 73' lang='lat' dir='ltr'><strong>exiguitatem</strong></span> <span class='ocrx_word' id='word_1_431' title='bbox 934 3478 1107 3542; x_wconf 78' lang='lat' dir='ltr'><strong>tamen</strong></span> <span class='ocrx_word' id='word_1_432' title='bbox 1137 3487 1401 3557; x_wconf 81' lang='lat' dir='ltr'><strong>ingenioli,</strong></span> <span class='ocrx_word' id='word_1_433' title='bbox 1436 3474 1554 3541; x_wconf 79' lang='lat' dir='ltr'><strong>ﬁdei</strong></span> <span class='ocrx_word' id='word_1_434' title='bbox 1587 3500 1682 3539; x_wconf 80' lang='lat' dir='ltr'><strong>no-</strong></span> 
     </span>
    </p>
   </div>
   <div class='ocr_carea' id='block_1_66' title="bbox 136 3570 1679 3645">
    <p class='ocr_par' dir='ltr' id='par_1_66' title="bbox 136 3570 1679 3645">
     <span class='ocr_line' id='line_1_66' title="bbox 136 3570 1679 3645; baseline -0.003 -14"><span class='ocrx_word' id='word_1_435' title='bbox 136 3587 269 3631; x_wconf 76' lang='lat' dir='ltr'><strong>stne</strong></span> <span class='ocrx_word' id='word_1_436' title='bbox 292 3570 546 3632; x_wconf 75' lang='lat' dir='ltr'><strong>rationem</strong></span> <span class='ocrx_word' id='word_1_437' title='bbox 559 3576 879 3631; x_wconf 80' lang='lat' dir='ltr'><strong>conﬁdenter</strong></span> <span class='ocrx_word' id='word_1_438' title='bbox 896 3575 1065 3639; x_wconf 82' lang='lat' dir='ltr'><strong>vobis,</strong></span> <span class='ocrx_word' id='word_1_439' title='bbox 1081 3575 1228 3645; x_wconf 82' lang='lat' dir='ltr'><strong>juxta</strong></span> <span class='ocrx_word' id='word_1_440' title='bbox 1245 3574 1384 3642; x_wconf 87' lang='lat' dir='ltr'><strong>quod</strong></span> <span class='ocrx_word' id='word_1_441' title='bbox 1402 3575 1679 3635; x_wconf 82' lang='lat' dir='ltr'><strong>sentimus,</strong></span> 
     </span>
    </p>
   </div>
   <div class='ocr_carea' id='block_1_67' title="bbox 136 3650 1683 3738">
    <p class='ocr_par' dir='ltr' id='par_1_67' title="bbox 136 3650 1683 3738">
     <span class='ocr_line' id='line_1_67' title="bbox 136 3650 1683 3738; baseline -0.008 -12"><span class='ocrx_word' id='word_1_442' title='bbox 136 3667 530 3738; x_wconf 79' lang='lat' dir='ltr'><strong>patefecimus,</strong></span> <span class='ocrx_word' id='word_1_443' title='bbox 589 3650 993 3735; x_wconf 75' lang='lat' dir='ltr'><strong>prudentissimo</strong></span> <span class='ocrx_word' id='word_1_444' title='bbox 1017 3652 1231 3734; x_wconf 74' lang='lat' dir='ltr'><strong>utique,</strong></span> <span class='ocrx_word' id='word_1_445' title='bbox 1275 3662 1566 3733; x_wconf 88' lang='lat' dir='ltr'><strong>justissimo</strong></span> <span class='ocrx_word' id='word_1_446' title='bbox 1620 3676 1683 3713; x_wconf 84' lang='lat' dir='ltr'><strong>ac</strong></span> 
     </span>
    </p>
   </div>
   <div class='ocr_carea' id='block_1_68' title="bbox 136 3750 1683 3824">
    <p class='ocr_par' dir='ltr' id='par_1_68' title="bbox 136 3750 1683 3824">
     <span class='ocr_line' id='line_1_68' title="bbox 136 3750 1683 3824; baseline -0.003 -15"><span class='ocrx_word' id='word_1_447' title='bbox 136 3756 391 3824; x_wconf 82' lang='lat' dir='ltr'><strong>piissimo</strong></span> <span class='ocrx_word' id='word_1_448' title='bbox 429 3755 686 3808; x_wconf 82' lang='lat' dir='ltr'><strong>dictorum</strong></span> <span class='ocrx_word' id='word_1_449' title='bbox 707 3752 885 3821; x_wconf 83' lang='lat' dir='ltr'><strong>iudici.</strong></span> <span class='ocrx_word' id='word_1_450' title='bbox 912 3754 1020 3808; x_wconf 74' lang='lat' dir='ltr'><strong>Vos</strong></span> <span class='ocrx_word' id='word_1_451' title='bbox 1045 3761 1219 3807; x_wconf 82' lang='lat' dir='ltr'><strong>autem</strong></span> <span class='ocrx_word' id='word_1_452' title='bbox 1254 3760 1503 3807; x_wconf 66' lang='lat' dir='ltr'><strong>consueta</strong></span> <span class='ocrx_word' id='word_1_453' title='bbox 1530 3750 1683 3805; x_wconf 90' lang='lat' dir='ltr'><strong>boni-</strong></span> 
     </span>
    </p>
   </div>
   <div class='ocr_carea' id='block_1_69' title="bbox 139 3838 1683 3909">
    <p class='ocr_par' dir='ltr' id='par_1_69' title="bbox 139 3838 1683 3909">
     <span class='ocr_line' id='line_1_69' title="bbox 139 3838 1683 3909; baseline -0.006 -11"><span class='ocrx_word' id='word_1_454' title='bbox 139 3852 276 3907; x_wconf 85' lang='lat' dir='ltr'><strong>tate,</strong></span> <span class='ocrx_word' id='word_1_455' title='bbox 304 3839 496 3895; x_wconf 90' lang='lat' dir='ltr'><strong>auditis</strong></span> <span class='ocrx_word' id='word_1_456' title='bbox 528 3839 952 3909; x_wconf 86' lang='lat' dir='ltr'><strong>responsionihus</strong></span> <span class='ocrx_word' id='word_1_457' title='bbox 974 3838 1187 3902; x_wconf 85' lang='lat' dir='ltr'><strong>nostris,</strong></span> <span class='ocrx_word' id='word_1_458' title='bbox 1214 3851 1346 3906; x_wconf 89' lang='lat' dir='ltr'><strong>quas</strong></span> <span class='ocrx_word' id='word_1_459' title='bbox 1363 3852 1460 3891; x_wconf 88' lang='lat' dir='ltr'><strong>nos</strong></span> <span class='ocrx_word' id='word_1_460' title='bbox 1488 3838 1683 3904; x_wconf 85' lang='lat' dir='ltr'><strong>absque</strong></span> 
     </span>
    </p>
   </div>
   <div class='ocr_carea' id='block_1_70' title="bbox 140 3921 1683 3999">
    <p class='ocr_par' dir='ltr' id='par_1_70' title="bbox 140 3921 1683 3999">
     <span class='ocr_line' id='line_1_70' title="bbox 140 3921 1683 3999; baseline -0.006 -16"><span class='ocrx_word' id='word_1_461' title='bbox 140 3928 560 3999; x_wconf 85' lang='lat' dir='ltr'><strong>reprehensione</strong></span> <span class='ocrx_word' id='word_1_462' title='bbox 583 3926 764 3994; x_wconf 88' lang='lat' dir='ltr'><strong>utique</strong></span> <span class='ocrx_word' id='word_1_463' title='bbox 789 3926 964 3979; x_wconf 83' lang='lat' dir='ltr'><strong>dicere</strong></span> <span class='ocrx_word' id='word_1_464' title='bbox 984 3939 1089 3978; x_wconf 82' lang='lat' dir='ltr'><strong>non</strong></span> <span class='ocrx_word' id='word_1_465' title='bbox 1116 3925 1397 3993; x_wconf 89' lang='lat' dir='ltr'><strong>potuimus,</strong></span> <span class='ocrx_word' id='word_1_466' title='bbox 1426 3922 1575 3991; x_wconf 83' lang='lat' dir='ltr'><strong>juxta</strong></span> <span class='ocrx_word' id='word_1_467' title='bbox 1598 3921 1683 3974; x_wconf 85' lang='lat' dir='ltr'><strong>be-</strong></span> 
     </span>
    </p>
   </div>
   <div class='ocr_carea' id='block_1_71' title="bbox 136 3997 1681 4086">
    <p class='ocr_par' dir='ltr' id='par_1_71' title="bbox 136 3997 1681 4086">
     <span class='ocr_line' id='line_1_71' title="bbox 136 3997 1681 4086; baseline -0.006 -15"><span class='ocrx_word' id='word_1_468' title='bbox 136 3997 736 4086; x_wconf 70' lang='lat' dir='ltr'><strong>~tignitatem&#39;vcstuam,</strong></span> <span class='ocrx_word' id='word_1_469' title='bbox 765 4028 866 4082; x_wconf 88' lang='lat' dir='ltr'><strong>qua</strong></span> <span class='ocrx_word' id='word_1_470' title='bbox 906 4021 1121 4066; x_wconf 90' lang='lat' dir='ltr'><strong>cunctos</strong></span> <span class='ocrx_word' id='word_1_471' title='bbox 1160 4011 1407 4065; x_wconf 85' lang='lat' dir='ltr'><strong>mortales</strong></span> <span class='ocrx_word' id='word_1_472' title='bbox 1452 4008 1681 4068; x_wconf 86' lang='lat' dir='ltr'><strong>anteitis,</strong></span> 
     </span>
    </p>
   </div>
   <div class='ocr_carea' id='block_1_72' title="bbox 138 4088 1686 4175">
    <p class='ocr_par' dir='ltr' id='par_1_72' title="bbox 138 4088 1686 4175">
     <span class='ocr_line' id='line_1_72' title="bbox 138 4088 1686 4175; baseline -0.009 -15"><span class='ocrx_word' id='word_1_473' title='bbox 138 4113 402 4175; x_wconf 77' lang='lat' dir='ltr'><strong>tanquam</strong></span> <span class='ocrx_word' id='word_1_474' title='bbox 445 4088 594 4156; x_wconf 84' lang='lat' dir='ltr'><strong>vobis</strong></span> <span class='ocrx_word' id='word_1_475' title='bbox 635 4102 858 4169; x_wconf 87' lang='lat' dir='ltr'><strong>placitas</strong></span> <span class='ocrx_word' id='word_1_476' title='bbox 899 4101 1113 4153; x_wconf 89' lang='lat' dir='ltr'><strong>laudare</strong></span> <span class='ocrx_word' id='word_1_477' title='bbox 1149 4099 1347 4167; x_wconf 84' lang='lat' dir='ltr'><strong>dignati</strong></span> <span class='ocrx_word' id='word_1_478' title='bbox 1392 4098 1538 4151; x_wconf 87' lang='lat' dir='ltr'><strong>estis.</strong></span> <span class='ocrx_word' id='word_1_479' title='bbox 1580 4094 1686 4147; x_wconf 80' lang='lat' dir='ltr'><strong>Nec</strong></span> 
     </span>
    </p>
   </div>
   <div class='ocr_carea' id='block_1_73' title="bbox 140 4185 1684 4258">
    <p class='ocr_par' dir='ltr' id='par_1_73' title="bbox 140 4185 1684 4258">
     <span class='ocr_line' id='line_1_73' title="bbox 140 4185 1684 4258; baseline -0.01 -9"><span class='ocrx_word' id='word_1_480' title='bbox 140 4206 328 4249; x_wconf 82' lang='lat' dir='ltr'><strong>tamen</strong></span> <span class='ocrx_word' id='word_1_481' title='bbox 364 4192 501 4246; x_wconf 90' lang='lat' dir='ltr'><strong>inter</strong></span> <span class='ocrx_word' id='word_1_482' title='bbox 530 4192 643 4245; x_wconf 55' lang='lat' dir='ltr'><strong>haec</strong></span> <span class='ocrx_word' id='word_1_483' title='bbox 666 4190 895 4258; x_wconf 83' lang='lat' dir='ltr'><strong>negastis</strong></span> <span class='ocrx_word' id='word_1_484' title='bbox 919 4188 1068 4241; x_wconf 92' lang='lat' dir='ltr'><strong>nobis</strong></span> <span class='ocrx_word' id='word_1_485' title='bbox 1089 4185 1542 4240; x_wconf 81' lang='lat' dir='ltr'><strong>atlluentissimam</strong></span> <span class='ocrx_word' id='word_1_486' title='bbox 1560 4197 1684 4237; x_wconf 84' lang='lat' dir='ltr'><strong>eru-</strong></span> 
     </span>
    </p>
   </div>
   <div class='ocr_carea' id='block_1_74' title="bbox 139 4270 1683 4345">
    <p class='ocr_par' dir='ltr' id='par_1_74' title="bbox 139 4270 1683 4345">
     <span class='ocr_line' id='line_1_74' title="bbox 139 4270 1683 4345; baseline -0.008 -9"><span class='ocrx_word' id='word_1_487' title='bbox 139 4285 405 4336; x_wconf 85' lang='lat' dir='ltr'><strong>ditionem</strong></span> <span class='ocrx_word' id='word_1_488' title='bbox 424 4287 674 4340; x_wconf 86' lang='lat' dir='ltr'><strong>vestram,</strong></span> <span class='ocrx_word' id='word_1_489' title='bbox 703 4274 1319 4345; x_wconf 87' lang='lat' dir='ltr'><strong>quominusjudiearetis,</strong></span> <span class='ocrx_word' id='word_1_490' title='bbox 1344 4274 1482 4341; x_wconf 88' lang='lat' dir='ltr'><strong>quod</strong></span> <span class='ocrx_word' id='word_1_491' title='bbox 1500 4272 1553 4325; x_wconf 91' lang='lat' dir='ltr'><strong>in</strong></span> <span class='ocrx_word' id='word_1_492' title='bbox 1580 4270 1683 4333; x_wconf 91' lang='lat' dir='ltr'><strong>his,</strong></span> 
     </span>
    </p>
   </div>
   <div class='ocr_carea' id='block_1_75' title="bbox 136 4358 1686 4438">
    <p class='ocr_par' dir='ltr' id='par_1_75' title="bbox 136 4358 1686 4438">
     <span class='ocr_line' id='line_1_75' title="bbox 136 4358 1686 4438; baseline -0.01 -14"><span class='ocrx_word' id='word_1_493' title='bbox 136 4372 207 4424; x_wconf 85' lang='lat' dir='ltr'><strong>ad</strong></span> <span class='ocrx_word' id='word_1_494' title='bbox 242 4384 369 4438; x_wconf 67' lang='lat' dir='ltr'><strong>quae</strong></span> <span class='ocrx_word' id='word_1_495' title='bbox 408 4382 500 4420; x_wconf 89' lang='lat' dir='ltr'><strong>vos</strong></span> <span class='ocrx_word' id='word_1_496' title='bbox 527 4366 728 4420; x_wconf 88' lang='lat' dir='ltr'><strong>avidius</strong></span> <span class='ocrx_word' id='word_1_497' title='bbox 757 4363 1013 4418; x_wconf 88' lang='lat' dir='ltr'><strong>audienda</strong></span> <span class='ocrx_word' id='word_1_498' title='bbox 1047 4361 1335 4430; x_wconf 89' lang='lat' dir='ltr'><strong>parabatis,</strong></span> <span class='ocrx_word' id='word_1_499' title='bbox 1378 4366 1557 4412; x_wconf 86' lang='lat' dir='ltr'><strong>nostra</strong></span> <span class='ocrx_word' id='word_1_500' title='bbox 1586 4358 1686 4409; x_wconf 60' lang='lat' dir='ltr'><strong>im.</strong></span> 
     </span>
    </p>
   </div>
   <div class='ocr_carea' id='block_1_76' title="bbox 135 4447 1687 4528">
    <p class='ocr_par' dir='ltr' id='par_1_76' title="bbox 135 4447 1687 4528">
     <span class='ocr_line' id='line_1_76' title="bbox 135 4447 1687 4528; baseline -0.01 -15"><span class='ocrx_word' id='word_1_501' title='bbox 135 4457 339 4528; x_wconf 88' lang='lat' dir='ltr'><strong>peritia</strong></span> <span class='ocrx_word' id='word_1_502' title='bbox 375 4454 596 4507; x_wconf 87' lang='lat' dir='ltr'><strong>minime</strong></span> <span class='ocrx_word' id='word_1_503' title='bbox 631 4450 963 4505; x_wconf 77' lang='lat' dir='ltr'><strong>satisfecerit.</strong></span> <span class='ocrx_word' id='word_1_504' title='bbox 1004 4451 1152 4502; x_wconf 85' lang='lat' dir='ltr'><strong>Tunc</strong></span> <span class='ocrx_word' id='word_1_505' title='bbox 1194 4447 1404 4501; x_wconf 88' lang='lat' dir='ltr'><strong>demum</strong></span> <span class='ocrx_word' id='word_1_506' title='bbox 1447 4454 1550 4499; x_wconf 90' lang='lat' dir='ltr'><strong>non</strong></span> <span class='ocrx_word' id='word_1_507' title='bbox 1581 4454 1687 4498; x_wconf 85' lang='lat' dir='ltr'><strong>tam</strong></span> 
     </span>
    </p>
   </div>
   <div class='ocr_carea' id='block_1_77' title="bbox 1783 3308 3319 3385">
    <p class='ocr_par' dir='ltr' id='par_1_77' title="bbox 1783 3308 3319 3385">
     <span class='ocr_line' id='line_1_77' title="bbox 1783 3308 3319 3385; baseline -0.001 -12"><span class='ocrx_word' id='word_1_508' title='bbox 1783 3318 2081 3374; x_wconf 90' lang='lat' dir='ltr'><strong>inimitabili</strong></span> <span class='ocrx_word' id='word_1_509' title='bbox 2107 3313 2513 3385; x_wconf 83' lang='lat' dir='ltr'><strong>investigationi,</strong></span> <span class='ocrx_word' id='word_1_510' title='bbox 2545 3328 2717 3374; x_wconf 89' lang='lat' dir='ltr'><strong>tamen</strong></span> <span class='ocrx_word' id='word_1_511' title='bbox 2740 3308 2973 3383; x_wconf 87' lang='lat' dir='ltr'><strong>oramus,</strong></span> <span class='ocrx_word' id='word_1_512' title='bbox 3002 3327 3062 3373; x_wconf 91' lang='lat' dir='ltr'><strong>ut</strong></span> <span class='ocrx_word' id='word_1_513' title='bbox 3084 3334 3178 3378; x_wconf 85' lang='lat' dir='ltr'><strong>vos</strong></span> <span class='ocrx_word' id='word_1_514' title='bbox 3212 3332 3319 3374; x_wconf 84' lang='lat' dir='ltr'><strong>non</strong></span> 
     </span>
    </p>
   </div>
   <div class='ocr_carea' id='block_1_78' title="bbox 1780 3406 3320 3476">
    <p class='ocr_par' dir='ltr' id='par_1_78' title="bbox 1780 3406 3320 3476">
     <span class='ocr_line' id='line_1_78' title="bbox 1780 3406 3320 3476; baseline 0.002 -16"><span class='ocrx_word' id='word_1_515' title='bbox 1780 3406 1963 3469; x_wconf 87' lang='lat' dir='ltr'><strong>lateat,</strong></span> <span class='ocrx_word' id='word_1_516' title='bbox 1994 3422 2111 3476; x_wconf 67' lang='lat' dir='ltr'><strong>quae</strong></span> <span class='ocrx_word' id='word_1_517' title='bbox 2149 3421 2244 3461; x_wconf 91' lang='lat' dir='ltr'><strong>nos</strong></span> <span class='ocrx_word' id='word_1_518' title='bbox 2269 3422 2427 3460; x_wconf 86' lang='lat' dir='ltr'><strong>causa</strong></span> <span class='ocrx_word' id='word_1_519' title='bbox 2456 3407 2765 3474; x_wconf 86' lang='lat' dir='ltr'><strong>compulerit</strong></span> <span class='ocrx_word' id='word_1_520' title='bbox 2792 3408 2855 3461; x_wconf 88' lang='lat' dir='ltr'><strong>ad</strong></span> <span class='ocrx_word' id='word_1_521' title='bbox 2880 3406 3215 3465; x_wconf 84' lang='lat' dir='ltr'><strong>scribendum</strong></span> <span class='ocrx_word' id='word_1_522' title='bbox 3250 3408 3320 3463; x_wconf 84' lang='lat' dir='ltr'><strong>de</strong></span> 
     </span>
    </p>
   </div>
   <div class='ocr_carea' id='block_1_79' title="bbox 1780 3482 3320 3565">
    <p class='ocr_par' dir='ltr' id='par_1_79' title="bbox 1780 3482 3320 3565">
     <span class='ocr_line' id='line_1_79' title="bbox 1780 3482 3320 3565; baseline -0.001 -13"><span class='ocrx_word' id='word_1_523' title='bbox 1780 3498 1867 3552; x_wconf 83' lang='lat' dir='ltr'><strong>his</strong></span> <span class='ocrx_word' id='word_1_524' title='bbox 1888 3504 2212 3565; x_wconf 46' lang='grc' dir='ltr'><strong>φωραθείη</strong></span> <span class='ocrx_word' id='word_1_525' title='bbox 2229 3511 2325 3549; x_wconf 85' lang='lat' dir='ltr'><strong>nos</strong></span> <span class='ocrx_word' id='word_1_526' title='bbox 2351 3496 2624 3549; x_wconf 83' lang='lat' dir='ltr'><strong>clementia</strong></span> <span class='ocrx_word' id='word_1_527' title='bbox 2647 3503 2703 3549; x_wconf 85' lang='lat' dir='ltr'><strong>et</strong></span> <span class='ocrx_word' id='word_1_528' title='bbox 2726 3482 2945 3564; x_wconf 72' lang='lat' dir='ltr'><strong>paterna</strong></span> <span class='ocrx_word' id='word_1_529' title='bbox 2971 3493 3320 3552; x_wconf 72' lang='lat' dir='ltr'><strong>sollicitudine</strong></span> 
     </span>
    </p>
   </div>
   <div class='ocr_carea' id='block_1_80' title="bbox 1782 3570 3320 3659">
    <p class='ocr_par' dir='ltr' id='par_1_80' title="bbox 1782 3570 3320 3659">
     <span class='ocr_line' id='line_1_80' title="bbox 1782 3570 3320 3659; baseline -0.003 -18"><span class='ocrx_word' id='word_1_530' title='bbox 1782 3589 2117 3647; x_wconf 78' lang='lat' dir='ltr'><strong>admonente,</strong></span> <span class='ocrx_word' id='word_1_531' title='bbox 2154 3584 2490 3652; x_wconf 81' lang='lat' dir='ltr'><strong>cognovimus</strong></span> <span class='ocrx_word' id='word_1_532' title='bbox 2537 3584 2710 3638; x_wconf 84' lang='lat' dir='ltr'><strong>minus</strong></span> <span class='ocrx_word' id='word_1_533' title='bbox 2754 3570 2916 3640; x_wconf 81' lang='lat' dir='ltr'><strong>fuisse</strong></span> <span class='ocrx_word' id='word_1_534' title='bbox 2960 3584 3013 3637; x_wconf 92' lang='lat' dir='ltr'><strong>in</strong></span> <span class='ocrx_word' id='word_1_535' title='bbox 3041 3583 3320 3659; x_wconf 79' lang='lat' dir='ltr'><strong>prioribus</strong></span> 
     </span>
    </p>
   </div>
   <div class='ocr_carea' id='block_1_81' title="bbox 1783 3673 2362 3746">
    <p class='ocr_par' dir='ltr' id='par_1_81' title="bbox 1783 3673 2362 3746">
     <span class='ocr_line' id='line_1_81' title="bbox 1783 3673 2362 3746; baseline -0.007 -17"><span class='ocrx_word' id='word_1_536' title='bbox 1783 3676 1888 3730; x_wconf 89' lang='lat' dir='ltr'><strong>illis</strong></span> <span class='ocrx_word' id='word_1_537' title='bbox 1917 3673 2362 3746; x_wconf 89' lang='lat' dir='ltr'><strong>responsionibus.</strong></span> 
     </span>
    </p>
   </div>
   <div class='ocr_carea' id='block_1_82' title="bbox 1849 3752 3317 3839">
    <p class='ocr_par' dir='ltr' id='par_1_82' title="bbox 1849 3752 3317 3839">
     <span class='ocr_line' id='line_1_82' title="bbox 1849 3752 3317 3839; baseline -0.004 -21"><span class='ocrx_word' id='word_1_538' title='bbox 1849 3764 1932 3818; x_wconf 92' lang='lat' dir='ltr'><strong>III.</strong></span> <span class='ocrx_word' id='word_1_539' title='bbox 1961 3764 2211 3829; x_wconf 85' lang='lat' dir='ltr'><strong>Dominus</strong></span> <span class='ocrx_word' id='word_1_540' title='bbox 2228 3774 2407 3818; x_wconf 87' lang='lat' dir='ltr'><strong>noster</strong></span> <span class='ocrx_word' id='word_1_541' title='bbox 2438 3762 2589 3816; x_wconf 83' lang='lat' dir='ltr'><strong>Jesus</strong></span> <span class='ocrx_word' id='word_1_542' title='bbox 2625 3752 2884 3824; x_wconf 75' lang='lat' dir='ltr'><strong>Christus,</strong></span> <span class='ocrx_word' id='word_1_543' title='bbox 2918 3757 3317 3839; x_wconf 64' lang='lat' dir='ltr'><strong>cujus’egressio</strong></span> 
     </span>
    </p>
   </div>
   <div class='ocr_carea' id='block_1_83' title="bbox 1783 3846 3320 3921">
    <p class='ocr_par' dir='ltr' id='par_1_83' title="bbox 1783 3846 3320 3921">
     <span class='ocr_line' id='line_1_83' title="bbox 1783 3846 3320 3921; baseline -0.003 -15"><span class='ocrx_word' id='word_1_544' title='bbox 1783 3871 1813 3906; x_wconf 81' lang='grc' dir='ltr'><em>α</em></span> <span class='ocrx_word' id='word_1_545' title='bbox 1848 3846 2046 3905; x_wconf 79' lang='lat' dir='ltr'><strong>summo</strong></span> <span class='ocrx_word' id='word_1_546' title='bbox 2080 3852 2210 3915; x_wconf 66' lang='lat' dir='ltr'><strong>coeli,</strong></span> <span class='ocrx_word' id='word_1_547' title='bbox 2239 3860 2515 3921; x_wconf 81' lang='lat' dir='ltr'><strong>postquam</strong></span> <span class='ocrx_word' id='word_1_548' title='bbox 2539 3849 2777 3919; x_wconf 76' lang='lat' dir='ltr'><strong>processit</strong></span> <span class='ocrx_word' id='word_1_549' title='bbox 2821 3857 3062 3919; x_wconf 79' lang='lat' dir='ltr'><strong>tanquam</strong></span> <span class='ocrx_word' id='word_1_550' title='bbox 3104 3863 3320 3917; x_wconf 74' lang='lat' dir='ltr'><strong>sponsus</strong></span> 
     </span>
    </p>
   </div>
   <div class='ocr_carea' id='block_1_84' title="bbox 1783 3932 3319 4007">
    <p class='ocr_par' dir='ltr' id='par_1_84' title="bbox 1783 3932 3319 4007">
     <span class='ocr_line' id='line_1_84' title="bbox 1783 3932 3319 4007; baseline -0.005 -14"><span class='ocrx_word' id='word_1_551' title='bbox 1783 3941 1845 3993; x_wconf 78' lang='lat' dir='ltr'><strong>de</strong></span> <span class='ocrx_word' id='word_1_552' title='bbox 1872 3940 2095 3993; x_wconf 81' lang='lat' dir='ltr'><strong>thalamo</strong></span> <span class='ocrx_word' id='word_1_553' title='bbox 2119 3957 2212 3993; x_wconf 88' lang='lat' dir='ltr'><strong>suo</strong></span> <span class='ocrx_word' id='word_1_554' title='bbox 2230 3980 2245 4001; x_wconf 86' lang='lat'><strong>,</strong></span> <span class='ocrx_word' id='word_1_555' title='bbox 2274 3939 2550 4007; x_wconf 86' lang='lat' dir='ltr'><strong>insignitus</strong></span> <span class='ocrx_word' id='word_1_556' title='bbox 2599 3937 2893 3991; x_wconf 83' lang='lat' dir='ltr'><strong>humilitate</strong></span> <span class='ocrx_word' id='word_1_557' title='bbox 2921 3942 2975 3989; x_wconf 88' lang='lat' dir='ltr'><strong>et</strong></span> <span class='ocrx_word' id='word_1_558' title='bbox 3012 3932 3319 3988; x_wconf 80' lang='lat' dir='ltr'><strong>inﬁmitate</strong></span> 
     </span>
    </p>
   </div>
   <div class='ocr_carea' id='block_1_85' title="bbox 1785 4010 3320 4094">
    <p class='ocr_par' dir='ltr' id='par_1_85' title="bbox 1785 4010 3320 4094">
     <span class='ocr_line' id='line_1_85' title="bbox 1785 4010 3320 4094; baseline -0.007 -12"><span class='ocrx_word' id='word_1_559' title='bbox 1785 4028 2090 4082; x_wconf 65' lang='lat' dir='ltr'><strong>substantiae</strong></span> <span class='ocrx_word' id='word_1_560' title='bbox 2120 4035 2341 4089; x_wconf 81' lang='lat' dir='ltr'><strong>nostrae,</strong></span> <span class='ocrx_word' id='word_1_561' title='bbox 2375 4025 2567 4079; x_wconf 87' lang='lat' dir='ltr'><strong>bellum</strong></span> <span class='ocrx_word' id='word_1_562' title='bbox 2592 4032 2835 4094; x_wconf 57' lang='lat' dir='ltr'><strong>gesuus</strong></span> <span class='ocrx_word' id='word_1_563' title='bbox 2872 4023 3148 4077; x_wconf 84' lang='lat' dir='ltr'><strong>adversum</strong></span> <span class='ocrx_word' id='word_1_564' title='bbox 3173 4010 3320 4087; x_wconf 82' lang='lat' dir='ltr'><strong>prin-</strong></span> 
     </span>
    </p>
   </div>
   <div class='ocr_carea' id='block_1_86' title="bbox 1784 4101 3317 4183">
    <p class='ocr_par' dir='ltr' id='par_1_86' title="bbox 1784 4101 3317 4183">
     <span class='ocr_line' id='line_1_86' title="bbox 1784 4101 3317 4183; baseline -0.007 -16"><span class='ocrx_word' id='word_1_565' title='bbox 1784 4114 1971 4183; x_wconf 61' lang='lat' dir='ltr'><strong>cipem&#39;</strong></span> <span class='ocrx_word' id='word_1_566' title='bbox 2000 4113 2155 4179; x_wconf 84' lang='lat' dir='ltr'><strong>hujus</strong></span> <span class='ocrx_word' id='word_1_567' title='bbox 2208 4111 2415 4172; x_wconf 90' lang='lat' dir='ltr'><strong>mundi,</strong></span> <span class='ocrx_word' id='word_1_568' title='bbox 2454 4124 2515 4162; x_wconf 92' lang='lat' dir='ltr'><strong>ac</strong></span> <span class='ocrx_word' id='word_1_569' title='bbox 2551 4108 2800 4162; x_wconf 89' lang='lat' dir='ltr'><strong>mundum</strong></span> <span class='ocrx_word' id='word_1_570' title='bbox 2829 4104 3180 4161; x_wconf 82' lang='lat' dir='ltr'><strong>debellaturus</strong></span> <span class='ocrx_word' id='word_1_571' title='bbox 3213 4101 3317 4157; x_wconf 84' lang='lat' dir='ltr'><strong>Do-</strong></span> 
     </span>
    </p>
   </div>
   <div class='ocr_carea' id='block_1_87' title="bbox 1784 4190 3321 4267">
    <p class='ocr_par' dir='ltr' id='par_1_87' title="bbox 1784 4190 3321 4267">
     <span class='ocr_line' id='line_1_87' title="bbox 1784 4190 3321 4267; baseline -0.006 -15"><span class='ocrx_word' id='word_1_572' title='bbox 1784 4201 1951 4253; x_wconf 83' lang='lat' dir='ltr'><strong>minus</strong></span> <span class='ocrx_word' id='word_1_573' title='bbox 1980 4198 2127 4267; x_wconf 80' lang='lat' dir='ltr'><strong>fortis</strong></span> <span class='ocrx_word' id='word_1_574' title='bbox 2166 4205 2214 4250; x_wconf 82' lang='lat' dir='ltr'><strong>et</strong></span> <span class='ocrx_word' id='word_1_575' title='bbox 2235 4206 2429 4265; x_wconf 74' lang='lat' dir='ltr'><strong>potens,</strong></span> <span class='ocrx_word' id='word_1_576' title='bbox 2453 4195 2700 4249; x_wconf 79' lang='lat' dir='ltr'><strong>Dominus</strong></span> <span class='ocrx_word' id='word_1_577' title='bbox 2727 4204 2903 4264; x_wconf 81' lang='lat' dir='ltr'><strong>potens</strong></span> <span class='ocrx_word' id='word_1_578' title='bbox 2928 4194 2980 4246; x_wconf 85' lang='lat' dir='ltr'><strong>in</strong></span> <span class='ocrx_word' id='word_1_579' title='bbox 3017 4192 3195 4261; x_wconf 67' lang='lat' dir='ltr'><strong>pro-lio</strong></span> <span class='ocrx_word' id='word_1_580' title='bbox 3237 4190 3321 4243; x_wconf 84' lang='lat' dir='ltr'><strong>fu-</strong></span> 
     </span>
    </p>
   </div>
   <div class='ocr_carea' id='block_1_88' title="bbox 1785 4279 3321 4351">
    <p class='ocr_par' dir='ltr' id='par_1_88' title="bbox 1785 4279 3321 4351">
     <span class='ocr_line' id='line_1_88' title="bbox 1785 4279 3321 4351; baseline -0.005 -11"><span class='ocrx_word' id='word_1_581' title='bbox 1785 4290 1917 4342; x_wconf 84' lang='lat' dir='ltr'><strong>turis</strong></span> <span class='ocrx_word' id='word_1_582' title='bbox 1943 4286 2195 4341; x_wconf 86' lang='lat' dir='ltr'><strong>militibus</strong></span> <span class='ocrx_word' id='word_1_583' title='bbox 2222 4285 2349 4349; x_wconf 90' lang='lat' dir='ltr'><strong>suis,</strong></span> <span class='ocrx_word' id='word_1_584' title='bbox 2379 4283 2698 4351; x_wconf 80' lang='lat' dir='ltr'><strong>fugientibus</strong></span> <span class='ocrx_word' id='word_1_585' title='bbox 2737 4281 2919 4335; x_wconf 82' lang='lat' dir='ltr'><strong>mundi</strong></span> <span class='ocrx_word' id='word_1_586' title='bbox 2961 4295 3022 4333; x_wconf 90' lang='lat' dir='ltr'><strong>ac</strong></span> <span class='ocrx_word' id='word_1_587' title='bbox 3066 4279 3321 4351; x_wconf 78' lang='lat' dir='ltr'><strong>principis</strong></span> 
     </span>
    </p>
   </div>
   <div class='ocr_carea' id='block_1_89' title="bbox 1784 4366 3320 4442">
    <p class='ocr_par' dir='ltr' id='par_1_89' title="bbox 1784 4366 3320 4442">
     <span class='ocr_line' id='line_1_89' title="bbox 1784 4366 3320 4442; baseline -0.007 -14"><span class='ocrx_word' id='word_1_588' title='bbox 1784 4374 1898 4442; x_wconf 86' lang='lat' dir='ltr'><strong>ejus</strong></span> <span class='ocrx_word' id='word_1_589' title='bbox 1943 4375 2303 4435; x_wconf 87' lang='lat' dir='ltr'><strong>dominatum,</strong></span> <span class='ocrx_word' id='word_1_590' title='bbox 2360 4371 2508 4423; x_wconf 86' lang='lat' dir='ltr'><strong>initia</strong></span> <span class='ocrx_word' id='word_1_591' title='bbox 2562 4369 2821 4440; x_wconf 88' lang='lat' dir='ltr'><strong>pactionis</strong></span> <span class='ocrx_word' id='word_1_592' title='bbox 2868 4376 2923 4423; x_wconf 92' lang='lat' dir='ltr'><strong>et</strong></span> <span class='ocrx_word' id='word_1_593' title='bbox 2970 4366 3320 4436; x_wconf 80' lang='lat' dir='ltr'><strong>expeditionis</strong></span> 
     </span>
    </p>
   </div>
   <div class='ocr_carea' id='block_1_90' title="bbox 1784 4454 3320 4532">
    <p class='ocr_par' dir='ltr' id='par_1_90' title="bbox 1784 4454 3320 4532">
     <span class='ocr_line' id='line_1_90' title="bbox 1784 4454 3320 4532; baseline -0.007 -17"><span class='ocrx_word' id='word_1_594' title='bbox 1784 4475 2069 4530; x_wconf 81' lang='lat' dir='ltr'><strong>exponens,</strong></span> <span class='ocrx_word' id='word_1_595' title='bbox 2096 4460 2202 4512; x_wconf 92' lang='lat' dir='ltr'><strong>imo</strong></span> <span class='ocrx_word' id='word_1_596' title='bbox 2237 4472 2534 4532; x_wconf 83' lang='lat' dir='ltr'><strong>proponens</strong></span> <span class='ocrx_word' id='word_1_597' title='bbox 2559 4458 2631 4510; x_wconf 88' lang='lat' dir='ltr'><strong>ait</strong></span> <span class='ocrx_word' id='word_1_598' title='bbox 2660 4473 2673 4510; x_wconf 89' lang='lat'><strong>:</strong></span> <span class='ocrx_word' id='word_1_599' title='bbox 2698 4456 2801 4520; x_wconf 75' lang='lat' dir='ltr'><strong>Qui</strong></span> <span class='ocrx_word' id='word_1_600' title='bbox 2826 4469 2927 4509; x_wconf 78' lang='lat' dir='ltr'><strong>non</strong></span> <span class='ocrx_word' id='word_1_601' title='bbox 2955 4454 3320 4506; x_wconf 75' lang='lat' dir='ltr'><strong>renuntiaverit</strong></span> 
     </span>
    </p>
   </div>
   <div class='ocr_carea' id='block_1_91' title="bbox 137 4536 1686 4632">
    <p class='ocr_par' dir='ltr' id='par_1_91' title="bbox 137 4536 1686 4615">
     <span class='ocr_line' id='line_1_91' title="bbox 137 4536 1686 4615; baseline -0.009 -15"><span class='ocrx_word' id='word_1_602' title='bbox 137 4541 415 4615; x_wconf 86' lang='lat' dir='ltr'><strong>imperiali</strong></span> <span class='ocrx_word' id='word_1_603' title='bbox 444 4556 602 4609; x_wconf 86' lang='lat' dir='ltr'><strong>quam</strong></span> <span class='ocrx_word' id='word_1_604' title='bbox 633 4548 846 4608; x_wconf 90' lang='lat' dir='ltr'><strong>paterna</strong></span> <span class='ocrx_word' id='word_1_605' title='bbox 870 4537 1224 4591; x_wconf 88' lang='lat' dir='ltr'><strong>admonitione</strong></span> <span class='ocrx_word' id='word_1_606' title='bbox 1249 4536 1574 4612; x_wconf 78' lang='lat' dir='ltr'><strong>innotescere</strong></span> <span class='ocrx_word' id='word_1_607' title='bbox 1594 4549 1686 4587; x_wconf 90' lang='lat' dir='ltr'><strong>no-</strong></span> 
     </span>
    </p>
   </div>
   <div class='ocr_carea' id='block_1_92' title="bbox 1772 4536 3325 4632">
    <p class='ocr_par' dir='ltr' id='par_1_92' title="bbox 1788 4539 3325 4617">
     <span class='ocr_line' id='line_1_92' title="bbox 1788 4539 3325 4617; baseline -0.007 -16"><span class='ocrx_word' id='word_1_608' title='bbox 1788 4549 2019 4601; x_wconf 84' lang='lat' dir='ltr'><strong>omnibus</strong></span> <span class='ocrx_word' id='word_1_609' title='bbox 2044 4563 2158 4617; x_wconf 70' lang='lat' dir='ltr'><strong>qum</strong></span> <span class='ocrx_word' id='word_1_610' title='bbox 2194 4546 2436 4616; x_wconf 82' lang='lat' dir='ltr'><strong>possidet,</strong></span> <span class='ocrx_word' id='word_1_611' title='bbox 2477 4561 2576 4597; x_wconf 80' lang='lat' dir='ltr'><strong>non</strong></span> <span class='ocrx_word' id='word_1_612' title='bbox 2598 4552 2757 4613; x_wconf 78' lang='lat' dir='ltr'><strong>potest</strong></span> <span class='ocrx_word' id='word_1_613' title='bbox 2791 4557 2898 4595; x_wconf 80' lang='lat' dir='ltr'><strong>esse</strong></span> <span class='ocrx_word' id='word_1_614' title='bbox 2930 4556 3071 4594; x_wconf 74' lang='lat' dir='ltr'><strong>meus</strong></span> <span class='ocrx_word' id='word_1_615' title='bbox 3098 4539 3325 4606; x_wconf 78' lang='lat' dir='ltr'><strong>discipu-</strong></span> 
     </span>
    </p>
   </div>
   <div class='ocr_carea' id='block_1_93' title="bbox 138 4622 1684 4700">
    <p class='ocr_par' dir='ltr' id='par_1_93' title="bbox 138 4622 1684 4700">
     <span class='ocr_line' id='line_1_93' title="bbox 138 4622 1684 4700; baseline -0.009 -14"><span class='ocrx_word' id='word_1_616' title='bbox 138 4634 225 4687; x_wconf 92' lang='lat' dir='ltr'><strong>bis</strong></span> <span class='ocrx_word' id='word_1_617' title='bbox 249 4629 460 4700; x_wconf 87' lang='lat' dir='ltr'><strong>dignati</strong></span> <span class='ocrx_word' id='word_1_618' title='bbox 485 4628 632 4690; x_wconf 84' lang='lat' dir='ltr'><strong>estis,</strong></span> <span class='ocrx_word' id='word_1_619' title='bbox 662 4628 835 4681; x_wconf 88' lang='lat' dir='ltr'><strong>minus</strong></span> <span class='ocrx_word' id='word_1_620' title='bbox 863 4640 958 4679; x_wconf 88' lang='lat' dir='ltr'><strong>nos</strong></span> <span class='ocrx_word' id='word_1_621' title='bbox 999 4625 1194 4680; x_wconf 78' lang='lat' dir='ltr'><strong>dixisse</strong></span> <span class='ocrx_word' id='word_1_622' title='bbox 1234 4626 1299 4689; x_wconf 86' lang='lat' dir='ltr'><strong>de</strong></span> <span class='ocrx_word' id='word_1_623' title='bbox 1347 4622 1684 4676; x_wconf 88' lang='lat' dir='ltr'><strong>abrenuntia-</strong></span> 
     </span>
    </p>
   </div>
   <div class='ocr_carea' id='block_1_94' title="bbox 135 4712 1688 4781">
    <p class='ocr_par' dir='ltr' id='par_1_94' title="bbox 135 4712 1688 4781">
     <span class='ocr_line' id='line_1_94' title="bbox 135 4712 1688 4781; baseline -0.008 -8"><span class='ocrx_word' id='word_1_624' title='bbox 135 4721 289 4773; x_wconf 86' lang='lat' dir='ltr'><strong>tione</strong></span> <span class='ocrx_word' id='word_1_625' title='bbox 320 4715 549 4777; x_wconf 72' lang='lat' dir='ltr'><strong>diaboli,</strong></span> <span class='ocrx_word' id='word_1_626' title='bbox 587 4722 642 4768; x_wconf 92' lang='lat' dir='ltr'><strong>et</strong></span> <span class='ocrx_word' id='word_1_627' title='bbox 665 4729 845 4767; x_wconf 90' lang='lat' dir='ltr'><strong>earum</strong></span> <span class='ocrx_word' id='word_1_628' title='bbox 871 4728 989 4781; x_wconf 74' lang='lat' dir='ltr'><strong>qua:</strong></span> <span class='ocrx_word' id='word_1_629' title='bbox 1018 4712 1133 4778; x_wconf 87' lang='lat' dir='ltr'><strong>ejus</strong></span> <span class='ocrx_word' id='word_1_630' title='bbox 1158 4718 1276 4763; x_wconf 89' lang='lat' dir='ltr'><strong>sunt</strong></span> <span class='ocrx_word' id='word_1_631' title='bbox 1305 4723 1500 4771; x_wconf 86' lang='lat' dir='ltr'><strong>rerum,</strong></span> <span class='ocrx_word' id='word_1_632' title='bbox 1530 4722 1688 4775; x_wconf 88' lang='lat' dir='ltr'><strong>quam</strong></span> 
     </span>
    </p>
   </div>
   <div class='ocr_carea' id='block_1_95' title="bbox 135 4795 1693 4869">
    <p class='ocr_par' dir='ltr' id='par_1_95' title="bbox 135 4795 1693 4869">
     <span class='ocr_line' id='line_1_95' title="bbox 135 4795 1693 4869; baseline -0.008 -11"><span class='ocrx_word' id='word_1_633' title='bbox 135 4814 325 4860; x_wconf 83' lang='lat' dir='ltr'><strong>vestra</strong></span> <span class='ocrx_word' id='word_1_634' title='bbox 359 4803 529 4869; x_wconf 84' lang='lat' dir='ltr'><strong>pietas</strong></span> <span class='ocrx_word' id='word_1_635' title='bbox 567 4801 802 4867; x_wconf 77' lang='lat' dir='ltr'><strong>optabat.</strong></span> <span class='ocrx_word' id='word_1_636' title='bbox 843 4798 1193 4852; x_wconf 81' lang='lat' dir='ltr'><strong>Intelleximus</strong></span> <span class='ocrx_word' id='word_1_637' title='bbox 1240 4795 1414 4864; x_wconf 75' lang='lat' dir='ltr'><strong>itaque</strong></span> <span class='ocrx_word' id='word_1_638' title='bbox 1457 4800 1575 4863; x_wconf 88' lang='lat' dir='ltr'><strong>post</strong></span> <span class='ocrx_word' id='word_1_639' title='bbox 1600 4807 1693 4846; x_wconf 88' lang='lat' dir='ltr'><strong>ve-</strong></span> 
     </span>
    </p>
   </div>
   <div class='ocr_carea' id='block_1_96' title="bbox 137 4884 1685 4963">
    <p class='ocr_par' dir='ltr' id='par_1_96' title="bbox 137 4884 1685 4963">
     <span class='ocr_line' id='line_1_96' title="bbox 137 4884 1685 4963; baseline -0.008 -15"><span class='ocrx_word' id='word_1_640' title='bbox 137 4904 317 4948; x_wconf 86' lang='lat' dir='ltr'><strong>stram</strong></span> <span class='ocrx_word' id='word_1_641' title='bbox 347 4889 774 4963; x_wconf 73' lang='lat' dir='ltr'><strong>benignissimam</strong></span> <span class='ocrx_word' id='word_1_642' title='bbox 800 4887 1225 4950; x_wconf 85' lang='lat' dir='ltr'><strong>admonitionem,</strong></span> <span class='ocrx_word' id='word_1_643' title='bbox 1264 4887 1386 4954; x_wconf 87' lang='lat' dir='ltr'><strong>quia</strong></span> <span class='ocrx_word' id='word_1_644' title='bbox 1425 4886 1489 4940; x_wconf 92' lang='lat' dir='ltr'><strong>de</strong></span> <span class='ocrx_word' id='word_1_645' title='bbox 1522 4884 1685 4951; x_wconf 79' lang='lat' dir='ltr'><strong>Operi-</strong></span> 
     </span>
    </p>
   </div>
   <div class='ocr_carea' id='block_1_97' title="bbox 136 4970 1691 5044">
    <p class='ocr_par' dir='ltr' id='par_1_97' title="bbox 136 4970 1691 5044">
     <span class='ocr_line' id='line_1_97' title="bbox 136 4970 1691 5044; baseline -0.007 -10"><span class='ocrx_word' id='word_1_646' title='bbox 136 4984 242 5034; x_wconf 85' lang='lat' dir='ltr'><strong>hns</strong></span> <span class='ocrx_word' id='word_1_647' title='bbox 289 4987 351 5032; x_wconf 88' lang='lat' dir='ltr'><strong>et</strong></span> <span class='ocrx_word' id='word_1_648' title='bbox 400 4977 604 5044; x_wconf 86' lang='lat' dir='ltr'><strong>pompis</strong></span> <span class='ocrx_word' id='word_1_649' title='bbox 651 4976 840 5029; x_wconf 87' lang='lat' dir='ltr'><strong>diaboli</strong></span> <span class='ocrx_word' id='word_1_650' title='bbox 890 4974 1224 5043; x_wconf 91' lang='lat' dir='ltr'><strong>multiplicius</strong></span> <span class='ocrx_word' id='word_1_651' title='bbox 1272 4970 1691 5041; x_wconf 86' lang='lat' dir='ltr'><strong>respondendum</strong></span> 
     </span>
    </p>
   </div>
   <div class='ocr_carea' id='block_1_98' title="bbox 134 5063 1690 5136">
    <p class='ocr_par' dir='ltr' id='par_1_98' title="bbox 134 5063 1690 5136">
     <span class='ocr_line' id='line_1_98' title="bbox 134 5063 1690 5136; baseline -0.009 -12"><span class='ocrx_word' id='word_1_652' title='bbox 134 5078 282 5135; x_wconf 90' lang='lat' dir='ltr'><strong>erat,</strong></span> <span class='ocrx_word' id='word_1_653' title='bbox 314 5081 480 5136; x_wconf 89' lang='lat' dir='ltr'><strong>quam</strong></span> <span class='ocrx_word' id='word_1_654' title='bbox 515 5065 579 5118; x_wconf 92' lang='lat' dir='ltr'><strong>de</strong></span> <span class='ocrx_word' id='word_1_655' title='bbox 608 5065 811 5136; x_wconf 65' lang='lat' dir='ltr'><strong>caeteris</strong></span> <span class='ocrx_word' id='word_1_656' title='bbox 837 5064 993 5116; x_wconf 84' lang='lat' dir='ltr'><strong>rebus</strong></span> <span class='ocrx_word' id='word_1_657' title='bbox 1026 5082 1037 5113; x_wconf 91' lang='lat'>:</span> <span class='ocrx_word' id='word_1_658' title='bbox 1068 5063 1313 5130; x_wconf 88' lang='lat' dir='ltr'><strong>quoniam</strong></span> <span class='ocrx_word' id='word_1_659' title='bbox 1340 5075 1438 5129; x_wconf 89' lang='lat' dir='ltr'><strong>per</strong></span> <span class='ocrx_word' id='word_1_660' title='bbox 1475 5073 1569 5112; x_wconf 90' lang='lat' dir='ltr'><strong>eas</strong></span> <span class='ocrx_word' id='word_1_661' title='bbox 1596 5072 1690 5110; x_wconf 84' lang='lat' dir='ltr'><strong>cu-</strong></span> 
     </span>
    </p>
   </div>
   <div class='ocr_carea' id='block_1_99' title="bbox 134 5134 1694 5227">
    <p class='ocr_par' dir='ltr' id='par_1_99' title="bbox 134 5134 1694 5227">
     <span class='ocr_line' id='line_1_99' title="bbox 134 5134 1694 5227; baseline -0.01 -15"><span class='ocrx_word' id='word_1_662' title='bbox 134 5134 423 5227; x_wconf 80' lang='lat' dir='ltr'><strong>piditates,</strong></span> <span class='ocrx_word' id='word_1_663' title='bbox 453 5161 507 5206; x_wconf 91' lang='lat' dir='ltr'><strong>et</strong></span> <span class='ocrx_word' id='word_1_664' title='bbox 540 5167 633 5221; x_wconf 89' lang='lat' dir='ltr'><strong>per</strong></span> <span class='ocrx_word' id='word_1_665' title='bbox 673 5134 985 5219; x_wconf 59' lang='lat' dir='ltr'><strong>cupiditates</strong></span> <span class='ocrx_word' id='word_1_666' title='bbox 1010 5148 1254 5203; x_wconf 85' lang='lat' dir='ltr'><strong>scandala</strong></span> <span class='ocrx_word' id='word_1_667' title='bbox 1281 5146 1458 5202; x_wconf 88' lang='lat' dir='ltr'><strong>mundi</strong></span> <span class='ocrx_word' id='word_1_668' title='bbox 1482 5144 1694 5199; x_wconf 88' lang='lat' dir='ltr'><strong>crebre-</strong></span> 
     </span>
    </p>
   </div>
   <div class='ocr_carea' id='block_1_100' title="bbox 138 5232 1694 5308">
    <p class='ocr_par' dir='ltr' id='par_1_100' title="bbox 138 5232 1694 5308">
     <span class='ocr_line' id='line_1_100' title="bbox 138 5232 1694 5308; baseline -0.008 -11"><span class='ocrx_word' id='word_1_669' title='bbox 138 5253 304 5298; x_wconf 82' lang='lat' dir='ltr'><strong>scunt</strong></span> <span class='ocrx_word' id='word_1_670' title='bbox 355 5240 621 5308; x_wconf 87' lang='lat' dir='ltr'><strong>quotidie.</strong></span> <span class='ocrx_word' id='word_1_671' title='bbox 666 5248 718 5291; x_wconf 92' lang='lat' dir='ltr'><strong>ct</strong></span> <span class='ocrx_word' id='word_1_672' title='bbox 764 5238 901 5305; x_wconf 87' lang='lat' dir='ltr'><strong>quod</strong></span> <span class='ocrx_word' id='word_1_673' title='bbox 944 5236 1090 5305; x_wconf 78' lang='lat' dir='ltr'><strong>pejus</strong></span> <span class='ocrx_word' id='word_1_674' title='bbox 1134 5242 1230 5296; x_wconf 89' lang='lat' dir='ltr'><strong>est,</strong></span> <span class='ocrx_word' id='word_1_675' title='bbox 1272 5233 1410 5287; x_wconf 87' lang='lat' dir='ltr'><strong>inter</strong></span> <span class='ocrx_word' id='word_1_676' title='bbox 1449 5232 1694 5288; x_wconf 76' lang='lat' dir='ltr'><strong>Ecclesia:</strong></span> 
     </span>
    </p>
   </div>
   <div class='ocr_carea' id='block_1_101' title="bbox 142 5321 1694 5394">
    <p class='ocr_par' dir='ltr' id='par_1_101' title="bbox 142 5321 1694 5394">
     <span class='ocr_line' id='line_1_101' title="bbox 142 5321 1694 5394; baseline -0.008 -8"><span class='ocrx_word' id='word_1_677' title='bbox 142 5344 429 5390; x_wconf 72' lang='lat' dir='ltr'><strong>rectores,</strong></span> <span class='ocrx_word' id='word_1_678' title='bbox 478 5335 532 5380; x_wconf 90' lang='lat' dir='ltr'><strong>et</strong></span> <span class='ocrx_word' id='word_1_679' title='bbox 576 5327 873 5394; x_wconf 65' lang='lat' dir='ltr'><strong>reipublicae</strong></span> <span class='ocrx_word' id='word_1_680' title='bbox 926 5325 1375 5378; x_wconf 79' lang='lat' dir='ltr'><strong>administratores</strong></span> <span class='ocrx_word' id='word_1_681' title='bbox 1421 5321 1694 5375; x_wconf 68' lang='lat' dir='ltr'><strong>discordiae</strong></span> 
     </span>
    </p>
   </div>
   <div class='ocr_carea' id='block_1_102' title="bbox 139 5412 1696 5484">
    <p class='ocr_par' dir='ltr' id='par_1_102' title="bbox 139 5412 1696 5484">
     <span class='ocr_line' id='line_1_102' title="bbox 139 5412 1696 5484; baseline -0.007 -7"><span class='ocrx_word' id='word_1_682' title='bbox 139 5426 438 5480; x_wconf 84' lang='lat' dir='ltr'><strong>oriuntur;</strong></span> <span class='ocrx_word' id='word_1_683' title='bbox 470 5426 523 5471; x_wconf 82' lang='lat' dir='ltr'><strong>ct</strong></span> <span class='ocrx_word' id='word_1_684' title='bbox 546 5417 684 5484; x_wconf 89' lang='lat' dir='ltr'><strong>quod</strong></span> <span class='ocrx_word' id='word_1_685' title='bbox 717 5416 887 5469; x_wconf 87' lang='lat' dir='ltr'><strong>adhuc</strong></span> <span class='ocrx_word' id='word_1_686' title='bbox 913 5418 1099 5471; x_wconf 91' lang='lat' dir='ltr'><strong>horum</strong></span> <span class='ocrx_word' id='word_1_687' title='bbox 1127 5423 1208 5470; x_wconf 84' lang='lat' dir='ltr'><strong>est</strong></span> <span class='ocrx_word' id='word_1_688' title='bbox 1230 5415 1534 5483; x_wconf 84' lang='lat' dir='ltr'><strong>pessimum,</strong></span> <span class='ocrx_word' id='word_1_689' title='bbox 1561 5412 1696 5466; x_wconf 87' lang='lat' dir='ltr'><strong>inter</strong></span> 
     </span>
    </p>
   </div>
   <div class='ocr_carea' id='block_1_103' title="bbox 140 5500 1695 5565">
    <p class='ocr_par' dir='ltr' id='par_1_103' title="bbox 140 5500 1695 5565">
     <span class='ocr_line' id='line_1_103' title="bbox 140 5500 1695 5565; baseline -0.006 -2"><span class='ocrx_word' id='word_1_690' title='bbox 140 5511 403 5565; x_wconf 85' lang='lat' dir='ltr'><strong>doctores</strong></span> <span class='ocrx_word' id='word_1_691' title='bbox 426 5514 482 5560; x_wconf 89' lang='lat' dir='ltr'><strong>et</strong></span> <span class='ocrx_word' id='word_1_692' title='bbox 506 5505 774 5563; x_wconf 70' lang='lat' dir='ltr'><strong>auditores</strong></span> <span class='ocrx_word' id='word_1_693' title='bbox 799 5503 915 5555; x_wconf 87' lang='lat' dir='ltr'><strong>odia</strong></span> <span class='ocrx_word' id='word_1_694' title='bbox 953 5517 1011 5555; x_wconf 89' lang='lat' dir='ltr'><strong>sc</strong></span> <span class='ocrx_word' id='word_1_695' title='bbox 1040 5504 1382 5556; x_wconf 85' lang='lat' dir='ltr'><strong>interserunt.</strong></span> <span class='ocrx_word' id='word_1_696' title='bbox 1411 5500 1695 5554; x_wconf 61' lang='lat' dir='ltr'><strong>ir’uicitia:</strong></span> 
     </span>
    </p>
   </div>
   <div class='ocr_carea' id='block_1_104' title="bbox 142 5589 1209 5656">
    <p class='ocr_par' dir='ltr' id='par_1_104' title="bbox 142 5589 1209 5656">
     <span class='ocr_line' id='line_1_104' title="bbox 142 5589 1209 5656; baseline -0.014 -1"><span class='ocrx_word' id='word_1_697' title='bbox 142 5597 520 5655; x_wconf 67' lang='lat' dir='ltr'><strong>concitantur,</strong></span> <span class='ocrx_word' id='word_1_698' title='bbox 551 5592 899 5649; x_wconf 82' lang='lat' dir='ltr'><strong>detractiones</strong></span> <span class='ocrx_word' id='word_1_699' title='bbox 926 5589 1209 5656; x_wconf 83' lang='lat' dir='ltr'><strong>agitantur.</strong></span> 
     </span>
    </p>
   </div>
   <div class='ocr_carea' id='block_1_105' title="bbox 217 5733 1697 5805">
    <p class='ocr_par' dir='ltr' id='par_1_105' title="bbox 217 5733 1697 5805">
     <span class='ocr_line' id='line_1_105' title="bbox 217 5733 1697 5805; baseline -0.007 -10"><span class='ocrx_word' id='word_1_700' title='bbox 217 5755 243 5783; x_wconf 67' lang='grc' dir='ltr'>α</span> <span class='ocrx_word' id='word_1_701' title='bbox 273 5737 408 5795; x_wconf 69' lang='grc' dir='ltr'><strong>ηπ</strong></span> <span class='ocrx_word' id='word_1_702' title='bbox 444 5738 651 5805; x_wconf 79' lang='lat' dir='ltr'><strong>censeri</strong></span> <span class='ocrx_word' id='word_1_703' title='bbox 688 5736 842 5789; x_wconf 80' lang='lat' dir='ltr'><strong>debet</strong></span> <span class='ocrx_word' id='word_1_704' title='bbox 869 5736 1021 5805; x_wconf 81' lang='lat' dir='ltr'><strong>quasi</strong></span> <span class='ocrx_word' id='word_1_705' title='bbox 1066 5734 1228 5789; x_wconf 82' lang='lat' dir='ltr'><strong>altera</strong></span> <span class='ocrx_word' id='word_1_706' title='bbox 1255 5749 1377 5802; x_wconf 64' lang='lat' dir='ltr'><strong>pars</strong></span> <span class='ocrx_word' id='word_1_707' title='bbox 1412 5733 1697 5802; x_wconf 85' lang='lat' dir='ltr'><strong>superioris</strong></span> 
     </span>
    </p>
   </div>
   <div class='ocr_carea' id='block_1_106' title="bbox 147 5803 732 5871">
    <p class='ocr_par' dir='ltr' id='par_1_106' title="bbox 147 5803 732 5871">
     <span class='ocr_line' id='line_1_106' title="bbox 147 5803 732 5871; baseline -0.019 -7"><span class='ocrx_word' id='word_1_708' title='bbox 147 5810 319 5864; x_wconf 73' lang='lat' dir='ltr'><strong>lll‘t‘lll</strong></span> <span class='ocrx_word' id='word_1_709' title='bbox 349 5808 416 5861; x_wconf 89' lang='lat' dir='ltr'><strong>dc</strong></span> <span class='ocrx_word' id='word_1_710' title='bbox 446 5803 732 5871; x_wconf 84' lang='lat' dir='ltr'><strong>Baptismo.</strong></span> 
     </span>
    </p>
   </div>
   <div class='ocr_carea' id='block_1_107' title="bbox 482 5874 1017 5953">
    <p class='ocr_par' dir='ltr' id='par_1_107' title="bbox 482 5874 1017 5953">
     <span class='ocr_line' id='line_1_107' title="bbox 482 5874 1017 5953; baseline -0.006 0"><span class='ocrx_word' id='word_1_711' title='bbox 482 5874 744 5953; x_wconf 70' lang='grc' dir='ltr'><strong>ιἈτίιυί.</strong></span> <span class='ocrx_word' id='word_1_712' title='bbox 792 5894 984 5951; x_wconf 70' lang='lat' dir='ltr'><strong>XCIX</strong></span> <span class='ocrx_word' id='word_1_713' title='bbox 1005 5920 1017 5953; x_wconf 51' lang='grc' dir='ltr'><em>,ν</em></span> 
     </span>
    </p>
   </div>
   <div class='ocr_carea' id='block_1_108' title="bbox 1787 4626 3319 4705">
    <p class='ocr_par' dir='ltr' id='par_1_108' title="bbox 1787 4626 3319 4705">
     <span class='ocr_line' id='line_1_108' title="bbox 1787 4626 3319 4705; baseline -0.007 -16"><span class='ocrx_word' id='word_1_714' title='bbox 1787 4638 1885 4690; x_wconf 82' lang='lat' dir='ltr'><strong>tus.</strong></span> <span class='ocrx_word' id='word_1_715' title='bbox 1927 4636 2075 4701; x_wconf 90' lang='lat' dir='ltr'><strong>Quod</strong></span> <span class='ocrx_word' id='word_1_716' title='bbox 2100 4636 2312 4705; x_wconf 85' lang='lat' dir='ltr'><strong>quidam</strong></span> <span class='ocrx_word' id='word_1_717' title='bbox 2354 4632 2587 4695; x_wconf 87' lang='lat' dir='ltr'><strong>audiens,</strong></span> <span class='ocrx_word' id='word_1_718' title='bbox 2616 4631 2692 4685; x_wconf 89' lang='lat' dir='ltr'><strong>ait</strong></span> <span class='ocrx_word' id='word_1_719' title='bbox 2729 4631 2804 4685; x_wconf 90' lang='lat' dir='ltr'><strong>illi</strong></span> <span class='ocrx_word' id='word_1_720' title='bbox 2838 4648 2850 4683; x_wconf 88' lang='lat'>:</span> <span class='ocrx_word' id='word_1_721' title='bbox 2883 4627 3079 4698; x_wconf 74' lang='lat' dir='ltr'><strong>Sequar</strong></span> <span class='ocrx_word' id='word_1_722' title='bbox 3120 4637 3185 4688; x_wconf 83' lang='lat' dir='ltr'><strong>te,</strong></span> <span class='ocrx_word' id='word_1_723' title='bbox 3216 4626 3319 4679; x_wconf 46' lang='lat' dir='ltr'><strong>Do-</strong></span> 
     </span>
    </p>
   </div>
   <div class='ocr_carea' id='block_1_109' title="bbox 1786 4714 3321 4793">
    <p class='ocr_par' dir='ltr' id='par_1_109' title="bbox 1786 4714 3321 4793">
     <span class='ocr_line' id='line_1_109' title="bbox 1786 4714 3321 4793; baseline -0.01 -14"><span class='ocrx_word' id='word_1_724' title='bbox 1786 4727 1951 4788; x_wconf 81' lang='lat' dir='ltr'><strong>mine;</strong></span> <span class='ocrx_word' id='word_1_725' title='bbox 1981 4725 2066 4778; x_wconf 78' lang='lat' dir='ltr'><strong>sed</strong></span> <span class='ocrx_word' id='word_1_726' title='bbox 2102 4725 2322 4793; x_wconf 84' lang='lat' dir='ltr'><strong>primum</strong></span> <span class='ocrx_word' id='word_1_727' title='bbox 2349 4720 2577 4789; x_wconf 84' lang='lat' dir='ltr'><strong>permitte</strong></span> <span class='ocrx_word' id='word_1_728' title='bbox 2618 4718 2744 4771; x_wconf 75' lang='lat' dir='ltr'><strong>mihi</strong></span> <span class='ocrx_word' id='word_1_729' title='bbox 2789 4717 3081 4771; x_wconf 71' lang='lat' dir='ltr'><strong>renuntiare</strong></span> <span class='ocrx_word' id='word_1_730' title='bbox 3108 4714 3187 4766; x_wconf 83' lang='lat' dir='ltr'><strong>his</strong></span> <span class='ocrx_word' id='word_1_731' title='bbox 3231 4715 3321 4782; x_wconf 81' lang='lat' dir='ltr'><strong>qui</strong></span> 
     </span>
    </p>
   </div>
   <div class='ocr_carea' id='block_1_110' title="bbox 1786 4801 3319 4883">
    <p class='ocr_par' dir='ltr' id='par_1_110' title="bbox 1786 4801 3319 4883">
     <span class='ocr_line' id='line_1_110' title="bbox 1786 4801 3319 4883; baseline -0.008 -18"><span class='ocrx_word' id='word_1_732' title='bbox 1786 4814 1926 4866; x_wconf 85' lang='lat' dir='ltr'><strong>domi</strong></span> <span class='ocrx_word' id='word_1_733' title='bbox 1973 4820 2109 4866; x_wconf 80' lang='lat' dir='ltr'><strong>sunt.</strong></span> <span class='ocrx_word' id='word_1_734' title='bbox 2142 4810 2336 4863; x_wconf 88' lang='lat' dir='ltr'><strong>Sancta</strong></span> <span class='ocrx_word' id='word_1_735' title='bbox 2365 4822 2493 4861; x_wconf 90' lang='lat' dir='ltr'><strong>vero</strong></span> <span class='ocrx_word' id='word_1_736' title='bbox 2535 4813 2707 4883; x_wconf 81' lang='lat' dir='ltr'><strong>mater</strong></span> <span class='ocrx_word' id='word_1_737' title='bbox 2726 4802 3044 4859; x_wconf 86' lang='lat' dir='ltr'><strong>universalis</strong></span> <span class='ocrx_word' id='word_1_738' title='bbox 3084 4801 3319 4856; x_wconf 83' lang='lat' dir='ltr'><strong>Ecclesia</strong></span> 
     </span>
    </p>
   </div>
   <div class='ocr_carea' id='block_1_111' title="bbox 1788 4894 3320 4967">
    <p class='ocr_par' dir='ltr' id='par_1_111' title="bbox 1788 4894 3320 4967">
     <span class='ocr_line' id='line_1_111' title="bbox 1788 4894 3320 4967; baseline -0.007 -13"><span class='ocrx_word' id='word_1_739' title='bbox 1788 4917 1892 4955; x_wconf 88' lang='lat' dir='ltr'><strong>non</strong></span> <span class='ocrx_word' id='word_1_740' title='bbox 1923 4899 2077 4954; x_wconf 88' lang='lat' dir='ltr'><strong>aliter</strong></span> <span class='ocrx_word' id='word_1_741' title='bbox 2118 4898 2336 4967; x_wconf 88' lang='lat' dir='ltr'><strong>suscipit</strong></span> <span class='ocrx_word' id='word_1_742' title='bbox 2381 4896 2433 4950; x_wconf 89' lang='lat' dir='ltr'><strong>in</strong></span> <span class='ocrx_word' id='word_1_743' title='bbox 2455 4896 2711 4965; x_wconf 89' lang='lat' dir='ltr'><strong>gremium</strong></span> <span class='ocrx_word' id='word_1_744' title='bbox 2737 4894 2802 4948; x_wconf 83' lang='lat' dir='ltr'><strong>a‘d</strong></span> <span class='ocrx_word' id='word_1_745' title='bbox 2836 4908 2896 4949; x_wconf 87' lang='lat' dir='ltr'><strong>se</strong></span> <span class='ocrx_word' id='word_1_746' title='bbox 2931 4898 3320 4953; x_wconf 79' lang='lat' dir='ltr'><strong>eonvertentes,</strong></span> 
     </span>
    </p>
   </div>
   <div class='ocr_carea' id='block_1_112' title="bbox 1789 4973 3325 5057">
    <p class='ocr_par' dir='ltr' id='par_1_112' title="bbox 1789 4973 3325 5057">
     <span class='ocr_line' id='line_1_112' title="bbox 1789 4973 3325 5057; baseline -0.008 -17"><span class='ocrx_word' id='word_1_747' title='bbox 1789 4988 1890 5040; x_wconf 92' lang='lat' dir='ltr'><strong>nisi</strong></span> <span class='ocrx_word' id='word_1_748' title='bbox 1936 4987 2081 5057; x_wconf 89' lang='lat' dir='ltr'><strong>prius</strong></span> <span class='ocrx_word' id='word_1_749' title='bbox 2133 4984 2505 5039; x_wconf 89' lang='lat' dir='ltr'><strong>abrenuntient</strong></span> <span class='ocrx_word' id='word_1_750' title='bbox 2546 4981 2756 5035; x_wconf 87' lang='lat' dir='ltr'><strong>diabolo</strong></span> <span class='ocrx_word' id='word_1_751' title='bbox 2778 4989 2833 5035; x_wconf 88' lang='lat' dir='ltr'><strong>et</strong></span> <span class='ocrx_word' id='word_1_752' title='bbox 2851 4978 3093 5034; x_wconf 89' lang='lat' dir='ltr'><strong>omnibus</strong></span> <span class='ocrx_word' id='word_1_753' title='bbox 3124 4973 3325 5045; x_wconf 85' lang='lat' dir='ltr'><strong>angelis</strong></span> 
     </span>
    </p>
   </div>
   <div class='ocr_carea' id='block_1_113' title="bbox 1789 5064 3319 5143">
    <p class='ocr_par' dir='ltr' id='par_1_113' title="bbox 1789 5064 3319 5143">
     <span class='ocr_line' id='line_1_113' title="bbox 1789 5064 3319 5143; baseline -0.006 -17"><span class='ocrx_word' id='word_1_754' title='bbox 1789 5072 1922 5141; x_wconf 84' lang='lat' dir='ltr'><strong>ejus,</strong></span> <span class='ocrx_word' id='word_1_755' title='bbox 1949 5074 2194 5143; x_wconf 85' lang='lat' dir='ltr'><strong>operibus</strong></span> <span class='ocrx_word' id='word_1_756' title='bbox 2217 5085 2424 5140; x_wconf 87' lang='lat' dir='ltr'><strong>quoque</strong></span> <span class='ocrx_word' id='word_1_757' title='bbox 2471 5078 2628 5138; x_wconf 85' lang='lat' dir='ltr'><strong>atque</strong></span> <span class='ocrx_word' id='word_1_758' title='bbox 2658 5069 2916 5124; x_wconf 88' lang='lat' dir='ltr'><strong>universis</strong></span> <span class='ocrx_word' id='word_1_759' title='bbox 2952 5066 3158 5135; x_wconf 83' lang='lat' dir='ltr'><strong>pompis</strong></span> <span class='ocrx_word' id='word_1_760' title='bbox 3183 5064 3319 5135; x_wconf 85' lang='lat' dir='ltr'><strong>ejus.</strong></span> 
     </span>
    </p>
   </div>
   <div class='ocr_carea' id='block_1_114' title="bbox 1858 5153 3326 5230">
    <p class='ocr_par' dir='ltr' id='par_1_114' title="bbox 1858 5153 3326 5230">
     <span class='ocr_line' id='line_1_114' title="bbox 1858 5153 3326 5230; baseline -0.007 -14"><span class='ocrx_word' id='word_1_761' title='bbox 1858 5163 1945 5216; x_wconf 81' lang='lat' dir='ltr'><strong>IV.</strong></span> <span class='ocrx_word' id='word_1_762' title='bbox 1974 5160 2324 5216; x_wconf 86' lang='lat' dir='ltr'><strong>Discernenda</strong></span> <span class='ocrx_word' id='word_1_763' title='bbox 2352 5167 2475 5212; x_wconf 89' lang='lat' dir='ltr'><strong>sunt</strong></span> <span class='ocrx_word' id='word_1_764' title='bbox 2504 5158 2666 5230; x_wconf 87' lang='lat' dir='ltr'><strong>igitur</strong></span> <span class='ocrx_word' id='word_1_765' title='bbox 2690 5158 2802 5212; x_wconf 73' lang='lat' dir='ltr'><strong>haec</strong></span> <span class='ocrx_word' id='word_1_766' title='bbox 2841 5156 2974 5218; x_wconf 89' lang='lat' dir='ltr'><strong>duo;</strong></span> <span class='ocrx_word' id='word_1_767' title='bbox 3020 5153 3147 5222; x_wconf 89' lang='lat' dir='ltr'><strong>quid</strong></span> <span class='ocrx_word' id='word_1_768' title='bbox 3185 5154 3326 5207; x_wconf 82' lang='lat' dir='ltr'><strong>inter</strong></span> 
     </span>
    </p>
   </div>
   <div class='ocr_carea' id='block_1_115' title="bbox 1791 5240 3322 5312">
    <p class='ocr_par' dir='ltr' id='par_1_115' title="bbox 1791 5240 3322 5312">
     <span class='ocr_line' id='line_1_115' title="bbox 1791 5240 3322 5312; baseline -0.008 -7"><span class='ocrx_word' id='word_1_769' title='bbox 1791 5266 1847 5306; x_wconf 90' lang='lat' dir='ltr'><strong>se</strong></span> <span class='ocrx_word' id='word_1_770' title='bbox 1889 5250 2131 5303; x_wconf 78' lang='lat' dir='ltr'><strong>differant</strong></span> <span class='ocrx_word' id='word_1_771' title='bbox 2179 5249 2469 5302; x_wconf 82' lang='lat' dir='ltr'><strong>renuntiare</strong></span> <span class='ocrx_word' id='word_1_772' title='bbox 2494 5287 2508 5312; x_wconf 93' lang='lat'><strong>,</strong></span> <span class='ocrx_word' id='word_1_773' title='bbox 2567 5253 2620 5302; x_wconf 91' lang='lat' dir='ltr'><strong>et</strong></span> <span class='ocrx_word' id='word_1_774' title='bbox 2667 5247 3042 5298; x_wconf 67' lang='lat' dir='ltr'><strong>abrenuntiare.</strong></span> <span class='ocrx_word' id='word_1_775' title='bbox 3089 5240 3322 5307; x_wconf 88' lang='lat' dir='ltr'><strong>Quorum</strong></span> 
     </span>
    </p>
   </div>
   <div class='ocr_carea' id='block_1_116' title="bbox 1791 5328 3325 5401">
    <p class='ocr_par' dir='ltr' id='par_1_116' title="bbox 1791 5328 3325 5401">
     <span class='ocr_line' id='line_1_116' title="bbox 1791 5328 3325 5401; baseline -0.008 -10"><span class='ocrx_word' id='word_1_776' title='bbox 1791 5336 2081 5401; x_wconf 79' lang='lat' dir='ltr'><strong>diﬂ‘erentia</strong></span> <span class='ocrx_word' id='word_1_777' title='bbox 2108 5336 2162 5389; x_wconf 91' lang='lat' dir='ltr'><strong>in</strong></span> <span class='ocrx_word' id='word_1_778' title='bbox 2183 5350 2247 5389; x_wconf 91' lang='lat' dir='ltr'><strong>eo</strong></span> <span class='ocrx_word' id='word_1_779' title='bbox 2272 5335 2354 5390; x_wconf 88' lang='lat' dir='ltr'><strong>vel</strong></span> <span class='ocrx_word' id='word_1_780' title='bbox 2383 5336 2611 5388; x_wconf 80' lang='lat' dir='ltr'><strong>maxime</strong></span> <span class='ocrx_word' id='word_1_781' title='bbox 2633 5340 2869 5401; x_wconf 86' lang='lat' dir='ltr'><strong>apparet,</strong></span> <span class='ocrx_word' id='word_1_782' title='bbox 2888 5330 3036 5398; x_wconf 78' lang='lat' dir='ltr'><strong>quod</strong></span> <span class='ocrx_word' id='word_1_783' title='bbox 3066 5328 3325 5382; x_wconf 81' lang='lat' dir='ltr'><strong>renuntia-</strong></span> 
     </span>
    </p>
   </div>
   <div class='ocr_carea' id='block_1_117' title="bbox 1791 5409 3325 5487">
    <p class='ocr_par' dir='ltr' id='par_1_117' title="bbox 1791 5409 3325 5487">
     <span class='ocr_line' id='line_1_117' title="bbox 1791 5409 3325 5487; baseline -0.006 -9"><span class='ocrx_word' id='word_1_784' title='bbox 1791 5441 1904 5478; x_wconf 80' lang='lat' dir='ltr'><strong>mus</strong></span> <span class='ocrx_word' id='word_1_785' title='bbox 1927 5425 2086 5478; x_wconf 89' lang='lat' dir='ltr'><strong>rebus</strong></span> <span class='ocrx_word' id='word_1_786' title='bbox 2105 5423 2291 5487; x_wconf 90' lang='lat' dir='ltr'><strong>licitis,</strong></span> <span class='ocrx_word' id='word_1_787' title='bbox 2326 5409 2739 5475; x_wconf 75' lang='lat' dir='ltr'><strong>abrenuntiamus</strong></span> <span class='ocrx_word' id='word_1_788' title='bbox 2765 5428 2938 5474; x_wconf 88' lang='lat' dir='ltr'><strong>autem</strong></span> <span class='ocrx_word' id='word_1_789' title='bbox 2968 5415 3164 5472; x_wconf 89' lang='lat' dir='ltr'><strong>illicitis</strong></span> <span class='ocrx_word' id='word_1_790' title='bbox 3197 5431 3212 5466; x_wconf 91' lang='lat'>:</span> <span class='ocrx_word' id='word_1_791' title='bbox 3242 5429 3325 5469; x_wconf 49' lang='lat' dir='ltr'><strong>rec</strong></span> 
     </span>
    </p>
   </div>
   <div class='ocr_carea' id='block_1_118' title="bbox 1791 5500 3327 5575">
    <p class='ocr_par' dir='ltr' id='par_1_118' title="bbox 1791 5500 3327 5575">
     <span class='ocr_line' id='line_1_118' title="bbox 1791 5500 3327 5575; baseline -0.007 -7"><span class='ocrx_word' id='word_1_792' title='bbox 1791 5515 2093 5568; x_wconf 87' lang='lat' dir='ltr'><strong>nuntiamus</strong></span> <span class='ocrx_word' id='word_1_793' title='bbox 2113 5512 2493 5575; x_wconf 72' lang='lat' dir='ltr'><strong>affectionibus,</strong></span> <span class='ocrx_word' id='word_1_794' title='bbox 2508 5508 2936 5569; x_wconf 85' lang='lat' dir='ltr'><strong>abrenuntiamns</strong></span> <span class='ocrx_word' id='word_1_795' title='bbox 2961 5513 3134 5558; x_wconf 90' lang='lat' dir='ltr'><strong>autem</strong></span> <span class='ocrx_word' id='word_1_796' title='bbox 3150 5500 3327 5557; x_wconf 76' lang='lat' dir='ltr'><strong>illere~</strong></span> 
     </span>
    </p>
   </div>
   <div class='ocr_carea' id='block_1_119' title="bbox 1792 5593 3323 5668">
    <p class='ocr_par' dir='ltr' id='par_1_119' title="bbox 1792 5593 3323 5668">
     <span class='ocr_line' id='line_1_119' title="bbox 1792 5593 3323 5668; baseline -0.009 -13"><span class='ocrx_word' id='word_1_797' title='bbox 1792 5602 1903 5656; x_wconf 88' lang='lat' dir='ltr'><strong>bris</strong></span> <span class='ocrx_word' id='word_1_798' title='bbox 1925 5614 1940 5653; x_wconf 91' lang='lat'><strong>:</strong></span> <span class='ocrx_word' id='word_1_799' title='bbox 1963 5600 2323 5659; x_wconf 88' lang='lat' dir='ltr'><strong>renuntiamus</strong></span> <span class='ocrx_word' id='word_1_800' title='bbox 2347 5596 2672 5668; x_wconf 87' lang='lat' dir='ltr'><strong>parentibus,</strong></span> <span class='ocrx_word' id='word_1_801' title='bbox 2691 5593 3118 5651; x_wconf 80' lang='lat' dir='ltr'><strong>abrenuntiamus</strong></span> <span class='ocrx_word' id='word_1_802' title='bbox 3146 5600 3323 5643; x_wconf 84' lang='lat' dir='ltr'><strong>autem</strong></span> 
     </span>
    </p>
   </div>
   <div class='ocr_carea' id='block_1_120' title="bbox 1863 5722 2498 5833">
    <p class='ocr_par' dir='ltr' id='par_1_120' title="bbox 1863 5722 2498 5833">
     <span class='ocr_line' id='line_1_120' title="bbox 1863 5722 2498 5833; baseline 0 -52"><span class='ocrx_word' id='word_1_803' title='bbox 1863 5729 1891 5768; x_wconf 70' lang='grc' dir='ltr'><strong>ι)</strong></span> <span class='ocrx_word' id='word_1_804' title='bbox 1927 5727 2003 5781; x_wconf 85' lang='lat' dir='ltr'><strong>Ex</strong></span> <span class='ocrx_word' id='word_1_805' title='bbox 2023 5724 2289 5833; x_wconf 62' lang='lat' dir='ltr'><strong>Analectis&#39;</strong></span> <span class='ocrx_word' id='word_1_806' title='bbox 2324 5722 2498 5781; x_wconf 73' lang='lat' dir='ltr'><strong>Habil.</strong></span> 
     </span>
    </p>
   </div>
   <div class='ocr_carea' id='block_1_121' title="bbox 2791 5872 2864 5930">
    <p class='ocr_par' dir='ltr' id='par_1_121' title="bbox 2791 5872 2864 5930">
     <span class='ocr_line' id='line_1_121' title="bbox 2791 5872 2864 5930; baseline 0 -2"><span class='ocrx_word' id='word_1_807' title='bbox 2791 5872 2864 5930; x_wconf 76' lang='lat'><strong>‘28</strong></span> 
     </span>
    </p>
   </div>
  </div>
