4110 6414
744 458 846 516 8⁵15

1734 461 2038 519 LElDiiADl
2074 460 2542 529 LUSJDUNENSIS
2579 466 2876 523 El’lSCOI’l

3780 469 3873 528 816

745 568 966 621 diabolo.
992 567 1270 619 Itenuntiat
1313 581 1434 633 ergo
1460 566 1699 619 omnibus
1724 582 1838 634 qua:
1878 567 2127 635 possidet,
2167 566 2254 632 qui
2282 565 2329 627 Α
2355 566 2407 618 in
2442 568 2672 636 homine,
2696 572 2929 627 defectus
2953 574 3127 641 petitis
3152 575 3247 628 fuit
3268 577 3482 645 quidam
3515 579 3581 631 ab
3604 592 3767 647 apere
3788 578 3876 632 Dei

745 659 820 711 sic
846 664 986 710 tenet
1010 671 1069 710 ea
1117 671 1230 723 qum
1264 656 1442 708 mundi
1471 664 1611 718 sunt,
1639 664 1697 708 ut
1723 664 1896 720 tamen
1924 670 2017 724 per
2055 671 2117 709 ea
2155 671 2257 710 non

747 753 983 799 teneatur
1009 758 1039 797 a
1059 744 1250 797 mundo
1282 760 1294 795 :
1327 744 1483 796 habet
1511 757 1618 795 rem
1646 745 1979 811 temporalem
2007 744 2060 796 in
2085 759 2255 808 usum,

744 841 989 888 aeternam
1014 833 1065 886 in
1105 830 1394 893 desiderio;
1439 837 1492 884 et
1516 830 1722 884 exclusa
1750 832 2032 899 cupiditate
2060 832 2256 895 mundi,

743 923 916 975 divina
953 920 1006 973 in
1028 933 1091 972 eo
1136 919 1363 972 charitas
1388 927 1606 987 augetur
1629 926 1790 987 atque
1809 918 2095 987 perﬁcitur.
2122 919 2258 987 Ergo

747 1010 834 1077 qui
864 1009 1028 1080 Deum,
1045 1007 1157 1063 vult
1197 1007 1765 1077 possidere,rénuntiat
1801 1007 2023 1069 mundo;
2046 1022 2147 1060 non
2169 1022 2259 1060 au—

746 1105 851 1150 tem
904 1095 1163 1147 renuntiat
1200 1095 1411 1151 mundo,
1455 1094 1542 1160 Qui
1572 1093 1789 1146 terrenis
1818 1092 2147 1146 facultatibus
2194 1106 2259 1145 ex

745 1187 1086 1242 delectatione
1119 1185 1426 1239 succumbit.
1457 1183 1760 1251 Quicunque
1785 1198 1909 1251 ergo
1943 1183 2123 1236 volunt
2145 1196 2261 1235 esse

747 1276 983 1344 discipuli
1033 1274 1245 1337 Christi,
1275 1287 1383 1339 prae
1431 1286 1610 1325 amore
1654 1271 1790 1325 illius
1834 1271 2161 1336 omnia-qum
2207 1269 2259 1322 in

746 1364 1098 1426 mundosunt,
1136 1362 1344 1416 etiamsi
1371 1362 1617 1423 habeant,
1644 1359 1931 1422 fastidiunt,
1959 1367 2017 1410 ut
2043 1359 2145 1411 sint
2170 1357 2261 1409 Ita-

742 1454 907 1505 bentes
941 1459 1177 1519 tanquam
1234 1464 1334 1524 non
1383 1446 1737 1500 habentcs:et
1788 1447 1992 1499 discunt
2024 1460 2125 1497 non
2173 1460 2261 1495 su—

741 1539 887 1608 perbe
910 1554 1097 1607 sapere,
1135 1552 1287 1605 neque
1310 1550 1482 1604 sapere
1510 1536 1561 1587 in
1582 1536 1772 1586 incerto
1815 1534 2129 1595 divit'aram,
2169 1528 2260 1584 sed

743 1624 793 1676 in
836 1624 941 1676 Deo
964 1624 1083 1675 vivo
1105 1622 1191 1688 qui
1221 1627 1433 1688 prmstat
1469 1618 1618 1672 nobis
1640 1620 1815 1672 omnia
1844 1636 1856 1669 :
1884 1619 2061 1684 sicque
2097 1615 2262 1669 facul-

743 1718 875 1763 tates
901 1717 1136 1762 terrenas
1158 1708 1220 1760 ad
1244 1707 1671 1759 sustentationem
1694 1705 1977 1771 possident,
2000 1710 2057 1754 ut
2084 1710 2258 1755 tamen

739 1797 898 1850 etiam
922 1811 987 1849 ex
1016 1796 1092 1847 eis
1131 1795 1236 1846 Deo
1264 1794 1523 1854 serviant,
1571 1790 1717 1856 cujus
1743 1800 1936 1844 aeterna
1965 1791 2098 1843 bona
2128 1789 2259 1842 desi-

742 1886 944 1939 derant.
979 1881 1043 1949 Ει
1086 1881 1206 1950 quia
1230 1882 1282 1933 in
1310 1880 1499 1933 divinis
1542 1854 1730 1931 litteris
1777 1878 2036 1946 cupiditas
2078 1889 2257 1944 repre-
2290 1854 2332 1925 Β

741 1973 1007 2034 benditur,
1043 1986 1143 2023 non
1166 1968 1416 2031 facultas;
1448 1967 1669 2021 sollicita
1706 1974 1881 2018 mente
1913 1963 2257 2031 perpendunt,

741 2069 801 2114 ut
827 2076 887 2114 ea
916 2074 1029 2128 quae
1072 2058 1267 2110 habent
1302 2071 1406 2109 non
1453 2056 1679 2108 habeant
1724 2066 1900 2106 amore
1927 2050 2259 2121 possidendi,

739 2148 831 2203 sed
854 2147 1161 2201 necessitate
1186 2144 1413 2196 vivendi.
1448 2142 1523 2194 Ea
1569 2148 1743 2194 autem
1772 2140 1962 2208 quibus
2006 2139 2262 2192 abrenun-

742 2240 976 2293 tiandum
1010 2244 1128 2301 est,
1174 2235 1315 2288 nullo
1361 2236 1509 2289 nobis
1544 2241 1697 2303 pacto
1745 2232 1927 2285 haberi
1973 2230 2262 2284 concedun—

742 2334 848 2388 tur,
903 2324 1023 2393 quia
1069 2321 1211 2376 nullo
1254 2322 1409 2374 modo
1462 2320 1645 2373 haberi
1681 2325 1899 2386 possunt
1943 2331 2064 2369 cum
2107 2317 2257 2368 Deo:

741 2417 831 2469 sed
857 2429 923 2467 ex
948 2419 1057 2468 toto
1082 2412 1241 2466 corde
1269 2409 1740 2463 abrenuntiandum
1762 2404 1987 2467 diabolo,
2017 2404 2263 2473 operibus

739 2518 802 2555 ac
828 2500 1030 2570 pompis
1054 2498 1186 2566 ejus,
1225 2505 1282 2549 ut
1311 2494 1449 2547 nulla
1498 2493 1645 2547 nobis
1681 2508 1800 2545 eum
1844 2490 1942 2544 illis
1970 2488 2265 2543 communio

745 2593 1085 2661 relinquatur,
1100 2604 1165 2643 ne
1186 2604 1367 2643 eorum
1391 2588 1595 2641 actione
1616 2580 1798 2638 rur’sus
1817 2598 2066 2652 cogamur
2085 2583 2137 2635 in
2149 2582 2262 2650 ejus

738 2692 956 2749 regnum
982 2677 1161 2741 dilabi,
1187 2677 1334 2744 cujus
1377 2674 1567 2726 invidia
1608 2687 1743 2725 mors
1790 2672 1994 2723 intravit
2037 2671 2091 2722 in
2117 2686 2266 2723 utun-

739 2769 883 2831 dum,
906 2766 994 2834 qui
1018 2773 1127 2817 erat
1146 2762 1399 2815 homicida
1429 2763 1491 2812 ab
1535 2760 1700 2825 initio,
1730 2760 1969 2812 incentor
1992 2758 2137 2820 mali,
2158 2758 2264 2835 col-

738 2855 877 2911 lator
900 2854 1117 2924 peccati.

778 2943 869 2997 ιν.
900 2940 1129 2996 Contulit
1169 2953 1392 3007 namque
1420 2937 1588 3006 primo
1616 2938 1816 2992 homini
1865 2937 2013 2990 fenus
2039 2935 2263 3004 peccati,

742 3030 1073 3101 quotidianus
1100 3027 1272 3080 abillo
1292 3034 1572 3079 exacturus
1598 3036 1806 3079 uSuras.
1828 3024 2066 3077 Creditor
2098 3023 2266 3078 malus

745 3120 870 3174 fecit
897 3117 995 3172 sibi
1027 3114 1202 3169 usuris
1230 3114 1512 3168 obnoxium
1538 3128 1698 3181 genus
1724 3108 2028 3177 humanum,
2057 3115 2138 3167 cui
2167 3114 2265 3166 mi-

745 3221 831 3261 ser
877 3204 1080 3258 debitor
1105 3200 1260 3256 solvit
1284 3200 1548 3268 peceando
1585 3214 1686 3254 non
1712 3197 1880 3255 solum
1925 3216 1989 3253 ea
2035 3216 2150 3268 quae
2180 3200 2266 3253 illo

745 3292 1026 3361 instigante
1070 3288 1269 3351 didicit,
1310 3303 1490 3341 verum
1517 3288 1676 3341 etiam
1705 3286 2097 3341 adinveutiones
2141 3302 2266 3356 pro-

745 3381 908 3450 prias,
936 3393 1067 3446 quas
1087 3377 1153 3430 ad
1175 3375 1440 3429 cumulum
1467 3376 1722 3429 scelerum
1750 3374 1967 3428 addidit.
1990 3375 2053 3427 Et
2073 3376 2267 3431 idcirco

745 3483 861 3523 cum
885 3481 979 3535 per
1004 3465 1226 3536 gratiam
1246 3463 1402 3529 illius,
1425 3466 1512 3533 qui
1542 3480 1603 3517 ea:
1630 3464 1801 3519 usuris
1827 3472 1875 3517 et
1901 3465 2164 3533 iniquitate
2190 3481 2267 3517 re-

739 3555 893 3608 demit
946 3555 1144 3607 anintas
1187 3563 1408 3617 nostras,
1450 3554 1685 3606 eruimur
1729 3551 1794 3605 de
1839 3560 2096 3619 potestate
2142 3552 2266 3605 mali

740 3642 1034 3706 creditoris,
1067 3656 1128 3696 ac
1162 3656 1257 3711 per
1298 3637 1400 3694 hoc
1425 3640 1645 3708 improbi
1672 3639 1961 3702 exactoris;
2005 3641 2267 3693 abrenun-

740 3732 977 3785 tiandum
1005 3738 1085 3785 est
1106 3731 1205 3797 illi,
1241 3747 1303 3786 ac
1329 3728 1740 3785 denuntiandum
1765 3728 1895 3783 nihil
1925 3744 2018 3783 nos
2043 3730 2093 3782 ei
2121 3729 2267 3783 dein-

742 3833 867 3888 ceps
892 3819 1103 3873 debere.

812 3909 897 3961 Vl.
926 3908 1051 3975 Qua:
1076 3910 1149 3963 sit
1170 3913 1343 3961 autem
1371 3908 1519 3977 origo
1547 3915 1599 3962 ct
1626 3906 1833 3961 initium
1864 3921 2081 3979 operum
2108 3914 2264 3975 atque

736 4006 1039 4069 pomparum
1084 3998 1297 4062 diaboli,
1331 3998 1603 4066 Scriptura
1634 3999 2061 4054 manifestissime
2087 4000 2259 4063 docet,

741 4101 859 4156 qua:
883 4088 957 4141 ait
985 4104 997 4139 :
1045 4087 1256 4140 Initium
1285 4087 1448 4139 omnis
1490 4089 1684 4154 peccati
1720 4087 1955 4154 superbia
1983 4084 2167 4153 (Eccli.
2204 4103 2259 4151 x,

742 4175 850 4247 15).
903 4175 1037 4241 Quid
1084 4176 1349 4243 apertius,
1380 4176 1504 4242 quid
1548 4174 1870 4243 probabilius
1919 4174 2022 4228 dici
2057 4176 2263 4243 potest?

741 4262 971 4325 Initium,
1005 4262 1190 4329 inquit,
1218 4275 1324 4315 non
1351 4260 1585 4327 alicujus,
1626 4263 1717 4315 sed
1761 4264 1922 4315 omnis
1944 4263 2134 4331 peccati
2172 4280 2260 4315 su-

736 4350 910 4418 perbia
925 4362 943 4399 :
959 4357 1014 4402 ut
1039 4350 1306 4404 evidenter
1320 4351 1619 4404 ostenderet
1641 4340 1781 4419 quod
1804 4350 1917 4418 ipsa
1944 4351 2012 4406 sit
2030 4354 2260 4407 omnium

2358 657 2423 711 ad
2444 672 2539 712 sua
2562 670 2755 728 opera;
2769 675 2927 729 quam
2950 677 3081 730 opus
3108 664 3261 733 illius.
3286 664 3350 717 Et
3373 665 3488 718 ideo
3510 665 3651 718 mala
3691 681 3876 734 opera.

2356 754 2478 821 quia
2501 754 2784 808 secundum
2824 769 2897 819 se,
2929 770 3030 809 non
3051 759 3331 811 secundum
3361 759 3524 811 Deum
3554 774 3569 811 :
3610 767 3670 813 ut
3697 775 3876 815 eorum

2356 855 2572 907 operum
2618 849 2863 908 tanquam
2893 843 3155 898 fructuum
3180 845 3439 899 maiorum
3482 848 3724 902 voluntas
3770 850 3878 917 ipsa

2356 936 2496 982 esset
2516 929 2659 983 velut
2683 929 2841 985 arbor
2877 931 3033 984 mala.

2424 1017 2529 1072 VII.
2566 1017 2845 1085 Apostolus
2883 1032 3088 1085 quoque
3114 1018 3186 1072 ait
3215 1038 3227 1072 :
3253 1018 3421 1072 Radix
3452 1021 3680 1074 omnium
3722 1019 3884 1072 malo-

2357 1119 2470 1156 rum
2515 1112 2587 1156 est
2613 1103 2861 1171 cupiditas
2910 1103 2961 1174 (I
2992 1103 3119 1157 Tim.
3149 1120 3221 1169 vr,
3274 1104 3379 1179 l0).
3433 1104 3668 1160 Sollicito
3709 1107 3885 1173 itaque

2358 1192 2690 1246 considerare
2711 1192 2963 1247 debemus
3005 1208 3166 1261 quare
3196 1194 3396 1246 initium
3440 1196 3632 1262 peccati
3681 1195 3886 1248 dicatur

2357 1279 2629 1347 superbia:
2660 1280 2809 1332 radix
2848 1281 3073 1335 omnium
3098 1280 3351 1333 malorum
3387 1290 3461 1333 est
3486 1281 3763 1350 cupiditas.
3808 1281 3885 1334 An

2358 1365 2491 1421 forte
2520 1381 2810 1433 sermonem
2837 1370 3197 1436 propheticum
3246 1360 3438 1424 Pauqu
3485 1372 3791 1438 apostolus,
3830 1382 3886 1423 ut

2358 1455 2511 1518 solet,
2551 1443 2819 1522 exposuit;
2864 1456 3283 1524 quandoquidem
3328 1459 3438 1511 sive
3475 1455 3681 1511 initium
3727 1460 3886 1510 omnis

2356 1544 2566 1611 peccati,
2612 1545 2722 1598 sive
2748 1544 2898 1598 radiat
2927 1547 3150 1599 omnium
3180 1546 3432 1599 malorum
3473 1546 3697 1609 dicatur,
3728 1562 3885 1600 unum

2358 1634 2599 1701 idemque
2624 1632 2914 1701 significat?
2934 1633 3103 1689 Porro
3117 1636 3373 1703 cupiditas
3387 1644 3546 1704 atque
3568 1637 3816 1704 superbia
3836 1638 3885 1689 in

2358 1728 2560 1775 tantum
2582 1735 2744 1775 unum
2770 1730 2853 1775 est
2870 1721 3083 1785 malum,
3115 1730 3178 1776 ut
3221 1738 3320 1778 nec
3366 1725 3612 1794 superbia
3641 1726 3758 1779 sine
3786 1742 3888 1779 eu-

2355 1808 2594 1876 piditate,
2627 1822 2726 1862 nec
2753 1807 2867 1863 sine
2885 1810 3127 1877 superbia
3152 1812 3319 1879 possit
3356 1811 3577 1865 inveniri
3606 1813 3883 1881 cupiditas.

2358 1894 2785 1963 Quandoquidem
2821 1903 2874 1949 et
2918 1898 3156 1952 diabolus
3203 1899 3257 1952 in
3308 1903 3412 1968 quo
3457 1909 3600 1953 tenet
3646 1901 3885 1970 superbia

2358 1983 2725 2051 principatum,
2754 1985 2976 2052 preprim
3017 1987 3293 2052 potestatis
3335 2002 3398 2041 ac
3440 1980 3757 2057 perditionis
3794 1991 3885 2044 lu:-

2359 2087 2524 2126 mante
2550 2074 2768 2140 cupidus
2793 2071 2890 2125 fuit
2922 2091 2934 2125 :
2966 2082 3019 2126 et
3045 2075 3153 2141 ipse
3176 2075 3333 2129 homo
3358 2090 3451 2143 per
3489 2078 3779 2145 appetitum
3807 2093 3886 2130 ar.

2358 2146 2503 2214 boris
2529 2160 2846 2225 interdictae,
2876 2176 2939 2215 ac
2957 2160 3146 2215 divinae
3173 2161 3530 2217 similitudinis
3557 2149 3888 2220 adeetatieue

2359 2248 2614 2302 morbos:e
2631 2249 2931 2317 cupiditatis
2948 2251 3176 2305 ostendit
3205 2250 3470 2306 affectum.
3501 2251 3567 2307 Et
3590 2253 3657 2307 de
3684 2254 3886 2308 diabolo

2359 2336 2588 2401 quidem,
2616 2336 2754 2403 quod
2792 2337 2929 2390 malo
2978 2338 3233 2404 superbia:
3284 2339 3555 2402 ceciderit,
3580 2340 3758 2394 nullus
3803 2341 3885 2408 qui

2360 2421 2609 2488 ambigat.
2639 2421 2711 2473 De
2731 2422 2915 2489 primis
2937 2430 3111 2475 tamen
3139 2424 3435 2478 hominibus
3455 2425 3694 2494 diligenti
3717 2429 3887 2480 consi-

2360 2513 2628 2568 deratione
2654 2515 2932 2579 invenitur,
2963 2516 3086 2582 quia
3106 2515 3157 2568 in
3189 2516 3394 2569 occulto
3416 2518 3565 2586 prius
3606 2518 3731 2573 mali
3776 2532 3887 2571 esse

2360 2609 2648 2670 coeperunt,
2676 2608 2736 2655 ut
2762 2603 2814 2655 in
2842 2611 3078 2670 apertam
3112 2603 3521 2659 inobedientiam
3563 2605 3883 2661 laberentur.

2362 2687 2476 2741 Non
2504 2690 2645 2748 enim
2670 2691 2736 2744 ad
2760 2691 2956 2744 malum
2981 2705 3113 2758 opus
3132 2694 3518 2760 perveniretur,
3543 2696 3647 2747 nisi
3673 2710 3889 2762 parces-

2355 2774 2517 2829 slsset
2536 2775 2773 2830 voluntas
2792 2776 2950 2830 mala.
2973 2777 3141 2833 Porro
3168 2780 3318 2833 make
3354 2781 3641 2835 voluntatis
3665 2783 3883 2845 initium,

2363 2863 2499 2929 quod
2522 2864 2692 2930 potuit
2716 2879 2852 2928 esse,
2883 2866 3292 2934 nisisupcrbia?
3321 2868 3456 2934 Quid
3479 2879 3562 2923 est
3587 2878 3766 2925 autem
3807 2886 3888 2924 su-

2360 2949 2693 3015 perbia,-uisi
2737 2964 3000 3018 perversa:
3050 2954 3377 3007 celsitudinis
3418 2958 3712 3025 appetitus?
3763 2956 3885 3011 Per-

2364 3048 2512 3088 vcrsa
2547 3036 2686 3090 enim
2710 3047 2805 3111 est
2852 3039 3126 3117 celsitudo,
3157 3042 3365 3098 deserto
3391 3059 3455 3097 eo
3479 3046 3565 3098 cui
3590 3047 3748 3100 debet
3783 3049 3889 3100 aui-

2292 3171 2339 3233 ο
2367 3126 2757 3227 mus
2779 3130 3055 3233 prinfipio,
3081 3132 3178 3184 sibi
3201 3134 3584 3200 quodammodo
3601 3134 3719 3188 ﬁeri
3737 3146 3890 3206 atque

2368 3226 2485 3266 esse
2510 3214 2844 3281 principium.
2875 3215 2983 3269 Hoc
3018 3217 3078 3270 fit
3126 3228 3245 3271 enm
3292 3220 3389 3272 sibi
3432 3220 3640 3274 animus
3681 3222 3887 3289 placet:

2366 3302 2467 3354 sibi
2490 3316 2617 3355 vero
2636 3302 2826 3370 placet,
2849 3319 2968 3358 cum
2994 3306 3061 3360 ab
3086 3306 3172 3360 illo
3190 3307 3329 3361 bono
3357 3309 3666 3364 immutabili
3695 3312 3888 3372 deﬁcit,

2364 3387 2505 3453 quod
2528 3388 2576 3441 ei
2604 3389 2769 3457 magis
2793 3390 3000 3457 placere
3026 3392 3221 3458 debuit,
3252 3410 3409 3463 quam
3441 3397 3553 3465 ipse
3575 3399 3695 3452 sibi.
3726 3398 3891 3467 Spon-

2367 3483 2550 3530 taneus
2577 3486 2753 3532 autem
2777 3488 2861 3533 est
2895 3479 2982 3534 ille
3029 3482 3262 3538 defectus
3291 3501 3304 3536 :
3336 3486 3580 3552 quoniam
3619 3488 3667 3541 si
3716 3489 3890 3543 volun.

2364 3573 2447 3617 tas
2473 3565 2528 3618 in
2561 3580 2738 3619 amore
2764 3556 3050 3634 superioris
3074 3570 3417 3627 immutabilis
3444 3573 3588 3639 boni,
3620 3592 3649 3629 a
3678 3592 3786 3646 quo
3830 3575 3890 3630 il-

2362 3651 2686 3707 lustrabatur
2708 3662 2767 3707 ut
2807 3655 3037 3722 videret,
3076 3666 3129 3712 et
3153 3661 3536 3716 accendebatur
3574 3675 3633 3717 ut
3667 3676 3884 3725 amaret.

2363 3742 2569 3795 stabilis
2606 3752 2969 3810 permaneret;
3012 3760 3114 3799 non
3154 3746 3278 3801 inde
3316 3747 3388 3800 ad
3431 3749 3530 3801 sibi
3577 3749 3884 3817 placendum

2362 3837 2700 3895 averteretur,
2727 3838 2782 3884 et
2806 3846 2870 3885 es
2890 3833 2992 3886 hoc
3016 3834 3421 3902 tenebresceret,
3451 3846 3542 3891 aut
3563 3837 3883 3908 frigesceret,

2365 3926 2421 3970 at
2443 3917 2522 3971 vel
2547 3917 2634 3970 illa
2658 3918 2896 3972 crederet
2921 3934 3104 3974 verum
3133 3923 3327 3977 dixisse
3352 3934 3667 3993 serpentem,
3692 3928 3778 3981 vel
3802 3927 3884 3981 ille

2360 4006 2453 4060 Dei
2482 4007 2727 4061 mandato
2765 4008 2948 4062 uxoris
2989 4022 3293 4079 praepuneut
3337 4014 3692 4081 voluntatem,
3741 4028 3881 4086 puta-

2362 4101 2544 4159 retque
2589 4108 2645 4146 se
2671 4095 2943 4149 venialiter
2972 4104 3412 4167 transgressorem
3458 4117 3574 4157 esse
3618 4106 3881 4172 prmcepti.

2360 4182 2405 4235 si
2431 4182 2680 4236 vitm'suae
2705 4185 2900 4238 sociam
2927 4200 3032 4239 non
3060 4188 3327 4243 desereret
3352 4192 3509 4246 etiam
3539 4194 3593 4247 in
3635 4197 3883 4249 societate

2357 4274 2576 4339 peccati.
2601 4274 2712 4327 Non
2733 4290 2858 4344 ergo
2884 4276 3080 4331 malum
3112 4294 3243 4346 opus
3271 4279 3463 4336 factum
3488 4293 3585 4347 est,
3615 4285 3666 4339 id
3700 4294 3781 4340 est
3798 4286 3881 4339 illa

2360 4364 2727 4430 transgressio,
2752 4372 2810 4417 ut
2849 4365 2966 4420 cibo
2991 4367 3250 4433 prohibito
3287 4380 3647 4444 vescerentur,
3693 4374 3792 4427 nisi
3817 4375 3882 4428 ab

736 4441 1068 4509 peccatorum
1115 4450 1291 4489 causa.
1338 4435 1594 4502 Quoniam
1638 4451 1740 4490 non
1783 4436 1949 4490 solum
1986 4450 2258 4508 peccatum
2293 4480 2295 4527 λ

2293 4477 2336 4531 ι)
2360 4451 2438 4504 eis
2468 4453 2556 4520 qui
2579 4452 2687 4519 jam
2732 4455 2857 4507 mali
2887 4465 3056 4510 erant.
3096 4456 3244 4511 Patet
3285 4436 3418 4528 ergo
3460 4435 3880 4519 manifestissime

696 4572 699 4577 .
737 4530 819 4576 est
843 4522 973 4591 ipsa,
1002 4521 1093 4576 sed
1111 4522 1269 4576 etiam
1298 4522 1494 4575 nullum
1514 4534 1786 4591 peccatum
1813 4523 1926 4578 ﬁeri
1954 4527 2137 4594 potuit,
2162 4544 2258 4596 p0-

737 4616 843 4664 test
880 4616 973 4664 aut
1002 4610 1194 4677 poterit
1239 4611 1354 4665 sine
1397 4611 1509 4679 ipsa
1538 4628 1551 4663 :
1577 4620 1630 4665 et
1672 4612 1790 4665 ideo
1835 4614 2035 4666 initium
2071 4615 2260 4668 dicitur

741 4695 904 4749 omnis
926 4698 1137 4765 peccati,
1158 4697 1279 4763 quia
1306 4698 1417 4765 ipsa
1455 4699 1723 4765 prmcessit
1749 4700 1805 4753 in
1831 4699 2057 4763 diabolo,
2084 4709 2140 4755 et
2163 4716 2258 4770 per

738 4780 909 4849 ipsam
934 4780 1212 4835 subversas
1237 4790 1317 4835 est
1338 4783 1510 4838 homo.
1537 4782 1651 4837 Non
1671 4786 1808 4859 enim
1830 4787 2009 4841 ederet
2033 4788 2097 4842 de
2115 4788 2255 4858 ligno

738 4867 1017 4937 prohibito,
1047 4869 1148 4923 nisi
1192 4872 1609 4939 concupisceret;
1655 4888 1751 4928 nec
1789 4876 2115 4942 concupisset
2152 4878 2253 4931 nisi

738 4964 992 5020 tentatus;
1020 4971 1117 5012 nec
1147 4965 1454 5023 tentaretur,
1486 4962 1583 5015 nisi
1610 4962 1875 5034 desertus;
1917 4976 2014 5017 nec
2049 4964 2256 5018 desere-

739 5050 884 5097 retur
905 5056 938 5097 a
958 5041 1085 5107 Deo,
1105 5046 1206 5099 nisi
1227 5047 1373 5114 prius
1397 5047 1508 5115 ipse
1533 5048 1826 5114 desereret;
1870 5064 1966 5104 nec
1991 5050 2257 5106 desereret

736 5129 925 5197 Deum,
949 5132 1050 5187 nisi
1086 5136 1395 5203 superbiret,
1426 5147 1480 5191 et
1503 5138 1890 5194 similitudinem
1915 5141 2008 5195 Dei
2036 5143 2254 5196 damna-

735 5215 910 5273 biliter
940 5220 1239 5288 appetisset.
1270 5222 1413 5276 Fecit
1441 5225 1617 5292 itaque
1653 5223 1813 5290 Deus,
1842 5227 1977 5281 sicut
2003 5230 2253 5297 scriptum

734 5313 838 5369 est,
872 5306 1119 5361 hominem
1152 5318 1338 5362 rectum
1380 5309 1561 5377 (Eccli.
1593 5327 1704 5378 vn,
1735 5311 1824 5383 50)
1847 5352 1863 5377 ,
1913 5329 1976 5369 ac
2013 5330 2109 5384 per
2153 5318 2252 5372 hoc

733 5388 1015 5448 voluntatis
1041 5395 1206 5451 bonas.
1234 5395 1347 5451 Non
1371 5400 1509 5452 enim
1536 5410 1711 5456 rectus
1750 5411 1906 5468 esset,
1933 5404 2121 5460 bonam
2146 5422 2248 5461 non

738 5479 937 5536 habens
960 5482 1295 5540 voluntatem.
1325 5487 1468 5542 Bona
1514 5490 1670 5558 igitur
1713 5493 1953 5548 voluntas
1990 5511 2119 5564 opus
2171 5507 2251 5551 est

738 5566 847 5631 Dei,
876 5583 993 5623 eum
1034 5585 1095 5624 ea
1141 5574 1331 5641 quippe
1374 5576 1440 5628 ab
1471 5576 1557 5629 illo
1598 5576 1764 5633 factus
1790 5590 1873 5635 est
1897 5582 2069 5638 homo.
2115 5584 2247 5639 Mala

736 5669 857 5707 vero
876 5657 1131 5724 voluntas,
1154 5662 1397 5730 quoniam
1421 5666 1592 5718 omnia
1623 5680 1777 5734 opera
1822 5671 1954 5755 mala
1984 5675 2250 5738 prteeessit

2359 4553 2461 4591 non
2489 4540 2652 4593 solum
2688 4541 2740 4595 in
2774 4542 2997 4606 diabolo,
3025 4559 3205 4598 verum
3232 4546 3388 4600 etiam
3414 4548 3467 4601 in
3492 4549 3679 4616 primis
3717 4550 3881 4604 homi-

2360 4628 2545 4690 nibus,
2586 4631 2781 4684 malum
2826 4634 3081 4700 superbia:
3130 4637 3461 4703 praecessisse
3499 4638 3554 4692 in
3599 4639 3793 4703 abdito,
3824 4650 3879 4693 ut

2356 4725 2666 4784 sequeretur
2684 4718 2782 4771 hoc
2807 4714 3163 4788 malum'quod
3189 4732 3544 4790 perpetratum
3559 4728 3707 4779 estin
3732 4742 3877 4796 aper-

2356 4809 2429 4855 to.
2454 4804 2643 4857 Verum
2664 4813 2746 4858 est
2770 4805 2908 4858 enim
2934 4808 3073 4874 quod
3095 4809 3344 4875 scriptum
3366 4818 3448 4864 est
3478 4829 3490 4863 :
3521 4813 3649 4867 Ante
3677 4817 3871 4867 ruinam

2352 4891 2610 4944 excitatur
2644 4910 2730 4946 cor
2755 4892 2930 4964 (Prov.
2957 4912 3064 4958 xvr,
3094 4898 3215 4963 l8),
3241 4908 3294 4952 et
3312 4910 3434 4955 ante
3460 4904 3683 4970 gloriam
3718 4907 3869 4959 humi-

2351 4978 2507 5031 liatur
2529 4978 2674 5049 (Luc.
2692 4997 2799 5046 xxv,
2822 4983 2922 5053 li).
2939 4984 3158 5038 Prorsus
3179 4987 3327 5039 ruina
3353 5004 3469 5054 quae
3491 4988 3549 5043 fit
3577 4990 3631 5044 in
3651 4994 3870 5057 occulto,

2352 5069 2596 5139 prtecedit
2623 5072 2825 5124 ruinam
2851 5087 2966 5140 quae
2992 5074 3050 5125 fit
3075 5075 3126 5126 iu
3153 5075 3449 5140 manifesto,
3475 5080 3602 5134 dum
3622 5082 3707 5136 illa
3728 5086 3871 5138 ruina

2351 5168 2469 5209 esse
2513 5170 2616 5210 non
2644 5158 2873 5224 putatur.
2919 5159 3046 5225 Quis
3079 5162 3220 5214 enim
3266 5164 3642 5222 exaltationem
3671 5171 3869 5224 ruinam

2351 5247 2526 5307 putat,
2564 5255 2683 5296 cum
2725 5242 2836 5310 jam
2882 5246 2953 5299 ibi
2997 5247 3067 5299 sit
3110 5245 3363 5314 defectus,
3389 5266 3496 5319 quo
3541 5262 3622 5306 est
3662 5256 3868 5311 relicuas

2353 5328 2627 5385 excelsus?
2684 5328 2812 5394 Quis
2854 5337 3028 5385 autem
3081 5333 3287 5388 ruinam
3334 5349 3450 5389 esse
3503 5352 3608 5392 non
3658 5342 3868 5405 videat,

2354 5417 2559 5482 quando
2602 5417 2659 5469 iit
2696 5418 2924 5472 mandati
2952 5420 3164 5475 evidens
3199 5428 3355 5489 atque
3378 5422 3675 5482 indubitata
3703 5438 3868 5485 trans-

2354 5504 2589 5572 gressio?
3784 5574 3793 5582 .

2420 5592 2546 5645 Vili.
2579 5591 2745 5659 Quam
2770 5596 3057 5664 primorum
3083 5595 3352 5652 hominum
3377 5606 3862 5671 transgressionem.

2350 5679 2394 5733 si
2435 5680 2486 5734 in
2531 5695 2625 5738 sua
2652 5685 2801 5753 quasi
2856 5684 3089 5740 membra
3138 5685 3340 5755 singula
3370 5672 3724 5766 dividimus,
3769 5708 3864 5749 non
