4110 6488
136 605 233 659 8ῖῖ

1544 598 1908 651 ΕΡΙΞΤΟΙΛ.

3194 591 3294 645 878

137 718 363 772 absutdc
393 717 677 769 creduntur
699 715 857 766 etiam
887 721 1070 766 caetera
1090 712 1158 763 ibi
1177 710 1404 763 admissa
1434 717 1668 775 peccata.
1701 712 1746 768 Α
1774 722 1929 762 causa
1952 709 2162 761 inimico
2181 709 2443 771 inimicus,
2473 708 2552 761 vel
2577 706 2894 775 adipiscendi
2918 702 3131 769 alicujus
3148 714 3296 757 extra

139 807 318 859 Primo
347 805 589 872 superbia
637 811 716 855 est
769 801 893 863 illic,
926 801 1046 866 quia
1093 799 1248 851 homo
1295 798 1347 849 in
1375 811 1467 849 sua
1495 797 1669 862 potius

139 910 256 949 csse
296 907 454 961 quam
477 893 527 944 in
555 891 646 942 Dei
673 897 930 957 potestate
959 888 1160 939 dilexit.
1191 885 1390 937 Deinde
1431 883 1670 944 avaritia,

141 985 265 1051 quia
306 982 422 1049 plus
449 995 605 1047 quam
649 979 723 1031 illi
776 976 1012 1030 sufﬁcere
1041 975 1244 1037 debuit,
1299 973 1577 1041 appetivit;
1622 979 1674 1022 et

143 1069 508 1136 sacrilegium,
569 1065 689 1131 quia
735 1078 839 1116 non
893 1061 1145 1124 credidit;
1199 1068 1251 1113 ct
1295 1058 1630 1111 homicidium
1659 1096 1672 1118 ,

143 1155 266 1221 quia
287 1169 343 1206 se
364 1151 780 1220 praecipitavitin
807 1158 1057 1212 mortem;
1089 1146 1432 1201 ctiornicatio
1461 1145 1673 1212 spirita-

145 1243 231 1304 lis,
261 1241 384 1308 quia
420 1239 694 1306 integritas
742 1238 933 1290 mentis
957 1238 1196 1290 humana:
1233 1236 1528 1302 seipentina
1558 1249 1676 1286 sua-

145 1333 293 1383 sione
322 1337 571 1396 corrupta
597 1336 705 1392 est;
731 1334 783 1380 et
812 1326 1027 1389 furtum,
1055 1327 1178 1394 quia
1207 1326 1354 1378 cibus
1381 1325 1677 1394 prohibitus

142 1422 427 1481 usurpatus
451 1421 565 1474 est;
597 1421 650 1464 et
693 1413 736 1465 si
765 1413 888 1480 quid
916 1412 1055 1464 aliud
1080 1412 1130 1464 in
1167 1412 1265 1464 hoc
1304 1426 1407 1462 uno
1451 1411 1677 1462 admisso

145 1501 386 1570 diligenti
413 1499 834 1567 consideratione
884 1498 1107 1552 inveniri
1145 1505 1336 1565 potest.
1383 1496 1491 1548 lloc
1521 1497 1679 1562 igitur

144 1591 377 1658 primum
424 1599 678 1644 creaturae
721 1589 992 1644 rationalis
1037 1589 1232 1641 malum
1285 1595 1463 1641 secuta
1514 1594 1634 1640 sunt
1663 1625 1676 1645 .

144 1679 448 1749 ignorantia
509 1692 686 1732 rerum
756 1677 1077 1744 agendarum
1143 1685 1198 1730 et
1257 1675 1680 1742 concupiscentia

145 1770 444 1831 noxiarum,
493 1770 686 1837 quibus
729 1768 945 1822 comites
991 1765 1389 1820 subinferuntur
1442 1781 1588 1820 error
1628 1772 1681 1816 ct

146 1858 304 1912 dolor
334 1874 348 1910 :
395 1872 510 1924 qua:
537 1857 640 1910 duo
667 1855 801 1908 mala
828 1855 1034 1924 quando
1084 1853 1411 1907 imminentia
1441 1853 1679 1905 sentiun—

145 1952 255 2006 tur,
287 1942 557 2012 fugitantis
582 1957 643 1995 ca
687 1941 844 1994 animi
875 1948 1048 1994 motus
1074 1949 1291 1993 vocatur
1311 1948 1499 1992 metus.
1517 1938 1680 1993 Porro

1770 797 2046 860 commodi,
2079 798 2214 850 sicut
2242 797 2376 849 latro
2402 796 2621 858 viatori;
2655 795 2735 848 vel
2763 792 2995 847 evitandi
3024 791 3169 854 mali,
3195 792 3299 846 sio

1769 893 1828 936 ut
1873 884 1922 936 ei
1965 885 2051 950 qui
2102 885 2345 947 timetur;
2404 883 2485 935 vel
2537 882 2850 944 invidendo,
2905 881 3040 933 sicut
3077 879 3295 933 feliciori

1773 972 2030 1034 miserior,
2064 981 2152 1024 aut
2181 974 2233 1025 in
2270 972 2445 1038 aliquo
2487 979 2796 1039 prosperatu
2845 969 2956 1036 ejus
3000 985 3155 1036 quem
3197 969 3294 1022 sibi

1772 1061 1966 1127 :equari
1995 1061 2159 1121 timet,
2192 1070 2280 1112 aut
2307 1060 2560 1125 {aqualem
2591 1058 2759 1120 dolet;
2799 1057 2879 1111 vel
2904 1058 3013 1110 sola
3036 1057 3301 1109 voluntate

1772 1148 1925 1201 alieni
1954 1150 2093 1210 mali,
2145 1151 2278 1202 sicut
2325 1157 2647 1217 spectatores
2675 1147 3040 1217 gladiatorum,
3069 1155 3160 1200 aut
3185 1147 3303 1200 irria

1773 1251 1938 1298 sores,
1989 1244 2079 1289 aut
2113 1237 2353 1291 illusores
2379 1237 2753 1304 quorumlibet,
2779 1237 2866 1305 qui
2904 1235 3142 1288 lwtantur
3180 1253 3292 1287 cum

1772 1323 1904 1375 male
1948 1323 2171 1390 fecerint,
2203 1332 2257 1376 ct
2302 1325 2568 1377 exsultant
2616 1324 2669 1376 in
2711 1323 2866 1376 rebus
2909 1323 3170 1391 pessimis,
3200 1322 3303 1374 dis-

1775 1411 1941 1478 ruptis
1990 1410 2242 1462 limitibus
2273 1410 2514 1464 humanae
2560 1411 2848 1466 societatis.
2878 1410 3019 1463 Nihil
3058 1411 3197 1464 enim
3230 1418 3311 1462 est

1776 1495 2035 1549 infelicius
2064 1495 2311 1550 felicitate
2331 1499 2676 1564 peccantium,
2708 1511 2808 1563 qua
2830 1497 3050 1563 poenalis
3081 1497 3311 1548 tmtritur

1776 1585 2058 1652 impunitas
2079 1595 2132 1640 et
2158 1586 2292 1638 mala
2321 1586 2581 1650 voluntas,
2611 1585 2692 1638 vel
2721 1593 2778 1637 ut
2796 1585 2960 1638 hostis
2986 1585 3199 1638 interior
3224 1598 3302 1636 ro-

1778 1675 2008 1728 borctur.

1844 1763 1933 1816 XI.
1963 1761 2148 1816 Omnia
2175 1777 2383 1832 quoque
2407 1778 2523 1832 quze
2568 1763 2864 1817 demulcent
2901 1775 3084 1815 sensus
3121 1776 3304 1828 corpo-

1779 1851 1871 1914 ris,
1911 1860 1960 1904 et
1999 1867 2093 1918 per
2137 1867 2227 1905 eos
2273 1854 2568 1921 irrumpunt
2609 1845 2674 1906 ad
2707 1853 3010 1904 vastandam
3058 1847 3306 1906 mentem.

1778 1948 1836 1992 ut
1862 1939 1910 1992 ei
1949 1940 2104 1992 liceat
2129 1955 2224 2006 per
2265 1941 2421 1993 latam
2463 1949 2512 1994 et
2565 1941 2848 2008 spatiosum
2898 1939 3035 1990 viam
3079 1952 3195 2004 qua:
3225 1937 3289 1988 du

148 2032 363 2084 animus
397 2045 517 2084 cum
561 2029 865 2097 adipiscitur
891 2029 1186 2095 concupita,
1235 2027 1474 2094 quamvis
1511 2027 1682 2094 perni-
1713 2020 1752 2075 Β
1780 2027 1852 2081 cit
1875 2028 1940 2081 ad
1966 2036 2205 2090 mortem,
2239 2030 2456 2096 ingredi,
2487 2029 2784 2095 corporales
2824 2041 3066 2094 quaerens
3093 2039 3311 2092 carpere

147 2119 296 2172 cioSa
328 2118 407 2171 vel
438 2118 634 2181 inania,
673 2119 921 2186 quoniam
951 2117 1000 2169 id
1025 2131 1207 2170 errore
1233 2131 1334 2170 non
1363 2116 1555 2175 sentit;
1602 2115 1682 2167 vel

149 2207 500 2261 delectatione
550 2205 786 2260 morbida
815 2206 1057 2266 vincitur,
1103 2205 1182 2258 vel
1214 2205 1372 2258 etiam
1419 2218 1551 2256 vana
1601 2203 1682 2255 ιω.

147 2295 266 2348 titia
291 2294 589 2347 ventilatur.
628 2293 704 2348 Ex
734 2295 814 2346 his
843 2295 1141 2346 morborum
1167 2307 1271 2345 non
1292 2291 1548 2345 ubertatis
1590 2291 1680 2344 sed

148 2383 473 2449 indigenum,
495 2390 740 2459 tanquam
782 2379 1011 2434 fontibus
1034 2381 1206 2434 omnis
1240 2381 1452 2433 miseria
1481 2391 1682 2432 natura:

151 2468 426 2520 rationalis
449 2476 658 2520 emanat
685 2469 734 2520 in
764 2481 786 2506 ιι
829 2467 1018 2535 quibus
1037 2469 1196 2536 jacet,
1227 2467 1307 2520 vel
1336 2468 1494 2520 ctiam
1521 2467 1684 2521 volvi-

150 2567 255 2618 tur,
293 2565 348 2608 et
375 2557 438 2609 de
466 2557 616 2610 malis
645 2557 697 2609 in
739 2558 872 2609 mala
906 2559 1280 2625 prmeipitatur.

219 2645 311 2698 1X.
341 2645 476 2696 Ecce
523 2645 678 2697 arbor
725 2645 873 2697 mala:
923 2646 1239 2708 voluntatis,
1269 2660 1385 2712 quin
1428 2647 1685 2713 superbia:

150 2733 322 2784 oritur
371 2732 592 2793 semine,
620 2739 673 2784 ct
714 2732 774 2783 in.
799 2732 1098 2799 cupiditatis
1142 2734 1457 2786 convalescit
1489 2734 1682 2798 radice,

152 2818 335 2882 quales
355 2817 667 2884 multiplicat
694 2815 921 2871 fructus!
954 2820 1176 2889 Ideoque
1215 2821 1258 2873 si
1299 2820 1538 2875 volumus
1563 2838 1686 2876 con-

153 2918 422 2958 summare
477 2905 641 2956 nostri
687 2906 990 2958 certaminis
1027 2922 1255 2969 cursum,
1310 2923 1588 2962 caveamus
1633 2910 1686 2961 in

151 2989 342 3057 primis
368 2990 704 3058 cupiditatem
731 3000 887 3057 atque
911 2995 1230 3060 superbiam,
1274 3011 1378 3048 non
1400 2997 1504 3050 duo
1530 2999 1688 3059 mala,

152 3077 246 3130 sed
271 3091 454 3140 unum,
495 3091 526 3129 a
551 3092 654 3145 quo
681 3079 906 3131 trahitur
931 3080 1104 3134 omnis
1131 3081 1253 3134 mali
1282 3089 1431 3136 actus
1460 3083 1685 3136 initium.

153 3165 291 3218 Nam
310 3166 424 3219 sine
451 3167 715 3234 superbia,
738 3183 854 3236 qua:
880 3181 1095 3237 possunt
1115 3172 1292 3225 saltim
1319 3173 1553 3227 inchoari
1573 3188 1692 3241 pec-

153 3261 296 3316 cata,
325 3268 446 3306 cum
482 3254 689 3307 dicatur
727 3255 930 3307 initium
976 3259 1138 3310 omnis
1176 3262 1380 3327 peccati
1410 3263 1690 3328 superbia?

152 3341 259 3395 Aut
300 3341 417 3395 sine
451 3343 737 3410 cupiditate
777 3345 1009 3397 omnium
1057 3321 1315 3401 malorum
1346 3321 1540 3414 radice,
1571 3365 1688 3417 qua:
1715 3321 1758 3382 Ο

152 3440 380 3498 possunt
403 3431 519 3486 fieri
546 3433 700 3497 mala,
730 3449 848 3488 cum
876 3437 988 3512 sine
1033 3439 1208 3492 radice
1231 3447 1320 3493 aut
1358 3441 1499 3494 nulla
1530 3440 1692 3510 depu-

153 3528 338 3575 tentur
373 3529 466 3574 aut
491 3525 728 3576 mortua?
771 3525 967 3579 Deinde
1017 3529 1060 3580 si
1108 3531 1376 3596 quodlibet
1419 3542 1691 3600 peccatum

154 3615 464 3676 perpetrare
491 3607 662 3662 nullus
691 3618 900 3678 potest,
927 3613 1029 3665 nisi
1081 3617 1308 3681 propriae
1360 3618 1691 3673 delectationi

155 3697 481 3759 consentiat,
494 3698 630 3766 quod
646 3699 945 3768 cupiditatis
963 3710 1045 3755 est
1065 3705 1352 3772 proprium,
1369 3714 1424 3760 et
1447 3707 1540 3760 Dei
1560 3721 1696 3776 prae-

155 3792 310 3872 cepta
339 3793 662 3855 contemnat,
691 3787 830 3852 quod
874 3797 957 3843 est
1005 3792 1263 3860 superbia:
1303 3794 1496 3872 malum
1525 3815 1537 3848 :
1562 3812 1693 3865 quo-

157 3871 316 3926 modo
329 3885 434 3924 non
455 3886 520 3924 ex
539 3873 840 3940 cupiditate,
857 3889 973 3941 qua
992 3877 1141 3928 radis:
1165 3871 1415 3932 malorum
1430 3883 1656 3934 omnium
1672 3901 1690 3947 ,-

158 3971 210 4018 et
233 3977 315 4018 er
352 3963 617 4031 superbia,
644 3979 763 4032 quae
804 3967 1006 4020 initium
1043 3972 1205 4023 omnis
1243 3974 1433 4040 peccati
1477 3974 1693 4040 dicitur,

156 4052 402 4121 procedit
443 4067 598 4106 omne
641 4056 952 4121 peccatum?
976 4056 1162 4112 Omnia
1207 4061 1366 4129 igitur
1391 4064 1548 4126 mala,
1580 4079 1696 4132 quae

157 4154 252 4208 per
278 4139 622 4196 seminarium
645 4141 899 4208 superbia
924 4143 990 4198 de
1033 4146 1208 4200 radice
1236 4149 1475 4202 oriuntur
1499 4152 1699 4219 cupidi-

156 4229 306 4290 tatis,
327 4227 385 4280 in
409 4225 492 4279 his
513 4227 713 4281 duobus
731 4229 1164 4295 complectuntur,
1195 4234 1347 4287 idest
1373 4240 1620 4304 operibus
1643 4248 1697 4295 et

157 4315 389 4384 pompis.
420 4313 598 4382 Neque
623 4315 844 4369 inveniri
864 4326 1036 4385 potest
1063 4320 1224 4374 ullum
1249 4334 1540 4390 peccatum,
1557 4329 1695 4395 quod

156 4421 264 4460 non
297 4405 354 4459 in
383 4405 559 4474 aliquo
594 4407 783 4462 horum
811 4411 1200 4483 adnumeratur.
1239 4413 1306 4465 Et
1347 4414 1544 4469 idcirco
1570 4417 1698 4471 iide-

157 4491 297 4546 libus
321 4492 394 4545 ad
414 4493 837 4548 emundationem
870 4495 1113 4564 baptismi
1137 4500 1506 4556 accedentibus
1532 4503 1585 4558 in
1613 4506 1696 4561 his

157 4579 572 4648 pronuntiantur
591 4581 1026 4638 abrenuntianda.

226 4666 294 4720 x.
321 4667 393 4720 Et
417 4667 540 4735 quia
569 4669 634 4723 de
666 4671 914 4739 cperibus
938 4673 1129 4728 diaboli
1154 4675 1323 4731 facilis
1351 4680 1690 4750 intelligentia

158 4761 256 4817 est,
300 4753 583 4807 dicendum
629 4756 776 4823 prius
823 4771 941 4825 quae
979 4759 1115 4813 mala
1156 4763 1221 4816 ad
1248 4778 1466 4833 pompas
1498 4767 1691 4822 diaboli

156 4840 431 4909 pertinere
467 4852 753 4897 noscantur
780 4863 792 4896 :
822 4846 1002 4904 omnia
1025 4848 1266 4906 Videlicet
1299 4868 1415 4921 qua)
1449 4856 1513 4910 de
1541 4857 1692 4911 lasci-

156 4929 245 4984 via
270 4935 435 4995 atque
459 4928 662 4984 luxuria
681 4931 942 4998 oriuntur,
967 4933 1141 5004 aliqua
1169 4953 1295 4993 vero
1333 4955 1448 5008 quae
1477 4943 1542 4995 de
1579 4945 1693 4997 libi-

158 5014 299 5082 dine.
328 5013 466 5068 Nam
509 5025 630 5070 sunt
664 5019 839 5073 multae
866 5023 1129 5092 variaeque
1152 5025 1417 5091 libidines,
1469 5044 1692 5097 quarum

162 5102 428 5156 nonnulla:
461 5101 657 5165 habent
700 5105 863 5185 etiam
896 5109 1150 5164 vocabula
1197 5117 1427 5181 propria,
1458 5119 1696 5185 quaedam

159 5202 290 5244 vero
313 5207 423 5245 non
443 5192 659 5246 habent.
691 5181 819 5259 Quis
852 5197 994 5250 enim
1037 5195 1189 5252 facile
1217 5200 1407 5256 dixerit
1453 5181 1580 5272 quid
1607 5223 1700 5262 vo-

161 5282 313 5328 cetur
336 5275 502 5330 libido
538 5279 874 5343 dominandi?
898 5283 992 5338 Est
1030 5285 1189 5353 igitur
1209 5287 1369 5343 libido
1391 5289 1696 5362 ulciscendi,

164 5364 390 5453 mira
416 5365 641 5431 dicitur;
684 5378 765 5424 est
799 5372 960 5428 libido
984 5373 1207 5430 habendi
1248 5381 1544 5446 pecuniam,
1583 5400 1700 5453 qua)

164 5451 388 5505 avaritia
434 5461 545 5517 est;
589 5461 672 5508 est
716 5455 875 5512 libido
921 5463 1386 5533 quomodocunque
1434 5451 1696 5539 vincendi,

165 5551 280 5604 qua:
307 5539 640 5606 pervicacia;
672 5551 755 5598 est
797 5544 958 5601 libido
995 5549 1275 5619 gloriandi,
1304 5568 1421 5622 quae
1442 5555 1697 5622 jactantia

168 5631 521 5710 nuncupatur.
559 5623 745 5684 Libido
784 5638 865 5686 est
883 5635 1125 5699 nocendi,
1164 5638 1275 5695 sive
1300 5656 1395 5710 per
1430 5651 1700 5698 contume-

167 5707 305 5774 liam,
335 5713 450 5767 sive
491 5727 590 5784 per
616 5714 897 5785 iniuriam;
928 5730 983 5776 et
997 5729 1277 5793 utrumque
1299 5707 1385 5782 vel
1413 5730 1696 5794 ulciscendi

231 5813 260 5841 ⁸
290 5800 348 5857 S.
372 5801 596 5871 August.
632 5807 681 5858 in
703 5805 915 5863 Enchir.

1782 2116 2090 2183 voluptates.
2117 2117 2271 2169 Velut
2305 2131 2423 2169 cum
2469 2116 2792 2169 theatrorum
2831 2113 2994 2167 moles
3034 2123 3310 2166 exstruun-

1783 2214 1886 2268 tur,
1915 2213 1968 2257 et
1990 2205 2306 2258 effodiuntur
2349 2205 2686 2258 fundamenta
2729 2207 3016 2257 virtutum:
3057 2219 3176 2256 eum
3205 2203 3311 2271 glo-

1780 2294 1920 2345 riosa
1966 2302 2046 2345 est
2072 2292 2338 2346 ell‘usionis
2381 2295 2614 2357 insania,
2645 2302 2697 2347 ct
2739 2309 2898 2361 opera
2945 2292 3313 2346 misericordiir.

1783 2382 2110 2445 deridentur;
2143 2398 2264 2436 cum
2313 2397 2374 2436 ex
2432 2384 2515 2436 his
2567 2398 2681 2449 qua:
2736 2384 2982 2436 divitibus
3028 2383 3309 2442 abundant,

1781 2469 2108 2523 luxuriantur
2127 2473 2429 2533 histriones,
2460 2480 2512 2524 et
2537 2471 2830 2524 necessaria
2861 2472 2945 2523 vix
2973 2472 3168 2523 habent
3191 2485 3316 2538 pau-

1783 2571 1952 2626 peres.
1998 2557 2098 2610 Per
2124 2558 2354 2625 quinque
2398 2573 2584 2610 sensus
2628 2558 2864 2626 corporis
2911 2559 3216 2624 metropolis
3266 2566 3318 2608 et

1784 2660 1878 2697 arx
1906 2646 2096 2698 mentis
2116 2647 2338 2713 capitur,
2371 2657 2586 2714 aspectu
2612 2647 2842 2708 scilicet,
2895 2646 3073 2698 auditu
3093 2686 3106 2707 ,
3140 2655 3315 2713 gustu,

1783 2734 2002 2787 odoratu
2022 2740 2075 2783 et
2101 2740 2261 2784 tactu.
2289 2733 2343 2785 Si
2371 2733 2694 2786 circensibus
2719 2735 2977 2800 quispiam
3005 2733 3309 2794 delectetur;

1785 2825 1828 2877 si
1851 2823 2169 2875 athletarum
2192 2823 2495 2884 certamine,
2518 2822 2565 2875 si
2587 2821 2876 2874 mobilitate
2911 2821 3244 2881 histrionum,
3271 2823 3312 2872 si

1784 2910 1968 2964 formis
1992 2911 2291 2973 mulierum,
2321 2911 2365 2963 si
2391 2911 2667 2978 splendore
2695 2924 3038 2979 gemmarum,
3069 2909 3313 2963 vestium.

1784 3000 2134 3064 metallorum,
2157 3007 2210 3052 et
2234 3001 2440 3053 cancris
2466 3000 2784 3068 hujusmodi,
2810 3014 2904 3066 per
2936 2998 3205 3053 oculorum
3245 2996 3315 3050 fe-

1785 3096 1993 3142 nestras
2024 3087 2209 3140 anima:
2235 3095 2317 3140 est
2341 3098 2492 3156 capta
2533 3087 2764 3140 libertas.

1855 3176 1964 3232 ΧΠ.
2003 3178 2229 3232 Rursum
2251 3179 2456 3242 auditu,
2487 3179 2530 3232 si
2556 3179 2700 3232 vario
2736 3193 3049 3247 organorum
3079 3190 3236 3230 cantu
3265 3187 3317 3232 et

1787 3283 1974 3322 vocum
2007 3267 2316 3322 ﬂexionibus
2345 3269 2611 3332 delinitur,
2634 3279 2687 3323 et
2711 3271 2943 3324 carmine
2971 3279 3237 3338 poetannn
3265 3280 3316 3324 ct

1791 3357 2185 3420 comoediarum,
2213 3358 2594 3426 mimorumque
2609 3360 2991 3412 urbanitatibus
3006 3370 3053 3413 et
3068 3362 3317 3427 strophis,

1761 3449 1764 3451 λ
1790 3453 1843 3500 et
1896 3444 2146 3514 quidquid
2170 3459 2264 3511 per
2294 3460 2447 3499 aures
2476 3446 2726 3500 introieris
2780 3447 3080 3499 virilitatem
3113 3449 3321 3500 'mcntis

1791 3535 2075 3590 effeminat.
2125 3535 2312 3589 Odoris
2366 3544 2539 3588 autem
2584 3537 2860 3601 suavitate,
2891 3545 2946 3592 et
2963 3537 3168 3590 diversa
3204 3539 3324 3608 thy-

1791 3625 2116 3686 miamatum,
2139 3631 2194 3676 et
2211 3637 2496 3686 amomum,
2518 3633 2570 3678 et
2595 3626 2854 3694 peregrini
2875 3627 3041 3680 muris
3057 3627 3323 3696 pellicula,

1792 3711 1932 3777 quod
1958 3709 2224 3764 dissolutis
2248 3718 2303 3763 et
2331 3711 2599 3765 amoribus
2633 3713 2894 3766 convenit.
2943 3713 3320 3768 Tactusautcm

1793 3799 2080 3853 alienorum
2105 3813 2400 3867 corporum,
2449 3807 2503 3853 et
2527 3798 2836 3854 feminarum
2865 3801 3132 3856 ardentior
3166 3817 3323 3871 appe-

1793 3887 1920 3940 titus
1938 3887 2135 3940 vitinus
2159 3887 2210 3940 in
2240 3886 2379 3940 fama
2401 3895 2480 3941 est
2508 3887 2708 3957 [Forte,
2731 3889 2915 3944 vitium
2939 3890 3132 3945 infame
3159 3892 3282 3962 est].

1861 3976 1992 4030 Xlll.
2031 3976 2195 4046 igitur
2213 3992 2331 4029 cum
2354 3991 2446 4047 per
2470 3979 2565 4031 has
2591 3986 2771 4047 portas
2797 3981 2947 4048 quasi
2967 3981 3178 4048 quidam
3202 3996 3321 4049 per-

1795 4067 2146 4118 turbationum
2172 4067 2323 4118 cunei
2353 4066 2416 4118 ad
2447 4073 2844 4124 arcemjtostra
2879 4068 3072 4121 mentis
3099 4068 3325 4121 intrave-

1794 4153 1916 4212 rint,
1947 4153 2034 4205 ubi
2062 4153 2162 4204 erit
2190 4152 2434 4206 libertas?
2467 4152 2827 4208 ubifortitudo
2852 4154 3000 4223 ejus?
3020 4157 3106 4210 ubi
3130 4157 3193 4211 de
3221 4156 3325 4209 Deo

1795 4242 2075 4311 cogitatio?
2132 4242 2356 4297 Maxime
2380 4259 2500 4297 cum
2527 4253 2697 4298 tactus
2736 4244 2983 4313 depingat
3030 4246 3127 4298 sibi
3165 4247 3321 4299 etiam

1793 4327 2085 4396 praeteritas
2111 4328 2422 4396 voluptates,
2445 4337 2497 4382 et
2522 4329 2884 4384 recordatione
2907 4331 3150 4386 vitiorum
3171 4341 3323 4403 cogat

1794 4417 2023 4469 animam
2046 4416 2172 4483 pati,
2219 4425 2274 4469 et
2316 4418 2699 4485 quodammodo
2741 4434 2990 4475 exemre
3029 4421 3167 4488 quod
3220 4437 3324 4476 non

1796 4505 1922 4575 agit.
1989 4506 2212 4560 Peccata
2234 4523 2478 4575 namque,
2524 4523 2641 4578 qua
2661 4509 2729 4562 ad
2761 4510 3028 4566 lasciviam
3062 4515 3326 4582 pertinere

1724 4629 1776 4688 Β
1797 4602 2106 4658 noscuntur,
2157 4604 2531 4649 commemorat
2579 4596 2744 4653 lsaias
2786 4601 3036 4670 propheta
3081 4616 3149 4655 ex
3196 4618 3326 4658 voce

1798 4682 2006 4735 Domini
2039 4684 2429 4747 comminantis,
2461 4685 2710 4740 dicendo:
2745 4685 2854 4740 Pro
2878 4703 2940 4741 eo
2959 4688 3094 4756 quod
3120 4689 3325 4743 elevatae

1797 4779 1915 4822 sunt
1939 4770 2062 4837 filiae
2090 4769 2232 4832 Sion,
2260 4780 2306 4822 et
2330 4772 2710 4825 ambulaverunt
2736 4783 2938 4829 esterno
2979 4774 3130 4840 collo,
3159 4788 3208 4830 et
3232 4794 3327 4833 nu-

1798 4861 1931 4912 tibus
1945 4861 2205 4912 oculorum
2232 4861 2370 4912 ibant
2390 4870 2435 4914 et
2462 4861 2787 4930 plaudebant,
2810 4863 3136 4918 ambulabant
3163 4868 3216 4918 in
3241 4883 3324 4935 pe-

1797 4947 1947 4999 dibus
1985 4948 2112 5011 suis,
2143 4937 2415 5016 comsito
2453 4949 2616 5018 gradu
2667 4951 2996 5016 incedebant;
3045 4953 3324 5006 deealoabit

1795 5034 2046 5089 Dominus
2075 5036 2306 5090 uerticem
2329 5037 2553 5104 ﬁliarum
2581 5036 2724 5102 Sion,
2779 5049 2824 5093 et
2852 5040 3101 5094 Dominus
3135 5042 3324 5094 crinem

1795 5139 1973 5177 earnm
1992 5125 2220 5178 nudabit.
2273 5125 2338 5177 In
2357 5126 2439 5180 die
2461 5125 2554 5180 illa
2573 5128 2768 5195 auferet
2786 5128 3036 5183 Dominus
3053 5145 3326 5185 ornamen-

1795 5219 1904 5265 tum
1929 5211 2388 5266 calceamentorum
2407 5223 2452 5268 et
2472 5215 2693 5278 lunulas,
2712 5226 2760 5268 et
2780 5224 3002 5284 torques,
3021 5228 3071 5271 et
3093 5219 3322 5281 monilia,

1796 5307 1844 5353 et
1873 5298 2123 5364 armillas,
2155 5309 2204 5353 et
2231 5303 2426 5365 mitras,
2483 5303 2872 5367 discriminalia,
2909 5312 2956 5359 et
2984 5305 3321 5374 periscelides,

1797 5395 1846 5441 et
1874 5387 2207 5452 matronales,
2227 5397 2274 5441 st
2293 5389 2632 5457 olfactoriola,
2675 5399 2722 5444 et
2748 5391 2976 5456 inaures,
3020 5400 3067 5445 et
3086 5391 3323 5458 annales,

1799 5486 1846 5529 et
1883 5492 2106 5544 gemmas
2140 5479 2194 5530 in
2229 5477 2394 5544 fronte
2436 5479 2705 5547 pendentes
2727 5478 2858 5550 (Isa.
2893 5496 2974 5544 in,
3024 5479 3132 5549 16).
3199 5479 3326 5548 Qua

1797 5565 1973 5620 omnia
1997 5576 2210 5634 propter
2257 5568 2536 5635 superbum
2579 5568 2911 5638 supercilium
2939 5574 2992 5623 et
3034 5569 3326 5639 impudicos

1799 5665 1861 5705 ac
1889 5651 2188 5709 luxuriosos
2227 5663 2377 5710 actus
2394 5655 2664 5713 hominum
2711 5657 2976 5721 dicuntur,
3016 5659 3104 5729 qul
3150 5656 3322 5714 dilusl

1799 5751 1895 5806 per
1921 5743 2097 5798 omnia
2125 5743 2402 5813 desideria,
2432 5762 2619 5815 corpus
2642 5745 2837 5801 ducunt
2857 5747 3135 5816 impurum.
3192 5745 3320 5804 Item
