4110 6462
868 426 966 488 879

1840 436 2149 525 LEIDRADI
2187 433 2651 492 LUGDUNENSIS
2691 437 2985 493 EPISCOPI

3909 451 4015 504 ευ,
4108 470 4110 475 .

870 546 1027 600 Isaias
1051 544 1253 614 pompis
1272 544 1589 599 lascivorum'
1606 546 1955 600 comminatur
1977 549 2187 602 dicens:
2229 547 2381 615 Inge—
2414 550 2456 606 Α
2484 544 2729 616 Ᾰίεγριο,
2771 550 3020 617 adsparsa
3054 551 3210 604 cubili
3234 554 3463 621 myrrha,
3493 564 3547 609 et
3586 558 3719 622 aloe,
3752 567 3815 613 'ct
3841 562 4016 614 cinna-

869 641 1099 685 muerunt
1122 632 1386 701 omnesqui
1408 631 1710 685 (relabantur
1728 632 1896 695 corde,
1917 636 2124 687 cessauit
2146 634 2390 702 gaudium

867 731 1236 791 tympanorum,
1257 724 1438 792 quievit
1460 724 1652 777 sonitus
1678 723 1977 788 latentium,
2004 726 2242 778 conticuit
2269 723 2388 777 dul-

866 807 988 863 cedo
1009 810 1216 862 cithara:
1237 825 1349 861 cum
1376 810 1592 873 cantico,
1641 824 1740 862 non
1768 808 1930 862 bibent
1958 811 2128 863 vinum
2157 823 2174 859 :
2209 826 2389 862 amara

867 895 961 947 erit
998 897 1133 964 potio
1156 894 1431 949 bibentibus
1458 895 1618 960 illam,
1641 897 1814 949 attrita
1837 908 1909 949 est
1951 899 2124 951 (nitas
2149 897 2389 950 vanitatis

869 986 998 1053 (lsa.
1028 1003 1174 1051 xxxv,
1208 988 1361 1039 7-1οκ

934 1075 1067 1129 XIV.
1116 1074 1314 1129 Nomen
1330 1083 1504 1128 autem
1538 1089 1738 1144 pompas
1761 1075 2023 1130 invenitur
2046 1076 2203 1129 etiam
2230 1074 2284 1128 in
2312 1074 2390 1128 di-

867 1164 1002 1218 vinis
1025 1165 1244 1229 litteris,
1275 1164 1410 1218 sicut
1434 1172 1516 1218 est
1540 1163 1664 1217 illud
1713 1166 1765 1218 in
1789 1165 1989 1234 psalmo
2007 1179 2188 1227 χχιιι,
2238 1163 2389 1231 juxta

868 1254 1163 1310 bebraieam
1179 1262 1350 1308 tamen
1368 1253 1781 1308 translationem:
1806 1253 1994 1307 Beatus
2017 1254 2098 1306 vir
2116 1253 2203 1322 qui
2221 1252 2387 1320 possit

765 1378 770 1383 ι
870 1342 1137 1397 Dominum
1162 1342 1517 1410 conﬁdentiam
1540 1359 1707 1406 suam,
1754 1352 1800 1395 et
1826 1359 1925 1395 non
1952 1351 2026 1395 est
2070 1357 2274 1394 atteram
2318 1342 2386 1393 ad

863 1430 1123 1499 superbiae
1148 1444 1451 1498 pompasque
1478 1429 1750 1484 mendacii.
1808 1427 1953 1491 Quod
1983 1428 2082 1481 alia
2115 1427 2386 1482 translatio

866 1520 928 1568 de
948 1516 1130 1570 Graeco
1158 1517 1226 1568 ita
1262 1516 1514 1584 expressit
1544 1530 1557 1567 :
1583 1514 1770 1567 Beatus
1802 1532 1875 1566 m-
1914 1516 2059 1581 cujus
2104 1524 2176 1567 est
2205 1532 2386 1568 nomen

866 1605 1068 1657 Domini
1092 1620 1201 1672 spes
1226 1604 1360 1681 ejus,
1402 1613 1450 1656 et
1476 1619 1576 1657 non
1598 1605 1811 1671 respexit
1837 1608 1888 1655 in
1929 1606 2174 1655 vanitates
2218 1612 2265 1655 et
2307 1606 2383 1656 in-

862 1693 1033 1745 sanias
1055 1690 1231 1759 falsas.
1286 1686 1384 1745 Ubi
1413 1691 1591 1759 utique
1614 1699 1668 1745 et
1696 1692 1805 1758 ipsa
1833 1705 1964 1744 vana
2006 1691 2385 1744 oblectamenta

863 1780 1210 1849 corporalium
1249 1793 1494 1833 sensuum
1537 1779 1815 1847 signiﬁcat.
1878 1779 1933 1831 In
1970 1779 2129 1832 Amos
2177 1794 2384 1849 quoque

2488 648 2679 688 momo.
2733 635 2856 690 Haec
2876 644 2929 689 et
2952 637 3052 691 alia
3073 638 3367 707 huiusmodi
3396 645 3460 696 de
3481 646 3686 713 pompis
3709 649 3913 717 scripta
3935 666 4016 705 re-

2484 723 2781 789 perluatur.

2552 808 2708 863 XVII.
2748 811 2823 867 De
2848 815 3052 869 cmteris
3072 830 3199 870 vero
3231 816 3395 881 vitiis,
3442 820 3552 873 sive
3596 821 3702 875 sint
3732 824 4013 892 spiritalia.

2485 905 2543 949 ut
2566 899 2813 966 haereses,
2858 904 3161 969 schismata,
3203 907 3478 975 iactantia,
3517 911 3735 977 invidia,
3765 916 4013 971 animosi.

2446 1032 2455 1073 ί
2485 992 2585 1055 las,
2614 989 2789 1054 elatio,
2818 990 3032 1057 odium;
3072 995 3182 1048 sive
3203 996 3307 1050 sint
3328 999 3642 1066 corporalia,
3686 1002 3741 1054 id
3768 1012 3855 1057 est
3900 1020 4013 1073 quze

2445 1052 2456 1139 ξ
2484 1052 2589 1127 non
2622 1076 2735 1129 solo
2762 1052 2939 1133 animo
3097 1095 3323 1150 corpore
3365 1052 4016 1154 perpetrantur-uti;

2483 1158 2723 1225 aviditas,
2751 1162 2998 1226 ebrietas,
3027 1165 3449 1234 intemperantia
3482 1169 3779 1234 iornicatio,
3810 1175 4016 1229 adulte-

2483 1246 2617 1299 rium
2634 1264 2659 1312 ς
2678 1248 3019 1305 ecclesiastici
3039 1252 3278 1308 doctores
3312 1256 3512 1320 dicunt,
3538 1257 3680 1325 quod
3720 1259 3787 1314 de
3813 1270 4014 1330 septem

2480 1335 2857 1421 principalibus
2894 1342 3035 1396 vitiis
3061 1345 3365 1412 procedant,
3398 1346 3448 1399 id
3476 1356 3560 1401 est
3579 1348 3646 1403 de
3663 1349 3804 1404 inani
3825 1352 4014 1421 gloria,

2482 1420 2695 1487 invidia,
2722 1425 2821 1488 ira,
2845 1428 3082 1491 tristitia,
3097 1431 3336 1493 avaritia,
3360 1434 3559 1488 ventris
3583 1420 3845 1503 ingluvie,
3860 1448 4015 1507 atque

2481 1508 2707 1563 luxuria.
2754 1513 2880 1576 Qua:
2909 1515 3032 1568 vitia
3072 1517 3267 1572 habent
3310 1527 3532 1575 matrem
3560 1529 3615 1575 et
3661 1523 3899 1592 reginam
3929 1541 4015 1579 su-

2480 1598 2734 1665 perbiam,
2764 1601 2847 1654 cui
2869 1603 3019 1670 quasi
3049 1604 3208 1659 duces
3239 1620 3364 1660 cum
3389 1608 3499 1662 suis
3520 1611 3842 1665 exercitibus
3862 1598 4015 1667 obse-

2482 1695 2729 1752 quuntur.
2795 1686 2917 1741 Ilaec
2936 1699 3134 1756 septem
3167 1694 3292 1746 vitia
3318 1694 3607 1763 signiﬁcata
3635 1712 3730 1766 per
3754 1698 3873 1752 illas
3892 1717 4006 1770 gen-

2483 1780 2581 1835 tes,
2628 1789 2761 1842 quas
2793 1777 2975 1829 voluit'
3022 1778 3273 1832 Dominus
3324 1782 3486 1835 deleri
3521 1798 3616 1851 per
3653 1785 3790 1840 ﬁlios
3832 1788 4013 1851 Israel.

862 1842 1130 1937 propheta,
1157 1868 1246 1939 ubi
1271 1867 1342 1921 ait
1366 1885 1378 1920 :
1437 1866 1525 1921 Vae
1549 1842 1635 1938 qui
1660 1867 1881 1937 opulenti
1910 1869 2026 1921 estis
2069 1870 2122 1920 in
2150 1842 2317 1936 Sion;
2342 1879 2389 1921 et
2417 1842 2464 1902 Β
2488 1860 2696 1914 Είὶιεεοε
2724 1862 2963 1915 Videlicet
3006 1875 3058 1917 el
3100 1865 3447 1935 Gorgesszeos,
3476 1842 3538 1925 et
3565 1871 3923 1939 Amorrhmos,

865 1957 1117 2024 conﬁditis
1142 1958 1198 2009 in
1223 1966 1387 2010 monte
1414 1954 1664 2010 Samaria:
1692 1959 1974 2025 optimates,
2033 1957 2200 2024 capita
2227 1972 2389 2023 popu-

865 2049 1047 2107 lorum,
1078 2045 1406 2114 ingredientes
1428 2046 1708 2113 pompatice
1731 2043 1935 2096 domum
1964 2042 2129 2095 Israel
2144 2060 2160 2103 ;
2196 2045 2282 2111 qui
2308 2058 2389 2095 se-

863 2136 1030 2199 parati
1050 2134 1168 2187 estis
1192 2134 1245 2186 in
1262 2133 1342 2184 die
1350 2132 1512 2195 malo,
1530 2141 1576 2184 et
1588 2131 1996 2200 appropinquatis
2008 2132 2136 2183 solio
2151 2132 2393 2199 iniquita-

865 2222 960 2286 tis;
980 2223 1065 2290 qui
1091 2220 1320 2274 dormitis
1336 2220 1385 2272 in
1401 2218 1539 2272 lectis
1566 2219 1816 2281 eburneis,
1840 2228 1884 2271 et
1900 2219 2140 2272 lascivitis
2157 2221 2208 2273 in
2219 2220 2392 2272 stratis

865 2314 1072 2377 uestris;
1126 2311 1211 2381 qui
1256 2310 1512 2363 comeditis
1564 2325 1750 2379 agnum
1797 2309 1859 2362 de
1883 2325 2051 2377 grege,
2098 2319 2145 2361 et
2178 2308 2391 2362 vitulum

862 2402 923 2457 de
968 2399 1238 2467 armentis,
1288 2399 1374 2471 qui
1415 2398 1631 2451 cantatis
1672 2397 1739 2447 ad
1788 2412 1955 2449 rocem
1984 2395 2209 2463 psalterii
2258 2398 2390 2448 sicut

864 2491 1047 2545 Dauid.
1100 2488 1413 2542 Putaverunt
1461 2505 1514 2542 se
1562 2483 1745 2542 habere
1772 2499 1893 2540 mm
1942 2482 2125 2539 cantici
2171 2482 2388 2536 bibentes

863 2582 913 2633 in
947 2578 1133 2650 phialis
1178 2579 1349 2637 vinum
1375 2615 1390 2643 ,
1444 2586 1492 2629 et
1535 2578 1720 2643 optimo
1763 2585 2015 2642 unguento
2063 2568 2289 2630 delibuti,
2339 2579 2387 2622 et

858 2666 989 2718 nihil
1035 2666 1357 2736 patiebantur
1400 2679 1553 2733 super
1582 2663 1935 2715 contritionem
1988 2661 2167 2731 Ioseph
2208 2656 2385 2729 (Amos

867 2769 935 2815 vx,
964 2754 1107 2823 1-6).
2075 2809 2078 2811 .

926 2846 1037 2900 XV.
1079 2845 1285 2911 Pompa:
1304 2842 1489 2897 diaboli
1532 2841 1727 2896 faciunt
1752 2842 2013 2894 hominem
2060 2838 2306 2891 lascivum
2332 2844 2388 2889 et

862 2949 1071 2997 vanum,
1114 2948 1209 3002 per
1234 2947 1349 3001 quas
1377 2931 1598 2985 edicitur
1623 2946 1652 2983 a
1678 2931 1815 2984 bono
1844 2929 2127 2990 mutabilis,
2165 2927 2287 2980 mali
2309 2935 2385 2981 te-

794 3078 803 3089 ,
861 3024 981 3083 nas,
1019 3021 1069 3073 in
1092 3019 1460 3086 verbogravis,
1483 3019 1536 3071 in
1580 3019 1755 3071 animo
1777 3018 1965 3085 turpis,
1990 3016 2182 3081 ubique
2202 3014 2381 3077 fallax,

862 3107 1009 3160 ltetus
1044 3104 1113 3156 ad
1155 3116 1424 3171 prospera,
1451 3102 1652 3169 fragilis
1693 3103 1756 3154 ad
1794 3102 2030 3165 adversa,
2069 3099 2276 3154 inﬂatus
2315 3101 2379 3153 ad
2402 3142 2447 3205 ϐ

858 3192 1124 3262 obsequia,
1148 3192 1331 3245 anxius
1356 3191 1420 3244 ad
1438 3190 1735 3257 opprobria,
1765 3189 2137 3250 immoderatus
2172 3189 2237 3242 ad
2258 3204 2384 3257 gau-

860 3284 966 3347 dia,
1010 3281 1179 3336 facilis
1216 3281 1278 3334 ad
1301 3282 1547 3340 humana,
1592 3276 1812 3331 diiilcilis
1844 3277 1909 3329 ad
1957 3278 2193 3331 honesta.
2240 3276 2384 3331 Desi-

860 3370 1005 3423 derio
1041 3368 1403 3436 comparandae
1441 3365 1701 3432 opinionis
1734 3364 1998 3426 incensus,
2038 3364 2116 3417 eis
2141 3365 2387 3432 operibus

862 3457 1054 3525 quibus
1067 3456 1255 3509 emitur
1267 3453 1413 3507 favor
1422 3453 1677 3505 humanus
1698 3451 1933 3512 inservit,
1947 3458 2002 3505 et
2020 3439 2223 3505 morum
2249 3452 2385 3507 bona

862 3546 1168 3609 contemnit,
1197 3550 1501 3609 tantumque
1531 3555 1651 3594 eum
1677 3540 1831 3593 ardor
1857 3539 2099 3593 humana:
2118 3540 2281 3594 laudis
2306 3541 2387 3594 in-

861 3638 1113 3699 ﬂammat,
1138 3640 1199 3687 ut
1223 3630 1480 3686 laboriosa
1502 3643 1659 3697 opera
1693 3641 1809 3694 qum
1833 3627 2050 3695 populus
2075 3627 2382 3691 admiratur,

860 3734 912 3777 et
938 3722 1127 3792 quibus
1145 3719 1281 3773 fama
1310 3718 1629 3779 diliunditur,
1658 3718 1770 3769 sine
1795 3714 1970 3769 labore
2017 3716 2282 3783 suscipiat,
2325 3726 2385 3771 ut

863 3813 988 3863 foris
1009 3810 1096 3863 ubi
1125 3815 1295 3877 potest
1314 3819 1531 3875 magnus
1554 3802 1841 3871 splendeat,
1881 3816 1997 3854 cum
2026 3802 2166 3855 intus
2193 3804 2277 3855 ubi
2301 3818 2385 3854 so-

863 3902 941 3952 lus
963 3899 1101 3953 Deus
1128 3896 1288 3957 videt,
1311 3893 1568 3961 squalent.

930 3984 1064 4039 XVI.
1105 3984 1241 4040 Sunt
1279 3983 1436 4037 etiam
1457 3994 1683 4047 quorum
1719 3980 1878 4033 vitam
1905 3978 2076 4049 lingua
2119 3980 2283 4045 turpis
2306 3979 2386 4033 in-

864 4077 1113 4133 ﬂammat,
1158 4070 1247 4136 qui
1286 4068 1658 4129 inverecundus
1701 4080 1969 4120 sermones
1995 4073 2087 4117 aut
2111 4064 2384 4131 proferunt

865 4160 1103 4218 libenter,
1133 4156 1475 4213 autaudiuut.
1526 4153 1637 4207 Iloc
1658 4152 1941 4220 loquuntur
1981 4152 2119 4218 quod
2145 4152 2380 4218 diligunt,

863 4255 919 4302 et
937 4242 1311 4300 delectabiliter
1344 4241 1560 4295 audiunt
1584 4242 1719 4308 quod
1743 4242 1965 4295 assiduis
1986 4241 2384 4309 cogitationibus

862 4335 1095 4398 volvunt,
1111 4343 1163 4388 et
1186 4342 1387 4401 turpem
1423 4333 1791 4397 conscientiam
1814 4332 2171 4387 manifestam.
2232 4332 2384 4387 Tales

2484 1946 2826 2011 Chananseos,
2878 1957 2930 2002 et
2956 1950 3279 2017 Pheresuaos,
3326 1965 3378 2009 et
3401 1957 3601 2023 Evaeos,
3623 1970 3682 2014 et
3704 1962 4007 2019 Gebusazos.

2484 2034 2550 2087 Et
2572 2050 2751 2089 revera
2768 2037 2957 2092 multas
2985 2048 3038 2092 et
3062 2043 3237 2095 varias
3256 2058 3351 2111 per
3372 2045 3502 2100 alios
3525 2056 3683 2117 atque
3705 2042 3839 2104 alios
3867 2068 4011 2122 reges

2484 2130 2535 2175 et
2556 2123 2773 2191 populos
2795 2125 3047 2181 Dominus
3084 2138 3175 2182 aut
3199 2133 3465 2190 transtulit
3484 2143 3577 2187 aut
3601 2138 3832 2192 vastavit
3859 2149 4011 2208 atque

2486 2211 2691 2265 delevit.
2748 2212 2853 2267 Has
2875 2225 3051 2269 autem
3083 2226 3263 2287 gentes
3299 2221 3495 2276 idcirco
3531 2236 3628 2290 per
3667 2223 3806 2280 illius
3854 2226 4011 2281 Israel

2486 2298 2647 2351 voluit
2669 2299 2948 2368 exstingui,
2976 2310 3033 2355 ut
3057 2304 3378 2372 signiﬁcaret
3392 2308 3443 2359 in
3465 2311 3767 2375 septenario
3793 2327 4010 2368 numero

2485 2387 2593 2439 lucc
2627 2387 2751 2438 vitia
2798 2389 2863 2441 ab
2907 2390 3089 2443 electis
3127 2393 3237 2445 suis
3280 2395 3532 2447 vincenda
3559 2403 3716 2463 atque
3741 2398 4006 2453 calcanda.

2483 2470 2617 2524 Hinc
2637 2482 2690 2525 et
2733 2471 2953 2528 Samson
2968 2488 3166 2545 septem
3190 2477 3340 2533 funes
3357 2483 3552 2550 quibus
3577 2482 3771 2553 ligatus
3794 2489 4009 2554 putaba-

2483 2567 2568 2617 tur
2596 2559 2838 2629 disrupit,
2870 2563 3000 2615 utin
3021 2566 3319 2632 septenario
3342 2582 3561 2622 nuutero
3584 2570 4008 2640 signiﬁcarentur

2482 2650 2593 2706 haec
2617 2650 2758 2711 vitia,
2787 2658 2841 2704 et
2857 2666 2951 2719 per
2968 2653 3081 2707 haec
3101 2654 3227 2707 vitia
3245 2656 3418 2710 omnia
3434 2666 3661 2725 "peccata
3686 2664 3897 2729 generis
3916 2665 4007 2716 bu-

2386 2768 2389 2771 -
2483 2737 2642 2804 mani,
2661 2750 2777 2808 quae
2806 2736 3055 2792 Dominus
3073 2747 3253 2797 noster
3276 2739 3432 2798 iesus
3453 2742 3695 2802 Christus
3718 2747 3935 2817 pertulit
3956 2749 4005 2801 in

2480 2841 2697 2895 corpore
2723 2842 2817 2882 suo
2836 2843 2993 2897 super
3017 2829 3236 2898 lignum,
3275 2838 3334 2884 ut
3358 2833 3495 2887 illius
3512 2833 3731 2888 vulnere
3762 2851 4005 2890 sanares»

2481 2926 2566 2972 tur
2597 2931 2752 2988 atque
2777 2921 3223 2990 disrumperentur
3253 2924 3307 2977 in
3333 2924 3503 2988 nobis,
3533 2937 3589 2980 et
3626 2938 4005 2997 musaquenter

2481 3008 2553 3060 illi
2576 3010 2847 3063 dicamus:
2878 3010 3126 3079 Dirupisti
3150 3012 3350 3066 uincula
3375 3028 3520 3079 mea;
3567 3016 3659 3069 tibi
3704 3018 4001 3084 sacriﬁcabo

2480 3098 2695 3150 hostiam
2729 3098 2916 3153 laudis.
2956 3099 3085 3153 Nam
3105 3100 3225 3169 quia
3263 3102 3349 3157 bis
3390 3110 3590 3170 septem
3630 3093 3893 3173 superbiai
3930 3108 4003 3160 vi-

2485 3188 2573 3241 tiis
2595 3202 2690 3242 nos
2721 3198 2902 3257 captos
2920 3189 3103 3253 doluit,
3128 3190 3327 3245 idcirco
3346 3190 3663 3260 Redemptor
3712 3203 3897 3249 noster
3939 3207 4002 3249 ac

2483 3281 3055 3348 spiritaleliberationis
3078 3281 3313 3349 praelium
3327 3281 3523 3351 Spiritu
3540 3281 3865 3351 septiformis
3889 3295 4003 3353 gra-

2483 3369 2568 3422 tia:
2587 3367 2768 3435 plenus
2792 3369 2952 3421 venit.
3018 3388 3023 3394 ·

2552 3455 2725 3511 XVIII.
2759 3456 2863 3511 Sed
2897 3458 3092 3512 habent
3123 3466 3302 3511 contra
3327 3472 3424 3512 nos
3442 3457 3556 3514 hanc
3578 3460 3786 3528 singula
3804 3466 4001 3518 exerci-

2482 3558 2592 3602 tum
2618 3562 2789 3602 suum.
2841 3549 2915 3602 De
2934 3548 3238 3611 eenodoxia,
3264 3547 3315 3601 id
3338 3556 3420 3601 est
3440 3548 3583 3602 inani
3609 3548 3795 3619 gloria,
3826 3550 3998 3605 inobe-

2481 3636 2691 3698 dientia,
2713 3636 2988 3705 jactautia,
3025 3636 3332 3705 hypocrisis,
3366 3638 3743 3698 contentiones,
3775 3640 3999 3708 pertina-

2479 3724 2596 3786 uim,
2612 3723 2911 3786 discordiae,
2932 3730 2987 3777 et
3004 3723 3288 3778 uovitatum
3301 3726 3729 3791 prmsumptiones
3741 3727 3995 3779 oriuntur.

2481 3811 2553 3862 De
2576 3809 2788 3873 invidia,
2807 3809 3006 3872 odium,
3022 3809 3325 3870 susurratio,
3344 3809 3617 3873 detractio,
3646 3810 3928 3865 exsultatio
3951 3814 3999 3864 in

2481 3900 2714 3952 adversis
2739 3899 2981 3968 proximi,
3030 3897 3241 3950 alliictio
3263 3905 3434 3950 autem
3476 3899 3529 3951 in
3553 3902 3821 3966 prosperis
3838 3903 4000 3954 nasci-

2480 3996 2582 4038 tur.
2630 3987 2703 4039 De
2722 3987 2817 4049 ira,
2840 3986 2991 4048 riam,
3010 3992 3184 4037 tumor
3195 3984 3403 4045 mentis,
3417 3985 3766 4048 contumeliae,
3785 3987 3992 4041 clamor.

2480 4076 2784 4142 indignatio,
2838 4074 3170 4142 blasphemiae
3210 4072 3563 4140 proferuntur.
3639 4074 3716 4127 De
3767 4076 3992 4130 tristitia.

2480 4162 2697 4222 malitia,
2752 4175 2976 4224 rancor,
3008 4160 3424 4226 pusillanimitas,
3462 4158 3780 4226 desperatio,
3827 4169 3997 4228 torpor

2478 4251 2617 4303 circa
2638 4257 2915 4317 praecepta,
2945 4249 3149 4317 vagatio
3181 4247 3370 4301 mentis
3388 4262 3511 4317 erga
3535 4248 3717 4302 illicita
3746 4251 3991 4304 nascitur.

2479 4340 2554 4393 De
2598 4340 2834 4400 avaritia,
2858 4338 3101 4405 proditio,
3132 4336 3295 4401 fraus,
3332 4335 3553 4401 fallacia,
3582 4338 3892 4406 periurium,
3923 4340 3995 4391 in.

865 4425 1003 4478 enim
1031 4422 1299 4488 Scriptura
1325 4421 1622 4483 ἱηιτοάυείιο
1662 4435 1777 4488 Ill“l3
1803 4420 1875 4472 ait
1912 4433 1926 4471 ε
1958 4419 2207 4472 Dixerunt
2245 4421 2376 4474 enim
2409 4440 2453 4498 ι)
2478 4429 2740 4497 quietudo,
2762 4427 3026 4488 violentia,
3062 4435 3116 4479 et
3138 4434 3319 4479 contra
3344 4426 3754 4499 misericordiam
3775 4427 3993 4480 obdura-

866 4510 1001 4578 npud
1021 4528 1073 4571 se
1096 4511 1370 4577 cogitantes
1390 4524 1494 4568 non
1518 4519 1661 4561 recte.
1711 4509 1778 4561 Et
1801 4516 1918 4576 post
1944 4508 2117 4574 aliqua
2152 4526 2163 4559 :
2209 4506 2377 4561 Venite

866 4612 983 4665 ergo
1000 4605 1057 4650 .et
1086 4596 1318 4661 fruantur
1336 4595 1485 4658 bonis
1510 4610 1624 4663 qua!
1649 4604 1788 4656 sunt,
1828 4603 1874 4647 et
1913 4603 2119 4646 utamur
2145 4602 2377 4650 creatura

867 4693 1108 4751 tanquam
1128 4681 1181 4746 in
1187 4680 1447 4746 iuventute
1461 4678 1704 4742 celeriter,
1726 4680 1836 4731 vino
1854 4682 2070 4751 pretioso
2088 4688 2136 4733 et
2154 4694 2379 4747 unguen-

876 4756 958 4823 tis'
982 4783 1073 4825 nos
1098 4765 1490 4842 impleamus,“
1515 4783 1615 4823 non
1654 4775 1916 4834 prtrtereat
1941 4783 2030 4821 nos
2056 4769 2150 4834 llos
2186 4777 2376 4834 tempo-

830 4857 832 4860 ’
871 4856 960 4907 ris.
1010 4851 1315 4921 Cpronemus
1341 4867 1430 4907 nos
1455 4855 1876 4922 rosispntequam
1896 4852 2207 4915 marcescant
2228 4867 2245 4902 :
2268 4854 2395 4916 nul-~

870 4942 1199 5009 lumpratum
1213 4940 1302 5003 sit,
1329 4938 1461 5008 quod
1480 4954 1583 5001 non
1598 4948 1916 5007 pertranseat,
1940 4939 2144 5003 lunaria
2181 4948 2397 5003 nostrq._

876 5029 1041 5091 Nemo
1062 5038 1282 5090 uestrum
1308 5030 1371 5080 sit
1390 5043 1562 5095 exsors
1584 5026 1800 5094 luxuria:
1817 5039 2009 5093 nostris
2030 5042 2056 5092 ξι
2078 5030 2274 5098 ubique
2296 5046 2393 5091 se-

871 5118 1160 5187 !inquamus
1186 5116 1327 5181 signa
1353 5114 1820 5185 mutummutum
1846 5118 2043 5181 honest
2069 5133 2188 5185 pars
2210 5129 2382 5180 nostra

872 5212 916 5251 rt
944 5203 1051 5264 [utre
1092 5216 1209 5263 sors
1237 5199 1379 5268 (Sap.
1403 5218 1467 5264 tt,
1502 5203 1524 5256 1
1558 5200 1705 5269 καφ),
1734 5199 1935 5257 Horum
1960 5203 2254 5265 illecollram
2281 5205 2383 5261 sub

875 5289 1045 5353 siculo
1066 5288 1301 5343 mulieris
1322 5288 1565 5351 adulterae
1585 5296 1638 5341 et
1656 5288 1901 5347 Salomon
1924 5290 2168 5352 ostendit,
2194 5292 2263 5345 de
2281 5306 2382 5359 qua

873 5374 1004 5426 dicit
1045 5374 1181 5441 quod
1232 5375 1439 5433 vecordi
1474 5373 1650 5443 juveni
1703 5386 1946 5431 occurrat
1989 5386 2176 5441 ornatu
2229 5381 2378 5441 meri-

877 5463 1051 5532 tricio,
1086 5471 1371 5537 praeparata
1420 5464 1489 5537 ad
1514 5463 1799 5538 capiendas.
1830 5466 2052 5533 animus,
2090 5467 2303 5537 garrula
2329 5476 2382 5522 et

882 5564 1007 5617 vaga
1029 5587 1043 5612 ,
1089 5548 1279 5618 quietis
1302 5550 1608 5619 impatiens;
1661 5565 1781 5617 quau
1821 5552 1946 5609 dicit
1993 5566 2049 5604 se
2079 5553 2271 5605 habere
2307 5554 2386 5615 in—

882 5648 1078 5690 textum
1101 5637 1308 5692 funibus
1356 5639 1562 5701 lectum,
1593 5649 1810 5693 stratum
1839 5639 2095 5705 tapetibus
2135 5641 2286 5708 pictis
2318 5656 2379 5695 ex

2477 4516 2550 4568 tio
2576 4515 2752 4591 cordis
2777 4514 3036 4567 oriuntur.
3080 4512 3156 4566 De
3189 4514 3390 4568 ventris
3412 4512 3661 4582 ingluvie,
3715 4513 3885 4581 inepta
3910 4514 3993 4567 lae-

2476 4601 2610 4662 titia,
2649 4600 2967 4663 scurrilitas,
3014 4601 3357 4664 immunditia,
3382 4602 3789 4672 multiloquium,
3841 4604 3992 4658 hebe-

2478 4689 2601 4741 tudo
2637 4702 2819 4741 sensus
2840 4688 2979 4740 circa
3018 4687 3407 4756 intelligentiam
3436 4697 3776 4758 propagatur.
3827 4689 3988 4744 Delu.

2474 4777 2647 4839 suria,
2680 4776 2887 4828 crrcitas
2908 4774 3117 4836 mentis,
3156 4776 3576 4839 inconsideratio,
3625 4778 3987 4840 inconstantia,

2476 4862 2839 4929 przecipitatio,
2872 4875 3019 4915 amor
3046 4860 3146 4925 sui,
3183 4862 3357 4914 odium
3382 4861 3493 4922 Dei,
3530 4860 3749 4916 allectus
3769 4878 3988 4930 praesen-

2479 4948 2545 5001 tis
2565 4948 2761 5013 sxeculi,
2807 4950 2994 5001 horror
3016 4958 3187 5002 autem
3212 4949 3290 5002 vel
3331 4949 3810 5021 desperatio-fumri
3842 4965 3988 5018 gene-

2479 5043 2678 5087 rantur.
2746 5035 2821 5087 Ει
2864 5036 3055 5103 quibus
3079 5035 3317 5087 videlicet
3337 5043 3557 5099 septem,
3584 5035 3700 5086 ideo
3736 5043 3858 5086 sunt
3882 5051 3988 5088 car—

2479 5121 2633 5182 nalia.
2676 5122 2729 5176 id
2772 5123 3075 5175 estventtis
3115 5120 3369 5187 ingluvies
3397 5120 3681 5172 tat-luxuria
3715 5138 3728 5171 :
3766 5123 3985 5190 quinque

2480 5217 2651 5264 autem
2696 5209 2967 5275 spiritalia.
3021 5207 3121 5261 Sed
3167 5205 3568 5275 tutumquodque‘
3615 5222 3798 5261 eorum
3850 5216 3985 5259 tanta

2479 5295 2576 5347 sibi
2620 5296 2923 5363 cognatione
2944 5295 3202 5362 jungitur,
3242 5300 3300 5355 ut
3323 5294 3539 5347 «nonnisi
3561 5307 3722 5345 unum
3748 5294 3812 5345 de
3835 5291 3989 5347 altero

2480 5385 2788 5451 proferatur.
2856 5385 3027 5437 Prima
3055 5398 3280 5452 namque
3314 5383 3486 5436 inanis
3533 5380 3693 5449 gloria
3725 5382 3886 5451 gignit
3915 5383 3987 5435 in-

2481 5474 2701 5526 vidiam:
2749 5474 2887 5539 quia
2916 5474 3037 5526 dum
3079 5475 3195 5525 vani
3245 5472 3471 5525 nonninis
3512 5472 3806 5538 potentiam
3841 5485 3984 5540 appe

2483 5560 2567 5622 tit,
2613 5576 2678 5614 ne
2722 5560 2839 5626 quis
2886 5560 3022 5613 hanc
3064 5561 3196 5613 alius
3244 5556 3455 5626 adipisci
3477 5557 3696 5621 valeat,
3753 5558 3981 5611 tabescit.

2484 5643 2570 5695 Sic
2613 5657 2819 5712 quoque
2856 5645 2919 5697 de
2966 5643 3158 5697 invidia
3196 5650 3473 5710 generatur
3521 5642 3617 5707 ira,
3673 5642 3982 5697 tristitiaau-

3537 6122 4110 6422 Α
