4110 6414
108 500 204 553 S'Sl

1496 494 1866 550 EPISTOLJE.

3169 506 3278 561 88!.

103 620 211 665 tem
267 612 335 663 ab
387 609 610 663 avaritia
655 608 941 661 derivatur.
1006 608 1081 660 De
1118 607 1318 661 duobus
1363 620 1488 660 vero
1528 619 1647 675 qua:
1675 604 1721 662 A
1746 622 1928 662 verum
1966 609 2123 665 etiam
2167 613 2731 680 praeponuntur-nobis
2758 630 2785 667 a
2816 614 2922 669 Deo
2968 624 3271 684 potestates,

102 698 339 751 carnalia
388 705 529 759 sunt,
593 696 799 751 cunctis
833 695 1014 763 liquet,
1060 694 1125 747 de
1176 694 1374 747 ventris
1423 692 1649 761 ingluvie

102 787 375 841 luxuriam
432 785 597 840 nasci.
669 783 799 850 Quia
839 784 960 838 dum
1015 798 1177 838 unum
1226 770 1520 836 inordinate
1566 796 1649 835 re-

102 876 302 938 ﬁcitur,
345 874 567 929 alterum
615 873 796 942 procul
849 872 1008 927 dubio
1043 871 1109 924 ad
1130 871 1476 924 contumelias
1509 870 1648 924 exci-

104 947 289 1017 tatur.’
1225 991 1228 995 -

171 1050 312 1104 XIX.
349 1050 453 1104 Alii
482 1058 680 1114 autem,
719 1050 944 1103 maxime
988 1049 1157 1103 sancti
1178 1047 1366 1102 Patres
1392 1046 1648 1117 Egyptii,

99 1150 226 1195 octo
252 1140 632 1193 dixeruntesse
650 1137 959 1206 principalia
984 1138 1134 1200 vitia,
1187 1145 1241 1190 et
1260 1137 1431 1205 prima
1462 1150 1651 1205 posue-

99 1237 227 1281 runt
249 1241 310 1280 ea
331 1241 450 1296 quae
474 1227 561 1281 hic
587 1225 819 1281 carnalia
841 1225 979 1279 dicta
1006 1233 1149 1290 sunt,
1171 1226 1316 1279 idest
1337 1226 1648 1295 gastrimar—

98 1316 262 1384 giam.
280 1316 421 1383 quod
447 1313 817 1369 sonat'ventris
837 1314 1138 1384 ingluviem,
1155 1322 1209 1367 et
1227 1313 1646 1374 fornicationem.

97 1401 242 1469 quod
258 1402 344 1455 hic
358 1401 588 1470 generali
616 1402 827 1456 nomine
844 1401 1050 1455 luxuria
1075 1402 1394 1456 nominatur.
1413 1401 1648 1455 Tertium

99 1488 502 1557 philargyriam,
548 1488 599 1541 id
641 1496 722 1541 est
762 1493 997 1543 amorem
1056 1489 1310 1557 pecuniae,
1363 1489 1503 1556 quod
1555 1503 1651 1542 nos

99 1578 382 1629 avaritiam
415 1577 767 1631 nominamus.
826 1558 1081 1643 Qirartum
1112 1579 1264 1641 iram,
1300 1579 1540 1645 quintum
1559 1578 1650 1630 tri-

97 1667 326 1728 stiriam,
357 1675 566 1719 sextum
607 1666 859 1727 acediam,
889 1666 938 1719 id
983 1673 1066 1719 est
1091 1667 1408 1719 anxietatem
1444 1680 1535 1719 seu
1559 1674 1650 1719 ue-

98 1756 247 1807 dium
268 1754 465 1815 cordis,
495 1754 634 1821 quod
665 1755 826 1806 nostri
856 1754 1261 1807 inconstantiam
1289 1755 1371 1807 vel
1393 1754 1651 1825 vagatita-

99 1852 210 1896 tem
243 1843 518 1895 nominare
540 1842 727 1895 solent.
783 1840 1073 1910 Septimum
1118 1842 1483 1907 cenodoxiam,
1511 1843 1650 1910 quod

99 1945 202 1983 nos
228 1930 438 1983 inanem
467 1930 688 1998 gloriam
726 1929 967 1983 dicimus.
1035 1928 1294 1983 Octavum
1327 1931 1645 1998 superbiam.
1683 1912 1723 1968 Β

100 2020 567 2075 Przntermiserunt
597 2036 723 2075 vero
774 2022 1045 2085 invidiam,
1086 2022 1371 2075 maximum
1397 2023 1654 2090 superbia:

98 2110 306 2177 prolem
370 2125 433 2163 ac
481 2112 767 2174 comitem;
817 2112 1127 2165 addiderunt
1166 2106 1341 2165 autem
1387 2113 1651 2173 acediam,

102 2199 247 2265 quod
292 2199 541 2252 doctores
573 2199 821 2254 Ecclesia:
870 2201 1008 2254 inter
1046 2203 1355 2269 principalia
1397 2204 1521 2256 vitia
1551 2220 1652 2256 nou

98 2295 420 2356 posuerunt,
473 2288 565 2341 sed
587 2289 754 2358 magis
787 2288 910 2343 illud
938 2291 1002 2345 de
1026 2292 1261 2354 tristitia,
1310 2293 1419 2344 sive
1451 2293 1653 2346 luxuria

103 2376 253 2431 nasci
278 2376 562 2430 dixerunt:
610 2378 731 2447 quia
759 2389 811 2433 et
831 2394 1014 2435 revera
1041 2381 1191 2449 quasi
1221 2382 1489 2450 proprium
1513 2382 1657 2435 vide-

103 2476 194 2520 tur
218 2481 338 2520 esse
358 2468 758 2520 monachorum.
830 2467 959 2521 Nam
986 2470 1303 2537 generaliter
1353 2471 1406 2523 in
1452 2470 1657 2524 cunctis

105 2554 353 2608 ﬁdelibus
381 2553 546 2607 multo
569 2555 741 2609 minus
766 2557 961 2611 malum
982 2550 1199 2609 ividetur
1226 2571 1361 2619 csse,
1390 2572 1544 2625 quam
1579 2558 1656 2610 in-

104 2643 277 2695 vidia:
331 2642 455 2710 quia
484 2649 538 2695 et
566 2643 618 2695 in
648 2643 837 2697 divinis
867 2644 1055 2698 litteris
1082 2643 1265 2710 majori
1312 2646 1658 2700 detestatione

105 2736 350 2781 notatum
400 2716 666 2783 ir?venitur
716 2731 931 2795 invidia,
989 2747 1147 2799 quam
1194 2733 1415 2801 vagatio
1446 2735 1655 2806 mentis.

107 2815 368 2873 Ultimum
393 2827 684 2888 posuerunt
709 2819 1029 2889 superbiam,
1072 2821 1212 2890 quod
1242 2822 1328 2874 alii
1354 2838 1565 2875 causam
1606 2830 1659 2875 et

103 2910 372 2976 originem
401 2911 637 2964 omnium
666 2911 913 2965 vitiorum
940 2925 1057 2964 esse
1075 2910 1339 2964 dixerunt.
1387 2911 1451 2964 Et
1471 2925 1659 2963 revera

107 3000 447 3068 perspicuum
489 3008 571 3053 est
615 3015 720 3054 non
741 3001 806 3053 de
836 3000 975 3054 inani
1006 3001 1171 3071 gloria
1216 3001 1536 3068 superbiam,
1568 3000 1658 3054 sed

104 3093 170 3145 de
198 3089 451 3160 superbia
476 3091 687 3143 inanem
740 3089 960 3159 gloriam
1007 3091 1270 3159 generari.
1323 3089 1442 3142 Pari
1481 3098 1660 3143 autem

102 3187 360 3236 contentu
406 3180 619 3251 utrique
656 3179 851 3247 duplici
891 3193 952 3233 ea
983 3179 1237 3233 divisione
1283 3179 1658 3243 distinxerunt,

105 3268 156 3321 id
178 3277 265 3323 est
292 3266 526 3321 carnalia
551 3272 604 3320 et
624 3267 900 3334 spiritalia,
939 3282 1057 3319 cum
1086 3259 1258 3319 tamen
1287 3265 1568 3335 Apostolus
1590 3268 1659 3322 si-

106 3356 214 3409 mul
234 3354 413 3409 omnia
442 3369 603 3424 opera
621 3355 794 3409 carnis
820 3354 1097 3408 manifesta
1122 3371 1237 3409 esse
1276 3356 1485 3409 dixerit.
1538 3355 1661 3411 Om-

103 3448 251 3499 nium
298 3460 509 3514 quoque
559 3445 806 3499 vitiorum
855 3444 1188 3501 efficientiam
1221 3449 1657 3518 quadripartitam

101 3550 220 3590 esse
263 3536 468 3589 dicunt.
525 3534 657 3587 Nam
707 3535 947 3604 quaedam
993 3538 1202 3590 nonnisi
1260 3548 1379 3591 actu
1423 3540 1660 3606 corporis

100 3623 467 3679 consummari
505 3628 745 3691 possunt,
783 3630 841 3676 ut
884 3624 1085 3676 ventris
1114 3624 1369 3693 ingluvies
1415 3635 1467 3678 et
1495 3626 1660 3679 forni-

101 3716 277 3767 catio:
324 3712 569 3781 qmedarn
600 3726 724 3766 vero
753 3712 866 3765 sine
893 3712 995 3765 ulla
1017 3713 1256 3781 corporis
1285 3714 1488 3766 actione
1517 3728 1659 3767 com-

101 3803 332 3870 plentur,
387 3808 448 3853 ut
474 3799 719 3869 superbia
753 3802 1148 3856 cteenodoxia:
1198 3805 1436 3873 quaedam
1483 3815 1657 3855 autem

102 3891 479 3944 commotionis
526 3904 633 3942 suae
683 3904 869 3944 causas
896 3891 1225 3944 extrinsecus
1257 3892 1547 3958 excipiunt,
1600 3899 1658 3943 ut

102 3983 332 4035 avaritia
357 3987 412 4033 et
432 3979 537 4031 ira;
570 3976 670 4029 alia
701 3993 827 4031 vero
868 3978 1135 4033 intestinis
1176 3980 1404 4034 motibus
1423 3980 1657 4033 excitan-

102 4079 210 4133 tur,
247 4079 306 4122 ut
328 4068 509 4121 aced‘ia
550 4074 706 4132 atque.
734 4067 966 4120 tristitia.

170 4157 291 4211 XX.
335 4154 458 4208 llmc
482 4161 535 4206 et
556 4152 717 4207 multa
738 4152 1036 4219 huiusmodi
1063 4155 1212 4217 vitia,
1256 4154 1372 4222 qua:
1419 4155 1659 4231 dividun-

103 4259 187 4301 tur
212 4248 264 4300 in
299 4243 551 4312 operibus
574 4253 627 4294 et
669 4243 873 4311 pompis
902 4242 1116 4305 diaboli,
1158 4243 1244 4309 qui
1271 4253 1352 4295 est
1396 4251 1579 4297 auctor
1605 4252 1659 4298 et

101 4334 357 4403 princeps
385 4340 720 4400 peccatorum
747 4329 938 4398 quibus
964 4328 1015 4380 in
1036 4327 1295 4396 baptismo
1321 4331 1657 4384 abrenuntia-

101 4426 296 4484 vimus,
330 4420 545 4490 etquod
569 4418 718 4488 pejus
737 4426 838 4483 est,
891 4418 957 4471 ad
996 4434 1055 4471 ea
1095 4424 1281 4472 iterum
1312 4428 1654 4483 revertentes,

100 4528 283 4566 earum
317 4511 729 4579 inquinamentis
750 4507 1154 4565 sordidamurct
1198 4509 1446 4562 oneribus
1491 4512 1654 4578 depri-

102 4608 317 4667 tuimur,
366 4612 425 4656 ut
449 4602 640 4655 merito
662 4602 928 4654 dicamus:
980 4597 1126 4653 Sicu't
1178 4616 1303 4650 onus
1355 4615 1504 4667 gmre
1533 4616 1650 4666 gra-

99 4706 229 4747 mm
270 4701 397 4744 sunt
441 4706 595 4758 super
622 4705 719 4741 me.
796 4687 1116 4741 Putruerunt
1155 4697 1201 4739 et
1246 4698 1497 4756 corruplm
1532 4700 1648 4741 sunt

99 4782 368 4833 cicatrices
395 4793 522 4830 metr
542 4795 572 4830 a
598 4777 729 4842 facie
774 4777 1078 4845 insipientia!
1116 4792 1258 4827 metr.
1320 4776 1542 4829 Miscriis
1568 4778 1650 4844 af—

100 4871 269 4936 ﬂictus
300 4883 419 4921 sum
443 4878 602 4934 usqzte
622 4866 675 4917 in
702 4865 875 4932 ﬁnem.
932 4863 1164 4929 Quorum
1212 4866 1544 4932 corruptione
1575 4866 1653 4918 di-

102 4958 381 5019 laniamur,
412 4954 621 5008 etsicut
644 4953 759 5007 sani
792 4954 1097 5023 gaudemus.
1145 4952 1366 5018 Propter
1388 4942 1485 5005 ista
1508 4968 1652 5007 corn-

103 5047 337 5101 minatur
388 5044 541 5099 nobis
591 5042 727 5095 Deus
772 5041 940 5110 judest
960 5041 1157 5110 justus,
1186 5040 1333 5107 fartis
1356 5049 1403 5092 et
1431 5043 1646 5119 patiens,

102 5135 197 5185 nisi
231 5140 613 5194 convertamur,
644 5144 828 5197 pomus
865 5138 1111 5193 aeternas,
1150 5129 1245 5181 ubi
1271 5130 1454 5180 vermis
1482 5139 1652 5182 noster

102 5238 199 5274 non
224 5224 464 5281 moritur,
515 5230 561 5271 et
590 5219 721 5286 ignis
747 5234 845 5270 non
889 5219 1248 5286 exstinguitur.
1299 5217 1520 5285 Propter
1550 5219 1648 5271 ista

101 5314 383 5367 atterimur
408 5322 462 5365 et
488 5308 766 5378 allligimur
785 5306 1002 5375 ﬂagellis
1022 5307 1394 5376 temporalibus
1417 5309 1467 5361 in
1498 5308 1652 5363 rebus

104 5400 368 5464 humanis,
409 5398 586 5460 bellis,
644 5397 1051 5468 captivitatibus,
1099 5396 1412 5465 pestilentiis
1437 5437 1450 5460 ,
1491 5396 1646 5460 fame,

103 5491 433 5559 aegritudine.
483 5487 706 5557 Propter
745 5489 829 5541 sta'
852 5488 1251 5542 incommoditas
1272 5504 1471 5549 aerum,
1499 5488 1651 5542 sicci-

107 5593 201 5643 tas,
230 5579 558 5635 exundantia
589 5572 903 5648 pluviarum,
955 5577 1285 5632 inclementia
1313 5578 1536 5647 frigoris,
1564 5594 1651 5633 ve—

104 5667 364 5723 hementia
395 5668 623 5729 ardoris,
656 5667 880 5722 defectio
928 5666 1367 5733 adjumcntorum.
1431 5666 1651 5735 Propter

105 5773 216 5824 qua:
264 5775 368 5814 non
419 5758 591 5813 solum
620 5756 826 5812 caelitus
870 5756 1184 5825 corripimur
1212 5763 1266 5808 ct
1308 5756 1648 5823 castigantur,

1747 700 1939 768 quibus
1965 700 2155 754 subditi
2173 718 2280 755 esse
2303 702 2558 769 debemus,
2587 722 2684 758 non
2712 706 2871 759 solum
2898 718 3101 777 propter
3119 711 3272 770 iram,

1745 788 1836 843 scd
1871 796 1919 841 et
1942 798 2147 858 prapter
2166 791 2542 844 conscientiam.
2596 792 2694 857 Qui
2725 804 2938 862 propter
2958 796 3055 850 ista
3096 814 3273 853 emeu~

1746 876 1913 931 danda
1940 878 2274 948 promulgant
2294 879 2453 949 leges,
2485 881 2771 936 decernunt
2796 885 2955 952 justa,
2981 900 3277 955 proponunt

1746 965 2020 1034 supplicia,
2039 966 2266 1032 vincula,
2297 976 2542 1033 torturas,
2570 971 2790 1040 ﬂagella,
2816 973 3018 1039 exsilia,
3042 986 3276 1045 amputa-

1747 1051 1915 1106 tiones
1936 1052 2315 1120 membrorum,
2362 1055 2672 1111 amissiones
2698 1073 2897 1123 rerum,
2954 1061 3147 1115 diversi
3192 1077 3275 1131 ge-

1748 1141 1891 1196 neris
1925 1150 2151 1209 mortes;
2198 1151 2251 1196 et
2298 1143 2491 1198 auferri
2545 1160 2648 1199 non
2692 1156 2912 1215 possunt
2955 1148 3020 1205 de
3064 1152 3277 1206 mundo.

1747 1227 1968 1298 Propter
2001 1231 2101 1285 ista
2128 1230 2513 1287 ecclesiasticus
2539 1235 2708 1304 vigor,
2756 1238 3035 1304 correptio,
3066 1253 3278 1293 excom-

1747 1325 2054 1390 municatio,
2105 1325 2169 1378 de
2200 1325 2433 1381 Ecclesia
2480 1327 2735 1392 exclusio,
2777 1328 2917 1398 leges
2938 1331 3278 1397 paenitentiae,

1748 1413 2241 1477 anathematizatio;
2275 1422 2327 1467 et
2346 1413 2539 1468 auferri
2581 1430 2683 1469 non
2710 1418 3018 1484 possuutde
3039 1418 3278 1475 ecclesia.

1748 1499 2148 1554 Constituuntur
2186 1502 2413 1570 judices,
2461 1503 2711 1557 insistunt
2755 1504 2924 1559 ollicia
2950 1546 2964 1569 ,
3004 1509 3285 1565 mittuntur

1748 1587 1967 1653 ultores,
2007 1596 2065 1641 ut
2089 1591 2202 1643 hcce
2233 1591 2567 1656 corrigantur
2598 1610 2610 1643 :
2660 1601 2713 1644 et
2740 1593 2805 1645 ad
2833 1595 3099 1648 cumulum
3130 1598 3285 1653 mise-

1748 1672 1967 1737 riarum,
1998 1670 2186 1742 quibus
2213 1675 2448 1729 mortalis
2475 1676 2581 1749 vita
2624 1685 2796 1730 exstat
2827 1678 3151 1747 plenissima,
3196 1680 3285 1738 ubi

1748 1769 1945 1816 statuta
1966 1761 2190 1829 justitia,
2232 1764 2467 1832 nequitia
2520 1766 2854 1820 condemnari
2897 1776 2951 1821 et
2988 1770 3285 1825 innocentia

1752 1851 1948 1905 absolvi
1976 1860 2210 1919 putatur,
2233 1852 2527 1921 ignorantia
2559 1853 2767 1909 fallente
2794 1856 3100 1927 plerumque
3118 1876 3284 1915 econ-

1752 1940 1918 1993 trario
1942 1940 2133 2009 agitur,
2160 1953 2217 1997 ut
2247 1943 2444 1997 malitia
2458 1945 2644 1999 victrix
2673 1946 2871 2012 redeat,
2916 1958 2970 2002 et
2994 1951 3285 2005 innocentia

1752 2021 2018 2097 puniatur.

1820 2117 1957 2173 XXI.
1998 2118 2120 2173 Iltec
2153 2119 2437 2188 prohibitio
2476 2129 2527 2174 et
2571 2124 2794 2202 eruditio
2831 2133 3011 2177 contra
3040 2138 3131 2177 cas
3168 2141 3285 2180 cum

1754 2207 1965 2275 quibus»
1991 2207 2259 2261 nascimur
2282 2208 2528 2263 tenebras
2576 2211 2831 2281 vigilant,
2888 2220 2941 2265 et
2970 2220 3151 2265 contra
3194 2212 3289 2267 hos

1754 2292 1980 2360 impetus
2026 2302 2398 2361 opponuntur;
2443 2295 2610 2363 plenae
2663 2306 2834 2352 tamen
2872 2299 3035 2352 etiam
3060 2300 3183 2367 ipsa
3210 2300 3288 2353 la-

1753 2376 2036 2433 borutn‘et
2081 2379 2337 2434 dolorum.
2398 2381 2530 2436 Nam
2577 2385 2702 2452 quid
2748 2386 2845 2438 sibi
2892 2387 3076 2440 volunt
3113 2386 3289 2440 multi-

1754 2471 1922 2524 moda:
1956 2470 2279 2535 formidines,
2336 2487 2451 2540 qua:
2492 2473 2798 2529 cohibendis
2837 2476 2997 2529 etiam
3049 2476 3287 2543 parvulo-

1756 2579 1873 2616 rum
1897 2563 2216 2616 vanitatibus
2234 2563 2596 2617 adhibentur?
2642 2566 2765 2633 quid
2808 2567 3118 2637 paedagogi?
3167 2569 3291 2635 quid

1714 2648 2038 2731 qmagistri?
2072 2650 2197 2718 quid
2239 2647 2462 2702 ferulae?
2509 2650 2631 2717 quid
2678 2652 2805 2705 liora
2838 2650 3054 2722 [Form
3100 2653 3292 2725 lora]?

1756 2739 1879 2809 quid
1903 2738 2097 2808 virgce?
2134 2737 2260 2806 quid
2293 2737 2563 2808 disciplina
2593 2737 2830 2807 illa,.qua
2877 2739 3147 2810 Scriptura
3175 2758 3287 2796 san-

1756 2835 1840 2880 cta
1860 2826 1989 2879 dicit
2008 2825 2182 2879 dilecti
2235 2825 2325 2877 lilii
2369 2826 2532 2879 latera
2571 2842 2687 2881 esse
2736 2828 3018 2890 tundenda,
3069 2843 3140 2884 no
3176 2844 3292 2886 cre-

1756 2924 1871 2971 scat
1905 2914 2209 2979 indomitus,
2235 2915 2540 2983 domarique
2560 2916 2669 2984 jam
2693 2918 2855 2971 durus
2884 2926 2976 2971 aut
3002 2920 3087 2973 vix
3107 2921 3291 2988 possit,

1757 3007 1848 3053 aut
1868 2998 2091 3057 fortasse
2124 3015 2221 3054 nec
2245 3003 2442 3069 possit?
2488 3002 2623 3068 Quid
2649 2998 2821 3072 agitur
2859 3005 2941 3058 his
2976 3008 3147 3073 p'r-nis
3178 3022 3291 3062 om—

1758 3091 1926 3152 nibus,
1970 3090 2073 3142 nisi
2099 3096 2150 3142 ut
2189 3089 2475 3143 delzellctur
2496 3091 2775 3160 imperitia,
2823 3101 2877 3145 et
2901 3108 3060 3161 prava
3097 3096 3293 3164 cupidi;

1762 3189 1843 3235 tas
1875 3174 2187 3243 iul‘renctur,
2225 3194 2346 3233 cum
2394 3182 2585 3249 quibus
2631 3183 2781 3237 malis
2821 3184 2873 3238 in
2905 3185 3004 3239 hoc
3048 3186 3292 3241 saeculum

1762 3268 2033 3325 venimus?

1826 3358 1983 3412 XXII.
2022 3356 2161 3425 Quot
2185 3365 2239 3412 et
2265 3359 2473 3426 quantis
2509 3359 2679 3428 pteuis
2705 3360 2819 3414 aliis
2863 3375 3024 3430 genus
3072 3364 3288 3430 agitetur

1757 3448 2043 3501 humanum
2067 3485 2082 3510 ,
2120 3460 2237 3514 quze
2261 3462 2363 3499 non
2405 3446 2471 3499 ad
2507 3446 2757 3499 malitiam
2782 3456 2835 3500 et
2860 3448 3146 3516 nequitiam
3196 3448 3291 3501 ini—

1757 3550 2002 3603 quorum,
2033 3533 2123 3587 sed
2171 3532 2235 3586 ad
2264 3533 2612 3586 conditionem
2633 3535 2897 3601 pertinent
2923 3535 3295 3604 miseriamque

1757 3635 2108 3687 communem,
2128 3621 2245 3689 quis
2269 3617 2377 3673 ullo
2400 3635 2643 3673 sermone
2671 3612 2879 3687 digerit,
2908 3622 3026 3689 quis
3073 3622 3176 3674 ulla
3207 3638 3293 3674 cn-

1757 3710 2007 3779 gitatione
2056 3704 2489 3776 comprehendit?
2536 3707 2773 3772 Quantus
2818 3717 2897 3761 est
2933 3718 3101 3761 metus
3139 3725 3166 3761 a
3209 3710 3293 3761 dc-

1756 3799 2082 3866 ceptiouihus
2118 3804 2171 3850 et
2201 3796 2487 3852 mendaciis
2513 3796 2802 3857 hominum,
2857 3812 2883 3848 a
2910 3797 3213 3864 suspicionil
3235 3818 3293 3853 in

1755 3885 1935 3940 falsis?
1978 3884 2185 3950 Quanta
2224 3893 2467 3952 putamus
2495 3899 2630 3948 esse,
2679 3880 2836 3952 quam
2887 3886 3099 3947 misera,
3133 3904 3290 3956 quam

1754 3975 2009 4030 dolenda?
2038 3972 2465 4041 Quandoquidem
2480 3973 2532 4027 bi
2552 3972 2808 4042 iudicant,
2836 3973 2923 4042 qui
2946 3977 3296 4031 conscientias

1755 4078 1937 4118 eorum
1958 4063 2224 4131 dequibus
2245 4059 2486 4128 iudicant
2524 4077 2745 4117 cernere
2770 4073 3054 4131 nequeunt,
3095 4072 3150 4119 et
3175 4081 3292 4119 cum

1755 4152 1873 4219 quis
1917 4151 2171 4220 quarritur
2215 4158 2387 4202 utrum
2414 4150 2484 4202 sit
2510 4164 2703 4223 noeens
2742 4152 3022 4215 cruciatur,
3072 4161 3127 4207 et
3151 4154 3296 4207 inno-

1753 4227 1879 4297 cens
1914 4240 2019 4295 luit-
2035 4255 2129 4308 pro
2155 4240 2355 4295 incerto
2379 4239 2577 4294 scelere
2602 4243 2921 4295 eertissimas
2946 4257 3157 4311 poenas;
3190 4260 3293 4299 non

1755 4330 1892 4399 quod
1908 4330 2032 4383 illud
2062 4330 2389 4384 commisisse
2400 4328 2679 4400 detegitur,
2695 4333 2790 4386 sed
2805 4335 2943 4401 quod
2956 4350 3062 4390 non
3076 4337 3295 4390 commi-

1755 4418 1885 4472 sisse
1907 4417 2159 4471 nescitur.
2212 4417 2286 4472 Ac
2306 4433 2400 4487 per
2419 4419 2521 4473 hoc
2543 4420 2836 4489 ignorantia
2858 4421 3048 4488 judicia
3072 4424 3293 4492 plerum.

1755 4521 1856 4574 que
1891 4514 1971 4560 est
2003 4505 2276 4560 calamitas
2312 4507 2634 4568 innocentis;
2674 4518 2727 4563 et
2755 4512 2893 4577 quod
2920 4518 3000 4565 est
3045 4513 3291 4567 intolera-

1755 4595 1908 4649 bilius
1957 4595 2228 4663 magisque
2265 4595 2647 4663 plangendum,-
2691 4598 3069 4668 rigandun'rque
3111 4602 3155 4656 si
3178 4603 3289 4657 fieri

1753 4692 1924 4751 potest
1952 4683 2180 4739 fontibus
2218 4685 2598 4756 lacrymamm;
2648 4702 2766 4741 cum
2812 4689 3091 4758 propterea
3129 4691 3287 4759 judex

1758 4780 1998 4841 torqueat
2046 4780 2367 4836 accusatum,
2406 4789 2477 4833 ne,
2523 4775 2727 4829 occidat
2767 4776 3007 4829 nesciens
3038 4778 3290 4833 innocen-

1756 4869 1879 4924 tem,
1907 4859 1966 4912 Iit
1991 4876 2087 4929 per
2105 4861 2413 4929 ignorantia“:
2438 4862 2722 4926 miseriam,
2752 4871 2808 4916 ut
2835 4870 2889 4916 et
2914 4871 3109 4918 tortum
3132 4873 3185 4919 et
3213 4868 3289 4919 in-

1754 4958 2028 5003 nocentem
2077 4950 2299 5013 occidat,
2343 4965 2500 5018 quem
2542 4966 2607 5003 ne
2658 4951 2987 5004 innocentem
3024 4952 3291 5006 occideret

1751 5046 1992 5092 torserat.
2048 5038 2180 5104 Quia
2208 5038 2515 5107 plerumque
2561 5040 2614 5093 hi
2643 5041 2728 5107 qui
2756 5048 3064 5109 argutmtur,
3100 5042 3150 5094 vi
3194 5040 3290 5094 do-

1749 5129 1876 5182 loris
1902 5129 2153 5196 superati,
2203 5128 2268 5181 de
2298 5142 2354 5182 se
2393 5129 2521 5183 falsa
2564 5129 2789 5183 confessi
2816 5131 2975 5184 etiam
3001 5130 3289 5199 puniuntur

1750 5220 2080 5281 innocentes,
2107 5227 2160 5271 et
2182 5227 2358 5270 utrum
2389 5216 2717 5271 innocentem
2742 5233 2809 5270 an
2833 5226 3106 5271 nocentem
3124 5218 3284 5287 judex

1750 5308 2021 5371 occiderit,
2070 5306 2256 5360 nescit.
2330 5307 2528 5361 Verum
2564 5315 2649 5360 est
2675 5309 2812 5376 quod
2861 5307 2935 5360 ait
2982 5306 3283 5375 Scriptura:

1745 5396 1986 5449 'Tenlatio
2012 5404 2084 5449 est
2115 5396 2218 5448 vita
2247 5395 2463 5448 hominis
2496 5410 2649 5463 super
2674 5405 2881 5449 terram.
2932 5393 3026 5448 Et:
3070 5391 3290 5464 Propter

1750 5488 2070 5557 iniquitatem
2108 5486 2398 5555 corripuisti
2428 5484 2699 5547 hominem,
2727 5495 2774 5538 et
2827 5485 3078 5539 tabescere
3122 5484 3287 5552 fecisti

1748 5576 1878 5629 sicut
1907 5591 2148 5628 araneam
2170 5575 2395 5627 animum
2420 5573 2551 5642 ejus.
2603 5572 2855 5628 Oriuntur
2883 5573 3020 5626 inter
3041 5570 3288 5627 Ecclesia:

1749 5674 1983 5720 rectores
2031 5672 2085 5717 et
2139 5662 2439 5731 reipublicze
2488 5662 2937 5716 administratorcs
3000 5661 3288 5715 innumera

1752 5755 2132 5817 contentiones,
2170 5763 2223 5807 ct
2255 5753 2532 5823 instigante
2566 5752 2832 5820 superbia,
2880 5750 3163 5821 cupiditate
3206 5758 3282 5803 at-
