4110 6416
713 439 815 500 ⁸85

714 663 831 703 mus
850 647 915 701 ad
950 646 1173 701 invicem
1195 645 1420 713 proximi
1459 643 1650 713 quibus
1860 642 2069 696 Nemini
2105 641 2256 711 quid-

713 750 865 805 quam
884 734 1130 798 debeatis,
1162 735 1261 788 nisi
1287 736 1565 788 utinvicem
1586 734 1831 803 diligatis.
1846 732 1913 789 Et
1932 739 2007 786 tot
2032 747 2093 785 ac
2111 740 2256 786 tanta

712 822 850 876 mala
898 824 1049 878 nobis
1079 818 1416 878 imminentia
1468 824 1854 885 consentimus,
1898 822 2089 891 quibus
2138 833 2258 875 esse

712 927 813 965 non
828 911 1051 967 debebat
1064 915 1309 966 adversus
1330 929 1533 966 carnem
1549 923 1593 966 et
1613 913 1914 981 sanguinem
1939 910 2253 972 colluctatio,

708 1002 799 1055 sed
824 1002 1069 1057 adversus
1110 1003 1363 1071 principes
1399 1012 1447 1056 et
1471 1009 1741 1071 potestates
1765 1040 1780 1064 ,
1810 999 2052 1053 adversus
2077 999 2255 1053 mundi

712 1098 926 1143 rectores
946 1090 1266 1145 tenebran
1287 1088 1490 1155 harum,
1521 1089 1764 1143 adversus
1799 1088 2057 1157 spiritalia
2078 1088 2256 1157 nequi-

710 1180 794 1232 tia:
825 1179 879 1233 in
907 1179 1204 1235 caelestibus.
1232 1179 1432 1233 Indicta
1462 1188 1583 1233 sunt
1625 1178 1777 1233 nobis
1815 1178 2091 1233 innumera
2118 1176 2254 1230 bella

708 1269 951 1338 vrincipis
997 1279 1045 1323 et
1071 1271 1333 1339 potestatis
1379 1271 1512 1323 aeris
1542 1271 1698 1338 hujus
1723 1308 1736 1332 ,
1786 1268 1873 1339 qui
1918 1275 2161 1337 operatur
2200 1268 2255 1319 in

710 1357 840 1411 ﬁlios
878 1358 1207 1427 diﬁidentiw,
1254 1359 1404 1413 smvit
1428 1359 1709 1412 adversum
1736 1372 1833 1410 nos
1871 1356 1995 1409 totis
2030 1355 2250 1410 viribus.

776 1446 960 1500 XXIII.
1002 1447 1258 1519 Terrores
1280 1448 1443 1502 etiam
1482 1447 1670 1502 divinae
1712 1445 2139 1505 comminationis
2175 1446 2254 1499 in-

708 1544 893 1589 tonant
932 1551 1092 1605 super
1124 1552 1238 1591 nos.
1282 1536 1552 1592 Severitas
1592 1537 1765 1607 legum
1794 1544 1850 1590 et
1874 1536 2138 1589 districtio
2172 1550 2255 1589 re-

705 1639 826 1690 gum
852 1624 1073 1693 vigilant
1095 1625 1161 1679 ad
1186 1627 1508 1681 coercendos
1530 1639 1645 1689 nos,
1680 1633 1735 1679 et
1763 1624 1894 1679 nihil
1938 1625 2129 1680 horum
2168 1633 2251 1677 at-

710 1710 990 1775 tendimus,
1018 1713 1198 1768 nisiut
1222 1715 1437 1769 invicem
1468 1714 1795 1768 ntardeamus
1826 1723 1874 1767 et
1904 1715 2251 1779 comedamus,

707 1805 761 1849 ut
791 1798 854 1851 ab
884 1799 1097 1853 invicem
1124 1817 1506 1873 consumantur.
1551 1801 1684 1865 IIeu,
1726 1802 1860 1871 proh
1895 1801 2071 1856 dolor!
2122 1802 2252 1855 Tam

704 1889 879 1942 securi
918 1890 1187 1961 pergimus
1231 1891 1299 1944 ad
1346 1892 1579 1945 tenebras
1623 1894 1921 1956 exteriores,
1980 1893 2131 1961 quasi
2182 1892 2252 1946 ibi

707 1978 856 2030 nobis
878 1978 1119 2034 cubicula
1150 1988 1515 2045 exstruantur,
1552 1980 1746 2036 cubilia
1772 1990 2100 2045 sternantur,
2124 1981 2253 2035 deli-

704 2063 800 2119 cia:
846 2077 1253 2136 praeparentur,
1294 2071 1525 2125 ministri
1573 2080 1961 2140 procurentur,
2018 2073 2251 2126 thesauri

703 2163 1076 2223 congerantur,
1114 2166 1425 2212 ornamenta
1450 2158 1887 2226 multiplicentur,
1928 2176 2049 2215 cum
2076 2159 2267 2231 Scrip-'

706 2253 826 2297 tura
856 2246 1033 2299 dicat:
1062 2244 1415 2317 Quodcunque
1443 2257 1605 2317 potest
1629 2264 1810 2302 manus
1842 2261 1932 2302 tua
1961 2250 2150 2319 facere,
2178 2252 2254 2304 in-

703 2342 898 2386 stanter
911 2350 1122 2406 operare
1136 2347 1153 2384 :
1169 2336 1290 2404 quia
1312 2351 1401 2388 nec
1424 2352 1572 2405 Opus,
1588 2353 1677 2389 nec
1698 2339 1852 2404 ratio,
1869 2355 1957 2392 nec
1973 2340 2252 2409 sapientia,

702 2438 792 2475 nec
809 2422 1021 2475 scientia
1039 2432 1188 2476 erunt
1210 2424 1351 2494 apud
1370 2424 1585 2493 inferos,
1614 2443 1714 2497 quo
1732 2436 1786 2479 tu
1806 2444 2069 2496 properas.
2104 2428 2255 2484 Unde

702 2511 852 2566 nobis
869 2520 975 2566 tam
991 2514 1266 2584 impudens
1285 2517 1549 2586 superbia,
1566 2517 1863 2587 importuna
1881 2521 2165 2589 cupiditas,
2183 2522 2256 2575 in-

706 2598 898 2653 frunita
939 2601 1192 2656 lascivia?
1232 2604 1331 2657 nisi
1359 2605 1483 2674 quia
1508 2607 1575 2661 ad
1603 2621 1665 2660 ea
1695 2608 1886 2674 quibus
1913 2608 1965 2661 in
1994 2609 2257 2678 baptismo

704 2692 1215 2758 abrenuntiavimus,
1236 2694 1598 2762 imprudenter
1618 2697 1963 2760 revertimur;
1984 2706 2038 2751 et
2058 2698 2259 2751 contin-

705 2778 780 2845 git
807 2777 956 2830 nobis
986 2794 1073 2833 res
1100 2781 1209 2834 veri
1231 2780 1497 2849 proverbii
1519 2800 1532 2834 :
1557 2780 1715 2835 Canis
1745 2799 1979 2836 reversus
2005 2784 2075 2836 ad
2102 2786 2259 2837 vomi-

703 2878 810 2919 tum
837 2883 1005 2930 suum,
1037 2877 1084 2921 et
1109 2884 1199 2921 sus
1235 2868 1340 2922 lota
1382 2870 1436 2923 in
1480 2868 1743 2923 volutabra
1775 2870 1891 2925 luti.
1932 2870 2079 2925 Unde
2123 2872 2257 2926 bella

704 2963 751 3005 et
799 2954 933 3019 lites,
988 2955 1063 3008 ait
1109 2954 1420 3025 Apostolus,
1471 2958 1529 3011 in
1569 2957 1743 3013 vobis?
1786 2959 1973 3013 Nonne
2009 2962 2257 3016 ltinc:e:r

704 3044 1126 3115 concupiscentiis
1184 3048 1389 3111 vestris,
1452 3064 1568 3117 qua:
1620 3049 1845 3103 militant
1906 3052 1961 3104 in
2014 3036 2263 3108 membris

706 3136 880 3187 reatris
898 3135 919 3187 ἓ

781 3224 965 3279 XXIV.
1008 3226 1342 3283 Manifestum
1371 3237 1493 3305 est.
1517 3246 1665 3301 ergo,
1703 3246 1916 3291 omnem
1959 3232 2260 3286 contentio-

711 3327 831 3368 nem
870 3315 1007 3369 inter
1046 3332 1141 3371 nos
1167 3334 1232 3371 ex
1264 3319 1548 3397 cupiditate
1582 3320 1708 3373 oriri
1732 3336 1747 3373 :
1770 3321 2019 3389 quoniam
2047 3334 2152 3374 non
2180 3328 2261 3374 est

715 3403 819 3457 tale
864 3404 1059 3458 bonum
1102 3407 1242 3476 quod
1282 3409 1368 3463 hic
1404 3406 1672 3473 amamus,
1709 3418 1768 3464 ut
1794 3409 1964 3464 nullas
1991 3411 2262 3481 angustias

712 3490 871 3544 facint
915 3496 1243 3551 amatoribus
1292 3498 1420 3552 suis.
1459 3498 1582 3552 Ideo
1626 3498 1934 3568 plerumque
1978 3500 2263 3554 dividimur

712 3581 996 3650 litigaudo,
1040 3584 1343 3640 mortiferas
1388 3596 1480 3638 aut
1529 3595 1673 3640 certe
1719 3588 1968 3642 mortales
2009 3587 2261 3641 victorias

716 3668 1051 3736 requirendo,
1073 3678 1132 3723 ct
1171 3685 1289 3723 cum
1327 3672 1446 3738 quis
1471 3671 1658 3724 vicerit
1686 3672 1943 3738 superbus
1966 3671 2265 3727 extollitur.

715 3758 769 3812 Si
799 3752 924 3812 vero
950 3758 1306 3813 conditionem
1350 3759 1590 3829 cogitans
1633 3774 1894 3827 casusque
1928 3754 2271 3825 communes,

712 3846 881 3914 magis
901 3861 1017 3915 quae
1040 3846 1285 3901 accidere
1309 3855 1530 3914 possunt
1549 3847 1786 3901 adversis
1812 3848 2021 3917 angitur
2047 3890 2062 3912 ,
2102 3863 2260 3917 quam

713 3938 789 3991 eis
832 3951 951 4007 qua:
993 3939 1336 4006 provenerint
1383 3938 1628 3992 secvndis
1677 3939 1837 3993 rebus
1886 3937 2116 3993 inﬂatur.
2156 3939 2262 3994 Res

713 4031 853 4086 enim
891 4028 1140 4097 quaelibet
1172 4035 1380 4082 terrena
1400 4028 1558 4083 simul
1587 4043 1617 4081 a
1644 4028 1822 4083 multis
1856 4028 2117 4097 possideri
2156 4043 2265 4082 non

714 4126 911 4189 potest;
960 4118 1082 4185 quia
1125 4117 1170 4174 si
1212 4132 1350 4171 unus
1385 4117 1646 4185 possidet,
1677 4116 1743 4169 ab
1771 4115 1886 4183 ejus
1927 4117 2264 4186 possessione

714 4206 851 4261 alter
881 4205 1197 4263 excluditur.
1227 4203 1333 4258 Res
1355 4213 1533 4259 autem
1561 4205 1775 4267 divinat,
1798 4218 1932 4270 quas
1955 4204 2094 4258 Deus
2109 4202 2265 4271 jubet

714 4304 773 4350 ut
815 4311 1073 4361 amemus,
1114 4295 1193 4350 sic
1218 4310 1251 4349 a
1274 4295 1453 4349 multis
1491 4295 1845 4363 possidentur,
1876 4302 1935 4347 ut
1978 4296 2107 4349 nulli
2147 4311 2283 4351 crc-_

713 4394 894 4442 scentc
918 4399 1140 4439 numero
1165 4384 1563 4455 possidentium,
1584 4382 1780 4451 aliquid
1799 4381 2083 4438 minuatur.
2108 4381 2262 4438 Nullo

716 4477 858 4530 enim
903 4474 1061 4527 modo
1105 4472 1165 4526 lit
1212 4473 1405 4536 minor,
1450 4472 1731 4526 accedente
1773 4484 1865 4524 seu
1921 4477 2260 4537 permanente

717 4570 960 4618 consorte
986 4561 1250 4629 possessio
1273 4560 1554 4624 bonitatis;
1585 4560 1691 4612 imo
1726 4557 1988 4626 possessio
2026 4556 2261 4619 bonitas,

722 4662 879 4721 quam
909 4657 1055 4704 tanto
1081 4647 1258 4710 latius,
1292 4656 1492 4714 quanto
1522 4647 1835 4701 concordius
1872 4644 2138 4697 individua
2176 4658 2261 4697 so—

717 4742 921 4795 ciorum
947 4738 1179 4808 possidet
1206 4736 1455 4791 Charitas.
1483 4736 1597 4789 Non
1628 4735 1842 4789 habebit
1866 4734 2020 4788 istam
2046 4747 2258 4801 posses-

719 4830 953 4891 sionem,
992 4828 1083 4896 qui
1126 4842 1245 4881 eam
1289 4824 1517 4879 noluerit
1561 4827 1760 4879 habere
1809 4838 2178 4878 communem:
2208 4832 2265 4876 et

724 4927 870 4971 tanto
895 4931 1013 4969 eam
1040 4916 1269 4984 reperiet
1309 4913 1639 4981 ampliorem,
1688 4910 1887 4982 quanto
1925 4915 1997 4967 ibi
2035 4911 2261 4980 amplius

724 5007 952 5076 potuerit
974 5016 1153 5059 amare
1175 5014 1490 5059 consortem.
1517 5002 1649 5067 Quia
1675 5020 1802 5072 ergo
1825 5006 1927 5057 ista
1942 5018 2058 5070 qua:
2078 5017 2259 5056 amare

725 5096 975 5151 debemus
1014 5093 1308 5147 inordinate
1356 5108 1613 5154 amamus,
1658 5091 1775 5144 ideo
1804 5092 1939 5146 bella
1972 5100 2025 5146 et
2052 5093 2170 5146 lites
2196 5105 2260 5144 ex

725 5183 1167 5251 concupiscentiis
1188 5183 1380 5235 nostris
1404 5182 1649 5235 oriuntur
1671 5181 1721 5233 in
1755 5180 1927 5234 nobis.

795 5272 954 5326 XXV.
1009 5269 1110 5323 Sed
1154 5272 1424 5324 sciendum
1473 5270 1625 5323 nobis
1663 5276 1768 5330 est,
1809 5270 2055 5324 omnibus
2098 5270 2265 5325 modis

728 5377 830 5417 non
877 5376 1030 5429 posse
1074 5374 1168 5413 nos
1208 5362 1272 5413 ad
1312 5375 1533 5430 regnum
1576 5360 1726 5427 pacis
1754 5368 1966 5413 mterna:
2011 5362 2263 5424 transire,

728 5450 828 5502 nisi
855 5450 943 5504 hic
984 5464 1103 5505 eam
1147 5464 1331 5516 Pacem
1367 5448 1713 5511 tenuerimus,
1747 5462 1900 5514 quam
1935 5449 2056 5502 belli
2087 5450 2263 5518 hujus,

728 5537 780 5590 in
810 5550 913 5604 quo
941 5550 1066 5589 caro
1102 5537 1427 5601 concupiscit
1454 5535 1708 5588 adversus
1743 5534 2005 5603 spiritum,
2035 5543 2088 5587 et
2115 5536 2269 5604 spiri-

730 5634 815 5679 tus
843 5625 1094 5681 adversus
1119 5637 1355 5684 carnem,
1396 5622 1577 5679 multis
1604 5630 1659 5677 et
1690 5623 1852 5678 variis
1889 5625 2269 5679 certaminibus

800 5724 827 5755 α
865 5711 942 5768 Ex
971 5712 1179 5766 Baluzio
1211 5711 1459 5766 secunda.

1689 437 2001 494 LEIDRADI
2038 432 2238 494 LL'GD.
2278 429 2488 485 EPISC.
2548 431 2921 489 EPISTOLE.
3162 499 3166 503 .

713 572 815 624 que
861 555 1056 610 invidia
1083 563 1135 609 et
1179 554 1372 609 clausis
1415 551 1583 608 oculis
1621 553 1857 608 zclamur
1882 561 1937 608 et
1978 552 2257 622 belligera-
2286 548 2331 604 Δ
2359 541 2568 609 (1093!“-
2603 542 2715 598 Hoc
2743 553 2920 599 autem
2957 543 3156 600 bellum
3182 563 3451 618 nunquam
3480 546 3651 603 ιιῙΙιιω
3673 560 3828 614 esset,
3855 552 3895 607 si

3658 117 3957 175 7"

3804 440 3891 495 ³⁸³
3988 444 3989 521 ἔ

2355 643 2545 688 natura
2590 635 2821 689 Ilumana
2866 652 2962 705 per
2998 636 3230 693 liberum
3278 639 3564 695 arbitrium
3604 642 3658 695 in
3697 644 3895 698 rectitu-

2354 722 2496 785 dine,
2544 722 2599 775 in
2638 737 2743 791 qua
2782 724 2921 778 facta
2948 733 3049 791 est,
3082 728 3419 796 perstitisset.
3449 730 3603 784 Nunc
3634 744 3761 785 vero
3794 747 3897 800 quae

2354 822 2538 873 pacem
2588 808 2713 863 felix
2753 828 2874 867 cum
2909 813 3019 869 Deo
3047 815 3243 870 habere
3284 818 3471 883 noluit,
3503 834 3684 874 secum
3714 832 3899 890 pugnat

2355 895 2557 962 infelix,
2582 908 2637 953 et
2661 908 2783 954 cum
2809 903 2882 956 sit
2909 904 3031 959 hoc.
3048 945 3062 958 .
3085 945 3097 958 .
3116 945 3160 960 ..
3184 944 3199 959 .
3223 907 3413 962 melius
3431 917 3514 963 est
3543 919 3727 967 tamen
3753 926 3899 979 quam

2354 978 2543 1052 priora
2582 989 2705 1043 vita:
2750 990 2927 1069 hujus.
2977 991 3163 1048 Melius
3204 994 3506 1066 conﬂigitur
3546 998 3746 1066 quippe
3774 978 3904 1052 cum

2356 1077 2518 1141 vitiis,
2546 1094 2705 1147 quam
2733 1096 2852 1134 cum
2883 1083 2997 1137 sine
3032 1084 3139 1138 ulla
3178 1087 3513 1143 conﬂictione
3550 1090 3906 1143 dominantur.

2356 1164 2544 1220 Melius
2572 1176 2674 1233 est,
2707 1169 2945 1239 inquam,
2995 1173 3188 1228 bellum
3216 1191 3337 1229 cum
3374 1192 3467 1246 spe
3501 1176 3649 1247 pacis
3678 1186 3907 1242 aeterna,

2353 1267 2513 1320 quam
2560 1255 2677 1310 sine
2718 1257 2824 1310 ulla
2868 1258 3201 1316 Iiberationis
3246 1264 3566 1331 cogitatione
3607 1266 3905 1335 captivitas.

2353 1341 2609 1409 Cupimus
2653 1346 2867 1414 quidem
2915 1350 3077 1404 etiam
3111 1351 3249 1407 bello
3282 1370 3491 1419 carere,
3537 1365 3593 1410 et
3631 1359 3699 1410 ad
3728 1373 3909 1428 capes-

2353 1432 2574 1485 sendam
2613 1437 3063 1496 ordinatissimam
3102 1456 3307 1509 pacem,
3339 1443 3429 1497 ubi
3457 1445 3765 1500 ﬁrmissima
3802 1458 3906 1501 sta-

2353 1520 2559 1577 bilitate
2602 1528 2898 1594 potioribus
2942 1529 3192 1586 inferiora
3234 1534 3544 1599 subdantur,
3582 1536 3703 1606 igne
3744 1537 3905 1591 divini

2353 1612 2552 1666 amoris
2579 1617 2953 1672 succendimur
2976 1636 2990 1673 :
3021 1621 3115 1675 sed
3148 1622 3217 1686 si,
3245 1624 3382 1691 quod
3409 1625 3567 1687 absit,
3595 1625 3738 1679 illius
3765 1635 3909 1680 tanta

2352 1701 2477 1755 boni
2508 1716 2629 1770 spes
2662 1705 2804 1758 nulla
2841 1716 3003 1773 esset,
3035 1709 3191 1763 malle
3218 1711 3501 1769 debuimus
3526 1714 3582 1768 in
3606 1714 3764 1783 hujus
3788 1731 3909 1769 con-

2353 1788 2601 1847 ﬂictionis
2631 1794 2872 1849 molestia
2901 1812 3197 1864 remanere,
3236 1817 3398 1870 quam
3432 1804 3576 1858 vitiis
3612 1806 3664 1858 in
3699 1821 3797 1860 nos
3823 1807 3913 1860 do-

2287 1868 2329 1927 Β
2357 1881 2723 1945 minationem,
2756 1899 2863 1938 non
2892 1886 2971 1940 eis
3002 1868 3317 1951 resistendo,
3347 1892 3681 1961 permittere.
3720 1892 3723 1895 ’

2428 1968 2613 2024 XXVI.
2676 1970 3082 2042 Suscipiendum
3135 1985 3218 2032 est
3268 1978 3431 2046 igitur
3478 1981 3673 2034 bellum
3728 1992 3911 2038 contra

2354 2057 2504 2121 vitia,
2550 2067 2606 2112 et
2631 2062 2921 2129 gerendum
2965 2065 3180 2129 acriter,
3230 2082 3295 2120 ne
3334 2067 3397 2121 ad
3431 2067 3755 2123 damnabilis
3787 2086 3907 2139 pec-

2355 2154 2477 2201 cata
2520 2150 2833 2216 perducant.
2884 2151 2948 2205 Et
2987 2154 3251 2223 siquidem
3291 2157 3523 2211 nondum
3569 2159 3909 2214 victoriarum

2355 2240 2742 2294 consuetudine
2790 2242 3040 2297 roborata
3091 2253 3233 2309 sunt,
3285 2245 3493 2301 facilius
3538 2249 3826 2303 vincuntur
3860 2258 3911 2302 et

2357 2326 2551 2380 cedunt
2580 2345 2592 2379 :
2623 2328 2668 2381 si
2694 2336 2871 2396 autem
2895 2331 3107 2385 vincere
3145 2340 3305 2401 atque
3338 2334 3600 2402 imperare
3627 2351 3910 2391 consueve—

2358 2423 2502 2481 runt,
2527 2414 2795 2471 laboriosa
2819 2418 3129 2473 dillicultate
3159 2433 3500 2490 superantur.
3541 2423 3667 2479 Hac
3702 2434 3788 2479 est
3821 2441 3909 2477 au-

2358 2512 2465 2558 tem
2492 2507 2545 2559 in
2569 2507 2671 2561 fide
2701 2507 2919 2563 Christi.
2959 2509 3093 2565 Nam
3120 2511 3166 2565 si
3201 2496 3284 2565 lex
3313 2513 3508 2580 jubens
3535 2515 3692 2578 adsit,
3723 2524 3777 2568 et
3808 2516 3913 2585 spi-

2358 2592 2494 2647 ritus
2512 2595 2705 2662 juvans
2733 2595 2904 2661 desit;
2931 2612 3027 2665 per
3055 2598 3222 2667 ipsam
3259 2600 3671 2669 prohibitionem
3709 2604 3912 2657 deside-

2358 2681 2441 2734 rio
2467 2690 2742 2737 crescente
2771 2686 2975 2751 peccati
3017 2693 3176 2754 atque
3212 2687 3476 2751 vincente,
3523 2689 3685 2742 etiam
3733 2698 3913 2743 reatus

2356 2771 2814 2836 prtevaricationis
2861 2760 3095 2829 accedat.
3140 2774 3530 2845 Nonnunquam
3575 2794 3705 2833 sane
3757 2795 3906 2849 aper-

2361 2857 2565 2911 tissima
2621 2860 2749 2912 vitia
2792 2860 2912 2917 aliis
2963 2863 3105 2917 vitiis
3156 2865 3441 2919 vincuntur
3494 2868 3739 2931 occultis,
3792 2885 3905 2938 quas

2354 2950 2614 3017 putantur
2650 2967 2769 3006 esse
2809 2953 3051 3017 virtutes,
3085 2954 3136 3010 in
3159 2957 3351 3022 quibus
3376 2967 3559 3027 regnat
3584 2960 3829 3028 superbia
3859 2970 3909 3013 ct

2359 3040 2600 3107 quaedam
2646 3040 2746 3095 sibi
2790 3041 3032 3110 placendi
3075 3044 3298 3099 altitudo
3348 3047 3582 3102 ruinosa.
3638 3048 3744 3103 Sed
3790 3059 3909 3102 tunc

2364 3129 2505 3182 victa
2534 3129 2661 3183 vitia
2692 3131 2991 3199 deputanda
3030 3141 3171 3199 sunt,
3210 3149 3330 3188 cum
3360 3135 3453 3191 Dei
3481 3151 3661 3191 amore
3689 3139 3907 3191 vincun-

2282 3196 2329 3257 (ἶ
2366 3225 2485 3277 tur;
2513 3212 2696 3300 ‘que'm
2742 3196 2844 3293 nisi
2896 3218 3036 3273 Deus
3082 3221 3195 3290 ipse
3242 3237 3347 3276 non
3399 3225 3591 3287 donat,
3626 3240 3729 3279 nec
3761 3226 3913 3279 aliter

2362 3302 2543 3367 donat,
2570 3305 2670 3361 nisi
2700 3321 2789 3374 per
2808 3305 3139 3361 medietatem
3162 3308 3260 3361 Dei
3285 3318 3332 3362 et
3357 3311 3621 3364 hominum
3656 3313 3913 3368 hominem

2362 3391 2623 3446 Christum
2659 3391 2859 3471 Iesunt,
2903 3395 2992 3463 qui
3030 3393 3201 3451 factus
3244 3407 3328 3452 est
3363 3400 3631 3468 particeps
3680 3402 3916 3455 mortali-

2360 3485 2487 3539 tatis
2541 3493 2736 3539 nostra:
2761 3525 2776 3549 ,
2815 3492 2875 3539 ut
2920 3500 3018 3541 nos
3050 3487 3339 3556 participes
3383 3486 3587 3545 faceret
3625 3489 3915 3546 divinitatis

2362 3590 2489 3629 suae.
2960 3564 2963 3565 ν
3096 3626 3099 3629 Α

2938 3664 3267 3722 EPISTOLA
3304 3668 3390 3722 III.

2941 3766 3010 3804 AD
3059 3766 3323 3806 SOROIEI.

2428 3839 2770 3895 Charissima:
2792 3854 2855 3894 ac
2881 3839 3366 3908 suspicientissimze
3389 3842 3440 3895 in
3468 3841 3683 3898 Christo
3704 3854 3901 3901 sancta

2362 3930 2533 3984 sorori
2554 3930 2846 3984 Lcidradus
2866 3928 2992 3983 licet
3014 3927 3260 3998 indignus
3277 3929 3646 4001 Lugdunensis
3666 3931 3912 3988 Ecclesia

2361 4021 2641 4090 episcopus
2675 4020 2728 4074 in
2753 4019 2978 4075 Domino
3007 4018 3134 4074 Jesu
3161 4019 3377 4075 Christo
3412 4024 3791 4093 sempiternam
3826 4040 3912 4080 sa-

2360 4110 2542 4165 intem.

2429 4197 2763 4269 Cognoscere
2802 4195 3048 4265 dignetur
3086 4195 3369 4265 prudentia
3404 4196 3662 4259 almitatis
3691 4208 3792 4254 tum
3819 4214 3911 4253 nos

2355 4285 2507 4353 juxta
2532 4286 2726 4363 donum
2756 4284 3005 4339 donantis
3040 4282 3133 4337 Dei
3180 4284 3379 4337 viribus
3412 4287 3650 4354 corporis
3678 4287 3911 4356 aliquan-

2364 4374 2529 4443 tisper
2563 4372 2886 4443 pncvalere;
2928 4379 2983 4426 et
3009 4372 3298 4427 secundum
3326 4372 3490 4439 quod,
3517 4374 3560 4427 si
3591 4374 3795 4428 incerta
3828 4391 3909 4428 sa-

2361 4462 2702 4532 Iuspropter
2739 4469 3015 4530 suspectos
3061 4474 3216 4514 casus
3243 4460 3367 4514 vita:
3416 4460 3573 4530 hujus
3616 4461 3795 4526 habet,
3847 4462 3908 4515 de

2364 4554 2532 4607 salute
2567 4560 2748 4608 nostra
2782 4552 2983 4621 gratias
3009 4549 3117 4628 Deo
3151 4550 3363 4605 debere.
3395 4551 3595 4607 Deinde
3624 4553 3907 4607 secundum

2363 4643 2506 4698 vires
2530 4642 2692 4696 animi
2720 4654 2984 4695 memores
3008 4654 3105 4693 nos
3128 4653 3245 4693 esse
3271 4640 3325 4693 in
3350 4641 3681 4696 orationibus
3719 4642 3907 4696 nostris

2362 4746 2459 4801 pro
2483 4731 2651 4785 salute
2686 4738 2867 4782 vestra
2905 4727 3184 4798 temporali
3208 4737 3270 4791 et
3287 4736 3506 4783 aeterna.
3540 4729 3647 4785 Vos
3679 4744 3905 4799 quoque,

2362 4819 2410 4872 si
2437 4821 2569 4873 bene
2599 4818 2806 4880 valetis,
2839 4826 2895 4872 et
2926 4818 2977 4871 in
3003 4817 3332 4872 orationibus
3355 4818 3569 4878 vestris,
3594 4815 3747 4883 juxta
3770 4820 3906 4887 quod

2363 4910 2428 4963 de
2467 4908 2626 4969 vobis
2642 4906 2989 4972 mittimus,
3019 4920 3282 4961 memores
3306 4906 3473 4959 nostri
3498 4906 3658 4968 estis,
3688 4907 3908 4961 immen—
3988 4966 3989 4975 χ

2366 5013 2453 5052 sas
2482 4999 2589 5052 Deo
2611 4998 2890 5053 referimus
2919 4996 3141 5065 gratias,
3180 5009 3245 5049 eo
3269 4995 3409 5064 quod
3445 4998 3735 5051 secundum
3769 4998 3906 5068 quod

2365 5086 2725 5141 desideramus
2754 5099 2874 5139 6338
2902 5098 2995 5143 vos
3030 5090 3258 5139 constat.
3295 5081 3428 5139 Novi
3460 5094 3639 5139 autem
3674 5088 3905 5156 animum

2367 5181 2602 5226 vestrum
2648 5184 2816 5240 nuper
2857 5171 3159 5226 vehementi
3204 5172 3385 5228 dolore
3430 5174 3757 5241 perculsum.
3791 5184 3904 5246 Post

2366 5265 2593 5317 mortem
2631 5261 2747 5324 ﬁlii,
2778 5268 2963 5330 postea
3000 5261 3204 5318 fratris.
3249 5262 3315 5317 Et
3350 5262 3535 5339 utique
3570 5266 3704 5320 tanti
3738 5266 3904 5323 solatii

2366 5350 2591 5417 privatio
2643 5350 2786 5405 nullo
2834 5351 2991 5405 modo
3038 5365 3136 5406 nos
3182 5358 3358 5419 potest
3387 5353 3691 5423 sinegravi
3732 5353 3905 5409 dolore

2369 5436 2535 5502 allici;
2583 5439 2833 5506 quoniam
2879 5439 2945 5493 de
2990 5453 3213 5507 quorum
3242 5438 3352 5493 vita
3382 5442 3695 5509 gaudemus,
3729 5456 3905 5498 muse-

2367 5538 2590 5597 quenter
2618 5531 2684 5584 de
2708 5544 2894 5583 eorum
2923 5538 3094 5589 morte
3129 5528 3403 5595 dolemus;
3440 5539 3497 5585 et
3531 5539 3681 5587 tanto
3712 5529 3903 5598 majore

2371 5620 2585 5673 tristitia
2632 5635 2726 5675 cor
2776 5629 3019 5674 nostrum
3070 5620 3267 5689 premit
3313 5619 3678 5691 cujuscunque
3734 5634 3901 5685 mors,
