4110 6414
713 471 807 528 891

1690 471 2005 523 AMAlAllll
2044 468 2484 523 TllEVlRENSIS
2520 470 2926 524 ARCHIEPISC.

3752 476 3865 528 89f

713 578 1009 647 prmsumpti
1034 578 1206 645 operis
1232 578 1500 645 indagare,
1521 578 1611 632 sed
1640 588 1696 630 ut
1723 588 1985 647 tangerem
2015 593 2131 629 meo
2155 578 2230 628 in—
2259 578 2303 634 Α
2329 579 2638 642 sequestrati
2662 592 2860 641 sumus,
2888 579 3058 647 aliqua
3084 568 3347 649 inquirere
3368 585 3429 636 de
3454 583 3857 640 Nocturnatibns

712 674 862 732 cepto
897 672 1040 718 utros
1077 662 1147 735 [F
1150 673 1276 727 orte,
1302 664 1462 733 viros]
1494 664 1795 725 industrios,
1846 666 1931 732 qui
1987 664 2229 717 facillime

710 758 922 819 possent
964 752 1041 803 rei
1081 752 1347 804 veritatem
1377 751 1657 803 dilucidarc
1704 750 1843 816 ejus,
1881 765 2037 817 quam
2074 752 2230 803 vehe-

711 846 913 892 menter
940 838 1315 892 desiderabam.

777 928 1001 996 Scripsi,
1042 939 1101 981 ut
1142 930 1337 991 nostis,
1381 928 1518 995 quod
1549 927 1665 981 illos
1699 928 1989 981 arbitrabar
2036 929 2229 981 imitari

709 1018 799 1084 qui
840 1019 890 1069 in
920 1019 1079 1070 choro
1106 1025 1245 1089 stant
1288 1025 1340 1069 et
1380 1024 1593 1069 cantant
1638 1017 1862 1068 intrante
1898 1016 2140 1083 episeopo
2177 1017 2228 1068 in

708 1105 1004 1167 ecclesiam,
1029 1114 1085 1156 ut
1112 1114 1287 1173 postea
1318 1104 1552 1171 sequenti
1576 1117 1731 1169 opere
1770 1102 2226 1162 dcmonstrahitur,

706 1208 819 1261 qtae
846 1192 1149 1243 conscientia
1188 1190 1385 1259 [Forte,
1430 1189 1810 1256 conscnticntt'a]
1852 1198 1974 1240 esset
2003 1188 2100 1257 [in]
2129 1198 2231 1240 toto

707 1288 875 1330 nostra
904 1278 1093 1344 ofﬁcio,
1120 1278 1255 1345 quod
1283 1280 1455 1345 agitur
1478 1280 1529 1329 in
1549 1278 1720 1337 missa,
1744 1278 1845 1327 sive
1875 1278 1923 1328 in
1945 1276 2227 1342 psallendo,

705 1367 807 1418 sive
841 1365 894 1416 in
935 1365 1055 1425 situ,
1093 1367 1194 1416 sive
1231 1366 1283 1415 in
1321 1364 1584 1433 qualitate,
1609 1366 1711 1416 sive
1736 1368 1787 1416 in
1816 1365 2091 1433 quantitate
2118 1380 2229 1415 cum

707 1453 890 1504 nostris
919 1452 1236 1517 autltcnticis,
1268 1468 1389 1519 quos
1419 1452 1580 1504 omnis
1622 1450 1845 1502 Ecclesia
1883 1450 2032 1512 colit;
2074 1466 2227 1518 repu-

707 1546 822 1591 tans
858 1539 993 1605 apud
1025 1553 1107 1591 me
1135 1538 1260 1590 nlhil
1288 1545 1536 1590 statutum
1563 1552 1677 1589 esse
1701 1538 1752 1589 in
1779 1539 2031 1599 Ecclesia,
2062 1552 2231 1606 neque

706 1635 827 1677 ante
871 1628 1068 1679 anticos
1104 1624 1384 1695 [antiquos]
1419 1625 1628 1687 Patres,
1657 1640 1824 1692 neque
1862 1626 1997 1692 apud
2045 1641 2227 1678 recen-

707 1716 884 1776 tiores,
908 1715 1045 1781 quod
1084 1714 1285 1767 ratione
1329 1723 1524 1765 careat.
1573 1713 1627 1765 Si
1665 1714 1802 1764 enim
1830 1714 2045 1780 gentiles
2080 1728 2231 1781 argu-

705 1811 1007 1854 mentantur
1049 1801 1119 1872 [1"
1122 1811 1248 1863 orte,
1292 1800 1620 1869 arguuntur]
1672 1800 1819 1852 ludos
1865 1800 2065 1866 aliquos
2110 1814 2231 1852 suos

2332 664 2513 728 ofﬁciis
2546 675 2591 716 et
2629 666 2690 717 de
2717 665 2830 718 aliis
2858 683 2970 735 quia
3012 669 3065 720 in
3110 669 3192 721 die
3233 681 3487 738 aguntur;
3523 674 3669 725 etde
3705 672 3856 726 Carna

2331 752 2535 804 Domini
2579 763 2625 805 et
2668 753 2945 811 Parasceve
2985 765 3032 808 et
3073 756 3295 810 Sabbato
3319 768 3514 811 sancto.
3545 759 3626 812 Ad
3653 761 3792 827 quod
3815 763 3856 813 si

2331 842 2519 892 vestrm
2542 843 2803 895 orationes
2829 858 2998 897 meme
3025 845 3569 912 perduxerint..credo
3594 850 3727 902 meis
3746 864 3859 902 mo-

2332 927 2469 978 tibus
2496 929 2677 980 adesse
2724 939 2778 981 et
2822 919 3115 986 adfuturam
3163 932 3274 986 fore
3307 934 3725 993 misericordiam
3751 936 3854 991 Do-

2332 1014 2478 1065 mini.
2504 1014 2681 1067 V'alete
2711 1016 2762 1067 in
2795 1016 3027 1070 Christo!

2419 1259 2442 1285 ι
2480 1248 2974 1323 INTERROGAJIO
3016 1252 3254 1309 CAROL!
3296 1254 3771 1312 IMPERATORIS.

2399 1354 2451 1406 In
2480 1357 2687 1409 nomine
2714 1359 2901 1423 Patris,
2925 1369 2975 1414 et
3003 1360 3138 1425 Filii,
3162 1371 3217 1416 et
3240 1361 3465 1430 Spiritus
3485 1366 3673 1418 sancti.
3700 1365 3860 1419 Catu-

2332 1444 2410 1497 lus
2440 1447 2801 1501 serenis-simus
2820 1449 3082 1517 Augustus
3108 1466 3139 1503 a
3164 1451 3272 1505 Deo
3294 1461 3594 1516 coronatus,
3619 1453 3857 1522 Magnus,

2331 1532 2580 1596 paciﬁcus
2604 1534 2901 1601 imperator,
2926 1537 3215 1591 Romanum
3236 1540 3536 1608 gubernans
3556 1541 3855 1608 imperium,

2331 1619 2420 1684 qui
2464 1628 2516 1670 et
2552 1634 2646 1686 per
2692 1623 3101 1677 misericordiam
3147 1625 3237 1679 Dei
3288 1642 3381 1680 rex
3436 1628 3760 1683 Francorum
3807 1641 3861 1683 et

2332 1706 2809 1774 Longobardorum,
2833 1712 3093 1767 Amalario
3115 1716 3399 1769 venerabili
3422 1718 3687 1787 episcopo,
3706 1727 3858 1772 aztero

2333 1811 2454 1847 nam
2484 1798 2535 1848 in
2563 1797 2781 1851 Domino
2810 1799 3048 1852 salutem.

702 1890 981 1958 allegorice
1035 1902 1272 1956 promere
1322 1889 1479 1955 (sicut
1524 1885 1793 1947 aleatores,
1841 1888 1927 1955 qui
1956 1888 2231 1954 perhibent
2262 1882 2306 1939 Β
2400 1883 2598 1951 Sarpius
2619 1894 2806 1949 tecum,
2839 1886 2944 1941 imo
2987 1896 3039 1941 et
3082 1905 3200 1943 cum
3224 1893 3429 1946 caeteris
3465 1892 3678 1961 collegis
3707 1892 3853 1964 [Pez.

705 1978 869 2030 tribus
896 1976 1106 2045 tesseris
1132 1976 1239 2027 suis
1265 1975 1363 2027 tria
1394 1983 1625 2043 tempora
1651 1973 1952 2041 signiﬁcari,
1978 1989 2228 2040 przcscns,

702 2065 1023 2134 prmtcritum
1050 2071 1103 2117 et
1147 2061 1403 2124 futurum;
1446 2071 1498 2115 et
1539 2063 1649 2115 vias
1685 2078 1865 2115 eorum
1894 2064 2101 2115 senario
2136 2078 2232 2113 nu-

706 2168 851 2204 mero
898 2150 1218 2216 distinguunt
1267 2157 1480 2217 propter
1542 2164 1632 2202 sex
1685 2157 1867 2201 :ctates
1930 2149 2228 2211 hominum,

701 2248 901 2304 quanto
936 2238 1100 2306 magis
1134 2236 1482 2289 Christianam
1532 2236 1839 2290 industriam
1880 2252 1941 2289 ae
1978 2239 2232 2289 rationem

706 2327 854 2398 βίω,
882 2323 1192 2393 orationem]
1235 2326 1331 2378 sibi
1362 2340 1390 2377 a
1433 2325 1539 2377 Deo
1582 2339 1880 2377 concessam
1906 2324 2045 2378 nullo
2078 2325 2234 2377 modo

703 2416 977 2467 excederet
1013 2412 1204 2466 frustra
1229 2412 1422 2479 aliquid
1465 2413 1728 2465 statuere?
1762 2412 1873 2464 Non
1915 2412 2029 2465 ideo
2056 2427 2233 2464 exem-

705 2502 845 2569 plum
886 2501 950 2554 de
991 2501 1268 2569 gentilibus
1310 2501 1482 2568 posui,
1512 2507 1568 2552 ut
1606 2513 1695 2554 eos
1726 2499 2016 2563 imitemur;
2065 2501 2155 2553 sed
2189 2501 2231 2553 si

706 2591 777 2642 illi
810 2591 908 2643 hoc
942 2589 1021 2641 vel
1052 2588 1176 2642 illud
1205 2596 1637 2657 argumentantur
1676 2586 1873 2658 [For-te,
1903 2587 2229 2657 argutantur]

706 2680 945 2741 rationis,
986 2686 1180 2745 quanto
1226 2678 1392 2743 magis
1431 2685 1628 2740 totum,
1678 2677 1814 2744 quod
1863 2676 2081 2728 rationis
2124 2685 2229 2738 est,

704 2766 1032 2821 Christianus
1059 2766 1205 2832 sequi
1244 2755 1418 2826 debet,
1454 2765 1541 2832 qui
1572 2780 1787 2818 summa:
1815 2764 2000 2817 rationi
2046 2764 2151 2816 Deo
2179 2778 2234 2817 se

703 2869 1003 2923 sponsorem
1038 2854 1180 2908 facit.
1220 2854 1331 2907 Non
1362 2854 1477 2907 ideo
1511 2853 1758 2907 Dominus
1785 2853 2011 2905 villicum
2042 2852 2234 2919 iniqui-

705 2944 826 2996 tatis
864 2942 1123 2996 laudatum
1150 2957 1265 2995 esse
1299 2942 1442 3003 dicit,
1491 2949 1548 2994 ut
1585 2942 1726 2992 illum
1771 2941 2111 2997 imitaremur,
2143 2939 2233 2991 sed

702 3032 746 3083 si
775 3030 861 3083 ille
897 3044 960 3083 ex
989 3030 1215 3082 villieatu
1246 3030 1538 3096 iniquitatis
1564 3029 1846 3095 prudenter
1876 3029 1971 3081 sibi
2012 3028 2062 3080 in
2092 3027 2233 3080 futu-

704 3136 820 3173 rum
857 3120 1099 3188 providit,
1129 3129 1322 3189 quanto
1359 3121 1523 3189 magis
1551 3128 1756 3188 oportet
1782 3120 2138 3175 Christianum
2168 3136 2229 3173 ex

2329 1971 2471 2021 addit
2501 1972 2626 2042 tuis]
2657 1974 2912 2028 familiare
2952 1977 3378 2046 colloquium,tde
3403 1981 3627 2034 utilitate
3660 1994 3853 2037 sanette

2330 2058 2419 2109 Dei
2449 2058 2695 2125 Ecclesia:
2726 2059 2917 2116 habere
2939 2063 3295 2129 voluissemus,
3323 2067 3366 2119 si
3394 2068 3591 2135 absque
3620 2069 3854 2123 molestia

2328 2150 2580 2214 corporali
2613 2151 2663 2202 id
2687 2148 2816 2204 eﬂiei
2839 2154 3106 2218 potuisset.
3139 2154 3239 2207 Sed
3266 2157 3503 2222 quamvis
3525 2159 3854 2211 sanctitatem

2330 2242 2470 2285 tuam
2518 2237 2570 2286 in
2618 2237 2804 2290 divinis
2843 2240 2998 2293 rebus
3045 2249 3151 2292 tota
3181 2243 3468 2314 intentione
3507 2246 3722 2312 vigilare
3748 2262 3853 2299 non

2331 2322 2664 2387 ignoremus,
2708 2324 2949 2378 omittere
3005 2334 3176 2379 tamen
3222 2342 3325 2380 non
3365 2344 3678 2396 possumus,
3727 2332 3853 2398 quin

2331 2400 2472 2463 fuam
2514 2409 2862 2475 devotionem,
2894 2421 3072 2471 sancto
3110 2415 3359 2469 incitante
3403 2416 3621 2485 Spiritu,
3663 2420 3855 2472 nostris

2329 2500 2562 2565 apicibus
2599 2501 2967 2568 compellemus
3004 2510 3157 2571 atque
3189 2520 3632 2570 eommoneamus,
3664 2516 3720 2560 ut
3743 2522 3853 2560 ma—

2329 2588 2407 2655 gis
2436 2602 2496 2640 ac
2524 2590 2689 2656 magis
2729 2590 2779 2641 in
2818 2600 2995 2643 sancta
3026 2591 3115 2644 Dei
3145 2592 3374 2645 Ecclesia
3403 2594 3631 2647 studiose
3674 2610 3735 2648 ac
3779 2596 3863 2649 vi-.

2330 2675 2509 2742 gilanti
2535 2690 2660 2728 cura
2701 2676 2941 2729 laborare
2969 2677 3179 2731 studeas
3203 2679 3255 2731 in
3283 2680 3651 2746 prmdieatione
3674 2692 3853 2735 saneta

2330 2773 2381 2816 et
2413 2765 2644 2816 doctrina
2690 2765 2935 2828 salutari;
2971 2775 3225 2833 quatenus
3263 2782 3359 2835 per
3397 2775 3541 2822 tuam
3582 2771 3853 2823 devotissi-

2332 2868 2469 2905 mam
2501 2855 2765 2907 solertiam
2792 2856 3019 2908 Verbum
3046 2857 3163 2910 vita:
3184 2864 3393 2911 aeterna:
3420 2868 3620 2913 crescat
3646 2870 3699 2913 et
3730 2876 3843 2914 cur-

2331 2949 2431 3001 rat,
2475 2951 2526 2991 et
2568 2941 2939 3007 multiplicetur
2982 2958 3228 2998 numerus
3261 2946 3437 3013 populi
3478 2946 3759 3002 Christiani
3801 2949 3851 2999 in

2332 3026 2533 3079 laudem
2564 3036 2617 3080 et
2652 3028 2864 3094 gloriam
2898 3026 3180 3082 Salvatoris
3206 3033 3370 3084 nostri
3397 3032 3510 3086 Dei.

2401 3114 2563 3167 Nosse
2594 3131 2816 3183 namque
2859 3115 2987 3185 [AI.,
3030 3116 3226 3187 itaque]
3271 3128 3366 3186 per
3398 3126 3486 3171 tua
3521 3119 3731 3187 scripta,
3764 3126 3854 3172 aut

700 3209 854 3279 iustis
903 3210 1142 3263 censibus
1192 3209 1494 3276 acquirere,
1555 3210 1645 3277 qui
1698 3224 1817 3261 cum
1870 3209 2118 3274 recipient
2179 3209 2230 3260 iu
2255 3198 2302 3260 C
2332 3220 2426 3272 per
2459 3213 2507 3256 te
2536 3206 2703 3271 ipsum
2734 3205 2987 3269 volumus,
3014 3205 3236 3274 qualiter
3261 3215 3314 3259 tu
3355 3216 3407 3259 et
3430 3205 3739 3274 sull‘raganei
3780 3209 3852 3260 tui

704 3308 898 3352 acterna
926 3297 1292 3350 tabernacula?
1320 3298 1483 3363 Rogo,
1509 3296 1683 3357 Pater,
1708 3303 1763 3347 ut
1783 3309 1885 3347 non
1909 3294 1973 3345 ad
1996 3295 2229 3361 publicas

703 3404 859 3442 aures
890 3388 1093 3440 libellus
1134 3395 1312 3440 noster
1358 3387 1609 3448 mittatur,
1654 3401 1718 3437 ne
1758 3383 1915 3437 intret
1958 3385 2009 3436 in
2050 3384 2230 3437 dentes

704 3478 1130 3536 obtrectatorum,
1164 3490 1332 3542 neque
1353 3475 1617 3527 cachinnis
1652 3474 1991 3540 superborum
2017 3487 2111 3539 per
2138 3487 2229 3523 au-

705 3582 791 3620 ras
835 3566 1090 3619 resultans
1126 3566 1189 3619 de
1211 3565 1493 3618 humillima
1523 3566 1754 3617 doctrina
1790 3564 2107 3630 paupertatis
2138 3578 2231 3616 no-

703 3670 844 3714 strze.
873 3660 1126 3724 Quoniam
1166 3674 1267 3712 non
1300 3674 1382 3710 me
1420 3657 1642 3724 prml'ero
1677 3657 1984 3723 magistrum
2024 3656 2087 3707 de
2130 3656 2229 3707 hac

705 3751 1006 3817 scriptione,
1050 3749 1139 3802 sed
1177 3746 1484 3814 discipulum
1530 3746 1875 3813 inquirentem
1905 3744 2041 3813 quod
2075 3743 2229 3811 diligo

706 3838 862 3892 scire.

772 3925 928 3981 Addit
949 3925 1105 3979 etiam
1127 3924 1376 3978 sanctitas
1394 3930 1565 3977 vestra
1590 3921 1640 3974 in
1668 3920 1885 3989 epistola
1914 3933 2229 3975 commemo-

705 4024 817 4068 rata
856 4014 1055 4075 scedas,
1087 4028 1217 4080 quas
1245 4012 1413 4080 legisti
1448 4010 1633 4063 missas
1674 4010 1739 4061 ad
1780 4012 2024 4063 domnum
2066 4007 2229 4061 Caro-

704 4105 810 4157 lum
843 4105 1204 4170 imperatorem
1244 4116 1274 4153 a
1320 4109 1493 4154 nostra
1539 4101 1819 4168 parvitate,
1857 4098 1920 4150 de
1965 4096 2230 4151 Scrutinio

703 4200 758 4245 et
799 4189 1128 4257 Baptisterio,
1171 4186 1417 4256 praadicto
1460 4189 1602 4255 operi
1633 4189 1915 4248 innectere,
1946 4186 2230 4259 quodnon

705 4277 900 4339 distuli,
927 4291 1230 4346 przrponens
1258 4275 1401 4340 illud,
1434 4276 1675 4342 quoniam
1705 4284 1856 4328 antea
1884 4275 2119 4342 quisquis
2144 4290 2230 4327 ca-

706 4367 995 4422 techizatur
1039 4373 1091 4417 ct
1128 4364 1419 4431 baptizatur
1451 4378 1603 4430 quam
1646 4363 1908 4431 perveniet
1948 4362 2012 4414 ad
2053 4376 2231 4416 sacros

705 4456 931 4510 ordines.
962 4453 1146 4506 Addidi
1173 4452 1329 4505 etiam
1358 4462 1409 4505 et
1430 4454 1567 4518 ipsas
1593 4452 1853 4519 epistolas,
1887 4468 2016 4519 quas
2042 4452 2231 4520 glorio-

704 4543 943 4599 sissimus
967 4542 1245 4607 imperator
1267 4550 1581 4593 memoratus
1606 4541 1744 4592 misit
1772 4542 1949 4602 nobis;
1982 4540 2034 4593 in
2063 4541 2230 4595 prima

707 4647 801 4685 nos
827 4631 1058 4683 excitans
1085 4629 1149 4681 ad
1190 4630 1240 4681 id
1280 4629 1595 4689 faciendum,
1640 4630 1692 4680 in
1731 4629 1956 4681 secunda
1995 4630 2232 4696 prtcbens

708 4722 1069 4774 auctoritatem
1089 4718 1231 4786 operi
1256 4718 1412 4771 facto.
1445 4717 1794 4782 Similiterque
1827 4733 1913 4769 vos
1941 4733 2146 4785 precor,
2174 4729 2230 4771 ut

708 4824 811 4861 non
855 4808 1025 4875 pigeat
1068 4807 1394 4860 dilectionem
1436 4812 1664 4857 vestram
1705 4804 1971 4871 perlegere
2011 4820 2072 4858 ea
2114 4821 2229 4872 qua:

707 4898 861 4950 modo
889 4896 1200 4958 addimus,et
1224 4894 1308 4947 ille
1337 4908 1436 4946 non
1473 4894 1613 4961 legit,
1646 4903 1704 4946 ut
1730 4893 1865 4945 sicut
1888 4907 1948 4944 ea
1981 4908 2097 4961 qua:
2122 4894 2229 4961 ipse

706 4985 853 5053 legit,
880 4984 956 5035 sic
978 4990 1030 5034 et
1052 4984 1160 5036 haec
1176 4997 1290 5049 quae
1309 4981 1454 5033 vobis
1475 4982 1732 5049 leguntur,
1758 4996 1819 5033 ex
1850 4991 2020 5035 vestra
2048 4992 2228 5034 sancta

707 5071 1015 5125 auctoritate
1048 5071 1389 5137 corrigantur,
1420 5083 1535 5135 qu;e
1560 5069 1864 5135 corrigenda
1892 5078 2026 5128 sunt,
2059 5077 2111 5119 et
2140 5068 2228 5120 ﬁr—

707 5167 931 5221 mentur,
962 5174 1078 5227 qua:
1100 5158 1347 5210 ﬁrmanda
1388 5165 1525 5211 sunt.
1555 5156 1780 5223 Mihique
1809 5157 1958 5210 libuit
1994 5165 2222 5209 vestram

706 5248 978 5315 epistolam
1005 5247 1146 5316 operi
1176 5247 1319 5298 vobis
1360 5245 1651 5312 specialiter
1688 5245 1885 5297 directo
1924 5258 2225 5310 praeponere

703 5349 827 5391 cum
850 5334 1085 5386 versibus
1122 5332 1428 5399 quibusdam
1471 5332 1704 5384 marinis.
1743 5331 1847 5384 Vos
1875 5329 2013 5381 enim
2051 5345 2221 5382 meum

728 5421 904 5495 ,ullum
940 5420 1100 5473 latere
1127 5419 1260 5472 volo.
1307 5419 1646 5481 Pertraetavi,
1696 5427 1970 5486 postquam
2010 5431 2229 5483 corpore

779 5587 802 5610 ιι
828 5572 946 5624 llzec
972 5580 1051 5625 est
1076 5569 1294 5639 cpistola
1320 5569 1416 5620 sub
1440 5569 1619 5622 eodem
1648 5575 1824 5639 tenore
1852 5568 1915 5639 ad
1946 5568 2075 5639 alios
2098 5582 2231 5639 quo-

705 5655 812 5707 que
857 5639 999 5707 regni
1037 5636 1449 5707 areliicpiscopos
1488 5651 1623 5687 anno
1663 5636 1871 5707 circiter
1898 5637 1998 5689 8l‘2’.
2040 5638 2227 5707 inissa;

714 5704 1147 5773 restant'quoquc
1188 5706 1477 5771 aliquorum
1520 5704 1878 5771 l‘t‘SPOIISiU.:ca
1919 5705 2050 5771 apud
2091 5704 2233 5756 italu-

2329 3292 2557 3344 doeeatis
2578 3300 2629 3343 et
2653 3292 2921 3345 instruatis
2941 3294 3236 3346 sacerdotes
3252 3293 3343 3346 Dei
3366 3293 3462 3365 [et]
3481 3295 3684 3361 plebem
3705 3295 3853 3349 vobis

2326 3381 2657 3433 commissam
2707 3382 2770 3434 de
2817 3381 3059 3449 baptismi
3104 3392 3454 3445 sacramento,
3509 3383 3562 3437 id
3608 3391 3710 3446 est,
3760 3398 3853 3436 cur

2326 3472 2494 3536 primo
2546 3470 2715 3522 infans
2763 3470 3154 3524 catechuminus
3195 3469 3443 3535 elﬁcitur;
3493 3471 3576 3525 vel
3616 3472 3741 3540 quid
3787 3474 3854 3526 sit

2326 3561 2543 3611 eateehu
2553 3559 2753 3611 minus?
2776 3558 2968 3611 Deinde
2991 3574 3082 3626 per
3101 3559 3336 3613 ordinem
3357 3561 3532 3614 omnia
3552 3576 3667 3629 qua:
3693 3577 3853 3629 agun-

2327 3656 2429 3699 tur.
2456 3649 2527 3700 De
2551 3630 2820 3708 scrutinio,
2844 3649 2965 3713 quid
2983 3648 3049 3700 sit
3070 3648 3411 3701 scrutinium?
3430 3650 3495 3702 Et
3511 3650 3574 3705 de
3596 3651 3850 3719 symbolo,

2325 3736 2446 3803 quid
2476 3736 2601 3805 ML,
2628 3734 2763 3804 qum]
2794 3738 2860 3788 sit
2883 3735 2995 3804 ejus
3024 3737 3401 3805 interpretatio,
3430 3741 3715 3794 secundum
3749 3739 3849 3795 La-

2328 3825 2496 3878 tinos?
2535 3824 2608 3876 De
2652 3824 2978 3888 credulitate,
3026 3826 3282 3893 quomodo
3321 3828 3637 3883 credendum
3684 3832 3751 3884 sit
3798 3832 3846 3884 in

2326 3915 2489 3967 Deum
2516 3914 2720 3967 Patrem
2754 3916 3179 3983 omnipotentem,
3213 3923 3264 3970 et
3305 3917 3358 3970 in
3390 3916 3568 3971 Jesum
3589 3918 3848 3975 Christum

2326 4000 2514 4053 Filium
2554 4000 2668 4067 ejus
2704 4009 2880 4053 natum
2914 4009 2967 4053 et
2995 3996 3238 4069 passum;
3265 4010 3321 4055 et
3357 4003 3411 4055 in
3455 4002 3706 4072 Spiritum
3734 4021 3849 4061 sanr

2327 4098 2490 4152 etum,
2519 4098 2755 4142 sanctam
2775 4089 3060 4144 Eeclesiam
3087 4090 3418 4156 catholicam,
3443 4101 3498 4147 et
3520 4103 3710 4147 extera
3736 4110 3848 4162 qua:

2329 4186 2617 4243 sequuntur
2660 4178 2713 4231 in
2750 4179 2931 4232 eodem
2982 4179 3249 4248 symbolo?
3289 4179 3362 4232 De
3401 4181 3847 4236 abrenuntiatione

2330 4263 2536 4318 Satanae
2564 4275 2616 4317 et
2642 4267 2707 4318 de
2732 4267 2974 4325 omnibus
3002 4268 3247 4335 operibus
3281 4267 3392 4334 ejus
3433 4277 3592 4337 atque
3630 4272 3844 4339 pompis.

2328 4353 2453 4419 quid
2500 4353 2568 4404 sit
2611 4353 3030 4417 abrenuntiatio,
3076 4353 3159 4407 vel
3200 4369 3315 4422 quae
3358 4370 3517 4423 opera
3565 4358 3750 4412 diaboli
3799 4369 3848 4411 et

2328 4440 2561 4506 pompae?
2595 4440 2702 4492 Cur
2724 4440 3027 4495 exsuillatur
3047 4440 3173 4512 [Al.,
3199 4441 3532 4513 insumatur],
3560 4453 3615 4498 et
3639 4460 3730 4498 cur
3760 4460 3846 4499 ex-

2261 4504 2308 4563 D
2331 4504 2624 4580 orciiatur?
2652 4528 2758 4582 Cur
2793 4504 3193 4585 catechuminus
3222 4532 3411 4600 accipit
3452 4504 3650 4586 salem?
3684 4533 3846 4601 Quare

2336 4625 2613 4685 tangantur
2646 4631 2818 4679 nares,
2851 4625 3031 4686 pectus
3052 4627 3273 4686 ungatur
3303 4619 3451 4672 oleo?
3483 4620 3591 4674 Cur
3632 4621 3844 4689 scapulas

2335 4707 2482 4777 [.ils.,
2527 4706 2774 4777 spadulai]
2812 4708 3083 4776 signentur
3124 4706 3246 4776 [AI.,
3284 4707 3509 4775 scapulae
3553 4708 3845 4780 lavantur]?

2332 4796 2503 4860 Quare
2539 4803 2718 4861 pectus
2755 4801 2808 4847 et
2835 4793 3057 4861 seapula:
3097 4793 3377 4847 liniantur?
3400 4794 3507 4848 Cur
3531 4795 3664 4850 albis
3685 4797 3842 4851 indui-

2331 4891 2416 4935 tur
2442 4882 2794 4937 vestimentis?
2820 4881 2925 4936 Cur
2948 4897 3098 4936 sacro
3126 4883 3406 4936 chrismate
3435 4890 3592 4952 caput
3612 4885 3839 4953 perungi-

2334 4979 2436 5031 tur,
2456 4978 2509 5023 et
2532 4971 2752 5037 mystico
2784 4970 2975 5039 tegitur
3008 4970 3282 5033 velamine,
3310 4970 3394 5025 vel
3415 4980 3711 5038 corporeet
3730 4986 3839 5026 san.

2332 5057 2488 5125 guine
2516 5057 2782 5109 Dominico
2818 5055 3190 5110 conﬁrmatur?

2402 5144 2522 5197 Haec
2553 5144 2726 5196 omnia
2754 5144 2928 5197 subtili
2948 5144 3188 5213 indagine
3208 5145 3498 5213 perscripta
3517 5144 3685 5209 nobis,
3714 5145 3837 5199 sicut

2331 5235 2575 5297 diximus,
2607 5236 2846 5287 nuntiare
2874 5242 3051 5301 satage
3076 5251 3089 5285 :
3119 5232 3200 5286 vel
3226 5234 3272 5286 si
3309 5234 3380 5288 ita
3423 5242 3602 5289 teneas
3635 5244 3687 5288 et
3717 5250 3835 5302 pra:-

2330 5323 2499 5380 dices,
2526 5330 2615 5373 aut
2650 5321 2694 5373 si
2732 5320 2786 5372 in
2822 5321 2920 5374 hoc
2953 5320 3091 5387 quod
3119 5321 3391 5388 prtedicas,
3427 5323 3652 5391 teipsum
3677 5332 3835 5377 custo-

2327 5410 2456 5463 dias.
2483 5409 2619 5463 Bcne
2647 5408 2812 5461 valete
2839 5406 2968 5478 [Al.,
2989 5407 3124 5477 vale]
3151 5415 3204 5461 et
3226 5423 3321 5462 ora
3349 5423 3445 5477 pro
3469 5410 3641 5466 nobis.

2330 5568 2497 5627 vitm,
2543 5564 2911 5623 Mahillonium,
2961 5563 3221 5629 Martene,
3266 5565 3500 5618 Pezium.
3544 5563 3619 5618 Ex
3661 5564 3831 5630 quibus

2330 5638 2575 5688 let-tiones
2602 5633 2861 5685 variantes
2882 5632 3169 5701 hausimus.
3216 5634 3342 5687 Vide
3365 5647 3491 5687 vero
3534 5631 3738 5701 Pagium
3773 5630 3830 5682 ad

2332 5720 2521 5757 ηιῖιιιιιιι
2549 5701 2667 5765 812,
2695 5715 2834 5753 num.
2875 5699 2933 5751 lz’.
2955 5709 3005 5753 et
3032 5701 3108 5753 l5.
