4110 6424
327 514 433 569 893

558 705 924 763 RESPONSIO
959 707 1276 760 AMALARII
1310 706 1619 761 EPISCOPI.

391 791 782 847 Gloriosissimo
808 804 862 847 et
899 793 1331 847 excellentissimo
1369 792 1619 860 Augusto,
1666 809 1695 845 a
1742 793 1846 844 Deo

322 889 607 945 coronato,
634 878 824 934 Carolo
860 880 1210 943 serenissima,
1256 881 1363 933 vita
1396 880 1635 948 salusque
1672 895 1849 947 perpe-

327 977 440 1023 tua.

393 1056 614 1110 Domine
651 1055 720 1108 mi
746 1054 1190 1109 Christianissime
1212 1055 1512 1123 imperator.
1540 1052 1749 1105 Misistis
1782 1052 1848 1105 ad

322 1142 590 1196 servulum
618 1149 848 1194 vestrum
888 1142 1266 1209 inquisitiones,
1309 1142 1591 1194 secundum
1622 1148 1849 1192 vestram

324 1229 758 1291 misericordiam,
784 1231 847 1281 de
872 1245 1021 1283 sacro
1044 1231 1374 1298 baptismate,
1394 1244 1487 1296 per
1515 1229 1747 1281 ordinem
1773 1229 1850 1280 in-

323 1319 776 1384 terrogantes'cur
802 1332 1121 1383 unaquaeque
1147 1332 1228 1369 res
1257 1324 1441 1384 agatur
1471 1317 1519 1367 iu
1547 1314 1849 1381 baptisteria

321 1416 377 1458 ut
401 1406 452 1457 in
478 1405 768 1458 scrutinio:
800 1405 937 1457 sicut
972 1404 1023 1455 in
1064 1404 1304 1456 onmibus
1338 1403 1530 1457 Christi
1556 1400 1847 1469 exemplum

320 1492 625 1560 sequimini,
663 1492 736 1545 sic
780 1500 832 1544 et
882 1492 932 1542 in
978 1491 1103 1551 isto;
1134 1491 1223 1557 qui
1269 1490 1332 1541 ad
1370 1491 1468 1542 hoc
1515 1489 1853 1555 interrogavit

320 1582 640 1649 Philippum,
661 1589 718 1632 ut
747 1581 979 1639 doceret,
1005 1580 1189 1651 dicens
1214 1595 1225 1629 :
1262 1577 1404 1629 Unde
1430 1593 1648 1628 amemus
1675 1592 1848 1643 partes,

322 1678 376 1720 ut
404 1667 706 1721 manducent
726 1666 779 1716 Iri
799 1665 972 1734 (Joan.
996 1681 1063 1721 γι.
1090 1664 1175 1731 5)?
1205 1665 1420 1724 Tamen,
1446 1671 1501 1714 ut
1524 1663 1851 1730 Evangtlista

320 1756 394 1805 ait
424 1769 438 1805 :
463 1753 582 1821 Ipse
612 1752 746 1804 enim
773 1751 958 1803 sciebat
979 1750 1097 1819 quid
1126 1759 1249 1801 esset
1274 1749 1521 1815 facturus.
1544 1746 1851 1815 Quanquam

319 1841 542 1893 idoneus
574 1841 811 1911 non-'siut
850 1847 1036 1891 vestrae
1079 1836 1473 1903 interrogationi
1519 1837 1849 1903 respondere,

1331 509 1541 563 EPIST.
1588 511 1672 564 DE
1708 508 2131 565 CEREMONIIS
2164 507 2491 563 BAPTISMI.

1872 626 1923 681 Α
1948 619 2103 672 ﬁdem
2131 627 2305 672 tenere
2329 634 2422 686 per
2448 632 2605 687 opera
2630 619 2920 672 charitatis.
2960 619 3025 672 Et
3052 621 3187 672 sicut
3224 621 3462 691 Augusti-

3362 514 3462 569 89b

1943 721 2041 758 nus
2069 707 2141 757 ait
2168 706 2220 758 in
2248 705 2380 758 libro
2417 705 2483 758 de
2509 704 2635 757 Fide
2671 714 2725 758 et
2743 704 2996 772 Operibus
3026 706 3175 774 (Cap:
3204 707 3292 770 27,
3314 722 3461 760 num.

1942 795 2028 863 49)
2056 813 2068 846 :
2114 811 2131 843 ι
2165 794 2251 846 Sic
2274 793 2667 847 cateehizandos
2695 806 2783 845 eos
2809 792 2896 859 qui
2924 793 3236 860 baptismum
3256 800 3462 861 petunt,

1945 891 2001 935 ut
2023 898 2121 935 non
2146 882 2313 935 solum
2338 882 2552 934 audiant
2576 891 2728 948 atque
2755 881 3041 947 suscipiant
3078 872 3200 947 quid
3227 880 3459 941 credere,

1943 985 2123 1023 verum
2149 970 2307 1023 etiam
2342 970 2567 1036 qualiter
2609 970 2829 1022 debeant
2858 969 3031 1021 vivere
3061 987 3073 1019 :
3120 970 3195 1020 sic
3229 969 3462 1035 promitti

1945 1059 2182 1122 ﬁdelibus
2209 1041 2366 1110 vitam
2401 1066 2673 1120 aeternam,
2722 1066 2916 1110 utnon
2963 1057 3122 1109 etiam
3168 1070 3262 1123 per
3308 1055 3463 1107 [idem

1947 1152 2228 1206 mortuam,
2266 1158 2381 1210 qua:
2406 1143 2517 1196 sine
2537 1144 2780 1209 operibus
2815 1142 3017 1195 salvare
3043 1157 3146 1194 non
3180 1149 3375 1209 potest,
3398 1141 3463 1194 ad

1946 1247 2061 1287 eam
2096 1248 2151 1285 sc
2178 1233 2397 1300 quisque
2426 1246 2578 1300 posse
2607 1228 2879 1299 pervenire
2905 1231 3209 1291 arbitretur,
3243 1230 3334 1282 sed
3371 1244 3466 1296 per

1948 1321 2088 1373 illam
2127 1320 2280 1373 ﬁdem
2311 1321 2512 1388 gratim,
2539 1334 2654 1386 quze
2681 1334 2773 1386 per
2799 1317 3126 1370 dilectionem
3151 1323 3417 1383 Operatur.
3441 1334 3459 1364 ι

1948 1410 2020 1462 De
2047 1424 2150 1475 qua
2204 1409 2566 1470 instructione,
2622 1407 2667 1459 si
2726 1407 2841 1473 quis
2885 1403 3018 1469 vult,
3062 1404 3189 1459 satis
3238 1404 3468 1469 reperire

1947 1504 2117 1565 potest
2144 1496 2195 1547 in
2231 1494 2517 1561 Augustino
2568 1494 2632 1547 de
2674 1492 3061 1545 catechizandis
3098 1488 3331 1542 rudibus.
3371 1486 3470 1541 Su-

1948 1599 2043 1651 per
2083 1583 2327 1649 parvulos
2359 1583 2646 1635 orationem
2695 1580 2887 1633 faciant
2929 1579 3075 1648 [Ms.,
3104 1576 3368 1646 facimus],
3414 1583 3471 1628 ut

1949 1672 2156 1724 etecitas
2190 1672 2360 1723 cordis
2385 1671 2435 1723 in
2475 1671 2551 1722 eis
2578 1668 2882 1735 depellatur,
2908 1667 3271 1732 dirumpantur
3297 1664 3468 1731 laquei

1951 1761 2177 1821 Satanm,
2210 1760 2399 1827 quibus
2438 1757 2642 1810 fuerant
2677 1755 2923 1823 colligati,
2962 1762 3016 1807 et
3042 1754 3211 1806 idonei
3233 1751 3462 1805 eﬂician-
3549 1770 3559 1779 ’

1952 1857 2036 1899 tur
2058 1862 2154 1916 per
2187 1847 2506 1899 incrementa
2548 1852 2601 1897 et
2639 1843 3076 1896 ministrationem
3115 1841 3468 1893 membrorum

321 1939 497 1980 tamen
523 1928 904 1981 inobedientem
929 1942 1026 1979 sue
1053 1942 1154 1979 non
1183 1933 1388 1993 oportet
1410 1940 1542 1987 esse,
1574 1925 1698 1992 quin
1728 1939 1847 1979 tom-

1947 1948 2010 1987 ea
2035 1948 2347 2002 cognoscere
2376 1946 2490 1999 qua:
2512 1929 2815 1984 dimittenda
2840 1936 2980 1993 sunt,
3008 1936 3061 1981 et
3083 1943 3198 1995 qua:
3228 1926 3466 1981 tenenda.

320 2017 478 2069 nibus
500 2017 740 2070 sensibus
755 2025 808 2069 et
829 2016 1090 2069 intellectu
1115 2030 1232 2068 meo
1252 2017 1440 2068 vestris
1460 2015 1653 2068 sanctis
1665 2015 1856 2081 jussit)»

319 2105 477 2157 nibus
503 2106 878 2172 obtemperem.
899 2104 1118 2170 Idemque
1139 2104 1276 2170 quod
1299 2104 1558 2170 conjicere
1579 2118 1853 2170 possumus

320 2194 450 2265 [Al.,
478 2193 783 2265 potuimus],
813 2194 1116 2261 scripsimus
1151 2193 1213 2245 de
1248 2194 1329 2245 his
1360 2193 1515 2245 rebus
1542 2207 1654 2259 quae
1682 2201 1851 2245 vestra

318 2282 613 2336 dominatio
641 2282 996 2349 interrogavit,
1035 2290 1088 2333 et
1123 2281 1261 2347 quod
1290 2281 1341 2332 in
1367 2289 1606 2349 promptu
1654 2281 1851 2334 inveni-

321 2389 441 2426 nius
468 2373 520 2425 in
548 2373 703 2426 dictis
736 2378 1038 2425 sanctorum
1064 2370 1297 2434 Patrum,
1336 2371 1456 2424 illuc
1494 2372 1657 2440 magis
1686 2372 1854 2424 aciem

318 2462 517 2514 utentis
565 2460 851 2513 direximus
891 2475 955 2512 ex
1000 2460 1085 2512 his
1125 2475 1241 2526 qua:
1278 2460 1616 2511 admonitioni
1662 2469 1851 2512 vestrae.

317 2562 555 2614 congrua
589 2546 913 2599 videbamus.
945 2545 1049 2597 Nos
1085 2560 1209 2598 vero
1249 2560 1545 2613 quanquam
1593 2545 1759 2613 ignari
1787 2547 1857 2597 si-

317 2652 463 2697 mus,
495 2650 596 2689 non
625 2649 891 2688 cessamus
916 2635 1175 2702 pro‘vobis
1201 2643 1253 2686 et
1279 2644 1451 2687 vestra
1478 2634 1851 2695 misericordia,

317 2739 483 2793 quam
516 2725 773 2777 exercetis
801 2723 852 2775 in
889 2737 1071 2775 omnes
1109 2722 1199 2774 Dei
1236 2721 1479 2785 cultores,
1518 2723 1711 2791 gratias
1752 2720 1857 2773 Deo

319 2826 504 2881 agere,
546 2820 600 2864 et
643 2809 983 2865 stabilitatem
1021 2818 1177 2874 atque
1223 2811 1529 2874 sapientiam
1582 2809 1856 2876 imprecari

321 2908 504 2953 vestro
559 2898 829 2965 regimini;
881 2911 1101 2964 quarum
1157 2897 1620 2964 interrogationum
1690 2898 1858 2964 prima

322 2990 438 3043 haec
474 2987 718 3041 consistit
754 3000 768 3039 :
815 2985 921 3041 Cur
960 2985 1131 3040 infans
1168 2968 1573 3041 catechumenus
1610 2987 1700 3039 ﬁat
1728 2972 1860 3040 ante

326 3079 683 3150 baptismum?

842 3166 919 3219 De
959 3166 1326 3218 catechumenis

240 3314 247 3327 ,
397 3256 605 3311 Scimus
647 3255 806 3318 enim,
851 3253 1287 3308 excellentissime
1331 3252 1633 3327 imperator,
1677 3267 1859 3308 omnes

286 3347 567 3488 Yomines
591 3344 689 3398 sub
708 3344 909 3413 peccati
941 3342 1066 3410 jugo
1097 3342 1263 3396 teneri
1297 3344 1362 3395 ab
1390 3326 1499 3411 ipso
1523 3343 1742 3396 articulo
1767 3358 1858 3396 na-

348 3433 549 3488 ivitatis
575 3434 708 3488 eius.
754 3447 920 3488 usuue
965 3432 1029 3484 ad
1074 3430 1355 3484 secundam
1407 3431 1759 3488 nativitatem;
1807 3440 1858 3484 et

348 3433 549 3489 ivitatis
575 3434 708 3503 ejus,
754 3447 920 3502 usque
965 3432 1029 3484 ad
1074 3430 1355 3484 secundam
1407 3431 1759 3492 nativitatem;
1807 3440 1861 3484 et

325 3524 614 3577 veridicam
659 3536 774 3575 esse
813 3521 1124 3574 sententiam
1164 3518 1469 3581 Psalmistcc,
1514 3520 1602 3587 qui
1650 3520 1858 3587 inquit,

324 3611 459 3666 Ecce
483 3613 618 3665 enim
657 3612 711 3662 in
740 3610 1086 3679 iniquitatibus
1126 3617 1390 3674 conceptus
1423 3624 1555 3670 sum,
1585 3617 1630 3659 et
1656 3609 1710 3660 in
1741 3625 1859 3674 prc—

323 3701 456 3755 catis
486 3698 710 3766 concepit
739 3713 815 3750 me
843 3706 1003 3749 mater
1030 3712 1139 3748 mea
1163 3693 1329 3766 (Psal.
1357 3712 1406 3758 ι,
1432 3695 1503 3765 7).
1544 3696 1611 3748 Et
1656 3697 1755 3749 hoc
1783 3704 1861 3748 est

325 3799 543 3860 propter
570 3786 973 3840 inobedientiam
1010 3786 1166 3854 primi
1215 3786 1439 3839 hominis
1475 3797 1528 3840 et
1551 3786 1663 3854 ejus
1692 3796 1859 3839 trans-

324 3878 676 3948 gressionem,
705 3890 736 3928 a
759 3890 863 3944 quo
890 3875 1127 3928 ducimus
1156 3875 1410 3943 originem
1452 3877 1713 3929 carnalem
1760 3894 1771 3927 :
1810 3884 1863 3929 et

324 3985 431 4022 non
460 3982 613 4037 posse
640 3982 736 4021 nos
763 3965 1035 4021 reformari
1072 3968 1135 4020 ad
1168 3967 1441 4035 imaginem
1488 3968 1601 4037 ejus
1639 3968 1728 4037 qui
1769 3982 1863 4021 nos

325 4056 547 4118 ereavit,
583 4054 687 4108 nisi
726 4069 821 4123 per
863 4054 1090 4108 salutare
1130 4055 1408 4123 baptisma,
1450 4058 1588 4125 quod
1634 4058 1863 4110 nondum

328 4145 661 4211 accepimus;
692 4155 860 4211 neque
894 4150 1039 4211 patet
1066 4144 1236 4197 aditus
1281 4146 1422 4214 regni
1462 4146 1731 4208 caelorum,
1762 4145 1864 4198 nisi

325 4246 669 4287 renascamur
691 4246 756 4283 ea:
781 4246 914 4301 aqua
938 4240 984 4283 et
1012 4230 1207 4298 Spiritu
1236 4242 1408 4283 sancto
1448 4231 1622 4300 (Joan.
1666 4248 1747 4295 tu,
1788 4231 1859 4303 5).

326 4321 523 4373 Sumus
553 4320 693 4373 enim
730 4326 851 4375 ante
891 4318 1147 4386 baptisma
1178 4318 1229 4370 in
1268 4318 1495 4371 tenebris
1523 4318 1861 4387 ignorantim;

326 4409 382 4462 in
408 4407 685 4462 desideriis
705 4407 879 4460 carnis
904 4406 1246 4469 ambulantes,
1281 4406 1503 4461 facimus
1530 4421 1592 4460 ea
1618 4422 1733 4474 qua:
1761 4423 1864 4460 non

1882 3219 1930 3279 Ο

2517 2040 2593 2093 De
2630 2040 2896 2092 scrutinio.
2953 2097 2964 2113 ε

2016 2159 2071 2210 lu
2099 2155 2346 2210 scrutinio
2374 2154 2563 2221 quippe
2604 2151 2822 2204 facimus
2862 2150 3065 2216 signum
3104 2147 3275 2201 crucis
3314 2159 3473 2214 super

1948 2260 2151 2313 pueros,
2180 2245 2313 2296 sicut
2334 2241 2624 2296 invenimus
2647 2240 2898 2306 scriptum
2925 2239 2975 2290 in
2998 2236 3232 2289 Romano
3254 2233 3469 2297 Ordine,

1950 2345 2001 2389 et
2037 2334 2451 2404 genuﬂexionem
2494 2339 2547 2383 et
2592 2329 2972 2398 adjurationem
3008 2326 3195 2397 [Edit.,
3246 2324 3471 2377 admira-

1951 2414 2197 2489 tionem];
2231 2429 2283 2472 et
2301 2420 2547 2472 docemus
2570 2417 2859 2469 orationem
2890 2414 3208 2467 Dominicam
3234 2411 3471 2479 patrinos

1950 2519 2003 2563 et
2029 2509 2299 2568 matrinas,
2336 2513 2393 2556 ut
2416 2512 2468 2556 et
2494 2504 2588 2571 ipsi
2618 2502 2858 2555 similiter
2889 2500 3100 2561 faciant,
3143 2513 3272 2566 quos
3305 2512 3477 2551 susce-

1952 2596 2089 2664 pturi
2128 2603 2249 2648 sunt
2285 2609 2315 2645 a
2355 2607 2505 2645 sacro
2549 2592 2878 2659 baptismate.
2932 2587 3185 2640 Similiter
3228 2586 3476 2639 docemus

1954 2683 2262 2751 symbolum,
2303 2680 2440 2747 quod
2483 2680 2680 2747 signant
2719 2678 2769 2729 in
2813 2684 2992 2729 nostra
3028 2675 3202 2742 lingua
3228 2672 3469 2734 vertitur,

1952 2769 2033 2820 vel
2061 2768 2298 2834 cognitio.
2326 2765 2540 2828 Quando
2559 2763 2922 2815 dividebantur
2948 2759 3163 2827 apostoli
3192 2773 3287 2825 per
3308 2763 3474 2811 totum

1953 2856 2134 2907 orbem
2168 2850 2551 2920 prmdicationis
2587 2864 2764 2905 causa,
2796 2846 3051 2898 dederunt
3072 2845 3196 2896 illud
3224 2840 3474 2913 [signum]

1953 2940 2359 3011 prcedicationis,
2400 2947 2458 2989 ut
2484 2937 2526 2990 si
2556 2936 2671 3003 quis
2697 2934 2814 2986 talia
2844 2932 3180 2986 confiteretur
3202 2930 3373 2998 qualia
3404 2931 3476 2984 ibi

1958 3017 2596 3097 dicuntum-cognitionem
2640 3025 2789 3078 daret
2826 3038 2882 3077 se
2927 3038 2956 3075 a
3001 3021 3195 3075 Christi
3232 3020 3480 3090 apostolis

1959 3120 2068 3174 sive
2091 3135 2120 3172 a
2152 3118 2543 3172 successoribus
2565 3131 2746 3169 eorum
2774 3114 3036 3169 didicisse.

2256 3224 2360 3281 Cur
2393 3226 2447 3277 in
2483 3224 2649 3293 fronte
2688 3222 2936 3303 faciamus
2967 3223 3184 3291 signum.

2027 3341 2195 3395 Sedes
2218 3336 2544 3392 verecundae
2575 3335 2625 3388 in
2652 3332 2821 3386 fronte
2859 3332 2990 3386 solet
3025 3326 3160 3385 esse.
3210 3328 3474 3396 Siquidem

1957 3430 2120 3484 Judaei
2156 3430 2210 3482 in
2235 3427 2403 3480 fronte
2433 3425 2749 3479 erubescunt
2779 3422 2993 3476 credere
3042 3421 3094 3473 in
3136 3420 3279 3474 illum
3321 3433 3474 3486 quem

1959 3525 2151 3570 norunt
2197 3512 2521 3572 cruciﬁxum,
2572 3516 2630 3561 ut
2670 3507 2858 3561 Paulus
2903 3507 3168 3575 apostolus
3210 3509 3314 3559 ait:
3366 3504 3476 3559 Nos

1958 3615 2124 3659 autem
2157 3603 2490 3671 pradicamus
2518 3597 2771 3652 Christum
2797 3598 3095 3663 cruci/istim
3138 3595 3333 3649 Judceis
3361 3597 3479 3666 qui-

1958 3696 2070 3748 dem
2094 3690 2412 3753 scandalum,
2442 3689 2666 3759 gentibus
2705 3697 2871 3740 autem
2899 3688 3162 3740 stultitiam
3197 3686 3247 3755 (1
3276 3684 3394 3738 Cor.
3425 3700 3478 3749 ι,

1957 3784 2065 3849 25).
2108 3782 2211 3835 Sed
2250 3795 2347 3834 nos
2391 3779 2650 3833 credimus
2681 3791 2776 3845 per
2812 3775 3132 3829 Crucilixum
3168 3774 3378 3836 salvari,
3416 3773 3481 3827 de

1959 3873 2105 3940 cujus
2128 3870 2346 3922 nomine
2372 3866 2534 3921 Judaei
2581 3868 2915 3929 erubescunt,
2957 3866 3104 3932 cujus
3141 3880 3236 3918 nos
3271 3867 3481 3921 nomine

1958 3959 2218 4014 credimus
2245 3954 2466 4016 mun‘iri;
2494 3961 2650 4021 atque
2670 3953 2786 4006 ideo
2812 3954 2864 4006 in
2885 3951 3055 4005 fronte
3082 3953 3286 4022 signum
3311 3952 3482 4005 crucis

1959 4050 2198 4112 facimus,
2234 4046 2324 4100 ubi
2364 4044 2514 4099 sedes
2542 4043 2866 4097 verecundiae
2906 4050 3002 4105 est,
3045 4041 3181 4096 sicut
3216 4042 3323 4111 jam
3351 4041 3484 4095 dixi-

1960 4152 2098 4192 mus.
2333 4219 2488 4285 Quali
2523 4219 2667 4287 signo
2704 4219 2958 4287 signemus
2993 4233 3102 4270 nos.

2028 4327 2093 4379 Et
2127 4340 2227 4379 non
2248 4325 2350 4379 alio
2375 4326 2521 4393 signo
2550 4325 2816 4392 signamus
2842 4338 2957 4386 nos,
2979 4324 3079 4376 nisi
3104 4323 3255 4392 signo
3275 4321 3483 4387 crucis;

1959 4416 2079 4483 quia
2122 4414 2373 4469 Dominus
2410 4413 2459 4465 in
2486 4427 2646 4466 carne
2682 4420 2836 4464 natus
2862 4409 3108 4464 vexillum
3150 4410 3341 4470 crucis,
3382 4421 3488 4477 quo

325 4498 683 4577 conveniunt:
712 4495 937 4549 vivimus
980 4495 1267 4548 secundum
1311 4503 1543 4548 veterem
1576 4495 1859 4558 hominem,
1887 4532 1936 4589 ι)
1960 4519 2173 4560 suorum
2213 4501 2409 4555 {fomes
2443 4513 2468 4540 ι
2496 4502 2747 4571 signaret,
2801 4498 3040 4561 agemus,
3089 4506 3148 4550 ιιι
3194 4498 3489 4553 destruet-eg

326 4588 419 4656 qui
445 4585 802 4653 corrumpitur
824 4584 1107 4637 secundum
1128 4583 1383 4637 desideria
1407 4584 1619 4638 erroris.
1645 4583 1864 4652 ideoque

326 4677 418 4746 qui
448 4675 714 4729 desiderat
740 4675 1024 4728 secundum
1051 4684 1249 4727 novum
1270 4675 1533 4728 hominem
1570 4674 1864 4738 reformari,

325 4776 544 4817 necesse
594 4770 675 4815 est
718 4769 772 4815 ut
816 4762 1107 4815 instruatur
1155 4776 1185 4814 a
1238 4762 1534 4815 doctoribus
1586 4763 1865 4828 Ecclesia},

325 4852 499 4922 qualis
532 4857 655 4903 ante
698 4848 1014 4916 baptismum
1044 4849 1145 4911 sit;
1182 4849 1353 4916 qualis
1396 4858 1515 4919 post
1549 4851 1867 4919 baptismum

326 4940 537 4995 futurus
559 4953 655 5008 per
675 4937 767 4991 Dei
786 4938 1028 5005 gratiam,
1049 4945 1106 4989 ut
1126 4938 1191 4991 de
1216 4938 1445 4991 tenebris
1458 4947 1788 5005 peccatorum
1815 4940 1867 4993 in

328 5030 501 5086 lucem
526 5026 763 5079 veritatis
793 5032 1157 5088 convertatur;
1190 5025 1371 5079 relicto
1391 5026 1599 5079 nomine
1619 5024 1866 5081 falsorum

327 5118 549 5172 deorum
576 5114 715 5169 colat
742 5130 902 5168 unum
938 5115 1099 5170 Deum
1123 5117 1297 5169 vivum
1321 5124 1375 5169 et
1407 5130 1607 5170 verum.
1635 5116 1700 5169 Et
1728 5126 1868 5185 post-

327 5218 490 5273 quam
508 5203 622 5256 hmc
644 5202 919 5272 percepita
940 5201 1193 5256 catholico
1215 5202 1445 5265 doctore,
1467 5205 1869 5259 catechumenus

327 5294 544 5357 dicitur,
590 5291 667 5363 [id
704 5291 807 5361 est]
836 5293 1113 5345 instructus
1138 5293 1247 5347 sive
1270 5292 1494 5346 auditor.

397 5382 515 5438 Non
558 5397 836 5452 possumus
882 5396 1197 5451 cognoscere
1247 5384 1547 5450 veritatem,
1586 5394 1865 5453 antequam

331 5472 564 5539 sciamus
590 5471 720 5541 quid
759 5470 828 5523 sit
868 5467 1075 5524 falsum.
1113 5470 1277 5540 igitur
1320 5480 1522 5539 oportet
1558 5487 1653 5527 nos
1678 5474 1864 5527 docere

334 5562 501 5625 illum,
546 5576 577 5613 a
618 5574 724 5630 quo
753 5559 1028 5613 recesserit
1070 5560 1356 5628 peccando,
1383 5570 1436 5613 et
1461 5561 1512 5613 in
1546 5575 1649 5629 quo
1685 5576 1863 5615 errore

333 5656 679 5721 permaneat:
709 5654 763 5703 et
787 5654 968 5716 postea
997 5646 1050 5701 in
1088 5663 1241 5716 quem
1269 5656 1511 5715 oporteat
1539 5649 1770 5709 credere,
1808 5657 1863 5703 et

1962 4594 2146 4647 mortis
2181 4592 2496 4659 imperium;
2543 4600 2597 4644 et
2622 4604 2715 4658 per
2742 4589 2847 4642 tale
2890 4590 3095 4659 signum
3146 4597 3489 4657 recognoscat

1962 4681 2224 4737 contraria
2260 4687 2510 4749 potestas,
2539 4677 2886 4747 principatum
2929 4692 2985 4731 se
3011 4676 3228 4743 perdere
3257 4677 3309 4727 in
3351 4676 3483 4739 istis,

1962 4785 2095 4840 quos
2120 4770 2258 4822 Deus
2284 4767 2492 4822 vocavit
2511 4767 2576 4820 ad
2601 4767 2819 4836 gratiam
2848 4764 3111 4832 baptismi.
3135 4762 3261 4814 Illud
3283 4762 3488 4831 signum

1964 4858 2163 4912 faciunt
2183 4857 2235 4909 in
2270 4855 2528 4909 frontibus
2562 4867 2744 4906 eorum
2784 4850 3095 4920 presbyteri,
3123 4849 3367 4919 acolytbi,
3395 4864 3489 4923 pa-
3546 4902 3551 4909 ,

1968 4947 2090 5001 trini
2119 4954 2172 4999 et
2194 4945 2451 4997 matrinas.
2506 4940 2765 4995 Scribitur
2806 4940 2860 4993 in
2894 4937 3238 4993 aedificatione
3286 4937 3485 5006 templi,

1969 5048 2125 5103 quam
2152 5033 2283 5085 vidit
2324 5030 2562 5085 Ezechiel
2595 5028 2892 5098 specialiter
2930 5041 3045 5082 esse
3089 5026 3333 5094 fenestras
3366 5025 3489 5078 obli-

1913 5157 1934 5170 .
1967 5137 2094 5191 quas
2120 5121 2173 5171 in
2199 5119 2437 5171 thalamis
2463 5125 2511 5169 et
2536 5117 2590 5169 in
2618 5115 2866 5185 frontibus
2901 5130 3094 5177 eorum,
3123 5114 3210 5184 qui
3237 5123 3381 5166 erant
3405 5114 3479 5166 in-

1970 5218 2050 5262 tra
2085 5217 2280 5278 portam
2309 5206 2531 5275 undique
2575 5218 2665 5275 per
2704 5205 2971 5256 circuitum
2999 5202 3209 5272 (Ezech.
3252 5218 3337 5263 ιι,
3380 5200 3486 5270 16).

1969 5296 2117 5363 Quod
2144 5296 2221 5349 sic
2234 5294 2448 5362 exponit
2470 5295 2656 5346 beatus
2681 5289 2965 5360 Gregorius
2989 5289 3124 5359 (Lib.
3145 5289 3247 5342 uin
3276 5287 3483 5350 Ezech.,

1969 5384 2147 5438 homil.
2174 5383 2226 5445 5,
2274 5396 2418 5435 num.
2464 5380 2549 5448 i9)
2583 5398 2595 5432 :
2631 5395 2647 5429 ι
2684 5377 2978 5431 Notandum
3027 5391 3169 5439 vero,
3225 5375 3500 5442 inquiens,,

1961 5472 2101 5540 quod
2136 5471 2272 5523 intra
2312 5477 2515 5539 portam
2555 5468 2784 5535 undique
2811 5480 2905 5533 per
2940 5465 3216 5519 circuitum
3247 5462 3492 5516 fenestra:

1960 5561 2183 5628 obliqua:
2222 5572 2337 5612 esse
2364 5564 2737 5611 memorantur.
2772 5554 2883 5607 Non
2923 5554 3063 5608 enim
3091 5549 3490 5620 contemplatio‘

1961 5651 2042 5704 nis
2071 5648 2235 5718 gratia
2267 5645 2483 5701 summis
2508 5646 2679 5711 datur,
2710 5653 2762 5699 et
2806 5645 3034 5700 minimis
3061 5657 3163 5698 non
3192 5641 3370 5705 datur,
3396 5639 3495 5696 sed

470 5759 634 5824 ΕΜ,
659 5738 862 5813 sacrum
893 5759 1078 5826 fronte,
1109 5758 1303 5826 absque
1334 5774 1517 5823 sensu;
1548 5759 1746 5820 Canis.,
1788 5775 1988 5812 sacrum
2020 5758 2259 5827 frontem.
2324 5788 2329 5793 ι
