4110 6442
801 467 903 529 895

1754 474 2077 529 ausum:
2119 443 2563 536 'ruuvintsNSts
2599 484 3012 541 AltClllEPlsc.

3877 509 3973 560 δθς

795 595 936 646 stupe
979 578 1158 649 [hanc]
1210 580 1423 643 summi,
1470 596 1607 647 saepe
1637 582 1855 642 minimi,
1888 584 2081 651 smpius
2128 586 2334 647 remoti,
2371 591 2409 646 Λ
2440 588 2590 640 nobis
2617 590 2791 643 omnia
2835 594 3153 647 necessaria.
3187 597 3252 650 Et
3281 600 3477 654 dimitte
3507 605 3650 657 nobis
3692 607 3862 659 debita
3890 625 3972 659 m-

794 668 1073 737 aliquaudo
1097 668 1253 731 etiam
1276 668 1539 738 conjugati
1562 671 1872 739 percipiunt.
1913 690 1929 721 ι

1106 757 1213 811 Cur
1246 769 1425 825 septies
1472 762 1773 813 s‘crutinium
1818 771 2019 830 agatur.

864 844 1186 899 Scrutinium
1229 846 1288 899 tit
1340 856 1461 899 ante
1510 847 1713 901 Pascha
1763 850 1986 918 septies;
2034 853 2333 919 septenario

792 935 931 985 enim
978 948 1198 986 numero
1258 948 1397 1003 saepe
1449 936 1766 990 universitas
1811 937 2148 1008 designatur;
2196 941 2335 994 sicut

792 1021 1018 1073 Junnes
1061 1021 1247 1073 scribit
1288 1029 1476 1089 septem
1521 1020 1765 1076 Ecclesiis
1808 1022 1986 1092 (Apoc.
2035 1041 2083 1087 ι,
2119 1026 2173 1095 4)
2213 1042 2331 1094 qua:

792 1116 913 1159 \Ulll.
939 1109 987 1161 in
1013 1097 1165 1161 Asiaf
1201 1105 1303 1161 Per
1329 1108 1425 1161 has
1452 1109 1593 1162 enim
1638 1120 1839 1178 septem
1882 1110 2144 1166 Ecclesias
2185 1114 2328 1166 omni

793 1196 1033 1251 Ecclesia!
1060 1197 1260 1250 scribit.
1302 1195 1509 1265 Septies
1543 1208 1944 1267 perscrutantur
1970 1200 2043 1271 [id
2071 1211 2170 1263 est,
2203 1218 2326 1271 pcr-

789 1288 922 1340 l‘ecte
964 1286 1408 1358 perscrutantur],
1435 1288 1480 1343 si
1510 1303 1572 1342 ea
1616 1290 1719 1343 lixa
1749 1299 1924 1343 mente
1949 1299 2177 1354 teneant,
2210 1307 2326 1360 qua:

789 1376 1115 1429 nudicrunta
1145 1377 1424 1445 magistro;
1452 1386 1509 1432 et
1551 1380 1937 1445 quodammodo
1980 1382 2132 1448 quasi
2180 1391 2325 1437 tene-

789 1464 895 1515 brae
923 1461 1171 1531 fugantur
1195 1478 1224 1515 a
1254 1466 1651 1527 catechumeno,
1680 1474 1737 1519 ut
1766 1467 1817 1518 in
1853 1467 2090 1534 profectu
2131 1471 2322 1524 scruti-

787 1551 856 1602 uii
902 1551 1256 1603 illuminentur
1283 1553 1380 1619 ipsi
1417 1554 1811 1619 catecliumeui;
1854 1557 1990 1610 unde
2014 1560 2143 1610 etin
2174 1573 2321 1612 scru-

783 1639 914 1693 tinio
935 1639 1191 1707 acolytbis
1215 1640 1441 1709 plurium
1482 1643 1832 1698 ministerium
1860 1645 2197 1715 impenditur,
2228 1649 2316 1716 qui

781 1742 1088 1782 accensorcs
1110 1738 1231 1782 sunt
1251 1724 1525 1783 luminum.
1556 1731 1621 1784 Et
1647 1733 1765 1787 idco
1798 1738 2187 1791 autumavimus
2224 1754 2319 1792 nos

2434 684 2553 733 stra,
2573 677 2702 728 sicut
2729 686 2775 729 et
2800 694 2890 730 nos
2918 678 3221 738 dimittimus
3258 685 3565 742 debitoribus
3596 695 3803 745 nostris.
3835 693 3970 759 000*

2433 761 2558 814 tidie
2594 770 2889 830 peccamus,
2929 775 2983 819 ct
3039 767 3155 822 ideo
3194 786 3408 826 necesse
3459 784 3542 829 est
3596 779 3750 832 nobis
3797 780 3968 835 dicere

2429 850 2664 915 quotidie
2693 868 2705 902 :
2736 851 2945 904 Dimitte
2968 855 3110 908 nobis
3130 856 3296 910 debita
3321 871 3513 926 nostra,
3543 865 3675 917 sicut
3706 876 3753 917 et
3774 882 3867 919 nos
3892 867 3968 920 di—

2429 936 2676 989 mittimus
2726 937 3036 993 debitoribus
3100 946 3305 998 nostris.
3384 947 3458 1001 Te
3511 949 3755 1013 donante,
3808 952 3968 1015 Deus,

2430 1021 2587 1076 molle
2633 1024 2703 1077 sit
2742 1040 2836 1078 cor
2870 1037 3132 1093 nostrum,
3175 1040 3234 1084 ut
3279 1032 3389 1087 cito
3432 1034 3785 1105 ignoscamus,
3830 1048 3883 1093 et
3908 1048 3963 1093 tu

2426 1110 2687 1177 ignoscas.
2720 1110 2784 1164 Et
2820 1129 2881 1166 ne
2924 1131 3015 1168 nos
3039 1116 3251 1180 inducas
3276 1121 3329 1173 in
3356 1124 3699 1177 tentationem.
3740 1125 3817 1179 Ne
3846 1141 3965 1195 per-

2425 1197 2606 1252 mittas
2632 1214 2727 1253 nos
2750 1216 2782 1253 a
2810 1202 3015 1256 diabolo
3044 1205 3117 1258 ita
3150 1208 3371 1271 .tentari,
3412 1205 3473 1262 'ut
3494 1224 3822 1279 superemur.
3858 1212 3962 1268 Sed

2424 1282 2584 1336 libera
2612 1300 2703 1337 nos
2728 1302 2760 1338 a
2788 1286 2941 1352 mala,
2970 1280 3021 1343 id
3045 1298 3147 1355 est,
3173 1306 3204 1344 a
3227 1294 3461 1361 peccatis
3489 1310 3608 1365 qua:
3633 1300 3908 1368 gessimus.

3008 1375 3086 1430 De
3120 1378 3368 1446 symbolo.

2490 1455 2795 1536 Symbolum
2820 1469 2996 1515 autem
3021 1463 3132 1515 sic:
3159 1462 3321 1518 Credo
3344 1468 3396 1519 in
3419 1467 3581 1522 Deum
3614 1466 3822 1522 Patrem
3849 1487 3956 1525 om-

2419 1544 2740 1612 nipotentem.
2792 1547 2849 1600 ln
2895 1548 3172 1604 Dominum
3197 1552 3375 1607 vivum
3424 1564 3475 1608 et
3507 1570 3708 1617 verum,
3749 1556 3958 1612 Patrem

2417 1639 2669 1684 mternum
2692 1634 2874 1686 aeterni
2915 1637 3095 1704 geniti.
3128 1636 3548 1708 Omnipotcntem,
3572 1644 3661 1710 qui
3686 1652 3741 1697 et
3774 1660 3956 1712 pecca-

2418 1718 2623 1772 toribus
2672 1720 2855 1773 reddet
2900 1723 3152 1792 supplicia
3200 1729 3484 1781 secundum
3521 1745 3614 1783 sua
3658 1733 3867 1796 merita,
3904 1743 3959 1787 ct

781 1814 834 1865 in
871 1814 1045 1881 priore
1068 1815 1307 1867 oratione
1335 1815 1512 1869 dicere
1536 1834 1549 1868 :
1595 1815 1807 1870 Omnem
1840 1820 2116 1873 ca'citatem
2148 1824 2315 1876 cordis
2410 1806 2568 1874 lusus
2596 1810 2830 1876 Pmmia-
2855 1808 3145 1866 σνοαεονεηι
3173 1815 3282 1867 ειείὶ
3307 1827 3353 1869 et
3379 1825 3548 1881 term,
3578 1820 3630 1873 id
3667 1831 3768 1886 est,
3796 1824 3953 1891 spiri-

780 1900 843 1952 ab
880 1917 937 1952 eo
966 1900 1186 1969 expelle;
1224 1910 1278 1953 et
1304 1902 1354 1954 in
1381 1904 1504 1967 ista,
1531 1919 1648 1971 qua:
1686 1906 1855 1972 posita
1884 1905 2033 1975 (Mm,
2063 1924 2181 1976 qtne
2221 1926 2315 1978 po-
2334 1883 2389 1940 Β
2419 1896 2573 1950 lualis
2597 1908 2853 1952 creatura:
2880 1908 2932 1955 et
2951 1904 3261 1971 corporalis.
3293 1901 3358 1957 Et
3382 1908 3436 1959 in
3474 1907 3653 1961 Jesam
3692 1908 3954 1965 Christum

778 1985 911 2056 sica]
952 1985 1144 2040 dicitur
1180 1987 1233 2039 in
1277 1989 1551 2051 scrutinio,
1594 2002 1836 2043 cateruam
1879 2009 1939 2045 ac
1969 1994 2315 2062 jnstissimam

778 2076 1014 2140 pictath
1054 2084 1214 2137 tuam,
1246 2074 1507 2130 dicimus:
1541 2075 1606 2129 Ut
1635 2078 1858 2148 digneris
1902 2097 1986 2132 eos
2024 2081 2314 2137 illuminare

774 2161 964 2213 tantine
993 2161 1337 2230 intelligenjite
1369 2172 1492 2217 tum.

1285 2271 1363 2324 Dc
1420 2275 1789 2341 genuﬂcxione.

840 2376 1264 2432 Gcnuﬂcxionem
1305 2394 1400 2447 pro
1442 2380 1524 2435 his
1566 2381 1805 2445 facimus,
1850 2385 1987 2436 sicut
2015 2376 2313 2452 Stcpbziuus

773 2466 916 2531 l'scit,
941 2469 1029 2534 qui
1055 2468 1284 2522 nondum
1304 2468 1552 2537 baptizati
1580 2481 1751 2536 erant,
1778 2472 2023 2540 inquiens
2050 2491 2060 2524 :
2095 2473 2311 2526 Domine

771 2555 861 2617 mi,
886 2570 946 2605 ne
972 2564 1170 2609 statuas
1197 2555 1300 2609 illis
1322 2557 1418 2609 hoc
1444 2570 1706 2627 peccatum
1738 2561 1874 2628 (Act.
1906 2576 1976 2614 vn
1999 2601 2012 2624 ,
2042 2561 2152 2632 59),
2186 2564 2307 2628 quia

768 2645 1011 2699 nesciunt
1036 2644 1160 2711 quid
1187 2643 1405 2699 faciunt.
1439 2645 1691 2707 Similiter
1720 2664 1815 2716 pro
1848 2651 1964 2703 istis
1991 2664 2224 2713 oramus,
2253 2658 2310 2701 ut

768 2729 907 2783 Deus
960 2730 1062 2782 illis
1089 2743 1194 2783 nou
1237 2730 1461 2801 imputet
1484 2732 1625 2799 quod
1673 2734 1851 2786 tandiu
1897 2734 2211 2787 erraverunt
2256 2743 2311 2787 et

762 2818 1044 2886 iacuerunt
1069 2818 1122 2871 in
1156 2819 1407 2887 peccatis,
1446 2821 1852 2891 sedsecundum
1882 2838 2123 2892 magnam
2152 2824 2310 2876 mise-

768 2906 1223 2961 ricordiam-suam
1251 2922 1343 2961 eos
1368 2908 1434 2961 ad
1456 2908 1701 2976 baptismi
1741 2910 1966 2978 gratiam
1995 2912 2266 2979 perducat.

1198 2996 1274 3049 De
1311 2998 1540 3050 oratione
1575 2998 1863 3051 Dominica.

832 3070 1135 3135 Orationem
1190 3083 1513 3138 Dominicam
1556 3086 1634 3139 sic
1685 3087 1936 3141 docemus
1986 3106 1999 3140 :
2052 3088 2305 3142 Dominus

763 3174 943 3226 docuit
967 3158 1248 3241 discipulos
1286 3174 1421 3227 banc
1449 3176 1764 3239 orationem,
1807 3192 1873 3229 ne
1912 3179 2172 3247 superﬂua
2211 3195 2301 3247 pe-
2328 3198 2373 3259 ρ

766 3269 955 3321 tereut,
983 3270 1037 3313 ct
1062 3276 1123 3314 ca
1152 3275 1268 3328 qute
1303 3262 1366 3315 ad
1405 3277 1587 3315 eorum
1626 3263 1850 3316 salutem
1880 3280 1983 3317 non
2013 3268 2295 3333 pertinent.

762 3348 976 3417 Septem
1004 3350 1284 3417 petitiones
1330 3352 1531 3403 suntin
1578 3353 1680 3405 hac
1720 3353 1960 3407 oratione
2005 3354 2295 3409 Dominica.

761 3436 893 3489 Tres
929 3437 1194 3504 pertinent
1217 3437 1281 3490 ad
1308 3441 1653 3493 aeternitatem
1672 3481 1685 3502 ,
1719 3452 1945 3509 quatuor
1969 3445 2032 3497 ad
2059 3460 2300 3498 necessa-

675 3573 683 3579 .
762 3525 838 3575 ria
866 3532 1044 3577 nostra
1077 3524 1228 3592 hujus
1262 3530 1537 3595 temporis,
1567 3544 1681 3596 qua:
1715 3532 1767 3583 iu
1795 3533 1895 3585 isto
1918 3534 2112 3587 mundo
2149 3534 2294 3601 μη,

761 3608 935 3678 modo]
961 3613 1311 3665 continentur.
1365 3613 1524 3667 Pater
1569 3628 1738 3669 noster
1775 3622 1862 3687 qui
1932 3638 1984 3673 es
2037 3624 2091 3674 in
2138 3622 2293 3685 uelis,

758 3699 1103 3765 sanctiﬁcetur
1131 3717 1313 3753 nomen
1343 3712 1506 3755 tuum.
1537 3706 1610 3759 Te
1638 3706 1848 3759 Patrem
1886 3709 2047 3763 Deum
2088 3712 2297 3767 invoca-

758 3803 896 3849 mus,
926 3788 1012 3853 qui
1049 3788 1257 3842 voluisti
1298 3805 1393 3843 nos
1422 3790 1598 3846 facere
1643 3796 1732 3848 tibi
1763 3795 1896 3849 ﬁlios
1921 3799 2213 3867 adoptivos,
2244 3812 2298 3857 et

757 3877 810 3930 in
855 3879 1128 3932 animabus
1170 3881 1326 3947 justis
1373 3883 1549 3936 sczlcm
1580 3885 1657 3937 vis
1689 3886 1905 3959 habere,
1941 3897 2000 3942 ut
2038 3893 2296 3948 sanctitas

755 3968 983 4022 nominis
1012 3969 1105 4032 tui,
1149 3984 1264 4037 qua:
1290 3972 1431 4038 apud
1473 3981 1521 4024 te
1545 3981 1645 4035 est,
1687 3984 1894 4029 maneat
1920 3976 1971 4030 in
1998 3988 2179 4032 nostro
2208 3997 2295 4049 pe-

755 4065 920 4109 ctore.
959 4058 1204 4111 Adreniat
1249 4075 1455 4127 regnum
1497 4071 1657 4113 tuum.
1693 4063 1911 4117 Deﬁciat
1946 4069 2177 4132 quotidie
2209 4084 2293 4123 rc-

753 4148 912 4212 gnmu
938 4145 1149 4207 diaboli,
1183 4157 1494 4215 crescatque
1518 4158 1681 4203 tuum.
1700 4152 1793 4206 Vel
1818 4154 1905 4207 illo
1934 4158 2107 4222 modo,
2139 4162 2291 4213 sicuti

752 4230 983 4284 clamant
1018 4231 1069 4284 in
1102 4232 1416 4303 Apocalypsi
1445 4253 1457 4288 :
1511 4235 1795 4310 Usquequo,
1825 4242 2053 4307 Domine,
2086 4260 2291 4302 sanctus

751 4327 798 4369 et
840 4336 983 4371 verus
1031 4337 1133 4374 non
1176 4322 1385 4389 judicas
1411 4332 1457 4377 et
1489 4326 1713 4380 vindicas
1737 4334 2034 4399 sanguinem
2066 4348 2289 4392 nostrum

750 4406 813 4457 de
839 4407 915 4458 lt‘s
937 4409 1023 4476 qui
1046 4408 1276 4463 habitant
1302 4413 1356 4465 in
1379 4422 1517 4465 terra
1559 4414 1737 4484 (Apoc.
1770 4433 1819 4472 vr
1838 4460 1851 4481 ,
1884 4421 2004 4487 10)?
2042 4424 2188 4489 Quod
2218 4429 2289 4482 ita

748 4496 1044 4561 expositum
1087 4497 1326 4553 videmus
1370 4501 1421 4553 in
1468 4501 1603 4557 libro
1653 4505 1828 4561 domui
1871 4509 2021 4564 Bedze
2046 4513 2206 4581 (Beda
2235 4519 2286 4570 in
2318 4496 2427 4581 υὲ

748 4597 862 4646 cap.
920 4597 968 4633 Vl
1017 4583 1239 4653 Apoc.);
1285 4605 1303 4637 ι
1341 4589 1452 4642 Non
1483 4591 1583 4645 hoc
1629 4594 1750 4648 odio
1796 4598 2152 4666 inimicorum,
2192 4622 2289 4675 pro

744 4667 936 4733 quibus
966 4668 1016 4721 in
1048 4670 1145 4724 hoc
1175 4674 1364 4728 saecula
1405 4692 1742 4746 rogaverunt,
1771 4694 1948 4752 orant;
1980 4691 2070 4744 scd
2107 4667 2288 4750 amore

745 4756 1028 4822 n-quitatis,
1059 4773 1163 4826 quo
1203 4761 1298 4830 ipsi
1344 4762 1535 4829 Judici,
1577 4778 1635 4821 ut
1678 4788 1840 4843 prope
1866 4780 2043 4844 positi,
2073 4798 2287 4840 concor-

742 4842 888 4903 dmt,
921 4844 1057 4897 diem
1082 4847 1283 4915 judicii,
1312 4866 1417 4919 quo
1463 4858 1666 4921 peccati
1707 4842 1927 4931 regnum
1960 4842 2281 4939 destruatur,

742 4938 795 4982 et
823 4937 1259 4990 resurrectionem
1294 4942 1674 5000 exstinctorum
1715 4965 1993 5021 corporum
2037 4937 2283 5019 advenire

744 5029 1044 5087 precantur.
1090 5022 1219 5077 Nam
1244 5034 1298 5081 et
1327 5045 1420 5083 nos
1467 5033 1517 5084 in
1547 5041 1815 5104 praesenti,
1842 5058 1958 5097 cum
1985 5062 2080 5114 pro
2111 5050 2283 5105 inimi-

741 5110 818 5162 cis
841 5123 996 5162 orare
1015 5110 1277 5190 iubemur,
1304 5116 1527 5174 dicimus
1557 5131 1726 5177 tamen
1759 5110 2000 5185 Domino
2022 5147 2234 5193 orantes
2264 5158 2275 5192 :
2298 5156 2302 5161 λ

742 5198 988 5251 Adveniet
1014 5216 1219 5268 regnum
1260 5215 1419 5260 tuum.
1457 5230 1475 5260 ι
1505 5208 1626 5262 Fiat
1669 5215 1896 5271 voluntas
1935 5231 2042 5287 tua,
2069 5226 2198 5279 sicut
2225 5231 2280 5282 in

741 5283 863 5335 caelo
900 5294 947 5336 et
984 5288 1038 5339 in
1075 5296 1228 5341 terra.
1284 5291 1383 5347 Per
1422 5296 1600 5351 calum
1630 5302 1951 5368 spiritualem
1981 5292 2276 5371 creaturam

739 5369 1105 5463 intelligimus;
1136 5391 1229 5444 per
1255 5388 1461 5448 terram,
1501 5391 1844 5457 corporalem.
1875 5395 1951 5448 ita
1992 5399 2103 5463 ﬁat,
2138 5369 2277 5459 Deus

737 5456 915 5524 Pater,
944 5463 1183 5520 voluntas
1208 5476 1317 5531 tua,
1339 5481 1398 5524 ut
1424 5488 1486 5526 ea
1513 5456 1630 5543 qua:
1658 5480 1833 5534 animo
1862 5487 2155 5555 cogitamus
2184 5497 2277 5548 bo—

739 5563 825 5609 na,
869 5551 1123 5618 perlicere
1172 5557 1436 5615 valeamus
1484 5578 1643 5631 opere
1691 5584 1785 5635 per
1828 5551 2038 5642 corpus.
2082 5578 2276 5635 Panem

744 5647 967 5692 nostrum
992 5643 1342 5708 quotidianum
1371 5650 1437 5701 da
1467 5653 1611 5706 nobis
1632 5656 1798 5711 ltodie.
1846 5660 2068 5732 Semper
2107 5684 2275 5736 quan-

748 5727 829 5778 .liu
882 5741 976 5783 nos
1002 5745 1183 5789 sumus
1217 5735 1268 5790 in
1314 5738 1414 5794 hoc
1462 5744 1671 5812 smculo,
1724 5748 1940 5819 dignare
1970 5757 2271 5816 ministrare

2419 1978 2613 2036 Filinin
2638 1984 2768 2053 ejus.
2820 1986 3271 2054 ln~Salvatorem,
3307 1992 3551 2048 Uurtum.
3609 1994 3654 2047 Ρ
3658 1996 3802 2052 ilium
3844 2002 3956 2068 ejus

2419 2067 2658 2138 [Unicum
2681 2071 2955 2127 Dominum
2977 2076 3246 2147 nostrum].
3266 2077 3401 2142 ~Quia
3431 2082 3573 2135 solus
3610 2098 3705 2136 nos
3735 2084 3957 2139 redemit

2415 2156 2647 2222 pretioso
2671 2159 2923 2227 sanguine
2962 2174 3076 2224 suo,
3104 2163 3193 2230 qui
3221 2178 3315 2230 per
3339 2164 3527 2220 Isaiam
3558 2169 3692 2223 dixit
3720 2186 3731 2221 :
3767 2169 3957 2225 Torcu-

2415 2245 2496 2297 lar
2541 2248 2729 2299 calcari
2761 2249 2900 2301 solus
2927 2259 2972 2302 et
3014 2251 3077 2304 de
3118 2253 3347 2319 gentibus
3390 2272 3488 2309 non
3518 2268 3590 2310 est
3643 2261 3719 2312 vir
3760 2278 3951 2315 mecum

2416 2332 2545 2400 (lsa.
2578 2350 2705 2386 Lxm
2723 2373 2736 2397 ,
2764 2336 2837 2403 5).
2868 2335 3063 2389 Natum
3087 2339 3137 2389 in
3164 2347 3395 2407 tempore
3421 2345 3724 2409 novissimo,
3752 2364 3816 2401 ex
3838 2348 3953 2402 Ha-

2415 2422 2490 2473 ria
2520 2424 2724 2491 virgine.
2760 2418 2974 2479 Passinn
2997 2442 3093 2496 pro
3121 2437 3301 2487 nostra
3333 2432 3500 2487 salute
3528 2436 3620 2487 sub
3648 2433 3836 2491 Pontio
3863 2438 3959 2491 Pi-

2412 2507 2547 2570 lato;
2576 2511 2626 2563 id
2654 2519 2756 2575 cst,
2797 2514 2893 2569 sub
2917 2516 3137 2582 praeside
3176 2516 3360 2583 Pilato,
3392 2524 3480 2589 qui
3506 2524 3569 2577 de
3598 2525 3751 2579 Ponti
3780 2528 3946 2583 insula

2356 2624 2359 2627 »
2412 2594 2524 2649 fuit.
2558 2595 2869 2665 Cruci/imus,
2903 2602 2951 2653 in
2987 2618 3143 2657 cruce
3170 2620 3476 2674 suspensus.
3526 2612 3783 2677 Mortuus,
3831 2633 3948 2671 cor-

2409 2686 2577 2751 porali
2603 2695 2800 2751 morte;
2823 2698 2870 2740 et
2890 2691 3115 2758 sepultus
3131 2708 3351 2762 corpore
3373 2700 3565 2755 triduo.
3586 2702 3857 2757 Descendit
3879 2708 3949 2760 ad

2410 2772 2629 2839 inferna,
2666 2775 2840 2827 anima
2869 2783 3090 2832 tantum.
3139 2778 3309 2835 Tertia
3347 2784 3428 2837 die
3454 2794 3731 2843 resurrexit
3760 2811 3791 2844 α
3818 2810 3951 2847 mor-

2409 2859 2542 2922 tuis;
2590 2872 2812 2927 corporc
2841 2867 3132 2920 resurrexit
3161 2878 3329 2924 morte
3372 2872 3659 2929 destructa.
3712 2879 3949 2933 Ascendit

2408 2945 2477 2998 ad
2505 2947 2673 3010 ca’los,
2695 2952 2947 3016 apostolis
2969 2954 3284 3020 videntibus,
3314 2959 3365 3013 in
3389 2957 3553 3016 forma
3575 2979 3678 3032 qua
3699 2976 3946 3024 venturus

2407 3040 2486 3085 est
2514 3035 2580 3088 ad
2618 3036 2893 3103 judicium.
2924 3040 3173 3103 Ascendit
3210 3048 3275 3102 ad
3319 3050 3501 3113 caelos,
3548 3055 3639 3122 qui
3681 3073 3947 3127 nunquam

2406 3120 2571 3174 defuit
2605 3124 2906 3181 cmlostibus
2932 3130 3161 3185 sedibus.
3197 3133 3347 3187 Sedet
3375 3138 3441 3190 ad
3462 3120 3693 3195 dextram
3722 3120 3822 3198 Dei
3841 3165 3945 3199 om-

2403 3210 2691 3277 nipotentis,
2719 3215 2771 3267 id
2799 3224 2897 3279 est,
2928 3230 3111 3287 regnat
3146 3222 3199 3275 in
3231 3240 3391 3295 regno
3421 3226 3593 3283 Patris
3624 3235 3722 3293 sui,
3759 3236 3809 3288 in
3838 3252 3943 3303 quo

2398 3298 2526 3349 nihil
2550 3300 2820 3395 sinistrqm
2845 3317 3022 3360 manet
3042 3317 3094 3362 et
3131 3316 3384 3369 manebit.
3419 3317 3547 3372 Inde
3589 3333 3828 3379 venturus
3850 3298 3943 3395 ju-
3996 3308 4011 3331 ’

2397 3387 2570 3441 dicare
2618 3387 2760 3445 rivosl
2779 3403 2825 3445 et
2862 3408 3109 3453 mortuos.
3145 3402 3272 3456 Eam
3313 3405 3536 3462 formam
3577 3428 3734 3480 quam
3778 3415 3940 3473 Judari

2396 3476 2787 3546 crucifixerunt,
2818 3483 2993 3552 impiis
3014 3495 3066 3541 et
3087 3488 3243 3553 justis
3272 3476 3752 3565 demonstraturus;
3774 3502 3934 3569 justis

2397 3575 2519 3616 vero
2545 3580 2660 3618 eam
2687 3567 2910 3623 formam
2940 3582 3143 3629 tantum
3172 3592 3329 3645 quam
3367 3580 3531 3637 Judaei
3556 3567 3806 3643 increduli
3831 3607 3932 3647 non

2396 3663 2772 3719 cognoverunt.
2821 3656 3070 3714 Judicare
3114 3666 3246 3717 rivos
3288 3676 3336 3720 et
3380 3681 3628 3737 mortuos,
3667 3675 3840 3741 justus
3884 3691 3938 3734 et

2394 3748 2718 3805 peccatores,
2787 3761 3210 3819 unumquemque
3260 3759 3548 3813 secundum
3619 3763 3755 3818 facta
3804 3768 3933 3837 ejus.

2395 3825 2557 3881 Credo
2600 3831 2651 3882 in
2706 3830 2954 3900 Spiritum
2994 3850 3248 3906 sanctum,
3279 3846 3367 3911 qui
3406 3847 3579 3916 aliquo
3609 3856 3763 3911 modo
3791 3825 3933 3927 [.lls.,

2395 3916 2695 3990 aliquando]
2725 3921 2915 3976 donum
2942 3925 3036 3979 Dei
3074 3929 3286 3997 dicitur,
3319 3942 3370 3987 ct
3393 3950 3543 3991 amor
3565 3939 3740 3999 Patris
3780 3916 3827 4000 et
3851 3916 3933 4001 Γὶζ

2393 4002 2467 4067 lii,
2497 4005 2607 4058 sive
2639 4013 3073 4072 communicatio:
3105 4017 3157 4070 in
3183 4034 3288 4088 quo
3308 4022 3443 4076 dono
3468 4025 3527 4078 tit
3553 4032 3793 4087 remissio
3814 4050 3927 4086 om-

2393 4092 2535 4144 nium
2557 4102 2906 4161 peccatorum.
2934 4100 3155 4171 Ideoque
3178 4109 3266 4175 qui
3285 4107 3702 4179 ὁιαεμΙιρηιίιιιετίι
3732 4121 3783 4172 in
3816 4121 3931 4190 Spi-

2393 4181 2545 4231 ritum
2574 4192 2827 4248 sanctum,
2855 4201 2960 4239 non
2989 4191 3270 4244 remittetur
3288 4195 3352 4254 ei,
3394 4214 3551 4267 neque
3577 4203 3628 4255 in
3662 4206 3758 4258 hoc
3775 4181 3930 4260 mcu-

2391 4264 2461 4367 lto,
2504 4270 2741 4367 neque-in
2767 4270 2943 4367 futuro
2969 4274 3179 4343 (Matth.
3213 4295 3319 4348 xu,
3350 4284 3446 4349 52;
3467 4264 3651 4344 dlarc.
3686 4310 3778 4358 Ill,
3820 4297 3926 4367 ‘29).

2336 4376 2345 4386 -
2392 4349 2635 4406 Sanctam
2658 4355 2943 4412 Ecclesium
2971 4364 3292 4431 catholicam,
3338 4374 3685 4432 universalem
3716 4349 3928 4453 congre-

2389 4441 2653 4510 gationem
2678 4442 2963 4513 justorum,
2991 4460 3044 4505 et
3070 4456 3326 4511 unitatem
3351 4459 3470 4515 fidei
3500 4469 3768 4526 credimus
3787 4441 3922 4529 esse.

2429 4542 2692 4587 auctorum
2718 4541 3141 4608 communionem,
3169 4547 3223 4600 in
3261 4550 3467 4606 vinculo
3502 4558 3651 4624 pacis
3679 4564 3925 4619 unitatern

2387 4620 2613 4689 Spiritus
2664 4641 2877 4685 scrvare
2928 4637 3107 4689 credo.
3166 4620 3534 4702 Remissionem
3581 4666 3922 4725 peccatorum,

2384 4727 2517 4779 quae,
2549 4714 2687 4769 sicut
2715 4717 2957 4785 diximus,
2990 4722 3049 4777 ﬁt
3075 4726 3127 4779 in
3149 4730 3286 4786 dono
3316 4734 3547 4802 Spiritus
3574 4714 3764 4799 sancti.
3795 4714 3918 4800 σανξ

2384 4801 2462 4853 nis
2494 4807 2942 4874 resurrectionem;
2992 4814 3269 4882 septimam
3314 4801 3517 4877 sabbati
3556 4830 3716 4882 credo
3750 4832 3921 4898 justas

2382 4889 2619 4957 recipere
2660 4893 2925 4951 absolutos
2972 4914 3001 4951 a
3049 4916 3270 4971 corpore
3316 4904 3547 4979 terreno,
3588 4924 3643 4968 et
3666 4931 3823 4973 erunt
3863 4924 3917 4975 in

2381 4993 2571 5047 magno
2597 4981 2784 5048 gaudio
2812 4987 3095 5041 secundum
3124 4993 3533 5066 uniuscujusque
3560 5008 3913 5072 mansionem;

2380 5076 2536 5136 atque
2563 5081 2871 5158 cx’spectare
2894 5086 3137 5133 octavum
3163 5082 3320 5149 diem,
3362 5088 3424 5141 in‘
3445 5106 3548 5158 quo
3572 5109 3794 5165 corpora
3822 5115 3913 5155 sua

2380 5157 2638 5225 recipiant
2665 5159 2865 5231 integra
2908 5173 3063 5233 atque
3099 5170 3379 5238 perfecta:
3431 5157 3575 5247 impii
3616 5157 3680 5235 ad
3726 5187 3914 5255 suppli-

2378 5246 2535 5306 cium,
2577 5248 2705 5316 justi
2743 5251 2809 5305 ad
2852 5255 3013 5308 vitam
3051 5267 3298 5317 aeternam
3331 5264 3488 5335 [Vere
3508 5246 3576 5325 et
3602 5246 3802 5343 absque
3821 5246 3911 5330 du-

2376 5330 2632 5388 bitatione
2667 5337 2739 5390 ita
2774 5342 3080 5415 credimus].

2881 5429 2957 5481 De
2991 5435 3384 5491 exorcizatiane.

2445 5505 2806 5578 Exercizatur,
2853 5515 2903 5568 id
2944 5525 3061 5582 est,
3111 5519 3400 5588 adjuratur,
3450 5527 3561 5582 sive
3604 5530 3905 5601 increpatur

2375 5590 2651 5681 diabolus,
2686 5600 2782 5653 sub
2832 5617 2936 5670 quo
2993 5614 3114 5658 sunt
3157 5623 3342 5665 omnes
3380 5615 3469 5681 qui
3524 5632 3644 5671 cum
3690 5590 3901 5688 peccato

2376 5690 2675 5749 nascuntur,
2725 5696 2784 5741 ut
2820 5692 3028 5744 recedat
3065 5708 3092 5746 a
3122 5694 3213 5749 Dei
3255 5708 3494 5757 creatura
3529 5701 3722 5776 [Edit.,
3755 5724 3784 5762 a
3810 5710 3897 5767 Dei

2374 5769 2604 5840 natura].
