  <div class='ocr_page' id='page_1' title='image "/cluster/home/n/w/nwhite01/storage/ocr_20150623/99-100/uc1.31175006946845/458.png"; bbox 0 0 4110 6418; ppageno 0'>
   <div class='ocr_carea' id='block_1_1' title="bbox 157 467 271 527">
    <p class='ocr_par' dir='ltr' id='par_1_1' title="bbox 157 467 271 527">
     <span class='ocr_line' id='line_1_1' title="bbox 157 467 271 527; baseline -0.035 0"><span class='ocrx_word' id='word_1_1' title='bbox 157 467 271 527; x_wconf 74' lang='grc'><strong>89⁵1</strong></span> 
     </span>
    </p>
   </div>
   <div class='ocr_carea' id='block_1_2' title="bbox 703 580 1171 649">
    <p class='ocr_par' dir='ltr' id='par_1_2' title="bbox 703 580 1171 649">
     <span class='ocr_line' id='line_1_2' title="bbox 703 580 1171 649; baseline -0.004 -17"><span class='ocrx_word' id='word_1_2' title='bbox 703 580 773 632; x_wconf 82' lang='lat' dir='ltr'><strong>De</strong></span> <span class='ocrx_word' id='word_1_3' title='bbox 806 581 1034 649; x_wconf 58' lang='lat' dir='ltr'><strong>exsultat</strong></span> <span class='ocrx_word' id='word_1_4' title='bbox 1045 581 1171 632; x_wconf 77' lang='lat' dir='ltr'><strong>&#39;one.</strong></span> 
     </span>
    </p>
   </div>
   <div class='ocr_carea' id='block_1_3' title="bbox 228 665 1705 735">
    <p class='ocr_par' dir='ltr' id='par_1_3' title="bbox 228 665 1705 735">
     <span class='ocr_line' id='line_1_3' title="bbox 228 665 1705 735; baseline -0.006 -10"><span class='ocrx_word' id='word_1_5' title='bbox 228 667 544 725; x_wconf 71' lang='lat' dir='ltr'><strong>Exsulllatur</strong></span> <span class='ocrx_word' id='word_1_6' title='bbox 572 667 769 735; x_wconf 86' lang='lat' dir='ltr'><strong>itaque,</strong></span> <span class='ocrx_word' id='word_1_7' title='bbox 797 667 920 734; x_wconf 88' lang='lat' dir='ltr'><strong>quia</strong></span> <span class='ocrx_word' id='word_1_8' title='bbox 963 666 1053 719; x_wconf 87' lang='lat' dir='ltr'><strong>tali</strong></span> <span class='ocrx_word' id='word_1_9' title='bbox 1099 667 1287 735; x_wconf 87' lang='lat' dir='ltr'><strong>dignus</strong></span> <span class='ocrx_word' id='word_1_10' title='bbox 1311 672 1391 719; x_wconf 88' lang='lat' dir='ltr'><strong>est</strong></span> <span class='ocrx_word' id='word_1_11' title='bbox 1418 665 1705 734; x_wconf 78' lang='lat' dir='ltr'><strong>ignominia</strong></span> 
     </span>
    </p>
   </div>
   <div class='ocr_carea' id='block_1_4' title="bbox 158 756 696 825">
    <p class='ocr_par' dir='ltr' id='par_1_4' title="bbox 158 756 696 825">
     <span class='ocr_line' id='line_1_4' title="bbox 158 756 696 825; baseline -0.015 -9"><span class='ocrx_word' id='word_1_12' title='bbox 158 759 402 816; x_wconf 74' lang='lat' dir='ltr'><strong>desertor</strong></span> <span class='ocrx_word' id='word_1_13' title='bbox 427 756 696 825; x_wconf 83' lang='lat' dir='ltr'><strong>antiquus.</strong></span> 
     </span>
    </p>
   </div>
   <div class='ocr_carea' id='block_1_5' title="bbox 805 843 1385 903">
    <p class='ocr_par' dir='ltr' id='par_1_5' title="bbox 805 843 1385 903">
     <span class='ocr_line' id='line_1_5' title="bbox 805 843 1385 903; baseline -0.003 -6"><span class='ocrx_word' id='word_1_14' title='bbox 805 845 882 898; x_wconf 87' lang='lat' dir='ltr'><strong>De</strong></span> <span class='ocrx_word' id='word_1_15' title='bbox 918 843 1044 898; x_wconf 81' lang='lat' dir='ltr'><strong>sale.</strong></span> <span class='ocrx_word' id='word_1_16' title='bbox 1384 900 1385 903; x_wconf 30' lang='grc' dir='ltr'><strong>η</strong></span> 
     </span>
    </p>
   </div>
   <div class='ocr_carea' id='block_1_6' title="bbox 224 932 1704 1007">
    <p class='ocr_par' dir='ltr' id='par_1_6' title="bbox 224 932 1704 1007">
     <span class='ocr_line' id='line_1_6' title="bbox 224 932 1704 1007; baseline -0.006 -14"><span class='ocrx_word' id='word_1_17' title='bbox 224 936 283 993; x_wconf 81' lang='lat' dir='ltr'><strong>In</strong></span> <span class='ocrx_word' id='word_1_18' title='bbox 304 938 421 1007; x_wconf 89' lang='lat' dir='ltr'><strong>ipso</strong></span> <span class='ocrx_word' id='word_1_19' title='bbox 445 935 701 990; x_wconf 89' lang='lat' dir='ltr'><strong>scrutinio</strong></span> <span class='ocrx_word' id='word_1_20' title='bbox 723 934 1058 989; x_wconf 81' lang='lat' dir='ltr'><strong>benedictum</strong></span> <span class='ocrx_word' id='word_1_21' title='bbox 1091 934 1253 988; x_wconf 82' lang='lat' dir='ltr'><strong>salem</strong></span> <span class='ocrx_word' id='word_1_22' title='bbox 1280 934 1361 987; x_wconf 88' lang='lat' dir='ltr'><strong>ori</strong></span> <span class='ocrx_word' id='word_1_23' title='bbox 1388 932 1704 1000; x_wconf 87' lang='lat' dir='ltr'><strong>imponimus</strong></span> 
     </span>
    </p>
   </div>
   <div class='ocr_carea' id='block_1_7' title="bbox 161 1020 1703 1092">
    <p class='ocr_par' dir='ltr' id='par_1_7' title="bbox 161 1020 1703 1092">
     <span class='ocr_line' id='line_1_7' title="bbox 161 1020 1703 1092; baseline -0.004 -14"><span class='ocrx_word' id='word_1_24' title='bbox 161 1033 279 1085; x_wconf 73' lang='lat' dir='ltr'><strong>post</strong></span> <span class='ocrx_word' id='word_1_25' title='bbox 318 1024 551 1092; x_wconf 80' lang='lat' dir='ltr'><strong>primam</strong></span> <span class='ocrx_word' id='word_1_26' title='bbox 590 1022 910 1081; x_wconf 86' lang='lat' dir='ltr'><strong>orationem,</strong></span> <span class='ocrx_word' id='word_1_27' title='bbox 957 1038 1058 1090; x_wconf 87' lang='lat' dir='ltr'><strong>qua</strong></span> <span class='ocrx_word' id='word_1_28' title='bbox 1107 1022 1337 1075; x_wconf 89' lang='lat' dir='ltr'><strong>dicitur:</strong></span> <span class='ocrx_word' id='word_1_29' title='bbox 1372 1020 1703 1090; x_wconf 77' lang='lat' dir='ltr'><strong>Omnipotens</strong></span> 
     </span>
    </p>
   </div>
   <div class='ocr_carea' id='block_1_8' title="bbox 152 1109 1704 1183">
    <p class='ocr_par' dir='ltr' id='par_1_8' title="bbox 152 1109 1704 1183">
     <span class='ocr_line' id='line_1_8' title="bbox 152 1109 1704 1183; baseline -0.005 -17"><span class='ocrx_word' id='word_1_30' title='bbox 152 1114 455 1183; x_wconf 69' lang='lat' dir='ltr'><strong>sempitern</strong></span> <span class='ocrx_word' id='word_1_31' title='bbox 486 1111 646 1175; x_wconf 81' lang='lat' dir='ltr'><strong>Deus,</strong></span> <span class='ocrx_word' id='word_1_32' title='bbox 675 1112 921 1179; x_wconf 75' lang='lat' dir='ltr'><strong>respicere</strong></span> <span class='ocrx_word' id='word_1_33' title='bbox 962 1109 1174 1178; x_wconf 84' lang='lat' dir='ltr'><strong>dignare</strong></span> <span class='ocrx_word' id='word_1_34' title='bbox 1199 1126 1349 1177; x_wconf 82' lang='lat' dir='ltr'><strong>super</strong></span> <span class='ocrx_word' id='word_1_35' title='bbox 1369 1110 1504 1162; x_wconf 80' lang='lat' dir='ltr'><strong>hunc</strong></span> <span class='ocrx_word' id='word_1_36' title='bbox 1534 1110 1704 1175; x_wconf 80' lang='lat' dir='ltr'><strong>[anm-</strong></span> 
     </span>
    </p>
   </div>
   <div class='ocr_carea' id='block_1_9' title="bbox 153 1194 1702 1268">
    <p class='ocr_par' dir='ltr' id='par_1_9' title="bbox 153 1194 1702 1268">
     <span class='ocr_line' id='line_1_9' title="bbox 153 1194 1702 1268; baseline -0.002 -20"><span class='ocrx_word' id='word_1_37' title='bbox 153 1201 261 1252; x_wconf 74' lang='lat' dir='ltr'><strong>Ium</strong></span> <span class='ocrx_word' id='word_1_38' title='bbox 283 1208 453 1262; x_wconf 69' lang='lat' dir='ltr'><strong>tuum,</strong></span> <span class='ocrx_word' id='word_1_39' title='bbox 480 1212 626 1268; x_wconf 83' lang='lat' dir='ltr'><strong>quem</strong></span> <span class='ocrx_word' id='word_1_40' title='bbox 660 1196 727 1249; x_wconf 85' lang='lat' dir='ltr'><strong>ad</strong></span> <span class='ocrx_word' id='word_1_41' title='bbox 768 1194 1054 1247; x_wconf 78' lang='lat' dir='ltr'><strong>rudimenta</strong></span> <span class='ocrx_word' id='word_1_42' title='bbox 1095 1194 1222 1261; x_wconf 79' lang='lat' dir='ltr'><strong>ﬁdei</strong></span> <span class='ocrx_word' id='word_1_43' title='bbox 1246 1211 1424 1247; x_wconf 70' lang='lat' dir='ltr'><strong>vocare</strong></span> <span class='ocrx_word' id='word_1_44' title='bbox 1464 1196 1702 1263; x_wconf 79' lang='lat' dir='ltr'><strong>dignatus</strong></span> 
     </span>
    </p>
   </div>
   <div class='ocr_carea' id='block_1_10' title="bbox 150 1280 1701 1353">
    <p class='ocr_par' dir='ltr' id='par_1_10' title="bbox 150 1280 1701 1353">
     <span class='ocr_line' id='line_1_10' title="bbox 150 1280 1701 1353; baseline -0.001 -16"><span class='ocrx_word' id='word_1_45' title='bbox 150 1299 225 1348; x_wconf 80' lang='lat' dir='ltr'><strong>es,</strong></span> <span class='ocrx_word' id='word_1_46' title='bbox 254 1294 311 1338; x_wconf 88' lang='lat' dir='ltr'><strong>et</strong></span> <span class='ocrx_word' id='word_1_47' title='bbox 335 1284 555 1353; x_wconf 85' lang='lat' dir='ltr'><strong>reliqua.</strong></span> <span class='ocrx_word' id='word_1_48' title='bbox 590 1283 659 1338; x_wconf 88' lang='lat' dir='ltr'><strong>Ut</strong></span> <span class='ocrx_word' id='word_1_49' title='bbox 689 1291 965 1350; x_wconf 76' lang='lat' dir='ltr'><strong>postquam</strong></span> <span class='ocrx_word' id='word_1_50' title='bbox 993 1282 1285 1334; x_wconf 77' lang='lat' dir='ltr'><strong>instructus</strong></span> <span class='ocrx_word' id='word_1_51' title='bbox 1322 1280 1480 1334; x_wconf 75' lang='lat' dir='ltr'><strong>fuerit</strong></span> <span class='ocrx_word' id='word_1_52' title='bbox 1515 1298 1545 1335; x_wconf 92' lang='lat' dir='ltr'><strong>a</strong></span> <span class='ocrx_word' id='word_1_53' title='bbox 1586 1300 1701 1336; x_wconf 81' lang='lat' dir='ltr'><strong>ma-</strong></span> 
     </span>
    </p>
   </div>
   <div class='ocr_carea' id='block_1_11' title="bbox 149 1353 1702 1441">
    <p class='ocr_par' dir='ltr' id='par_1_11' title="bbox 149 1353 1702 1441">
     <span class='ocr_line' id='line_1_11' title="bbox 149 1353 1702 1441; baseline -0.001 -15"><span class='ocrx_word' id='word_1_54' title='bbox 149 1372 322 1441; x_wconf 84' lang='lat' dir='ltr'><strong>gistro</strong></span> <span class='ocrx_word' id='word_1_55' title='bbox 359 1372 742 1439; x_wconf 87' lang='lat' dir='ltr'><strong>ecclesiastico,</strong></span> <span class='ocrx_word' id='word_1_56' title='bbox 788 1377 1135 1440; x_wconf 89' lang='lat' dir='ltr'><strong>recognoscat</strong></span> <span class='ocrx_word' id='word_1_57' title='bbox 1169 1353 1324 1423; x_wconf 51' lang='lat' dir='ltr'><strong>verba</strong></span> <span class='ocrx_word' id='word_1_58' title='bbox 1363 1385 1459 1423; x_wconf 88' lang='lat' dir='ltr'><strong>sua</strong></span> <span class='ocrx_word' id='word_1_59' title='bbox 1492 1370 1702 1424; x_wconf 85' lang='lat' dir='ltr'><strong>condita</strong></span> 
     </span>
    </p>
   </div>
   <div class='ocr_carea' id='block_1_12' title="bbox 149 1459 1703 1530">
    <p class='ocr_par' dir='ltr' id='par_1_12' title="bbox 149 1459 1703 1530">
     <span class='ocr_line' id='line_1_12' title="bbox 149 1459 1703 1530; baseline 0.001 -17"><span class='ocrx_word' id='word_1_60' title='bbox 149 1462 347 1516; x_wconf 84' lang='lat' dir='ltr'><strong>debere</strong></span> <span class='ocrx_word' id='word_1_61' title='bbox 386 1476 505 1516; x_wconf 87' lang='lat' dir='ltr'><strong>esse</strong></span> <span class='ocrx_word' id='word_1_62' title='bbox 542 1461 649 1515; x_wconf 86' lang='lat' dir='ltr'><strong>sale</strong></span> <span class='ocrx_word' id='word_1_63' title='bbox 685 1461 975 1530; x_wconf 67' lang='lat' dir='ltr'><strong>sapientim,</strong></span> <span class='ocrx_word' id='word_1_64' title='bbox 1015 1460 1150 1513; x_wconf 86' lang='lat' dir='ltr'><strong>sicut</strong></span> <span class='ocrx_word' id='word_1_65' title='bbox 1198 1459 1390 1513; x_wconf 79' lang='lat' dir='ltr'><strong>Paulus</strong></span> <span class='ocrx_word' id='word_1_66' title='bbox 1434 1461 1703 1526; x_wconf 75' lang='lat' dir='ltr'><strong>apostolus</strong></span> 
     </span>
    </p>
   </div>
   <div class='ocr_carea' id='block_1_13' title="bbox 148 1542 1702 1619">
    <p class='ocr_par' dir='ltr' id='par_1_13' title="bbox 148 1542 1702 1619">
     <span class='ocr_line' id='line_1_13' title="bbox 148 1542 1702 1619; baseline -0.001 -17"><span class='ocrx_word' id='word_1_67' title='bbox 148 1550 339 1603; x_wconf 77' lang='lat' dir='ltr'><strong>scribit</strong></span> <span class='ocrx_word' id='word_1_68' title='bbox 376 1542 441 1604; x_wconf 86' lang='lat' dir='ltr'><strong>ad</strong></span> <span class='ocrx_word' id='word_1_69' title='bbox 464 1548 808 1604; x_wconf 86' lang='lat' dir='ltr'><strong>Colossenses</strong></span> <span class='ocrx_word' id='word_1_70' title='bbox 835 1566 847 1600; x_wconf 90' lang='lat'><strong>:</strong></span> <span class='ocrx_word' id='word_1_71' title='bbox 878 1547 1055 1603; x_wconf 84' lang='lat' dir='ltr'><strong>Sermo</strong></span> <span class='ocrx_word' id='word_1_72' title='bbox 1079 1558 1236 1601; x_wconf 76' lang='lat' dir='ltr'><strong>vester</strong></span> <span class='ocrx_word' id='word_1_73' title='bbox 1260 1549 1310 1619; x_wconf 87' lang='lat' dir='ltr'><strong>in</strong></span> <span class='ocrx_word' id='word_1_74' title='bbox 1331 1549 1497 1614; x_wconf 75' lang='lat' dir='ltr'><strong>gratia</strong></span> <span class='ocrx_word' id='word_1_75' title='bbox 1511 1548 1616 1601; x_wconf 83' lang='lat' dir='ltr'><strong>sale</strong></span> <span class='ocrx_word' id='word_1_76' title='bbox 1638 1550 1702 1601; x_wconf 85' lang='lat' dir='ltr'><strong>sit</strong></span> 
     </span>
    </p>
   </div>
   <div class='ocr_carea' id='block_1_14' title="bbox 146 1628 1703 1707">
    <p class='ocr_par' dir='ltr' id='par_1_14' title="bbox 146 1628 1703 1707">
     <span class='ocr_line' id='line_1_14' title="bbox 146 1628 1703 1707; baseline 0.001 -19"><span class='ocrx_word' id='word_1_77' title='bbox 146 1638 406 1701; x_wconf 71' lang='lat' dir='ltr'><strong>conditus,</strong></span> <span class='ocrx_word' id='word_1_78' title='bbox 428 1647 483 1690; x_wconf 78' lang='lat' dir='ltr'><strong>ut</strong></span> <span class='ocrx_word' id='word_1_79' title='bbox 503 1638 698 1701; x_wconf 77' lang='lat' dir='ltr'><strong>sciatis,</strong></span> <span class='ocrx_word' id='word_1_80' title='bbox 729 1636 983 1707; x_wconf 87' lang='lat' dir='ltr'><strong>quomodo</strong></span> <span class='ocrx_word' id='word_1_81' title='bbox 1032 1646 1259 1706; x_wconf 76' lang='lat' dir='ltr'><strong>oporteat</strong></span> <span class='ocrx_word' id='word_1_82' title='bbox 1304 1654 1389 1689; x_wconf 81' lang='lat' dir='ltr'><strong>ros</strong></span> <span class='ocrx_word' id='word_1_83' title='bbox 1428 1628 1703 1706; x_wconf 73' lang='lat' dir='ltr'><strong>unicuique</strong></span> 
     </span>
    </p>
   </div>
   <div class='ocr_carea' id='block_1_15' title="bbox 150 1722 819 1793">
    <p class='ocr_par' dir='ltr' id='par_1_15' title="bbox 150 1722 819 1793">
     <span class='ocr_line' id='line_1_15' title="bbox 150 1722 819 1793; baseline 0.007 -21"><span class='ocrx_word' id='word_1_84' title='bbox 150 1727 459 1793; x_wconf 73' lang='lat' dir='ltr'><strong>respondere</strong></span> <span class='ocrx_word' id='word_1_85' title='bbox 481 1722 617 1793; x_wconf 87' lang='lat' dir='ltr'><strong>(Col.</strong></span> <span class='ocrx_word' id='word_1_86' title='bbox 644 1739 714 1786; x_wconf 84' lang='lat' dir='ltr'><strong>tv,</strong></span> <span class='ocrx_word' id='word_1_87' title='bbox 744 1724 819 1793; x_wconf 84' lang='lat'><strong>6).</strong></span> 
     </span>
    </p>
   </div>
   <div class='ocr_carea' id='block_1_16' title="bbox 374 1810 1494 1877">
    <p class='ocr_par' dir='ltr' id='par_1_16' title="bbox 374 1810 1494 1877">
     <span class='ocr_line' id='line_1_16' title="bbox 374 1810 1494 1877; baseline 0 -14"><span class='ocrx_word' id='word_1_88' title='bbox 374 1810 643 1875; x_wconf 78' lang='lat' dir='ltr'><strong>Quomodo</strong></span> <span class='ocrx_word' id='word_1_89' title='bbox 678 1810 771 1877; x_wconf 80' lang='lat' dir='ltr'><strong>ﬁat</strong></span> <span class='ocrx_word' id='word_1_90' title='bbox 809 1811 1137 1864; x_wconf 76' lang='lat' dir='ltr'><strong>novissimum</strong></span> <span class='ocrx_word' id='word_1_91' title='bbox 1171 1811 1494 1864; x_wconf 78' lang='lat' dir='ltr'><strong>scrutinium.</strong></span> 
     </span>
    </p>
   </div>
   <div class='ocr_carea' id='block_1_17' title="bbox 213 1883 2398 1959">
    <p class='ocr_par' dir='ltr' id='par_1_17' title="bbox 213 1883 2398 1959">
     <span class='ocr_line' id='line_1_17' title="bbox 213 1883 2398 1959; baseline 0.003 -7"><span class='ocrx_word' id='word_1_92' title='bbox 213 1898 284 1952; x_wconf 83' lang='lat' dir='ltr'><strong>Et</strong></span> <span class='ocrx_word' id='word_1_93' title='bbox 330 1898 458 1954; x_wconf 89' lang='lat' dir='ltr'><strong>illud</strong></span> <span class='ocrx_word' id='word_1_94' title='bbox 500 1900 813 1953; x_wconf 88' lang='lat' dir='ltr'><strong>scrutinium</strong></span> <span class='ocrx_word' id='word_1_95' title='bbox 855 1884 1036 1954; x_wconf 80' lang='lat' dir='ltr'><strong>linitur</strong></span> <span class='ocrx_word' id='word_1_96' title='bbox 1071 1902 1292 1953; x_wconf 87' lang='lat' dir='ltr'><strong>sabbato</strong></span> <span class='ocrx_word' id='word_1_97' title='bbox 1320 1911 1441 1954; x_wconf 87' lang='lat' dir='ltr'><strong>ante</strong></span> <span class='ocrx_word' id='word_1_98' title='bbox 1474 1901 1695 1955; x_wconf 79' lang='lat' dir='ltr'><strong>Pascha.</strong></span> <span class='ocrx_word' id='word_1_99' title='bbox 1729 1883 1774 1941; x_wconf 78' lang='grc' dir='ltr'><strong><em>Β</em></strong></span> <span class='ocrx_word' id='word_1_100' title='bbox 1804 1902 1926 1944; x_wconf 69' lang='lat' dir='ltr'><strong>sum</strong></span> <span class='ocrx_word' id='word_1_101' title='bbox 1970 1909 2130 1959; x_wconf 67' lang='lat' dir='ltr'><strong>&quot;Pera</strong></span> <span class='ocrx_word' id='word_1_102' title='bbox 2170 1894 2398 1948; x_wconf 70' lang='lat' dir='ltr'><strong>hominis</strong></span> 
     </span>
    </p>
   </div>
   <div class='ocr_carea' id='block_1_18' title="bbox 144 1984 1702 2056">
    <p class='ocr_par' dir='ltr' id='par_1_18' title="bbox 144 1984 1702 2056">
     <span class='ocr_line' id='line_1_18' title="bbox 144 1984 1702 2056; baseline 0.002 -18"><span class='ocrx_word' id='word_1_103' title='bbox 144 1984 265 2054; x_wconf 79' lang='lat' dir='ltr'><strong>Ipso</strong></span> <span class='ocrx_word' id='word_1_104' title='bbox 296 1985 382 2039; x_wconf 90' lang='lat' dir='ltr'><strong>die</strong></span> <span class='ocrx_word' id='word_1_105' title='bbox 404 1985 629 2041; x_wconf 82' lang='lat' dir='ltr'><strong>facimus</strong></span> <span class='ocrx_word' id='word_1_106' title='bbox 653 1988 936 2056; x_wconf 87' lang='lat' dir='ltr'><strong>septimum</strong></span> <span class='ocrx_word' id='word_1_107' title='bbox 974 1986 1311 2049; x_wconf 74' lang='lat' dir='ltr'><strong>scrutiniu‘m,</strong></span> <span class='ocrx_word' id='word_1_108' title='bbox 1354 1989 1493 2041; x_wconf 83' lang='lat' dir='ltr'><strong>sicut</strong></span> <span class='ocrx_word' id='word_1_109' title='bbox 1516 1990 1566 2041; x_wconf 93' lang='lat' dir='ltr'><strong>in</strong></span> <span class='ocrx_word' id='word_1_110' title='bbox 1596 1988 1702 2041; x_wconf 81' lang='lat' dir='ltr'><strong>Ro-</strong></span> 
     </span>
    </p>
   </div>
   <div class='ocr_carea' id='block_1_19' title="bbox 144 2074 1700 2149">
    <p class='ocr_par' dir='ltr' id='par_1_19' title="bbox 144 2074 1700 2149">
     <span class='ocr_line' id='line_1_19' title="bbox 144 2074 1700 2149; baseline 0.002 -22"><span class='ocrx_word' id='word_1_111' title='bbox 144 2090 307 2129; x_wconf 87' lang='lat' dir='ltr'><strong>mano</strong></span> <span class='ocrx_word' id='word_1_112' title='bbox 327 2074 526 2129; x_wconf 83' lang='lat' dir='ltr'><strong>Ordine</strong></span> <span class='ocrx_word' id='word_1_113' title='bbox 554 2076 852 2149; x_wconf 82' lang='lat' dir='ltr'><strong>invenimus</strong></span> <span class='ocrx_word' id='word_1_114' title='bbox 881 2076 1156 2145; x_wconf 87' lang='lat' dir='ltr'><strong>scriptum,</strong></span> <span class='ocrx_word' id='word_1_115' title='bbox 1194 2084 1248 2130; x_wconf 90' lang='lat' dir='ltr'><strong>et</strong></span> <span class='ocrx_word' id='word_1_116' title='bbox 1281 2077 1504 2145; x_wconf 80' lang='lat' dir='ltr'><strong>legimus</strong></span> <span class='ocrx_word' id='word_1_117' title='bbox 1538 2092 1700 2145; x_wconf 83' lang='lat' dir='ltr'><strong>super</strong></span> 
     </span>
    </p>
   </div>
   <div class='ocr_carea' id='block_1_20' title="bbox 144 2161 968 2217">
    <p class='ocr_par' dir='ltr' id='par_1_20' title="bbox 144 2161 968 2217">
     <span class='ocr_line' id='line_1_20' title="bbox 144 2161 968 2217; baseline 0.001 -3"><span class='ocrx_word' id='word_1_118' title='bbox 144 2162 305 2217; x_wconf 87' lang='lat' dir='ltr'><strong>illos:</strong></span> <span class='ocrx_word' id='word_1_119' title='bbox 332 2161 442 2215; x_wconf 81' lang='lat' dir='ltr'><strong>Nec</strong></span> <span class='ocrx_word' id='word_1_120' title='bbox 485 2172 533 2215; x_wconf 87' lang='lat' dir='ltr'><strong>te</strong></span> <span class='ocrx_word' id='word_1_121' title='bbox 561 2162 685 2216; x_wconf 82' lang='lat' dir='ltr'><strong>latet</strong></span> <span class='ocrx_word' id='word_1_122' title='bbox 729 2162 968 2217; x_wconf 78' lang='lat' dir='ltr'><strong>Satanas.</strong></span> 
     </span>
    </p>
   </div>
   <div class='ocr_carea' id='block_1_21' title="bbox 408 2235 1354 2307">
    <p class='ocr_par' dir='ltr' id='par_1_21' title="bbox 408 2235 1354 2307">
     <span class='ocr_line' id='line_1_21' title="bbox 408 2235 1354 2307; baseline 0.002 -2"><span class='ocrx_word' id='word_1_123' title='bbox 408 2271 414 2276; x_wconf 92' lang='grc'>·</span> <span class='ocrx_word' id='word_1_124' title='bbox 496 2252 573 2305; x_wconf 89' lang='lat' dir='ltr'><strong>De</strong></span> <span class='ocrx_word' id='word_1_125' title='bbox 619 2261 758 2306; x_wconf 79' lang='lat' dir='ltr'><strong>tactu</strong></span> <span class='ocrx_word' id='word_1_126' title='bbox 796 2235 1002 2306; x_wconf 77' lang='lat' dir='ltr'><strong>narium</strong></span> <span class='ocrx_word' id='word_1_127' title='bbox 1045 2264 1091 2306; x_wconf 84' lang='lat' dir='ltr'><strong>et</strong></span> <span class='ocrx_word' id='word_1_128' title='bbox 1128 2256 1354 2307; x_wconf 84' lang='lat' dir='ltr'><strong>aurium.</strong></span> 
     </span>
    </p>
   </div>
   <div class='ocr_carea' id='block_1_22' title="bbox 210 2340 1697 2412">
    <p class='ocr_par' dir='ltr' id='par_1_22' title="bbox 210 2340 1697 2412">
     <span class='ocr_line' id='line_1_22' title="bbox 210 2340 1697 2412; baseline 0 -16"><span class='ocrx_word' id='word_1_129' title='bbox 210 2340 341 2397; x_wconf 82' lang='lat' dir='ltr'><strong>Post</strong></span> <span class='ocrx_word' id='word_1_130' title='bbox 367 2342 506 2396; x_wconf 88' lang='lat' dir='ltr'><strong>hanc</strong></span> <span class='ocrx_word' id='word_1_131' title='bbox 533 2341 813 2396; x_wconf 86' lang='lat' dir='ltr'><strong>lectionem</strong></span> <span class='ocrx_word' id='word_1_132' title='bbox 839 2340 1105 2412; x_wconf 84' lang='lat' dir='ltr'><strong>tangimus</strong></span> <span class='ocrx_word' id='word_1_133' title='bbox 1136 2356 1322 2397; x_wconf 88' lang='lat' dir='ltr'><strong>eorum</strong></span> <span class='ocrx_word' id='word_1_134' title='bbox 1349 2357 1507 2397; x_wconf 87' lang='lat' dir='ltr'><strong>aures</strong></span> <span class='ocrx_word' id='word_1_135' title='bbox 1529 2351 1583 2396; x_wconf 89' lang='lat' dir='ltr'><strong>et</strong></span> <span class='ocrx_word' id='word_1_136' title='bbox 1603 2357 1697 2396; x_wconf 88' lang='lat' dir='ltr'><strong>na-</strong></span> 
     </span>
    </p>
   </div>
   <div class='ocr_carea' id='block_1_23' title="bbox 143 2429 1695 2498">
    <p class='ocr_par' dir='ltr' id='par_1_23' title="bbox 143 2429 1695 2498">
     <span class='ocr_line' id='line_1_23' title="bbox 143 2429 1695 2498; baseline -0.002 -13"><span class='ocrx_word' id='word_1_137' title='bbox 143 2444 255 2496; x_wconf 84' lang='lat' dir='ltr'><strong>res,</strong></span> <span class='ocrx_word' id='word_1_138' title='bbox 282 2438 337 2485; x_wconf 89' lang='lat' dir='ltr'><strong>et</strong></span> <span class='ocrx_word' id='word_1_139' title='bbox 365 2430 590 2484; x_wconf 86' lang='lat' dir='ltr'><strong>dicimus</strong></span> <span class='ocrx_word' id='word_1_140' title='bbox 622 2430 737 2484; x_wconf 87' lang='lat' dir='ltr'><strong>eis:</strong></span> <span class='ocrx_word' id='word_1_141' title='bbox 791 2429 1010 2498; x_wconf 80' lang='lat' dir='ltr'><strong>Epheta,</strong></span> <span class='ocrx_word' id='word_1_142' title='bbox 1061 2432 1116 2483; x_wconf 83' lang='lat' dir='ltr'><strong>in</strong></span> <span class='ocrx_word' id='word_1_143' title='bbox 1160 2431 1369 2484; x_wconf 78' lang='lat' dir='ltr'><strong>odorem</strong></span> <span class='ocrx_word' id='word_1_144' title='bbox 1411 2431 1695 2484; x_wconf 76' lang='lat' dir='ltr'><strong>suauitatis.</strong></span> 
     </span>
    </p>
   </div>
   <div class='ocr_carea' id='block_1_24' title="bbox 143 2518 1695 2589">
    <p class='ocr_par' dir='ltr' id='par_1_24' title="bbox 143 2518 1695 2589">
     <span class='ocr_line' id='line_1_24' title="bbox 143 2518 1695 2589; baseline 0.002 -18"><span class='ocrx_word' id='word_1_145' title='bbox 143 2518 313 2572; x_wconf 68' lang='lat' dir='ltr'><strong>Nares</strong></span> <span class='ocrx_word' id='word_1_146' title='bbox 348 2520 635 2589; x_wconf 79' lang='lat' dir='ltr'><strong>tangimus,</strong></span> <span class='ocrx_word' id='word_1_147' title='bbox 661 2526 719 2572; x_wconf 91' lang='lat' dir='ltr'><strong>ut</strong></span> <span class='ocrx_word' id='word_1_148' title='bbox 758 2520 1157 2581; x_wconf 89' lang='lat' dir='ltr'><strong>admoneantur,</strong></span> <span class='ocrx_word' id='word_1_149' title='bbox 1185 2520 1418 2588; x_wconf 88' lang='lat' dir='ltr'><strong>quandiu</strong></span> <span class='ocrx_word' id='word_1_150' title='bbox 1449 2521 1695 2589; x_wconf 85' lang='lat' dir='ltr'><strong>spiritum</strong></span> 
     </span>
    </p>
   </div>
   <div class='ocr_carea' id='block_1_25' title="bbox 144 2600 1699 2678">
    <p class='ocr_par' dir='ltr' id='par_1_25' title="bbox 144 2600 1699 2678">
     <span class='ocr_line' id='line_1_25' title="bbox 144 2600 1699 2678; baseline 0 -16"><span class='ocrx_word' id='word_1_151' title='bbox 144 2608 303 2676; x_wconf 70' lang='lat' dir='ltr'><strong>inuitis</strong></span> <span class='ocrx_word' id='word_1_152' title='bbox 321 2600 442 2662; x_wconf 71' lang='lat' dir='ltr'><strong>vita:</strong></span> <span class='ocrx_word' id='word_1_153' title='bbox 478 2611 716 2671; x_wconf 88' lang='lat' dir='ltr'><strong>trahunt,</strong></span> <span class='ocrx_word' id='word_1_154' title='bbox 749 2622 957 2675; x_wconf 85' lang='lat' dir='ltr'><strong>semper</strong></span> <span class='ocrx_word' id='word_1_155' title='bbox 997 2609 1051 2661; x_wconf 89' lang='lat' dir='ltr'><strong>in</strong></span> <span class='ocrx_word' id='word_1_156' title='bbox 1092 2608 1175 2661; x_wconf 90' lang='lat' dir='ltr'><strong>his</strong></span> <span class='ocrx_word' id='word_1_157' title='bbox 1196 2617 1553 2676; x_wconf 75' lang='lat' dir='ltr'><strong>perseverent,</strong></span> <span class='ocrx_word' id='word_1_158' title='bbox 1582 2624 1699 2678; x_wconf 76' lang='lat' dir='ltr'><strong>qua:</strong></span> 
     </span>
    </p>
   </div>
   <div class='ocr_carea' id='block_1_26' title="bbox 142 2696 1697 2774">
    <p class='ocr_par' dir='ltr' id='par_1_26' title="bbox 142 2696 1697 2774">
     <span class='ocr_line' id='line_1_26' title="bbox 142 2696 1697 2774; baseline -0.001 -26"><span class='ocrx_word' id='word_1_159' title='bbox 142 2698 252 2765; x_wconf 75' lang='lat' dir='ltr'><strong>jam</strong></span> <span class='ocrx_word' id='word_1_160' title='bbox 282 2696 581 2748; x_wconf 88' lang='lat' dir='ltr'><strong>didicerunt</strong></span> <span class='ocrx_word' id='word_1_161' title='bbox 606 2704 661 2748; x_wconf 88' lang='lat' dir='ltr'><strong>et</strong></span> <span class='ocrx_word' id='word_1_162' title='bbox 686 2696 858 2749; x_wconf 87' lang='lat' dir='ltr'><strong>adhuc</strong></span> <span class='ocrx_word' id='word_1_163' title='bbox 880 2696 1091 2749; x_wconf 90' lang='lat' dir='ltr'><strong>discunt</strong></span> <span class='ocrx_word' id='word_1_164' title='bbox 1113 2697 1180 2749; x_wconf 90' lang='lat' dir='ltr'><strong>ab</strong></span> <span class='ocrx_word' id='word_1_165' title='bbox 1204 2711 1298 2749; x_wconf 88' lang='lat' dir='ltr'><strong>ore</strong></span> <span class='ocrx_word' id='word_1_166' title='bbox 1315 2696 1697 2774; x_wconf 72' lang='lat' dir='ltr'><strong>catholicorum</strong></span> 
     </span>
    </p>
   </div>
   <div class='ocr_carea' id='block_1_27' title="bbox 145 2783 1698 2852">
    <p class='ocr_par' dir='ltr' id='par_1_27' title="bbox 145 2783 1698 2852">
     <span class='ocr_line' id='line_1_27' title="bbox 145 2783 1698 2852; baseline 0 -16"><span class='ocrx_word' id='word_1_167' title='bbox 145 2785 417 2848; x_wconf 85' lang='lat' dir='ltr'><strong>virorum;</strong></span> <span class='ocrx_word' id='word_1_168' title='bbox 451 2792 506 2836; x_wconf 87' lang='lat' dir='ltr'><strong>et</strong></span> <span class='ocrx_word' id='word_1_169' title='bbox 545 2783 663 2837; x_wconf 89' lang='lat' dir='ltr'><strong>ideo</strong></span> <span class='ocrx_word' id='word_1_170' title='bbox 691 2792 847 2852; x_wconf 86' lang='lat' dir='ltr'><strong>sputo</strong></span> <span class='ocrx_word' id='word_1_171' title='bbox 873 2785 1171 2851; x_wconf 84' lang='lat' dir='ltr'><strong>presbyteri</strong></span> <span class='ocrx_word' id='word_1_172' title='bbox 1201 2791 1509 2850; x_wconf 85' lang='lat' dir='ltr'><strong>tanguntur.</strong></span> <span class='ocrx_word' id='word_1_173' title='bbox 1540 2783 1698 2836; x_wconf 87' lang='lat' dir='ltr'><strong>Simi—</strong></span> 
     </span>
    </p>
   </div>
   <div class='ocr_carea' id='block_1_28' title="bbox 142 2871 1699 2942">
    <p class='ocr_par' dir='ltr' id='par_1_28' title="bbox 142 2871 1699 2942">
     <span class='ocr_line' id='line_1_28' title="bbox 142 2871 1699 2942; baseline 0 -17"><span class='ocrx_word' id='word_1_174' title='bbox 142 2874 270 2928; x_wconf 87' lang='lat' dir='ltr'><strong>liter</strong></span> <span class='ocrx_word' id='word_1_175' title='bbox 299 2873 526 2928; x_wconf 88' lang='lat' dir='ltr'><strong>dicimus</strong></span> <span class='ocrx_word' id='word_1_176' title='bbox 552 2871 618 2927; x_wconf 92' lang='lat' dir='ltr'><strong>de</strong></span> <span class='ocrx_word' id='word_1_177' title='bbox 639 2873 875 2937; x_wconf 88' lang='lat' dir='ltr'><strong>auribus,</strong></span> <span class='ocrx_word' id='word_1_178' title='bbox 917 2872 1069 2940; x_wconf 91' lang='lat' dir='ltr'><strong>quasi</strong></span> <span class='ocrx_word' id='word_1_179' title='bbox 1105 2871 1246 2926; x_wconf 87' lang='lat' dir='ltr'><strong>dicat</strong></span> <span class='ocrx_word' id='word_1_180' title='bbox 1276 2873 1553 2942; x_wconf 81' lang='lat' dir='ltr'><strong>presbyter</strong></span> <span class='ocrx_word' id='word_1_181' title='bbox 1579 2890 1590 2924; x_wconf 92' lang='lat'>:</span> <span class='ocrx_word' id='word_1_182' title='bbox 1637 2874 1699 2926; x_wconf 81' lang='lat' dir='ltr'><strong>li-</strong></span> 
     </span>
    </p>
   </div>
   <div class='ocr_carea' id='block_1_29' title="bbox 140 2959 1702 3029">
    <p class='ocr_par' dir='ltr' id='par_1_29' title="bbox 140 2959 1702 3029">
     <span class='ocr_line' id='line_1_29' title="bbox 140 2959 1702 3029; baseline -0.001 -14"><span class='ocrx_word' id='word_1_183' title='bbox 140 2964 291 3026; x_wconf 85' lang='lat' dir='ltr'><strong>dem,</strong></span> <span class='ocrx_word' id='word_1_184' title='bbox 317 2976 474 3029; x_wconf 89' lang='lat' dir='ltr'><strong>quam</strong></span> <span class='ocrx_word' id='word_1_185' title='bbox 500 2962 567 3015; x_wconf 84' lang='lat' dir='ltr'><strong>ab</strong></span> <span class='ocrx_word' id='word_1_186' title='bbox 594 2960 698 3014; x_wconf 88' lang='lat' dir='ltr'><strong>isto</strong></span> <span class='ocrx_word' id='word_1_187' title='bbox 723 2973 817 3014; x_wconf 85' lang='lat' dir='ltr'><strong>ore</strong></span> <span class='ocrx_word' id='word_1_188' title='bbox 860 2959 1111 3021; x_wconf 88' lang='lat' dir='ltr'><strong>didicisti,</strong></span> <span class='ocrx_word' id='word_1_189' title='bbox 1156 2967 1209 3011; x_wconf 89' lang='lat' dir='ltr'><strong>et</strong></span> <span class='ocrx_word' id='word_1_190' title='bbox 1240 2974 1359 3027; x_wconf 76' lang='lat' dir='ltr'><strong>qua:</strong></span> <span class='ocrx_word' id='word_1_191' title='bbox 1403 2973 1500 3026; x_wconf 89' lang='lat' dir='ltr'><strong>per</strong></span> <span class='ocrx_word' id='word_1_192' title='bbox 1543 2974 1702 3013; x_wconf 82' lang='lat' dir='ltr'><strong>aures</strong></span> 
     </span>
    </p>
   </div>
   <div class='ocr_carea' id='block_1_30' title="bbox 142 3044 1700 3114">
    <p class='ocr_par' dir='ltr' id='par_1_30' title="bbox 142 3044 1700 3114">
     <span class='ocr_line' id='line_1_30' title="bbox 142 3044 1700 3114; baseline -0.001 -11"><span class='ocrx_word' id='word_1_193' title='bbox 142 3049 370 3103; x_wconf 84' lang='lat' dir='ltr'><strong>intravit</strong></span> <span class='ocrx_word' id='word_1_194' title='bbox 419 3050 485 3102; x_wconf 89' lang='lat' dir='ltr'><strong>ad</strong></span> <span class='ocrx_word' id='word_1_195' title='bbox 525 3048 776 3111; x_wconf 88' lang='lat' dir='ltr'><strong>animam,</strong></span> <span class='ocrx_word' id='word_1_196' title='bbox 813 3048 1049 3114; x_wconf 90' lang='lat' dir='ltr'><strong>quandiu</strong></span> <span class='ocrx_word' id='word_1_197' title='bbox 1090 3047 1335 3113; x_wconf 84' lang='lat' dir='ltr'><strong>spiritum</strong></span> <span class='ocrx_word' id='word_1_198' title='bbox 1376 3046 1501 3098; x_wconf 75' lang='lat' dir='ltr'><strong>vita:</strong></span> <span class='ocrx_word' id='word_1_199' title='bbox 1547 3044 1700 3114; x_wconf 84' lang='lat' dir='ltr'><strong>hujus</strong></span> 
     </span>
    </p>
   </div>
   <div class='ocr_carea' id='block_1_31' title="bbox 142 3133 1697 3202">
    <p class='ocr_par' dir='ltr' id='par_1_31' title="bbox 142 3133 1697 3202">
     <span class='ocr_line' id='line_1_31' title="bbox 142 3133 1697 3202; baseline -0.003 -13"><span class='ocrx_word' id='word_1_200' title='bbox 142 3137 370 3191; x_wconf 88' lang='lat' dir='ltr'><strong>naribus</strong></span> <span class='ocrx_word' id='word_1_201' title='bbox 411 3136 600 3198; x_wconf 90' lang='lat' dir='ltr'><strong>trahis,</strong></span> <span class='ocrx_word' id='word_1_202' title='bbox 635 3148 844 3202; x_wconf 90' lang='lat' dir='ltr'><strong>semper</strong></span> <span class='ocrx_word' id='word_1_203' title='bbox 865 3142 1045 3186; x_wconf 88' lang='lat' dir='ltr'><strong>tenere</strong></span> <span class='ocrx_word' id='word_1_204' title='bbox 1084 3143 1371 3194; x_wconf 85' lang='lat' dir='ltr'><strong>memento,</strong></span> <span class='ocrx_word' id='word_1_205' title='bbox 1414 3141 1473 3185; x_wconf 91' lang='lat' dir='ltr'><strong>ut</strong></span> <span class='ocrx_word' id='word_1_206' title='bbox 1520 3133 1697 3185; x_wconf 87' lang='lat' dir='ltr'><strong>dicere</strong></span> 
     </span>
    </p>
   </div>
   <div class='ocr_carea' id='block_1_32' title="bbox 142 3219 1697 3295">
    <p class='ocr_par' dir='ltr' id='par_1_32' title="bbox 142 3219 1697 3295">
     <span class='ocr_line' id='line_1_32' title="bbox 142 3219 1697 3295; baseline -0.006 -15"><span class='ocrx_word' id='word_1_207' title='bbox 142 3228 319 3295; x_wconf 84' lang='lat' dir='ltr'><strong>possis</strong></span> <span class='ocrx_word' id='word_1_208' title='bbox 340 3240 462 3279; x_wconf 90' lang='lat' dir='ltr'><strong>cum</strong></span> <span class='ocrx_word' id='word_1_209' title='bbox 500 3223 665 3277; x_wconf 84' lang='lat' dir='ltr'><strong>Paulo</strong></span> <span class='ocrx_word' id='word_1_210' title='bbox 708 3223 984 3291; x_wconf 86' lang='lat' dir='ltr'><strong>apostolo:</strong></span> <span class='ocrx_word' id='word_1_211' title='bbox 1033 3219 1223 3273; x_wconf 83' lang='lat' dir='ltr'><strong>Christi</strong></span> <span class='ocrx_word' id='word_1_212' title='bbox 1266 3222 1426 3273; x_wconf 81' lang='lat' dir='ltr'><strong>bonus</strong></span> <span class='ocrx_word' id='word_1_213' title='bbox 1462 3220 1697 3272; x_wconf 73' lang='lat' dir='ltr'><strong>edoma-</strong></span> 
     </span>
    </p>
   </div>
   <div class='ocr_carea' id='block_1_33' title="bbox 142 3308 1698 3383">
    <p class='ocr_par' dir='ltr' id='par_1_33' title="bbox 142 3308 1698 3383">
     <span class='ocr_line' id='line_1_33' title="bbox 142 3308 1698 3383; baseline -0.003 -18"><span class='ocrx_word' id='word_1_214' title='bbox 142 3330 259 3366; x_wconf 75' lang='lat' dir='ltr'><strong>mus</strong></span> <span class='ocrx_word' id='word_1_215' title='bbox 286 3312 371 3383; x_wconf 82' lang='lat' dir='ltr'><strong>(II</strong></span> <span class='ocrx_word' id='word_1_216' title='bbox 401 3311 521 3365; x_wconf 86' lang='lat' dir='ltr'><strong>Cor.</strong></span> <span class='ocrx_word' id='word_1_217' title='bbox 545 3315 585 3365; x_wconf 87' lang='lat' dir='ltr'><strong>&#39;n</strong></span> <span class='ocrx_word' id='word_1_218' title='bbox 610 3350 625 3374; x_wconf 93' lang='lat'><strong>,</strong></span> <span class='ocrx_word' id='word_1_219' title='bbox 652 3310 757 3381; x_wconf 74' lang='lat' dir='ltr'><strong>l5).</strong></span> <span class='ocrx_word' id='word_1_220' title='bbox 788 3311 853 3363; x_wconf 81' lang='lat' dir='ltr'><strong>Et</strong></span> <span class='ocrx_word' id='word_1_221' title='bbox 874 3311 1067 3363; x_wconf 86' lang='lat' dir='ltr'><strong>iterum</strong></span> <span class='ocrx_word' id='word_1_222' title='bbox 1087 3308 1230 3362; x_wconf 87' lang='lat' dir='ltr'><strong>dicat</strong></span> <span class='ocrx_word' id='word_1_223' title='bbox 1248 3308 1501 3361; x_wconf 80' lang='lat' dir='ltr'><strong>auribus:</strong></span> <span class='ocrx_word' id='word_1_224' title='bbox 1526 3308 1698 3361; x_wconf 83' lang='lat' dir='ltr'><strong>Aures</strong></span> 
     </span>
    </p>
   </div>
   <div class='ocr_carea' id='block_1_34' title="bbox 143 3395 1698 3464">
    <p class='ocr_par' dir='ltr' id='par_1_34' title="bbox 143 3395 1698 3464">
     <span class='ocr_line' id='line_1_34' title="bbox 143 3395 1698 3464; baseline -0.004 -12"><span class='ocrx_word' id='word_1_225' title='bbox 143 3402 282 3462; x_wconf 73' lang='lat' dir='ltr'><strong>istae,</strong></span> <span class='ocrx_word' id='word_1_226' title='bbox 318 3399 427 3452; x_wconf 89' lang='lat' dir='ltr'><strong>Deo</strong></span> <span class='ocrx_word' id='word_1_227' title='bbox 463 3398 767 3460; x_wconf 86' lang='lat' dir='ltr'><strong>miserante,</strong></span> <span class='ocrx_word' id='word_1_228' title='bbox 807 3411 1017 3464; x_wconf 88' lang='lat' dir='ltr'><strong>semper</strong></span> <span class='ocrx_word' id='word_1_229' title='bbox 1048 3405 1243 3463; x_wconf 58' lang='lat' dir='ltr'><strong>aperte</strong></span> <span class='ocrx_word' id='word_1_230' title='bbox 1268 3397 1377 3447; x_wconf 90' lang='lat' dir='ltr'><strong>sint</strong></span> <span class='ocrx_word' id='word_1_231' title='bbox 1401 3396 1468 3447; x_wconf 92' lang='lat' dir='ltr'><strong>ad</strong></span> <span class='ocrx_word' id='word_1_232' title='bbox 1506 3395 1698 3448; x_wconf 85' lang='lat' dir='ltr'><strong>intelli-</strong></span> 
     </span>
    </p>
   </div>
   <div class='ocr_carea' id='block_1_35' title="bbox 140 3480 1697 3585">
    <p class='ocr_par' dir='ltr' id='par_1_35' title="bbox 140 3480 1697 3585">
     <span class='ocr_line' id='line_1_35' title="bbox 140 3480 1697 3585; baseline -0.003 -46"><span class='ocrx_word' id='word_1_233' title='bbox 140 3483 1015 3585; x_wconf 40' lang='lat' dir='ltr'><strong>gendajverbapisleiplinm&#39;;</strong></span> <span class='ocrx_word' id='word_1_234' title='bbox 1054 3490 1122 3585; x_wconf 62' lang='lat' dir='ltr'><strong>pt</strong></span> <span class='ocrx_word' id='word_1_235' title='bbox 1163 3481 1583 3585; x_wconf 44' lang='lat' dir='ltr'><strong>dicereupossit:</strong></span> <span class='ocrx_word' id='word_1_236' title='bbox 1631 3480 1697 3534; x_wconf 80' lang='lat' dir='ltr'><strong>In</strong></span> 
     </span>
    </p>
   </div>
   <div class='ocr_carea' id='block_1_36' title="bbox 141 3568 1412 3641">
    <p class='ocr_par' dir='ltr' id='par_1_36' title="bbox 141 3568 1412 3641">
     <span class='ocr_line' id='line_1_36' title="bbox 141 3568 1412 3641; baseline -0.002 -16"><span class='ocrx_word' id='word_1_237' title='bbox 141 3568 394 3625; x_wconf 64' lang='lat' dir='ltr'><strong>oboedite</strong></span> <span class='ocrx_word' id='word_1_238' title='bbox 418 3571 562 3624; x_wconf 80' lang='lat' dir='ltr'><strong>auris</strong></span> <span class='ocrx_word' id='word_1_239' title='bbox 584 3571 778 3623; x_wconf 81' lang='lat' dir='ltr'><strong>obediri</strong></span> <span class='ocrx_word' id='word_1_240' title='bbox 801 3572 891 3623; x_wconf 82' lang='lat' dir='ltr'><strong>tibi</strong></span> <span class='ocrx_word' id='word_1_241' title='bbox 919 3569 1086 3639; x_wconf 83' lang='lat' dir='ltr'><strong>(Psal.</strong></span> <span class='ocrx_word' id='word_1_242' title='bbox 1121 3585 1261 3641; x_wconf 73' lang='lat' dir='ltr'><strong>X_\&#39;ll,</strong></span> <span class='ocrx_word' id='word_1_243' title='bbox 1304 3568 1412 3638; x_wconf 74' lang='grc'><strong>45).</strong></span> 
     </span>
    </p>
   </div>
   <div class='ocr_carea' id='block_1_37' title="bbox 432 3646 1685 3726">
    <p class='ocr_par' dir='ltr' id='par_1_37' title="bbox 432 3646 1685 3726">
     <span class='ocr_line' id='line_1_37' title="bbox 432 3646 1685 3726; baseline 0.001 -16"><span class='ocrx_word' id='word_1_244' title='bbox 432 3658 505 3711; x_wconf 87' lang='lat' dir='ltr'><strong>De</strong></span> <span class='ocrx_word' id='word_1_245' title='bbox 539 3660 777 3710; x_wconf 84' lang='lat' dir='ltr'><strong>unctione</strong></span> <span class='ocrx_word' id='word_1_246' title='bbox 812 3646 1036 3726; x_wconf 74' lang='lat' dir='ltr'><strong>scapulte</strong></span> <span class='ocrx_word' id='word_1_247' title='bbox 1069 3668 1116 3710; x_wconf 85' lang='lat' dir='ltr'><strong>et</strong></span> <span class='ocrx_word' id='word_1_248' title='bbox 1149 3660 1383 3725; x_wconf 80' lang='lat' dir='ltr'><strong>pectoris.</strong></span> <span class='ocrx_word' id='word_1_249' title='bbox 1678 3703 1685 3711; x_wconf 88' lang='lat'><strong>.</strong></span> 
     </span>
    </p>
   </div>
   <div class='ocr_carea' id='block_1_38' title="bbox 209 3742 1688 3814">
    <p class='ocr_par' dir='ltr' id='par_1_38' title="bbox 209 3742 1688 3814">
     <span class='ocr_line' id='line_1_38' title="bbox 209 3742 1688 3814; baseline -0.001 -15"><span class='ocrx_word' id='word_1_250' title='bbox 209 3742 405 3799; x_wconf 84' lang='lat' dir='ltr'><strong>Postea</strong></span> <span class='ocrx_word' id='word_1_251' title='bbox 443 3745 709 3814; x_wconf 81' lang='lat' dir='ltr'><strong>tangimus</strong></span> <span class='ocrx_word' id='word_1_252' title='bbox 747 3744 814 3799; x_wconf 91' lang='lat' dir='ltr'><strong>de</strong></span> <span class='ocrx_word' id='word_1_253' title='bbox 840 3745 957 3798; x_wconf 89' lang='lat' dir='ltr'><strong>oleo</strong></span> <span class='ocrx_word' id='word_1_254' title='bbox 988 3753 1173 3799; x_wconf 88' lang='lat' dir='ltr'><strong>sancto</strong></span> <span class='ocrx_word' id='word_1_255' title='bbox 1217 3746 1459 3813; x_wconf 84' lang='lat' dir='ltr'><strong>scapulas</strong></span> <span class='ocrx_word' id='word_1_256' title='bbox 1498 3754 1550 3799; x_wconf 91' lang='lat' dir='ltr'><strong>et</strong></span> <span class='ocrx_word' id='word_1_257' title='bbox 1595 3760 1688 3813; x_wconf 86' lang='lat' dir='ltr'><strong>pe-</strong></span> 
     </span>
    </p>
   </div>
   <div class='ocr_carea' id='block_1_39' title="bbox 138 3828 1695 3897">
    <p class='ocr_par' dir='ltr' id='par_1_39' title="bbox 138 3828 1695 3897">
     <span class='ocr_line' id='line_1_39' title="bbox 138 3828 1695 3897; baseline 0 -12"><span class='ocrx_word' id='word_1_258' title='bbox 138 3841 283 3897; x_wconf 84' lang='lat' dir='ltr'><strong>ctus,</strong></span> <span class='ocrx_word' id='word_1_259' title='bbox 308 3841 366 3884; x_wconf 84' lang='lat' dir='ltr'><strong>et</strong></span> <span class='ocrx_word' id='word_1_260' title='bbox 391 3831 616 3885; x_wconf 87' lang='lat' dir='ltr'><strong>dicimus</strong></span> <span class='ocrx_word' id='word_1_261' title='bbox 638 3831 718 3885; x_wconf 88' lang='lat' dir='ltr'><strong>eis</strong></span> <span class='ocrx_word' id='word_1_262' title='bbox 742 3848 755 3881; x_wconf 88' lang='lat'><strong>:</strong></span> <span class='ocrx_word' id='word_1_263' title='bbox 786 3829 1127 3883; x_wconf 80' lang='lat' dir='ltr'><strong>Abrcnuntias</strong></span> <span class='ocrx_word' id='word_1_264' title='bbox 1154 3828 1365 3883; x_wconf 80' lang='lat' dir='ltr'><strong>Satame</strong></span> <span class='ocrx_word' id='word_1_265' title='bbox 1386 3833 1408 3882; x_wconf 73' lang='grc' dir='ltr'><strong>ἶ)</strong></span> <span class='ocrx_word' id='word_1_266' title='bbox 1429 3841 1482 3885; x_wconf 86' lang='lat' dir='ltr'><strong>et</strong></span> <span class='ocrx_word' id='word_1_267' title='bbox 1507 3840 1695 3885; x_wconf 75' lang='lat' dir='ltr'><strong>czetera</strong></span> 
     </span>
    </p>
   </div>
   <div class='ocr_carea' id='block_1_40' title="bbox 139 3918 1693 3988">
    <p class='ocr_par' dir='ltr' id='par_1_40' title="bbox 139 3918 1693 3988">
     <span class='ocr_line' id='line_1_40' title="bbox 139 3918 1693 3988; baseline -0.002 -13"><span class='ocrx_word' id='word_1_268' title='bbox 139 3936 261 3988; x_wconf 64' lang='lat' dir='ltr'><strong>quae</strong></span> <span class='ocrx_word' id='word_1_269' title='bbox 297 3927 614 3985; x_wconf 81' lang='lat' dir='ltr'><strong>sequuntur.</strong></span> <span class='ocrx_word' id='word_1_270' title='bbox 663 3918 764 3971; x_wconf 85' lang='lat' dir='ltr'><strong>Per</strong></span> <span class='ocrx_word' id='word_1_271' title='bbox 790 3919 962 3971; x_wconf 87' lang='lat' dir='ltr'><strong>oleum</strong></span> <span class='ocrx_word' id='word_1_272' title='bbox 1003 3933 1233 3988; x_wconf 74' lang='lat' dir='ltr'><strong>namque</strong></span> <span class='ocrx_word' id='word_1_273' title='bbox 1277 3920 1693 3974; x_wconf 83' lang='lat' dir='ltr'><strong>misericordiam</strong></span> 
     </span>
    </p>
   </div>
   <div class='ocr_carea' id='block_1_41' title="bbox 142 4004 1690 4074">
    <p class='ocr_par' dir='ltr' id='par_1_41' title="bbox 142 4004 1690 4074">
     <span class='ocr_line' id='line_1_41' title="bbox 142 4004 1690 4074; baseline 0.001 -16"><span class='ocrx_word' id='word_1_274' title='bbox 142 4006 235 4059; x_wconf 85' lang='lat' dir='ltr'><strong>Dei</strong></span> <span class='ocrx_word' id='word_1_275' title='bbox 274 4005 524 4058; x_wconf 75' lang='lat' dir='ltr'><strong>novimus</strong></span> <span class='ocrx_word' id='word_1_276' title='bbox 552 4005 766 4073; x_wconf 87' lang='lat' dir='ltr'><strong>signari.</strong></span> <span class='ocrx_word' id='word_1_277' title='bbox 806 4004 971 4074; x_wconf 77' lang='lat' dir='ltr'><strong>[Quos</strong></span> <span class='ocrx_word' id='word_1_278' title='bbox 1019 4004 1329 4073; x_wconf 78' lang='lat' dir='ltr'><strong>abtemper</strong></span> <span class='ocrx_word' id='word_1_279' title='bbox 1371 4007 1561 4066; x_wconf 88' lang='lat' dir='ltr'><strong>oleam,</strong></span> <span class='ocrx_word' id='word_1_280' title='bbox 1591 4008 1690 4060; x_wconf 89' lang='lat' dir='ltr'><strong>nisi</strong></span> 
     </span>
    </p>
   </div>
   <div class='ocr_carea' id='block_1_42' title="bbox 141 4094 1689 4167">
    <p class='ocr_par' dir='ltr' id='par_1_42' title="bbox 141 4094 1689 4167">
     <span class='ocr_line' id='line_1_42' title="bbox 141 4094 1689 4167; baseline 0.001 -18"><span class='ocrx_word' id='word_1_281' title='bbox 141 4094 521 4150; x_wconf 84' lang='lat' dir='ltr'><strong>misericordes</strong></span> <span class='ocrx_word' id='word_1_282' title='bbox 560 4094 887 4164; x_wconf 84' lang='lat' dir='ltr'><strong>accipimus],</strong></span> <span class='ocrx_word' id='word_1_283' title='bbox 928 4095 1066 4162; x_wconf 85' lang='lat' dir='ltr'><strong>quia‘</strong></span> <span class='ocrx_word' id='word_1_284' title='bbox 1095 4095 1278 4149; x_wconf 68' lang='lat' dir='ltr'><strong>Graece</strong></span> <span class='ocrx_word' id='word_1_285' title='bbox 1324 4095 1454 4149; x_wconf 63' lang='lat' dir='ltr'><strong>cleo:</strong></span> <span class='ocrx_word' id='word_1_286' title='bbox 1494 4096 1689 4167; x_wconf 62' lang='lat' dir='ltr'><strong>[ilics],</strong></span> 
     </span>
    </p>
   </div>
   <div class='ocr_carea' id='block_1_43' title="bbox 146 4184 1692 4252">
    <p class='ocr_par' dir='ltr' id='par_1_43' title="bbox 146 4184 1692 4252">
     <span class='ocr_line' id='line_1_43' title="bbox 146 4184 1692 4252; baseline 0.001 -15"><span class='ocrx_word' id='word_1_287' title='bbox 146 4186 343 4239; x_wconf 82' lang='lat' dir='ltr'><strong>Latine</strong></span> <span class='ocrx_word' id='word_1_288' title='bbox 379 4185 730 4237; x_wconf 79' lang='lat' dir='ltr'><strong>misericordia</strong></span> <span class='ocrx_word' id='word_1_289' title='bbox 770 4187 1171 4251; x_wconf 73' lang='lat' dir='ltr'><strong>interpretatur.</strong></span> <span class='ocrx_word' id='word_1_290' title='bbox 1214 4184 1268 4237; x_wconf 86' lang='lat' dir='ltr'><strong>In</strong></span> <span class='ocrx_word' id='word_1_291' title='bbox 1296 4185 1542 4252; x_wconf 78' lang='lat' dir='ltr'><strong>scapulis,</strong></span> <span class='ocrx_word' id='word_1_292' title='bbox 1580 4187 1692 4238; x_wconf 89' lang='lat' dir='ltr'><strong>sive</strong></span> 
     </span>
    </p>
   </div>
   <div class='ocr_carea' id='block_1_44' title="bbox 139 4268 1691 4340">
    <p class='ocr_par' dir='ltr' id='par_1_44' title="bbox 139 4268 1691 4340">
     <span class='ocr_line' id='line_1_44' title="bbox 139 4268 1691 4340; baseline 0 -15"><span class='ocrx_word' id='word_1_293' title='bbox 139 4274 193 4327; x_wconf 90' lang='lat' dir='ltr'><strong>in</strong></span> <span class='ocrx_word' id='word_1_294' title='bbox 222 4273 466 4327; x_wconf 89' lang='lat' dir='ltr'><strong>humeris</strong></span> <span class='ocrx_word' id='word_1_295' title='bbox 486 4272 842 4326; x_wconf 78' lang='lat' dir='ltr'><strong>fortitudinem</strong></span> <span class='ocrx_word' id='word_1_296' title='bbox 877 4274 1078 4326; x_wconf 79' lang='lat' dir='ltr'><strong>brachii</strong></span> <span class='ocrx_word' id='word_1_297' title='bbox 1118 4272 1315 4325; x_wconf 87' lang='lat' dir='ltr'><strong>terreni</strong></span> <span class='ocrx_word' id='word_1_298' title='bbox 1342 4268 1570 4325; x_wconf 86' lang='lat' dir='ltr'><strong>hominis</strong></span> <span class='ocrx_word' id='word_1_299' title='bbox 1594 4287 1691 4340; x_wconf 86' lang='lat' dir='ltr'><strong>po-</strong></span> 
     </span>
    </p>
   </div>
   <div class='ocr_carea' id='block_1_45' title="bbox 139 4356 1693 4426">
    <p class='ocr_par' dir='ltr' id='par_1_45' title="bbox 139 4356 1693 4426">
     <span class='ocr_line' id='line_1_45' title="bbox 139 4356 1693 4426; baseline 0.001 -14"><span class='ocrx_word' id='word_1_300' title='bbox 139 4359 342 4412; x_wconf 86' lang='lat' dir='ltr'><strong>nimus.</strong></span> <span class='ocrx_word' id='word_1_301' title='bbox 370 4356 594 4410; x_wconf 82' lang='lat' dir='ltr'><strong>Brachia</strong></span> <span class='ocrx_word' id='word_1_302' title='bbox 621 4367 908 4426; x_wconf 87' lang='lat' dir='ltr'><strong>operantur</strong></span> <span class='ocrx_word' id='word_1_303' title='bbox 938 4366 991 4411; x_wconf 90' lang='lat' dir='ltr'><strong>et</strong></span> <span class='ocrx_word' id='word_1_304' title='bbox 1013 4372 1219 4422; x_wconf 60' lang='lat' dir='ltr'><strong>uulnus,</strong></span> <span class='ocrx_word' id='word_1_305' title='bbox 1249 4374 1365 4426; x_wconf 80' lang='lat' dir='ltr'><strong>qua:</strong></span> <span class='ocrx_word' id='word_1_306' title='bbox 1382 4359 1434 4412; x_wconf 90' lang='lat' dir='ltr'><strong>in</strong></span> <span class='ocrx_word' id='word_1_307' title='bbox 1460 4359 1693 4415; x_wconf 87' lang='lat' dir='ltr'><strong>brachiis</strong></span> 
     </span>
    </p>
   </div>
   <div class='ocr_carea' id='block_1_46' title="bbox 138 4447 1693 4516">
    <p class='ocr_par' dir='ltr' id='par_1_46' title="bbox 138 4447 1693 4516">
     <span class='ocr_line' id='line_1_46' title="bbox 138 4447 1693 4516; baseline 0 -15"><span class='ocrx_word' id='word_1_308' title='bbox 138 4449 332 4516; x_wconf 75' lang='lat' dir='ltr'><strong>posita:</strong></span> <span class='ocrx_word' id='word_1_309' title='bbox 358 4455 513 4510; x_wconf 85' lang='lat' dir='ltr'><strong>sunt;</strong></span> <span class='ocrx_word' id='word_1_310' title='bbox 549 4453 605 4499; x_wconf 89' lang='lat' dir='ltr'><strong>et</strong></span> <span class='ocrx_word' id='word_1_311' title='bbox 643 4447 760 4500; x_wconf 88' lang='lat' dir='ltr'><strong>ideo</strong></span> <span class='ocrx_word' id='word_1_312' title='bbox 785 4456 1118 4501; x_wconf 86' lang='lat' dir='ltr'><strong>autumamus</strong></span> <span class='ocrx_word' id='word_1_313' title='bbox 1152 4461 1247 4515; x_wconf 85' lang='lat' dir='ltr'><strong>per</strong></span> <span class='ocrx_word' id='word_1_314' title='bbox 1278 4448 1519 4516; x_wconf 85' lang='lat' dir='ltr'><strong>scapulas</strong></span> <span class='ocrx_word' id='word_1_315' title='bbox 1550 4450 1693 4502; x_wconf 82' lang='lat' dir='ltr'><strong>desi-</strong></span> 
     </span>
    </p>
   </div>
   <div class='ocr_carea' id='block_1_47' title="bbox 1167 466 2340 523">
    <p class='ocr_par' dir='ltr' id='par_1_47' title="bbox 1167 466 2340 523">
     <span class='ocr_line' id='line_1_47' title="bbox 1167 466 2340 523; baseline -0.001 -1"><span class='ocrx_word' id='word_1_316' title='bbox 1167 469 1379 523; x_wconf 79' lang='lat' dir='ltr'><strong>EPIST.</strong></span> <span class='ocrx_word' id='word_1_317' title='bbox 1423 468 1507 521; x_wconf 81' lang='lat' dir='ltr'><strong>DE</strong></span> <span class='ocrx_word' id='word_1_318' title='bbox 1547 466 1976 522; x_wconf 59' lang='grc' dir='ltr'><strong>ΕλΕΙίΕΜΟΝΙΙΞ</strong></span> <span class='ocrx_word' id='word_1_319' title='bbox 2015 469 2340 522; x_wconf 71' lang='lat' dir='ltr'><strong>BAPTISMI.</strong></span> 
     </span>
    </p>
   </div>
   <div class='ocr_carea' id='block_1_48' title="bbox 1728 579 3343 656">
    <p class='ocr_par' dir='ltr' id='par_1_48' title="bbox 1728 579 3343 656">
     <span class='ocr_line' id='line_1_48' title="bbox 1728 579 3343 656; baseline 0.006 -28"><span class='ocrx_word' id='word_1_320' title='bbox 1728 579 1775 636; x_wconf 65' lang='grc' dir='ltr'>Ἀ</span> <span class='ocrx_word' id='word_1_321' title='bbox 1808 580 2135 642; x_wconf 82' lang='lat' dir='ltr'><strong>renuntient,</strong></span> <span class='ocrx_word' id='word_1_322' title='bbox 2169 581 2219 636; x_wconf 91' lang='lat' dir='ltr'><strong>id</strong></span> <span class='ocrx_word' id='word_1_323' title='bbox 2249 592 2359 656; x_wconf 78' lang='lat' dir='ltr'><strong>est,</strong></span> <span class='ocrx_word' id='word_1_324' title='bbox 2411 581 2775 634; x_wconf 68' lang='lat' dir='ltr'><strong>contradicunt</strong></span> <span class='ocrx_word' id='word_1_325' title='bbox 2810 580 3017 636; x_wconf 62' lang='lat' dir='ltr'><strong>Satanas</strong></span> <span class='ocrx_word' id='word_1_326' title='bbox 3067 596 3343 638; x_wconf 63' lang='lat' dir='ltr'><strong>contrane</strong></span> 
     </span>
    </p>
   </div>
   <div class='ocr_carea' id='block_1_49' title="bbox 3242 475 3345 532">
    <p class='ocr_par' dir='ltr' id='par_1_49' title="bbox 3242 475 3345 532">
     <span class='ocr_line' id='line_1_49' title="bbox 3242 475 3345 532; baseline 0.029 -4"><span class='ocrx_word' id='word_1_327' title='bbox 3242 475 3345 532; x_wconf 78' lang='lat'><strong>898</strong></span> 
     </span>
    </p>
   </div>
   <div class='ocr_carea' id='block_1_50' title="bbox 1804 668 3349 740">
    <p class='ocr_par' dir='ltr' id='par_1_50' title="bbox 1804 668 3349 740">
     <span class='ocr_line' id='line_1_50' title="bbox 1804 668 3349 740; baseline 0.007 -27"><span class='ocrx_word' id='word_1_328' title='bbox 1804 668 2074 733; x_wconf 78' lang='lat' dir='ltr'><strong>potestati,</strong></span> <span class='ocrx_word' id='word_1_329' title='bbox 2100 678 2154 721; x_wconf 90' lang='lat' dir='ltr'><strong>et</strong></span> <span class='ocrx_word' id='word_1_330' title='bbox 2178 670 2423 721; x_wconf 87' lang='lat' dir='ltr'><strong>omnibus</strong></span> <span class='ocrx_word' id='word_1_331' title='bbox 2440 668 2689 735; x_wconf 86' lang='lat' dir='ltr'><strong>operibus</strong></span> <span class='ocrx_word' id='word_1_332' title='bbox 2715 669 2831 735; x_wconf 86' lang='lat' dir='ltr'><strong>ejus</strong></span> <span class='ocrx_word' id='word_1_333' title='bbox 2851 677 2905 722; x_wconf 86' lang='lat' dir='ltr'><strong>et</strong></span> <span class='ocrx_word' id='word_1_334' title='bbox 2930 672 3175 724; x_wconf 80' lang='lat' dir='ltr'><strong>omnibus</strong></span> <span class='ocrx_word' id='word_1_335' title='bbox 3198 687 3349 740; x_wconf 90' lang='lat' dir='ltr'><strong>pom-</strong></span> 
     </span>
    </p>
   </div>
   <div class='ocr_carea' id='block_1_51' title="bbox 1801 750 3350 830">
    <p class='ocr_par' dir='ltr' id='par_1_51' title="bbox 1801 750 3350 830">
     <span class='ocr_line' id='line_1_51' title="bbox 1801 750 3350 830; baseline 0.006 -23"><span class='ocrx_word' id='word_1_336' title='bbox 1801 750 1884 821; x_wconf 86' lang='lat' dir='ltr'><strong>pis</strong></span> <span class='ocrx_word' id='word_1_337' title='bbox 1909 756 2041 824; x_wconf 77' lang='lat' dir='ltr'><strong>ejus.</strong></span> <span class='ocrx_word' id='word_1_338' title='bbox 2071 757 2307 811; x_wconf 87' lang='lat' dir='ltr'><strong>Dicimus</strong></span> <span class='ocrx_word' id='word_1_339' title='bbox 2342 757 2413 810; x_wconf 90' lang='lat' dir='ltr'><strong>illi</strong></span> <span class='ocrx_word' id='word_1_340' title='bbox 2444 776 2456 809; x_wconf 89' lang='lat'><strong>:</strong></span> <span class='ocrx_word' id='word_1_341' title='bbox 2485 757 2767 812; x_wconf 87' lang='lat' dir='ltr'><strong>Contradic</strong></span> <span class='ocrx_word' id='word_1_342' title='bbox 2798 758 3009 812; x_wconf 70' lang='lat' dir='ltr'><strong>Satanae</strong></span> <span class='ocrx_word' id='word_1_343' title='bbox 3035 798 3048 821; x_wconf 88' lang='lat'><strong>,</strong></span> <span class='ocrx_word' id='word_1_344' title='bbox 3077 775 3197 814; x_wconf 87' lang='lat' dir='ltr'><strong>cum</strong></span> <span class='ocrx_word' id='word_1_345' title='bbox 3226 776 3350 830; x_wconf 84' lang='lat' dir='ltr'><strong>pro-</strong></span> 
     </span>
    </p>
   </div>
   <div class='ocr_carea' id='block_1_52' title="bbox 1799 841 3345 911">
    <p class='ocr_par' dir='ltr' id='par_1_52' title="bbox 1799 841 3345 911">
     <span class='ocr_line' id='line_1_52' title="bbox 1799 841 3345 911; baseline 0.003 -19"><span class='ocrx_word' id='word_1_346' title='bbox 1799 842 1955 908; x_wconf 83' lang='lat' dir='ltr'><strong>pheta</strong></span> <span class='ocrx_word' id='word_1_347' title='bbox 2007 842 2206 896; x_wconf 88' lang='lat' dir='ltr'><strong>David:</strong></span> <span class='ocrx_word' id='word_1_348' title='bbox 2243 841 2545 896; x_wconf 74' lang='lat' dir='ltr'><strong>Obliviscere</strong></span> <span class='ocrx_word' id='word_1_349' title='bbox 2585 843 2827 911; x_wconf 75' lang='lat' dir='ltr'><strong>populum</strong></span> <span class='ocrx_word' id='word_1_350' title='bbox 2865 854 3007 897; x_wconf 81' lang='lat' dir='ltr'><strong>tuum</strong></span> <span class='ocrx_word' id='word_1_351' title='bbox 3051 854 3096 896; x_wconf 87' lang='lat' dir='ltr'><strong>et</strong></span> <span class='ocrx_word' id='word_1_352' title='bbox 3136 848 3345 899; x_wconf 80' lang='lat' dir='ltr'><strong>domum</strong></span> 
     </span>
    </p>
   </div>
   <div class='ocr_carea' id='block_1_53' title="bbox 1800 931 3345 1001">
    <p class='ocr_par' dir='ltr' id='par_1_53' title="bbox 1800 931 3345 1001">
     <span class='ocr_line' id='line_1_53' title="bbox 1800 931 3345 1001; baseline 0.005 -22"><span class='ocrx_word' id='word_1_353' title='bbox 1800 931 1960 996; x_wconf 79' lang='lat' dir='ltr'><strong>patris</strong></span> <span class='ocrx_word' id='word_1_354' title='bbox 1985 932 2060 983; x_wconf 85' lang='lat' dir='ltr'><strong>tui</strong></span> <span class='ocrx_word' id='word_1_355' title='bbox 2092 931 2261 1001; x_wconf 83' lang='lat' dir='ltr'><strong>(Psal.</strong></span> <span class='ocrx_word' id='word_1_356' title='bbox 2291 948 2431 993; x_wconf 65' lang='grc' dir='ltr'><strong>κων,</strong></span> <span class='ocrx_word' id='word_1_357' title='bbox 2463 932 2566 1001; x_wconf 82' lang='grc' dir='ltr'><strong>Η).</strong></span> <span class='ocrx_word' id='word_1_358' title='bbox 2613 931 2803 985; x_wconf 79' lang='lat' dir='ltr'><strong>Postea</strong></span> <span class='ocrx_word' id='word_1_359' title='bbox 2825 933 3145 988; x_wconf 77' lang='lat' dir='ltr'><strong>eLomuibus</strong></span> <span class='ocrx_word' id='word_1_360' title='bbox 3170 936 3345 1001; x_wconf 75' lang='lat' dir='ltr'><strong>operi-</strong></span> 
     </span>
    </p>
   </div>
   <div class='ocr_carea' id='block_1_54' title="bbox 1804 1012 3344 1085">
    <p class='ocr_par' dir='ltr' id='par_1_54' title="bbox 1804 1012 3344 1085">
     <span class='ocr_line' id='line_1_54' title="bbox 1804 1012 3344 1085; baseline 0.005 -20"><span class='ocrx_word' id='word_1_361' title='bbox 1804 1013 1900 1068; x_wconf 88' lang='lat' dir='ltr'><strong>bus</strong></span> <span class='ocrx_word' id='word_1_362' title='bbox 1922 1012 2055 1081; x_wconf 74' lang='lat' dir='ltr'><strong>ejus,</strong></span> <span class='ocrx_word' id='word_1_363' title='bbox 2104 1031 2221 1085; x_wconf 73' lang='lat' dir='ltr'><strong>qum</strong></span> <span class='ocrx_word' id='word_1_364' title='bbox 2252 1024 2374 1070; x_wconf 89' lang='lat' dir='ltr'><strong>sunt</strong></span> <span class='ocrx_word' id='word_1_365' title='bbox 2424 1016 2722 1081; x_wconf 84' lang='lat' dir='ltr'><strong>l&#39;ornicatio,</strong></span> <span class='ocrx_word' id='word_1_366' title='bbox 2776 1017 3033 1072; x_wconf 89' lang='lat' dir='ltr'><strong>idolorum</strong></span> <span class='ocrx_word' id='word_1_367' title='bbox 3077 1022 3302 1073; x_wconf 81' lang='lat' dir='ltr'><strong>servitus</strong></span> <span class='ocrx_word' id='word_1_368' title='bbox 3330 1058 3344 1078; x_wconf 90' lang='lat'><strong>,</strong></span> 
     </span>
    </p>
   </div>
   <div class='ocr_carea' id='block_1_55' title="bbox 1761 1102 3348 1167">
    <p class='ocr_par' dir='ltr' id='par_1_55' title="bbox 1761 1102 3348 1167">
     <span class='ocr_line' id='line_1_55' title="bbox 1761 1102 3348 1167; baseline 0.004 -15"><span class='ocrx_word' id='word_1_369' title='bbox 1761 1119 1765 1123; x_wconf 92' lang='grc'><strong>·</strong></span> <span class='ocrx_word' id='word_1_370' title='bbox 1801 1102 2052 1154; x_wconf 82' lang='lat' dir='ltr'><strong>vcnelicia</strong></span> <span class='ocrx_word' id='word_1_371' title='bbox 2087 1142 2101 1163; x_wconf 91' lang='lat'><strong>,</strong></span> <span class='ocrx_word' id='word_1_372' title='bbox 2154 1102 2434 1156; x_wconf 90' lang='lat' dir='ltr'><strong>homicidia</strong></span> <span class='ocrx_word' id='word_1_373' title='bbox 2463 1143 2478 1166; x_wconf 83' lang='lat'><strong><em>.</em></strong></span> <span class='ocrx_word' id='word_1_374' title='bbox 2516 1103 2799 1157; x_wconf 87' lang='lat' dir='ltr'><strong>ebrietates</strong></span> <span class='ocrx_word' id='word_1_375' title='bbox 2819 1144 2833 1167; x_wconf 91' lang='lat'><strong>,</strong></span> <span class='ocrx_word' id='word_1_376' title='bbox 2858 1108 3269 1160; x_wconf 84' lang='lat' dir='ltr'><strong>comessationes</strong></span> <span class='ocrx_word' id='word_1_377' title='bbox 3296 1117 3348 1158; x_wconf 85' lang='lat' dir='ltr'><strong>ct</strong></span> 
     </span>
    </p>
   </div>
   <div class='ocr_carea' id='block_1_56' title="bbox 1802 1188 3348 1263">
    <p class='ocr_par' dir='ltr' id='par_1_56' title="bbox 1802 1188 3348 1263">
     <span class='ocr_line' id='line_1_56' title="bbox 1802 1188 3348 1263; baseline 0.003 -23"><span class='ocrx_word' id='word_1_378' title='bbox 1802 1188 1886 1240; x_wconf 66' lang='lat' dir='ltr'><strong>his</strong></span> <span class='ocrx_word' id='word_1_379' title='bbox 1915 1190 2126 1242; x_wconf 78' lang='lat' dir='ltr'><strong>similia.</strong></span> <span class='ocrx_word' id='word_1_380' title='bbox 2161 1190 2287 1254; x_wconf 80' lang='lat' dir='ltr'><strong>Qua:</strong></span> <span class='ocrx_word' id='word_1_381' title='bbox 2313 1192 2556 1258; x_wconf 88' lang='lat' dir='ltr'><strong>quamvis</strong></span> <span class='ocrx_word' id='word_1_382' title='bbox 2600 1193 2665 1244; x_wconf 86' lang='lat' dir='ltr'><strong>ad</strong></span> <span class='ocrx_word' id='word_1_383' title='bbox 2701 1193 2877 1246; x_wconf 87' lang='lat' dir='ltr'><strong>carnis</strong></span> <span class='ocrx_word' id='word_1_384' title='bbox 2903 1194 3200 1263; x_wconf 82' lang='lat' dir='ltr'><strong>voluptates</strong></span> <span class='ocrx_word' id='word_1_385' title='bbox 3230 1211 3348 1262; x_wconf 78' lang='lat' dir='ltr'><strong>per-</strong></span> 
     </span>
    </p>
   </div>
   <div class='ocr_carea' id='block_1_57' title="bbox 1804 1275 3347 1351">
    <p class='ocr_par' dir='ltr' id='par_1_57' title="bbox 1804 1275 3347 1351">
     <span class='ocr_line' id='line_1_57' title="bbox 1804 1275 3347 1351; baseline 0.006 -24"><span class='ocrx_word' id='word_1_386' title='bbox 1804 1275 2037 1339; x_wconf 85' lang='lat' dir='ltr'><strong>tineant,</strong></span> <span class='ocrx_word' id='word_1_387' title='bbox 2083 1287 2257 1331; x_wconf 85' lang='lat' dir='ltr'><strong>tamen</strong></span> <span class='ocrx_word' id='word_1_388' title='bbox 2305 1293 2464 1345; x_wconf 84' lang='lat' dir='ltr'><strong>opera</strong></span> <span class='ocrx_word' id='word_1_389' title='bbox 2501 1291 2629 1335; x_wconf 91' lang='lat' dir='ltr'><strong>sunt</strong></span> <span class='ocrx_word' id='word_1_390' title='bbox 2656 1280 2884 1345; x_wconf 65' lang='lat' dir='ltr'><strong>Satanae,</strong></span> <span class='ocrx_word' id='word_1_391' title='bbox 2910 1298 3134 1351; x_wconf 88' lang='lat' dir='ltr'><strong>quorum</strong></span> <span class='ocrx_word' id='word_1_392' title='bbox 3160 1299 3347 1338; x_wconf 87' lang='lat' dir='ltr'><strong>suasor</strong></span> 
     </span>
    </p>
   </div>
   <div class='ocr_carea' id='block_1_58' title="bbox 1801 1365 3347 1439">
    <p class='ocr_par' dir='ltr' id='par_1_58' title="bbox 1801 1365 3347 1439">
     <span class='ocr_line' id='line_1_58' title="bbox 1801 1365 3347 1439; baseline 0.006 -24"><span class='ocrx_word' id='word_1_393' title='bbox 1801 1372 1855 1415; x_wconf 87' lang='lat' dir='ltr'><strong>et</strong></span> <span class='ocrx_word' id='word_1_394' title='bbox 1907 1365 2250 1435; x_wconf 73' lang='lat' dir='ltr'><strong>investigator</strong></span> <span class='ocrx_word' id='word_1_395' title='bbox 2276 1375 2357 1420; x_wconf 87' lang='lat' dir='ltr'><strong>est</strong></span> <span class='ocrx_word' id='word_1_396' title='bbox 2384 1368 2637 1421; x_wconf 88' lang='lat' dir='ltr'><strong>occultus.</strong></span> <span class='ocrx_word' id='word_1_397' title='bbox 2670 1369 2793 1424; x_wconf 68' lang='lat' dir='ltr'><strong>Hrec</strong></span> <span class='ocrx_word' id='word_1_398' title='bbox 2821 1381 2946 1425; x_wconf 89' lang='lat' dir='ltr'><strong>sunt</strong></span> <span class='ocrx_word' id='word_1_399' title='bbox 2979 1386 3096 1439; x_wconf 67' lang='lat' dir='ltr'><strong>qua?</strong></span> <span class='ocrx_word' id='word_1_400' title='bbox 3126 1383 3347 1437; x_wconf 75' lang='lat' dir='ltr'><strong>regnant</strong></span> 
     </span>
    </p>
   </div>
   <div class='ocr_carea' id='block_1_59' title="bbox 1801 1449 3342 1547">
    <p class='ocr_par' dir='ltr' id='par_1_59' title="bbox 1801 1449 3342 1547">
     <span class='ocr_line' id='line_1_59' title="bbox 1801 1449 3342 1547; baseline 0.01 -45"><span class='ocrx_word' id='word_1_401' title='bbox 1801 1449 1853 1502; x_wconf 91' lang='lat' dir='ltr'><strong>in</strong></span> <span class='ocrx_word' id='word_1_402' title='bbox 1874 1450 2085 1505; x_wconf 75' lang='lat' dir='ltr'><strong>diabolo</strong></span> <span class='ocrx_word' id='word_1_403' title='bbox 2113 1454 2226 1506; x_wconf 85' lang='lat' dir='ltr'><strong>sine</strong></span> <span class='ocrx_word' id='word_1_404' title='bbox 2253 1469 2412 1508; x_wconf 86' lang='lat' dir='ltr'><strong>carne</strong></span> <span class='ocrx_word' id='word_1_405' title='bbox 2441 1472 2452 1507; x_wconf 94' lang='lat'>:</span> <span class='ocrx_word' id='word_1_406' title='bbox 2484 1457 2750 1531; x_wconf 82' lang='lat' dir='ltr'><strong>superbia,</strong></span> <span class='ocrx_word' id='word_1_407' title='bbox 2782 1451 3001 1521; x_wconf 73' lang='lat' dir='ltr'><strong>invidia,</strong></span> <span class='ocrx_word' id='word_1_408' title='bbox 3033 1460 3342 1547; x_wconf 39' lang='lat' dir='ltr'><strong>inimicitias</strong></span> 
     </span>
    </p>
   </div>
   <div class='ocr_carea' id='block_1_60' title="bbox 1801 1544 3343 1609">
    <p class='ocr_par' dir='ltr' id='par_1_60' title="bbox 1801 1544 3343 1609">
     <span class='ocr_line' id='line_1_60' title="bbox 1801 1544 3343 1609; baseline 0.008 -16"><span class='ocrx_word' id='word_1_409' title='bbox 1801 1545 2183 1605; x_wconf 73' lang='lat' dir='ltr'><strong>contentiones,</strong></span> <span class='ocrx_word' id='word_1_410' title='bbox 2213 1544 2595 1607; x_wconf 54' lang='lat' dir='ltr'><strong>aemulationes,</strong></span> <span class='ocrx_word' id='word_1_411' title='bbox 2629 1548 2737 1609; x_wconf 66' lang='lat' dir='ltr'><strong>iraa,</strong></span> <span class='ocrx_word' id='word_1_412' title='bbox 2770 1548 2918 1609; x_wconf 65' lang='lat' dir='ltr'><strong>rixae,</strong></span> <span class='ocrx_word' id='word_1_413' title='bbox 2950 1544 3302 1601; x_wconf 52' lang='lat' dir='ltr'><strong>dissensiones</strong></span> <span class='ocrx_word' id='word_1_414' title='bbox 3331 1590 3343 1605; x_wconf 66' lang='grc' dir='ltr'><strong>ς</strong></span> 
     </span>
    </p>
   </div>
   <div class='ocr_carea' id='block_1_61' title="bbox 1802 1633 3344 1704">
    <p class='ocr_par' dir='ltr' id='par_1_61' title="bbox 1802 1633 3344 1704">
     <span class='ocr_line' id='line_1_61' title="bbox 1802 1633 3344 1704; baseline 0.005 -24"><span class='ocrx_word' id='word_1_415' title='bbox 1802 1638 1957 1681; x_wconf 72' lang='lat' dir='ltr'><strong>sectae</strong></span> <span class='ocrx_word' id='word_1_416' title='bbox 1984 1640 2037 1682; x_wconf 89' lang='lat' dir='ltr'><strong>et</strong></span> <span class='ocrx_word' id='word_1_417' title='bbox 2086 1634 2307 1699; x_wconf 79' lang='lat' dir='ltr'><strong>reliqua.</strong></span> <span class='ocrx_word' id='word_1_418' title='bbox 2352 1633 2603 1698; x_wconf 85' lang='lat' dir='ltr'><strong>Quamvis</strong></span> <span class='ocrx_word' id='word_1_419' title='bbox 2631 1651 2692 1689; x_wconf 91' lang='lat' dir='ltr'><strong>ea</strong></span> <span class='ocrx_word' id='word_1_420' title='bbox 2731 1635 3014 1702; x_wconf 85' lang='lat' dir='ltr'><strong>Apostolus</strong></span> <span class='ocrx_word' id='word_1_421' title='bbox 3058 1634 3254 1704; x_wconf 77' lang='lat' dir='ltr'><strong>(Colat.</strong></span> <span class='ocrx_word' id='word_1_422' title='bbox 3293 1653 3344 1695; x_wconf 64' lang='grc' dir='ltr'><strong>ν..</strong></span> 
     </span>
    </p>
   </div>
   <div class='ocr_carea' id='block_1_62' title="bbox 1805 1717 3343 1792">
    <p class='ocr_par' dir='ltr' id='par_1_62' title="bbox 1805 1717 3343 1792">
     <span class='ocr_line' id='line_1_62' title="bbox 1805 1717 3343 1792; baseline 0.005 -25"><span class='ocrx_word' id='word_1_423' title='bbox 1805 1717 1867 1769; x_wconf 84' lang='lat' dir='ltr'><strong>l9</strong></span> <span class='ocrx_word' id='word_1_424' title='bbox 1895 1718 2021 1786; x_wconf 85' lang='lat' dir='ltr'><strong>seq.)</strong></span> <span class='ocrx_word' id='word_1_425' title='bbox 2049 1735 2201 1787; x_wconf 80' lang='lat' dir='ltr'><strong>opera</strong></span> <span class='ocrx_word' id='word_1_426' title='bbox 2227 1722 2397 1773; x_wconf 84' lang='lat' dir='ltr'><strong>carnis</strong></span> <span class='ocrx_word' id='word_1_427' title='bbox 2418 1722 2576 1781; x_wconf 80' lang='lat' dir='ltr'><strong>dicat,</strong></span> <span class='ocrx_word' id='word_1_428' title='bbox 2599 1731 2771 1776; x_wconf 87' lang='lat' dir='ltr'><strong>tamen</strong></span> <span class='ocrx_word' id='word_1_429' title='bbox 2799 1726 2912 1778; x_wconf 89' lang='lat' dir='ltr'><strong>sine</strong></span> <span class='ocrx_word' id='word_1_430' title='bbox 2932 1739 3093 1778; x_wconf 86' lang='lat' dir='ltr'><strong>carne</strong></span> <span class='ocrx_word' id='word_1_431' title='bbox 3123 1734 3343 1792; x_wconf 82' lang='lat' dir='ltr'><strong>regnant</strong></span> 
     </span>
    </p>
   </div>
   <div class='ocr_carea' id='block_1_63' title="bbox 1803 1806 3340 1878">
    <p class='ocr_par' dir='ltr' id='par_1_63' title="bbox 1803 1806 3340 1878">
     <span class='ocr_line' id='line_1_63' title="bbox 1803 1806 3340 1878; baseline 0.004 -23"><span class='ocrx_word' id='word_1_432' title='bbox 1803 1806 1854 1855; x_wconf 88' lang='lat' dir='ltr'><strong>in</strong></span> <span class='ocrx_word' id='word_1_433' title='bbox 1881 1806 2119 1869; x_wconf 82' lang='lat' dir='ltr'><strong>diabolo;</strong></span> <span class='ocrx_word' id='word_1_434' title='bbox 2153 1816 2207 1860; x_wconf 89' lang='lat' dir='ltr'><strong>et</strong></span> <span class='ocrx_word' id='word_1_435' title='bbox 2234 1815 2357 1859; x_wconf 82' lang='lat' dir='ltr'><strong>sunt</strong></span> <span class='ocrx_word' id='word_1_436' title='bbox 2381 1809 2607 1874; x_wconf 83' lang='lat' dir='ltr'><strong>quodam</strong></span> <span class='ocrx_word' id='word_1_437' title='bbox 2635 1811 2793 1869; x_wconf 77' lang='lat' dir='ltr'><strong>modo</strong></span> <span class='ocrx_word' id='word_1_438' title='bbox 2816 1826 2976 1878; x_wconf 87' lang='lat' dir='ltr'><strong>opera</strong></span> <span class='ocrx_word' id='word_1_439' title='bbox 2995 1812 3189 1867; x_wconf 84' lang='lat' dir='ltr'><strong>carnis.</strong></span> <span class='ocrx_word' id='word_1_440' title='bbox 3220 1813 3340 1877; x_wconf 72' lang='lat' dir='ltr'><strong>qua</strong></span> 
     </span>
    </p>
   </div>
   <div class='ocr_carea' id='block_1_64' title="bbox 2397 1896 3341 1974">
    <p class='ocr_par' dir='ltr' id='par_1_64' title="bbox 2397 1896 3341 1974">
     <span class='ocr_line' id='line_1_64' title="bbox 2397 1896 3341 1974; baseline 0.002 -27"><span class='ocrx_word' id='word_1_441' title='bbox 2397 1968 2406 1974; x_wconf 80' lang='lat'><strong><em>_</em></strong></span> <span class='ocrx_word' id='word_1_442' title='bbox 2446 1914 2459 1947; x_wconf 90' lang='lat'><strong>:</strong></span> <span class='ocrx_word' id='word_1_443' title='bbox 2505 1906 2559 1950; x_wconf 89' lang='lat' dir='ltr'><strong>et</strong></span> <span class='ocrx_word' id='word_1_444' title='bbox 2606 1896 2765 1951; x_wconf 89' lang='lat' dir='ltr'><strong>homo</strong></span> <span class='ocrx_word' id='word_1_445' title='bbox 2807 1898 3027 1951; x_wconf 83' lang='lat' dir='ltr'><strong>vivendo</strong></span> <span class='ocrx_word' id='word_1_446' title='bbox 3054 1901 3341 1953; x_wconf 66' lang='lat' dir='ltr'><strong>secundum</strong></span> 
     </span>
    </p>
   </div>
   <div class='ocr_carea' id='block_1_65' title="bbox 1800 1982 3333 2049">
    <p class='ocr_par' dir='ltr' id='par_1_65' title="bbox 1800 1982 3333 2049">
     <span class='ocr_line' id='line_1_65' title="bbox 1800 1982 3333 2049; baseline 0.003 -17"><span class='ocrx_word' id='word_1_447' title='bbox 1800 1982 2177 2049; x_wconf 84' lang='lat' dir='ltr'><strong>semetipsum,</strong></span> <span class='ocrx_word' id='word_1_448' title='bbox 2220 1984 2321 2035; x_wconf 90' lang='lat' dir='ltr'><strong>hoc</strong></span> <span class='ocrx_word' id='word_1_449' title='bbox 2366 1992 2450 2037; x_wconf 90' lang='lat' dir='ltr'><strong>est</strong></span> <span class='ocrx_word' id='word_1_450' title='bbox 2489 1986 2777 2038; x_wconf 87' lang='lat' dir='ltr'><strong>secundum</strong></span> <span class='ocrx_word' id='word_1_451' title='bbox 2816 1986 3080 2039; x_wconf 88' lang='lat' dir='ltr'><strong>hominem</strong></span> <span class='ocrx_word' id='word_1_452' title='bbox 3105 2024 3119 2049; x_wconf 93' lang='lat'><strong>,</strong></span> <span class='ocrx_word' id='word_1_453' title='bbox 3163 1986 3333 2038; x_wconf 72' lang='lat' dir='ltr'><strong>factus</strong></span> 
     </span>
    </p>
   </div>
   <div class='ocr_carea' id='block_1_66' title="bbox 1800 2071 3340 2142">
    <p class='ocr_par' dir='ltr' id='par_1_66' title="bbox 1800 2071 3340 2142">
     <span class='ocr_line' id='line_1_66' title="bbox 1800 2071 3340 2142; baseline 0.001 -21"><span class='ocrx_word' id='word_1_454' title='bbox 1800 2078 1882 2121; x_wconf 84' lang='lat' dir='ltr'><strong>est</strong></span> <span class='ocrx_word' id='word_1_455' title='bbox 1915 2071 2101 2122; x_wconf 86' lang='lat' dir='ltr'><strong>similis</strong></span> <span class='ocrx_word' id='word_1_456' title='bbox 2126 2072 2336 2125; x_wconf 72' lang='lat' dir='ltr'><strong>diabolo</strong></span> <span class='ocrx_word' id='word_1_457' title='bbox 2358 2112 2370 2131; x_wconf 89' lang='lat'><strong>,</strong></span> <span class='ocrx_word' id='word_1_458' title='bbox 2404 2074 2524 2139; x_wconf 82' lang='lat' dir='ltr'><strong>quia</strong></span> <span class='ocrx_word' id='word_1_459' title='bbox 2563 2080 2617 2125; x_wconf 87' lang='lat' dir='ltr'><strong>et</strong></span> <span class='ocrx_word' id='word_1_460' title='bbox 2669 2072 2755 2125; x_wconf 88' lang='lat' dir='ltr'><strong>ille</strong></span> <span class='ocrx_word' id='word_1_461' title='bbox 2801 2075 3088 2127; x_wconf 89' lang='lat' dir='ltr'><strong>secundum</strong></span> <span class='ocrx_word' id='word_1_462' title='bbox 3112 2074 3340 2142; x_wconf 79' lang='lat' dir='ltr'><strong>seipsum</strong></span> 
     </span>
    </p>
   </div>
   <div class='ocr_carea' id='block_1_67' title="bbox 1801 2157 3339 2231">
    <p class='ocr_par' dir='ltr' id='par_1_67' title="bbox 1801 2157 3339 2231">
     <span class='ocr_line' id='line_1_67' title="bbox 1801 2157 3339 2231; baseline 0.004 -24"><span class='ocrx_word' id='word_1_463' title='bbox 1801 2157 1978 2211; x_wconf 85' lang='lat' dir='ltr'><strong>vivere</strong></span> <span class='ocrx_word' id='word_1_464' title='bbox 2008 2160 2189 2213; x_wconf 84' lang='lat' dir='ltr'><strong>voluit.</strong></span> <span class='ocrx_word' id='word_1_465' title='bbox 2221 2159 2343 2214; x_wconf 67' lang='lat' dir='ltr'><strong>Haec</strong></span> <span class='ocrx_word' id='word_1_466' title='bbox 2369 2176 2532 2230; x_wconf 87' lang='lat' dir='ltr'><strong>opera</strong></span> <span class='ocrx_word' id='word_1_467' title='bbox 2568 2160 2778 2215; x_wconf 62' lang='lat' dir='ltr'><strong>Satanas</strong></span> <span class='ocrx_word' id='word_1_468' title='bbox 2803 2162 3027 2215; x_wconf 89' lang='lat' dir='ltr'><strong>dicimus</strong></span> <span class='ocrx_word' id='word_1_469' title='bbox 3054 2202 3069 2224; x_wconf 88' lang='lat'><strong>,</strong></span> <span class='ocrx_word' id='word_1_470' title='bbox 3115 2178 3339 2231; x_wconf 86' lang='lat' dir='ltr'><strong>quorum</strong></span> 
     </span>
    </p>
   </div>
   <div class='ocr_carea' id='block_1_68' title="bbox 1799 2248 3341 2319">
    <p class='ocr_par' dir='ltr' id='par_1_68' title="bbox 1799 2248 3341 2319">
     <span class='ocr_line' id='line_1_68' title="bbox 1799 2248 3341 2319; baseline 0.001 -20"><span class='ocrx_word' id='word_1_471' title='bbox 1799 2248 2095 2316; x_wconf 86' lang='lat' dir='ltr'><strong>aliquorum</strong></span> <span class='ocrx_word' id='word_1_472' title='bbox 2125 2265 2313 2304; x_wconf 90' lang='lat' dir='ltr'><strong>suasor</strong></span> <span class='ocrx_word' id='word_1_473' title='bbox 2335 2259 2390 2303; x_wconf 87' lang='lat' dir='ltr'><strong>et</strong></span> <span class='ocrx_word' id='word_1_474' title='bbox 2409 2251 2691 2319; x_wconf 80' lang='lat' dir='ltr'><strong>instigator</strong></span> <span class='ocrx_word' id='word_1_475' title='bbox 2717 2260 2824 2312; x_wconf 89' lang='lat' dir='ltr'><strong>est,</strong></span> <span class='ocrx_word' id='word_1_476' title='bbox 2862 2250 3157 2318; x_wconf 86' lang='lat' dir='ltr'><strong>aliquorum</strong></span> <span class='ocrx_word' id='word_1_477' title='bbox 3186 2258 3341 2318; x_wconf 81' lang='lat' dir='ltr'><strong>caput</strong></span> 
     </span>
    </p>
   </div>
   <div class='ocr_carea' id='block_1_69' title="bbox 1800 2338 3342 2408">
    <p class='ocr_par' dir='ltr' id='par_1_69' title="bbox 1800 2338 3342 2408">
     <span class='ocr_line' id='line_1_69' title="bbox 1800 2338 3342 2408; baseline 0 -17"><span class='ocrx_word' id='word_1_478' title='bbox 1800 2347 1854 2391; x_wconf 89' lang='lat' dir='ltr'><strong>et</strong></span> <span class='ocrx_word' id='word_1_479' title='bbox 1878 2339 2051 2407; x_wconf 82' lang='lat' dir='ltr'><strong>origo.</strong></span> <span class='ocrx_word' id='word_1_480' title='bbox 2083 2338 2380 2392; x_wconf 84' lang='lat' dir='ltr'><strong>Novissime</strong></span> <span class='ocrx_word' id='word_1_481' title='bbox 2411 2356 2423 2390; x_wconf 89' lang='lat'><strong>:</strong></span> <span class='ocrx_word' id='word_1_482' title='bbox 2454 2348 2502 2391; x_wconf 87' lang='lat' dir='ltr'><strong>et</strong></span> <span class='ocrx_word' id='word_1_483' title='bbox 2547 2339 2780 2393; x_wconf 64' lang='lat' dir='ltr'><strong>ornatibus</strong></span> <span class='ocrx_word' id='word_1_484' title='bbox 2814 2339 3008 2408; x_wconf 79' lang='lat' dir='ltr'><strong>pompis</strong></span> <span class='ocrx_word' id='word_1_485' title='bbox 3031 2340 3175 2408; x_wconf 83' lang='lat' dir='ltr'><strong>ejus,</strong></span> <span class='ocrx_word' id='word_1_486' title='bbox 3226 2354 3342 2408; x_wconf 67' lang='lat' dir='ltr'><strong>qum</strong></span> 
     </span>
    </p>
   </div>
   <div class='ocr_carea' id='block_1_70' title="bbox 1801 2425 3344 2494">
    <p class='ocr_par' dir='ltr' id='par_1_70' title="bbox 1801 2425 3344 2494">
     <span class='ocr_line' id='line_1_70' title="bbox 1801 2425 3344 2494; baseline 0.001 -17"><span class='ocrx_word' id='word_1_487' title='bbox 1801 2431 1923 2477; x_wconf 89' lang='lat' dir='ltr'><strong>sunt</strong></span> <span class='ocrx_word' id='word_1_488' title='bbox 1945 2425 2125 2481; x_wconf 86' lang='lat' dir='ltr'><strong>inanis</strong></span> <span class='ocrx_word' id='word_1_489' title='bbox 2145 2425 2426 2494; x_wconf 69' lang='lat' dir='ltr'><strong>iactantia,</strong></span> <span class='ocrx_word' id='word_1_490' title='bbox 2460 2425 2701 2480; x_wconf 83' lang='lat' dir='ltr'><strong>homines</strong></span> <span class='ocrx_word' id='word_1_491' title='bbox 2734 2425 2952 2489; x_wconf 87' lang='lat' dir='ltr'><strong>terreni,</strong></span> <span class='ocrx_word' id='word_1_492' title='bbox 2993 2441 3187 2480; x_wconf 86' lang='lat' dir='ltr'><strong>canora</strong></span> <span class='ocrx_word' id='word_1_493' title='bbox 3228 2442 3344 2481; x_wconf 84' lang='lat' dir='ltr'><strong>mu-</strong></span> 
     </span>
    </p>
   </div>
   <div class='ocr_carea' id='block_1_71' title="bbox 1772 2512 3343 2582">
    <p class='ocr_par' dir='ltr' id='par_1_71' title="bbox 1772 2512 3343 2582">
     <span class='ocr_line' id='line_1_71' title="bbox 1772 2512 3343 2582; baseline 0.002 -14"><span class='ocrx_word' id='word_1_494' title='bbox 1772 2514 1931 2578; x_wconf 80' lang='lat' dir='ltr'><strong>&#39;sica,</strong></span> <span class='ocrx_word' id='word_1_495' title='bbox 1954 2514 2008 2566; x_wconf 90' lang='lat' dir='ltr'><strong>in</strong></span> <span class='ocrx_word' id='word_1_496' title='bbox 2037 2514 2230 2581; x_wconf 81' lang='lat' dir='ltr'><strong>quibus</strong></span> <span class='ocrx_word' id='word_1_497' title='bbox 2270 2528 2408 2582; x_wconf 64' lang='lat' dir='ltr'><strong>saepe</strong></span> <span class='ocrx_word' id='word_1_498' title='bbox 2441 2512 2664 2567; x_wconf 88' lang='lat' dir='ltr'><strong>solvitur</strong></span> <span class='ocrx_word' id='word_1_499' title='bbox 2685 2522 2737 2567; x_wconf 90' lang='lat' dir='ltr'><strong>et</strong></span> <span class='ocrx_word' id='word_1_500' title='bbox 2761 2514 2992 2569; x_wconf 87' lang='lat' dir='ltr'><strong>mollitur</strong></span> <span class='ocrx_word' id='word_1_501' title='bbox 3012 2515 3343 2571; x_wconf 75' lang='lat' dir='ltr'><strong>Christianus</strong></span> 
     </span>
    </p>
   </div>
   <div class='ocr_carea' id='block_1_72' title="bbox 1796 2603 3339 2674">
    <p class='ocr_par' dir='ltr' id='par_1_72' title="bbox 1796 2603 3339 2674">
     <span class='ocr_line' id='line_1_72' title="bbox 1796 2603 3339 2674; baseline 0.002 -18"><span class='ocrx_word' id='word_1_502' title='bbox 1796 2605 1978 2673; x_wconf 85' lang='lat' dir='ltr'><strong>vigor;</strong></span> <span class='ocrx_word' id='word_1_503' title='bbox 2011 2603 2311 2672; x_wconf 87' lang='lat' dir='ltr'><strong>spectacula</strong></span> <span class='ocrx_word' id='word_1_504' title='bbox 2350 2604 2522 2671; x_wconf 88' lang='lat' dir='ltr'><strong>turpia</strong></span> <span class='ocrx_word' id='word_1_505' title='bbox 2569 2603 2650 2658; x_wconf 83' lang='lat' dir='ltr'><strong>vel</strong></span> <span class='ocrx_word' id='word_1_506' title='bbox 2706 2604 2967 2672; x_wconf 76' lang='lat' dir='ltr'><strong>superﬂua</strong></span> <span class='ocrx_word' id='word_1_507' title='bbox 2992 2645 3007 2666; x_wconf 88' lang='lat'><strong>,</strong></span> <span class='ocrx_word' id='word_1_508' title='bbox 3033 2614 3089 2658; x_wconf 89' lang='lat' dir='ltr'><strong>et</strong></span> <span class='ocrx_word' id='word_1_509' title='bbox 3118 2606 3339 2674; x_wconf 84' lang='lat' dir='ltr'><strong>reliqua.</strong></span> 
     </span>
    </p>
   </div>
   <div class='ocr_carea' id='block_1_73' title="bbox 1797 2696 3343 2769">
    <p class='ocr_par' dir='ltr' id='par_1_73' title="bbox 1797 2696 3343 2769">
     <span class='ocr_line' id='line_1_73' title="bbox 1797 2696 3343 2769; baseline 0.003 -20"><span class='ocrx_word' id='word_1_510' title='bbox 1797 2696 1995 2750; x_wconf 86' lang='lat' dir='ltr'><strong>Deinde</strong></span> <span class='ocrx_word' id='word_1_511' title='bbox 2019 2706 2421 2764; x_wconf 88' lang='lat' dir='ltr'><strong>perscrutamur</strong></span> <span class='ocrx_word' id='word_1_512' title='bbox 2441 2698 2677 2769; x_wconf 80' lang='lat' dir='ltr'><strong>patrihus</strong></span> <span class='ocrx_word' id='word_1_513' title='bbox 2700 2706 2750 2750; x_wconf 88' lang='lat' dir='ltr'><strong>ct</strong></span> <span class='ocrx_word' id='word_1_514' title='bbox 2773 2699 3045 2762; x_wconf 85' lang='lat' dir='ltr'><strong>matrinas,</strong></span> <span class='ocrx_word' id='word_1_515' title='bbox 3066 2700 3107 2753; x_wconf 88' lang='lat' dir='ltr'><strong>si</strong></span> <span class='ocrx_word' id='word_1_516' title='bbox 3124 2712 3343 2769; x_wconf 71' lang='lat' dir='ltr'><strong>possunt</strong></span> 
     </span>
    </p>
   </div>
   <div class='ocr_carea' id='block_1_74' title="bbox 1797 2782 3344 2855">
    <p class='ocr_par' dir='ltr' id='par_1_74' title="bbox 1797 2782 3344 2855">
     <span class='ocr_line' id='line_1_74' title="bbox 1797 2782 3344 2855; baseline 0.003 -18"><span class='ocrx_word' id='word_1_517' title='bbox 1797 2793 2013 2837; x_wconf 88' lang='lat' dir='ltr'><strong>cantare</strong></span> <span class='ocrx_word' id='word_1_518' title='bbox 2038 2782 2365 2837; x_wconf 86' lang='lat' dir='ltr'><strong>Dominicam</strong></span> <span class='ocrx_word' id='word_1_519' title='bbox 2403 2785 2698 2839; x_wconf 87' lang='lat' dir='ltr'><strong>orationem</strong></span> <span class='ocrx_word' id='word_1_520' title='bbox 2733 2794 2789 2840; x_wconf 90' lang='lat' dir='ltr'><strong>et</strong></span> <span class='ocrx_word' id='word_1_521' title='bbox 2832 2782 3172 2855; x_wconf 84' lang='lat' dir='ltr'><strong>symbolum,‘</strong></span> <span class='ocrx_word' id='word_1_522' title='bbox 3204 2790 3344 2843; x_wconf 83' lang='lat' dir='ltr'><strong>sicut</strong></span> 
     </span>
    </p>
   </div>
   <div class='ocr_carea' id='block_1_75' title="bbox 1795 2873 3340 2943">
    <p class='ocr_par' dir='ltr' id='par_1_75' title="bbox 1795 2873 3340 2943">
     <span class='ocr_line' id='line_1_75' title="bbox 1795 2873 3340 2943; baseline 0.005 -20"><span class='ocrx_word' id='word_1_523' title='bbox 1795 2873 2241 2939; x_wconf 76' lang='lat' dir='ltr'><strong>przemonuimus:</strong></span> <span class='ocrx_word' id='word_1_524' title='bbox 2273 2887 2336 2926; x_wconf 88' lang='lat' dir='ltr'><strong>ac</strong></span> <span class='ocrx_word' id='word_1_525' title='bbox 2351 2880 2537 2943; x_wconf 86' lang='lat' dir='ltr'><strong>postea</strong></span> <span class='ocrx_word' id='word_1_526' title='bbox 2560 2888 2657 2941; x_wconf 89' lang='lat' dir='ltr'><strong>per</strong></span> <span class='ocrx_word' id='word_1_527' title='bbox 2692 2875 2954 2939; x_wconf 82' lang='lat' dir='ltr'><strong>ordinem,</strong></span> <span class='ocrx_word' id='word_1_528' title='bbox 2991 2876 3127 2930; x_wconf 88' lang='lat' dir='ltr'><strong>sicut</strong></span> <span class='ocrx_word' id='word_1_529' title='bbox 3154 2878 3203 2930; x_wconf 91' lang='lat' dir='ltr'><strong>in</strong></span> <span class='ocrx_word' id='word_1_530' title='bbox 3238 2877 3340 2931; x_wconf 81' lang='lat' dir='ltr'><strong>Ro-</strong></span> 
     </span>
    </p>
   </div>
   <div class='ocr_carea' id='block_1_76' title="bbox 1796 2960 3330 3035">
    <p class='ocr_par' dir='ltr' id='par_1_76' title="bbox 1796 2960 3330 3035">
     <span class='ocr_line' id='line_1_76' title="bbox 1796 2960 3330 3035; baseline 0.002 -20"><span class='ocrx_word' id='word_1_531' title='bbox 1796 2976 1953 3015; x_wconf 87' lang='lat' dir='ltr'><strong>mano</strong></span> <span class='ocrx_word' id='word_1_532' title='bbox 1980 2960 2176 3014; x_wconf 88' lang='lat' dir='ltr'><strong>Ordine</strong></span> <span class='ocrx_word' id='word_1_533' title='bbox 2201 2964 2455 3028; x_wconf 88' lang='lat' dir='ltr'><strong>scriptum</strong></span> <span class='ocrx_word' id='word_1_534' title='bbox 2476 2970 2579 3023; x_wconf 83' lang='lat' dir='ltr'><strong>est,</strong></span> <span class='ocrx_word' id='word_1_535' title='bbox 2610 2975 2820 3015; x_wconf 87' lang='lat' dir='ltr'><strong>sacrum</strong></span> <span class='ocrx_word' id='word_1_536' title='bbox 2847 2964 3076 3016; x_wconf 85' lang='lat' dir='ltr'><strong>ollicium</strong></span> <span class='ocrx_word' id='word_1_537' title='bbox 3117 2967 3330 3035; x_wconf 84' lang='lat' dir='ltr'><strong>peragi-</strong></span> 
     </span>
    </p>
   </div>
   <div class='ocr_carea' id='block_1_77' title="bbox 1796 3047 3192 3121">
    <p class='ocr_par' dir='ltr' id='par_1_77' title="bbox 1796 3047 3192 3121">
     <span class='ocr_line' id='line_1_77' title="bbox 1796 3047 3192 3121; baseline 0.004 -22"><span class='ocrx_word' id='word_1_538' title='bbox 1796 3060 1934 3108; x_wconf 89' lang='lat' dir='ltr'><strong>mus,</strong></span> <span class='ocrx_word' id='word_1_539' title='bbox 1961 3061 2128 3116; x_wconf 88' lang='lat' dir='ltr'><strong>usque</strong></span> <span class='ocrx_word' id='word_1_540' title='bbox 2156 3047 2221 3101; x_wconf 88' lang='lat' dir='ltr'><strong>ad</strong></span> <span class='ocrx_word' id='word_1_541' title='bbox 2239 3047 2657 3105; x_wconf 79' lang='lat' dir='ltr'><strong>sacratissimum</strong></span> <span class='ocrx_word' id='word_1_542' title='bbox 2683 3064 2817 3119; x_wconf 89' lang='lat' dir='ltr'><strong>opus</strong></span> <span class='ocrx_word' id='word_1_543' title='bbox 2842 3050 3192 3121; x_wconf 81' lang='lat' dir='ltr'><strong>baptismatis.</strong></span> 
     </span>
    </p>
   </div>
   <div class='ocr_carea' id='block_1_78' title="bbox 2370 3174 2764 3246">
    <p class='ocr_par' dir='ltr' id='par_1_78' title="bbox 2370 3174 2764 3246">
     <span class='ocr_line' id='line_1_78' title="bbox 2370 3174 2764 3246; baseline -0.003 -15"><span class='ocrx_word' id='word_1_544' title='bbox 2370 3174 2764 3246; x_wconf 74' lang='lat' dir='ltr'><strong>Recapitulatio.</strong></span> 
     </span>
    </p>
   </div>
   <div class='ocr_carea' id='block_1_79' title="bbox 1864 3284 3337 3353">
    <p class='ocr_par' dir='ltr' id='par_1_79' title="bbox 1864 3284 3337 3353">
     <span class='ocr_line' id='line_1_79' title="bbox 1864 3284 3337 3353; baseline 0.005 -15"><span class='ocrx_word' id='word_1_545' title='bbox 1864 3284 1913 3338; x_wconf 89' lang='lat' dir='ltr'><strong>ls</strong></span> <span class='ocrx_word' id='word_1_546' title='bbox 1942 3285 2032 3352; x_wconf 88' lang='lat' dir='ltr'><strong>qui</strong></span> <span class='ocrx_word' id='word_1_547' title='bbox 2057 3284 2407 3353; x_wconf 84' lang='lat' dir='ltr'><strong>baptizandus</strong></span> <span class='ocrx_word' id='word_1_548' title='bbox 2433 3294 2515 3337; x_wconf 86' lang='lat' dir='ltr'><strong>est</strong></span> <span class='ocrx_word' id='word_1_549' title='bbox 2536 3286 2647 3353; x_wconf 84' lang='lat' dir='ltr'><strong>jam</strong></span> <span class='ocrx_word' id='word_1_550' title='bbox 2677 3287 3106 3349; x_wconf 79' lang='lat' dir='ltr'><strong>catechumenos.</strong></span> <span class='ocrx_word' id='word_1_551' title='bbox 3138 3290 3190 3342; x_wconf 90' lang='lat' dir='ltr'><strong>id</strong></span> <span class='ocrx_word' id='word_1_552' title='bbox 3218 3300 3302 3345; x_wconf 83' lang='lat' dir='ltr'><strong>est</strong></span> <span class='ocrx_word' id='word_1_553' title='bbox 3323 3333 3337 3353; x_wconf 88' lang='lat'><strong>,</strong></span> 
     </span>
    </p>
   </div>
   <div class='ocr_carea' id='block_1_80' title="bbox 1796 3371 3339 3445">
    <p class='ocr_par' dir='ltr' id='par_1_80' title="bbox 1796 3371 3339 3445">
     <span class='ocr_line' id='line_1_80' title="bbox 1796 3371 3339 3445; baseline 0.005 -20"><span class='ocrx_word' id='word_1_554' title='bbox 1796 3373 2085 3427; x_wconf 89' lang='lat' dir='ltr'><strong>instructus</strong></span> <span class='ocrx_word' id='word_1_555' title='bbox 2107 3371 2197 3443; x_wconf 56' lang='lat'><strong>[1&quot;.</strong></span> <span class='ocrx_word' id='word_1_556' title='bbox 2221 3373 2359 3426; x_wconf 76' lang='lat' dir='ltr'><strong>deest</strong></span> <span class='ocrx_word' id='word_1_557' title='bbox 2392 3388 2508 3426; x_wconf 87' lang='lat' dir='ltr'><strong>esse</strong></span> <span class='ocrx_word' id='word_1_558' title='bbox 2534 3372 2714 3444; x_wconf 77' lang='lat' dir='ltr'><strong>debet]</strong></span> <span class='ocrx_word' id='word_1_559' title='bbox 2733 3412 2748 3433; x_wconf 92' lang='lat'><strong>,</strong></span> <span class='ocrx_word' id='word_1_560' title='bbox 2779 3383 2836 3426; x_wconf 89' lang='lat' dir='ltr'><strong>ut</strong></span> <span class='ocrx_word' id='word_1_561' title='bbox 2875 3388 3219 3445; x_wconf 79' lang='lat' dir='ltr'><strong>recognoscat</strong></span> <span class='ocrx_word' id='word_1_562' title='bbox 3256 3395 3339 3432; x_wconf 82' lang='lat' dir='ltr'><strong>er-</strong></span> 
     </span>
    </p>
   </div>
   <div class='ocr_carea' id='block_1_81' title="bbox 1796 3462 3340 3531">
    <p class='ocr_par' dir='ltr' id='par_1_81' title="bbox 1796 3462 3340 3531">
     <span class='ocr_line' id='line_1_81' title="bbox 1796 3462 3340 3531; baseline 0.006 -19"><span class='ocrx_word' id='word_1_563' title='bbox 1796 3476 1973 3514; x_wconf 88' lang='lat' dir='ltr'><strong>rorem</strong></span> <span class='ocrx_word' id='word_1_564' title='bbox 2004 3462 2285 3529; x_wconf 83' lang='lat' dir='ltr'><strong>pristinum</strong></span> <span class='ocrx_word' id='word_1_565' title='bbox 2314 3470 2369 3517; x_wconf 89' lang='lat' dir='ltr'><strong>et</strong></span> <span class='ocrx_word' id='word_1_566' title='bbox 2406 3462 2669 3531; x_wconf 75' lang='lat' dir='ltr'><strong>intelligat</strong></span> <span class='ocrx_word' id='word_1_567' title='bbox 2691 3462 2862 3517; x_wconf 80' lang='lat' dir='ltr'><strong>lucem</strong></span> <span class='ocrx_word' id='word_1_568' title='bbox 2887 3465 3145 3527; x_wconf 81' lang='lat' dir='ltr'><strong>veritatis.</strong></span> <span class='ocrx_word' id='word_1_569' title='bbox 3177 3468 3340 3523; x_wconf 81' lang='lat' dir='ltr'><strong>Acce-</strong></span> 
     </span>
    </p>
   </div>
   <div class='ocr_carea' id='block_1_82' title="bbox 1793 3549 3341 3625">
    <p class='ocr_par' dir='ltr' id='par_1_82' title="bbox 1793 3549 3341 3625">
     <span class='ocr_line' id='line_1_82' title="bbox 1793 3549 3341 3625; baseline 0.006 -26"><span class='ocrx_word' id='word_1_570' title='bbox 1793 3549 2052 3616; x_wconf 85' lang='lat' dir='ltr'><strong>pitsalem</strong></span> <span class='ocrx_word' id='word_1_571' title='bbox 2082 3550 2376 3618; x_wconf 69' lang='lat' dir='ltr'><strong>sapientiae,</strong></span> <span class='ocrx_word' id='word_1_572' title='bbox 2407 3558 2467 3604; x_wconf 93' lang='lat' dir='ltr'><strong>ut</strong></span> <span class='ocrx_word' id='word_1_573' title='bbox 2494 3551 2814 3620; x_wconf 83' lang='lat' dir='ltr'><strong>turpiloquia</strong></span> <span class='ocrx_word' id='word_1_574' title='bbox 2845 3554 3150 3608; x_wconf 79' lang='lat' dir='ltr'><strong>declinaret.</strong></span> <span class='ocrx_word' id='word_1_575' title='bbox 3180 3558 3341 3625; x_wconf 63' lang='lat' dir='ltr'><strong>At‘ju-</strong></span> 
     </span>
    </p>
   </div>
   <div class='ocr_carea' id='block_1_83' title="bbox 1795 3638 3337 3712">
    <p class='ocr_par' dir='ltr' id='par_1_83' title="bbox 1795 3638 3337 3712">
     <span class='ocr_line' id='line_1_83' title="bbox 1795 3638 3337 3712; baseline 0.006 -23"><span class='ocrx_word' id='word_1_576' title='bbox 1795 3648 1943 3691; x_wconf 67' lang='lat' dir='ltr'><strong>ntus</strong></span> <span class='ocrx_word' id='word_1_577' title='bbox 1965 3646 2049 3691; x_wconf 90' lang='lat' dir='ltr'><strong>est</strong></span> <span class='ocrx_word' id='word_1_578' title='bbox 2068 3638 2330 3702; x_wconf 86' lang='lat' dir='ltr'><strong>diabolus,</strong></span> <span class='ocrx_word' id='word_1_579' title='bbox 2360 3640 2450 3708; x_wconf 90' lang='lat' dir='ltr'><strong>qui</strong></span> <span class='ocrx_word' id='word_1_580' title='bbox 2479 3640 2579 3694; x_wconf 77' lang='lat' dir='ltr'><strong>fuit</strong></span> <span class='ocrx_word' id='word_1_581' title='bbox 2606 3641 2669 3694; x_wconf 76' lang='lat' dir='ltr'><strong>in</strong></span> <span class='ocrx_word' id='word_1_582' title='bbox 2690 3641 2800 3704; x_wconf 85' lang='lat' dir='ltr'><strong>illo,</strong></span> <span class='ocrx_word' id='word_1_583' title='bbox 2821 3656 2944 3695; x_wconf 82' lang='lat' dir='ltr'><strong>cum</strong></span> <span class='ocrx_word' id='word_1_584' title='bbox 2970 3644 3119 3712; x_wconf 85' lang='lat' dir='ltr'><strong>signo</strong></span> <span class='ocrx_word' id='word_1_585' title='bbox 3141 3647 3337 3709; x_wconf 87' lang='lat' dir='ltr'><strong>erucis,</strong></span> 
     </span>
    </p>
   </div>
   <div class='ocr_carea' id='block_1_84' title="bbox 1795 3725 3339 3799">
    <p class='ocr_par' dir='ltr' id='par_1_84' title="bbox 1795 3725 3339 3799">
     <span class='ocr_line' id='line_1_84' title="bbox 1795 3725 3339 3799; baseline 0.006 -23"><span class='ocrx_word' id='word_1_586' title='bbox 1795 3734 1853 3777; x_wconf 93' lang='lat' dir='ltr'><strong>ut</strong></span> <span class='ocrx_word' id='word_1_587' title='bbox 1896 3726 2110 3777; x_wconf 82' lang='lat' dir='ltr'><strong>recedat</strong></span> <span class='ocrx_word' id='word_1_588' title='bbox 2137 3740 2165 3777; x_wconf 91' lang='lat' dir='ltr'><strong>a</strong></span> <span class='ocrx_word' id='word_1_589' title='bbox 2197 3726 2288 3780; x_wconf 89' lang='lat' dir='ltr'><strong>Dei</strong></span> <span class='ocrx_word' id='word_1_590' title='bbox 2316 3725 2515 3780; x_wconf 74' lang='lat' dir='ltr'><strong>famulo</strong></span> <span class='ocrx_word' id='word_1_591' title='bbox 2546 3744 2559 3777; x_wconf 92' lang='lat'><strong>:</strong></span> <span class='ocrx_word' id='word_1_592' title='bbox 2591 3736 2648 3780; x_wconf 91' lang='lat' dir='ltr'><strong>et</strong></span> <span class='ocrx_word' id='word_1_593' title='bbox 2674 3728 2797 3784; x_wconf 85' lang='lat' dir='ltr'><strong>inde</strong></span> <span class='ocrx_word' id='word_1_594' title='bbox 2833 3728 2895 3781; x_wconf 83' lang='lat' dir='ltr'><strong>ﬁt</strong></span> <span class='ocrx_word' id='word_1_595' title='bbox 2931 3728 3228 3799; x_wconf 78' lang='lat' dir='ltr'><strong>genuﬂexio</strong></span> <span class='ocrx_word' id='word_1_596' title='bbox 3270 3734 3339 3785; x_wconf 82' lang='lat' dir='ltr'><strong>ad</strong></span> 
     </span>
    </p>
   </div>
   <div class='ocr_carea' id='block_1_85' title="bbox 1794 3811 3333 3882">
    <p class='ocr_par' dir='ltr' id='par_1_85' title="bbox 1794 3811 3333 3882">
     <span class='ocr_line' id='line_1_85' title="bbox 1794 3811 3333 3882; baseline 0.006 -18"><span class='ocrx_word' id='word_1_597' title='bbox 1794 3811 1981 3875; x_wconf 87' lang='lat' dir='ltr'><strong>Deum,</strong></span> <span class='ocrx_word' id='word_1_598' title='bbox 2007 3821 2067 3864; x_wconf 89' lang='lat' dir='ltr'><strong>ut</strong></span> <span class='ocrx_word' id='word_1_599' title='bbox 2098 3812 2239 3866; x_wconf 86' lang='lat' dir='ltr'><strong>Deus</strong></span> <span class='ocrx_word' id='word_1_600' title='bbox 2266 3812 2412 3871; x_wconf 85' lang='lat' dir='ltr'><strong>illum</strong></span> <span class='ocrx_word' id='word_1_601' title='bbox 2438 3812 2670 3882; x_wconf 75' lang='lat' dir='ltr'><strong>expellat</strong></span> <span class='ocrx_word' id='word_1_602' title='bbox 2712 3830 2741 3868; x_wconf 84' lang='lat' dir='ltr'><strong>a</strong></span> <span class='ocrx_word' id='word_1_603' title='bbox 2788 3829 2884 3871; x_wconf 79' lang='lat' dir='ltr'><strong>suo</strong></span> <span class='ocrx_word' id='word_1_604' title='bbox 2927 3826 3134 3871; x_wconf 85' lang='lat' dir='ltr'><strong>vocato.</strong></span> <span class='ocrx_word' id='word_1_605' title='bbox 3161 3816 3333 3873; x_wconf 77' lang='lat' dir='ltr'><strong>Orare</strong></span> 
     </span>
    </p>
   </div>
   <div class='ocr_carea' id='block_1_86' title="bbox 1792 3900 3336 3981">
    <p class='ocr_par' dir='ltr' id='par_1_86' title="bbox 1792 3900 3336 3981">
     <span class='ocr_line' id='line_1_86' title="bbox 1792 3900 3336 3981; baseline 0.003 -29"><span class='ocrx_word' id='word_1_606' title='bbox 1792 3914 1890 3967; x_wconf 88' lang='lat' dir='ltr'><strong>pro</strong></span> <span class='ocrx_word' id='word_1_607' title='bbox 1910 3901 2193 3968; x_wconf 86' lang='lat' dir='ltr'><strong>semetipso</strong></span> <span class='ocrx_word' id='word_1_608' title='bbox 2209 3900 2320 3969; x_wconf 88' lang='lat' dir='ltr'><strong>jam</strong></span> <span class='ocrx_word' id='word_1_609' title='bbox 2340 3901 2528 3954; x_wconf 87' lang='lat' dir='ltr'><strong>doctus</strong></span> <span class='ocrx_word' id='word_1_610' title='bbox 2549 3910 2633 3955; x_wconf 88' lang='lat' dir='ltr'><strong>est</strong></span> <span class='ocrx_word' id='word_1_611' title='bbox 2645 3901 2720 3981; x_wconf 26' lang='lat' dir='ltr'><strong>[in</strong></span> <span class='ocrx_word' id='word_1_612' title='bbox 2758 3903 2999 3957; x_wconf 82' lang='lat' dir='ltr'><strong>oratione</strong></span> <span class='ocrx_word' id='word_1_613' title='bbox 3042 3903 3336 3959; x_wconf 88' lang='lat' dir='ltr'><strong>Dominiea.</strong></span> 
     </span>
    </p>
   </div>
   <div class='ocr_carea' id='block_1_87' title="bbox 1795 3978 3329 4061">
    <p class='ocr_par' dir='ltr' id='par_1_87' title="bbox 1795 3978 3329 4061">
     <span class='ocr_line' id='line_1_87' title="bbox 1795 3978 3329 4061; baseline 0.005 -21"><span class='ocrx_word' id='word_1_614' title='bbox 1795 3990 2067 4054; x_wconf 74' lang='lat' dir='ltr'><strong>Quomodo</strong></span> <span class='ocrx_word' id='word_1_615' title='bbox 2096 3992 2312 4042; x_wconf 85' lang='lat' dir='ltr'><strong>credere</strong></span> <span class='ocrx_word' id='word_1_616' title='bbox 2339 3999 2604 4058; x_wconf 62' lang='lat' dir='ltr'><strong>oporteat.</strong></span> <span class='ocrx_word' id='word_1_617' title='bbox 2628 3978 2739 4059; x_wconf 63' lang='lat' dir='ltr'><strong>Iam</strong></span> <span class='ocrx_word' id='word_1_618' title='bbox 2766 3993 2969 4046; x_wconf 80' lang='lat' dir='ltr'><strong>audivit</strong></span> <span class='ocrx_word' id='word_1_619' title='bbox 2992 3994 3044 4045; x_wconf 89' lang='lat' dir='ltr'><strong>in</strong></span> <span class='ocrx_word' id='word_1_620' title='bbox 3073 3993 3329 4061; x_wconf 77' lang='lat' dir='ltr'><strong>symbolo.</strong></span> 
     </span>
    </p>
   </div>
   <div class='ocr_carea' id='block_1_88' title="bbox 1792 4077 3337 4148">
    <p class='ocr_par' dir='ltr' id='par_1_88' title="bbox 1792 4077 3337 4148">
     <span class='ocr_line' id='line_1_88' title="bbox 1792 4077 3337 4148; baseline 0.006 -21"><span class='ocrx_word' id='word_1_621' title='bbox 1792 4077 2109 4128; x_wconf 72' lang='lat' dir='ltr'><strong>Admonitus</strong></span> <span class='ocrx_word' id='word_1_622' title='bbox 2135 4083 2217 4128; x_wconf 87' lang='lat' dir='ltr'><strong>est</strong></span> <span class='ocrx_word' id='word_1_623' title='bbox 2256 4090 2352 4143; x_wconf 85' lang='lat' dir='ltr'><strong>per</strong></span> <span class='ocrx_word' id='word_1_624' title='bbox 2402 4085 2613 4146; x_wconf 85' lang='lat' dir='ltr'><strong>sputum</strong></span> <span class='ocrx_word' id='word_1_625' title='bbox 2657 4078 2950 4146; x_wconf 76' lang='lat' dir='ltr'><strong>presbyteri</strong></span> <span class='ocrx_word' id='word_1_626' title='bbox 2973 4118 2986 4139; x_wconf 87' lang='lat'><strong>.</strong></span> <span class='ocrx_word' id='word_1_627' title='bbox 3013 4090 3073 4132; x_wconf 92' lang='lat' dir='ltr'><strong>ut</strong></span> <span class='ocrx_word' id='word_1_628' title='bbox 3104 4082 3337 4148; x_wconf 82' lang='lat' dir='ltr'><strong>quandiu</strong></span> 
     </span>
    </p>
   </div>
   <div class='ocr_carea' id='block_1_89' title="bbox 1794 4163 3333 4236">
    <p class='ocr_par' dir='ltr' id='par_1_89' title="bbox 1794 4163 3333 4236">
     <span class='ocr_line' id='line_1_89' title="bbox 1794 4163 3333 4236; baseline 0.003 -19"><span class='ocrx_word' id='word_1_629' title='bbox 1794 4166 2036 4232; x_wconf 86' lang='lat' dir='ltr'><strong>spiritum</strong></span> <span class='ocrx_word' id='word_1_630' title='bbox 2083 4164 2205 4218; x_wconf 77' lang='lat' dir='ltr'><strong>vita:</strong></span> <span class='ocrx_word' id='word_1_631' title='bbox 2248 4164 2402 4230; x_wconf 82' lang='lat' dir='ltr'><strong>hujus</strong></span> <span class='ocrx_word' id='word_1_632' title='bbox 2446 4163 2666 4218; x_wconf 87' lang='lat' dir='ltr'><strong>naribus</strong></span> <span class='ocrx_word' id='word_1_633' title='bbox 2711 4167 2915 4230; x_wconf 84' lang='lat' dir='ltr'><strong>trahit,</strong></span> <span class='ocrx_word' id='word_1_634' title='bbox 2946 4166 3101 4221; x_wconf 74' lang='lat' dir='ltr'><strong>(idem</strong></span> <span class='ocrx_word' id='word_1_635' title='bbox 3129 4207 3145 4231; x_wconf 91' lang='lat'><strong>,</strong></span> <span class='ocrx_word' id='word_1_636' title='bbox 3175 4184 3333 4236; x_wconf 82' lang='lat' dir='ltr'><strong>quam</strong></span> 
     </span>
    </p>
   </div>
   <div class='ocr_carea' id='block_1_90' title="bbox 1794 4253 3423 4326">
    <p class='ocr_par' dir='ltr' id='par_1_90' title="bbox 1794 4253 3423 4326">
     <span class='ocr_line' id='line_1_90' title="bbox 1794 4253 3423 4326; baseline 0.004 -20"><span class='ocrx_word' id='word_1_637' title='bbox 1794 4255 1995 4307; x_wconf 81' lang='lat' dir='ltr'><strong>audivit</strong></span> <span class='ocrx_word' id='word_1_638' title='bbox 2016 4269 2118 4322; x_wconf 70' lang='lat' dir='ltr'><strong>per</strong></span> <span class='ocrx_word' id='word_1_639' title='bbox 2142 4268 2322 4315; x_wconf 78' lang='lat' dir='ltr'><strong>aures,</strong></span> <span class='ocrx_word' id='word_1_640' title='bbox 2346 4260 2543 4308; x_wconf 78' lang='lat' dir='ltr'><strong>teneat.</strong></span> <span class='ocrx_word' id='word_1_641' title='bbox 2567 4253 2694 4309; x_wconf 87' lang='lat' dir='ltr'><strong>Post</strong></span> <span class='ocrx_word' id='word_1_642' title='bbox 2722 4257 2954 4310; x_wconf 79' lang='lat' dir='ltr'><strong>auditam</strong></span> <span class='ocrx_word' id='word_1_643' title='bbox 2982 4256 3142 4311; x_wconf 66' lang='lat' dir='ltr'><strong>ﬁdem</strong></span> <span class='ocrx_word' id='word_1_644' title='bbox 3184 4262 3335 4326; x_wconf 81' lang='lat' dir='ltr'><strong>ungi-</strong></span> <span class='ocrx_word' id='word_1_645' title='bbox 3420 4320 3423 4323; x_wconf 27' lang='grc' dir='ltr'>η</span> 
     </span>
    </p>
   </div>
   <div class='ocr_carea' id='block_1_91' title="bbox 1794 4341 3333 4425">
    <p class='ocr_par' dir='ltr' id='par_1_91' title="bbox 1794 4341 3333 4425">
     <span class='ocr_line' id='line_1_91' title="bbox 1794 4341 3333 4425; baseline 0.004 -31"><span class='ocrx_word' id='word_1_646' title='bbox 1794 4351 1881 4395; x_wconf 88' lang='lat' dir='ltr'><strong>tur</strong></span> <span class='ocrx_word' id='word_1_647' title='bbox 1909 4342 2046 4394; x_wconf 85' lang='lat' dir='ltr'><strong>inter</strong></span> <span class='ocrx_word' id='word_1_648' title='bbox 2092 4341 2331 4409; x_wconf 82' lang='lat' dir='ltr'><strong>scapulas</strong></span> <span class='ocrx_word' id='word_1_649' title='bbox 2380 4349 2698 4425; x_wconf 21' lang='lat' dir='ltr'><strong>etapectus,</strong></span> <span class='ocrx_word' id='word_1_650' title='bbox 2736 4350 2795 4396; x_wconf 89' lang='lat' dir='ltr'><strong>ut</strong></span> <span class='ocrx_word' id='word_1_651' title='bbox 2838 4343 2931 4397; x_wconf 86' lang='lat' dir='ltr'><strong>Dei</strong></span> <span class='ocrx_word' id='word_1_652' title='bbox 2973 4345 3333 4400; x_wconf 83' lang='lat' dir='ltr'><strong>misericordia</strong></span> 
     </span>
    </p>
   </div>
   <div class='ocr_carea' id='block_1_92' title="bbox 1792 4429 3338 4500">
    <p class='ocr_par' dir='ltr' id='par_1_92' title="bbox 1792 4429 3338 4500">
     <span class='ocr_line' id='line_1_92' title="bbox 1792 4429 3338 4500; baseline 0.003 -18"><span class='ocrx_word' id='word_1_653' title='bbox 1792 4430 2142 4499; x_wconf 84' lang='lat' dir='ltr'><strong>cegitationes</strong></span> <span class='ocrx_word' id='word_1_654' title='bbox 2178 4429 2327 4486; x_wconf 76' lang='lat' dir='ltr'><strong>bona:</strong></span> <span class='ocrx_word' id='word_1_655' title='bbox 2364 4436 2421 4483; x_wconf 90' lang='lat' dir='ltr'><strong>et</strong></span> <span class='ocrx_word' id='word_1_656' title='bbox 2460 4443 2621 4500; x_wconf 78' lang='lat' dir='ltr'><strong>opera</strong></span> <span class='ocrx_word' id='word_1_657' title='bbox 2647 4431 3131 4486; x_wconf 77' lang='lat' dir='ltr'><strong>corrolzorenmrin</strong></span> <span class='ocrx_word' id='word_1_658' title='bbox 3167 4446 3256 4498; x_wconf 74' lang='lat' dir='ltr'><strong>eo,</strong></span> <span class='ocrx_word' id='word_1_659' title='bbox 3281 4443 3338 4487; x_wconf 86' lang='lat' dir='ltr'><strong>et</strong></span> 
     </span>
    </p>
   </div>
   <div class='ocr_carea' id='block_1_93' title="bbox 138 4497 1697 4603">
    <p class='ocr_par' dir='ltr' id='par_1_93' title="bbox 138 4497 1689 4603">
     <span class='ocr_line' id='line_1_93' title="bbox 138 4497 1689 4603; baseline 0 -16"><span class='ocrx_word' id='word_1_660' title='bbox 138 4497 291 4603; x_wconf 66' lang='lat' dir='ltr'><strong>gnari</strong></span> <span class='ocrx_word' id='word_1_661' title='bbox 348 4531 507 4586; x_wconf 82' lang='lat' dir='ltr'><strong>fortia</strong></span> <span class='ocrx_word' id='word_1_662' title='bbox 564 4547 722 4601; x_wconf 88' lang='lat' dir='ltr'><strong>opera</strong></span> <span class='ocrx_word' id='word_1_663' title='bbox 764 4534 1067 4596; x_wconf 88' lang='lat' dir='ltr'><strong>hominum;</strong></span> <span class='ocrx_word' id='word_1_664' title='bbox 1113 4497 1177 4585; x_wconf 85' lang='lat' dir='ltr'><strong>etr</strong></span> <span class='ocrx_word' id='word_1_665' title='bbox 1208 4548 1301 4599; x_wconf 86' lang='lat' dir='ltr'><strong>per</strong></span> <span class='ocrx_word' id='word_1_666' title='bbox 1343 4497 1546 4600; x_wconf 47' lang='lat' dir='ltr'><strong>pisctus,</strong></span> <span class='ocrx_word' id='word_1_667' title='bbox 1601 4535 1689 4593; x_wconf 71' lang='lat' dir='ltr'><strong>ubi</strong></span> 
     </span>
    </p>
   </div>
   <div class='ocr_carea' id='block_1_94' title="bbox 1793 4497 3335 4603">
    <p class='ocr_par' dir='ltr' id='par_1_94' title="bbox 1796 4497 3335 4584">
     <span class='ocr_line' id='line_1_94' title="bbox 1796 4497 3335 4584; baseline 0.003 -14"><span class='ocrx_word' id='word_1_668' title='bbox 1796 4497 2011 4573; x_wconf 83' lang='lat' dir='ltr'><strong>recedat</strong></span> <span class='ocrx_word' id='word_1_669' title='bbox 2036 4518 2104 4571; x_wconf 89' lang='lat' dir='ltr'><strong>ab</strong></span> <span class='ocrx_word' id='word_1_670' title='bbox 2139 4517 2283 4571; x_wconf 86' lang='lat' dir='ltr'><strong>omni</strong></span> <span class='ocrx_word' id='word_1_671' title='bbox 2328 4497 2510 4579; x_wconf 75' lang='lat' dir='ltr'><strong>male,</strong></span> <span class='ocrx_word' id='word_1_672' title='bbox 2541 4517 2682 4584; x_wconf 81' lang='lat' dir='ltr'><strong>quod</strong></span> <span class='ocrx_word' id='word_1_673' title='bbox 2726 4518 2796 4573; x_wconf 78' lang='lat' dir='ltr'><strong>ad</strong></span> <span class='ocrx_word' id='word_1_674' title='bbox 2837 4522 3076 4574; x_wconf 77' lang='lat' dir='ltr'><strong>membra</strong></span> <span class='ocrx_word' id='word_1_675' title='bbox 3122 4520 3335 4575; x_wconf 79' lang='lat' dir='ltr'><strong>Satanae</strong></span> 
     </span>
    </p>
   </div>
   <div class='ocr_carea' id='block_1_95' title="bbox 138 4623 1694 4695">
    <p class='ocr_par' dir='ltr' id='par_1_95' title="bbox 138 4623 1694 4695">
     <span class='ocr_line' id='line_1_95' title="bbox 138 4623 1694 4695; baseline -0.002 -14"><span class='ocrx_word' id='word_1_676' title='bbox 138 4624 535 4695; x_wconf 87' lang='lat' dir='ltr'><strong>quodammodo</strong></span> <span class='ocrx_word' id='word_1_677' title='bbox 559 4624 800 4678; x_wconf 91' lang='lat' dir='ltr'><strong>consistit</strong></span> <span class='ocrx_word' id='word_1_678' title='bbox 823 4623 1122 4678; x_wconf 89' lang='lat' dir='ltr'><strong>cubiculum</strong></span> <span class='ocrx_word' id='word_1_679' title='bbox 1146 4624 1565 4692; x_wconf 72' lang='lat' dir='ltr'><strong>cogitationum,</strong></span> <span class='ocrx_word' id='word_1_680' title='bbox 1601 4640 1694 4678; x_wconf 79' lang='lat' dir='ltr'><strong>vo-</strong></span> 
     </span>
    </p>
   </div>
   <div class='ocr_carea' id='block_1_96' title="bbox 137 4710 1693 4781">
    <p class='ocr_par' dir='ltr' id='par_1_96' title="bbox 137 4710 1693 4781">
     <span class='ocr_line' id='line_1_96' title="bbox 137 4710 1693 4781; baseline -0.001 -12"><span class='ocrx_word' id='word_1_681' title='bbox 137 4715 318 4771; x_wconf 82' lang='lat' dir='ltr'><strong>lamus</strong></span> <span class='ocrx_word' id='word_1_682' title='bbox 357 4711 621 4781; x_wconf 83' lang='lat' dir='ltr'><strong>designari</strong></span> <span class='ocrx_word' id='word_1_683' title='bbox 653 4712 818 4765; x_wconf 87' lang='lat' dir='ltr'><strong>bonas</strong></span> <span class='ocrx_word' id='word_1_684' title='bbox 850 4711 1217 4780; x_wconf 81' lang='lat' dir='ltr'><strong>cogitationes.</strong></span> <span class='ocrx_word' id='word_1_685' title='bbox 1245 4710 1370 4764; x_wconf 79' lang='lat' dir='ltr'><strong>Dleo</strong></span> <span class='ocrx_word' id='word_1_686' title='bbox 1413 4723 1615 4777; x_wconf 84' lang='lat' dir='ltr'><strong>sancto,</strong></span> <span class='ocrx_word' id='word_1_687' title='bbox 1639 4714 1693 4767; x_wconf 80' lang='lat' dir='ltr'><strong>id</strong></span> 
     </span>
    </p>
   </div>
   <div class='ocr_carea' id='block_1_97' title="bbox 137 4786 1692 4870">
    <p class='ocr_par' dir='ltr' id='par_1_97' title="bbox 137 4786 1692 4870">
     <span class='ocr_line' id='line_1_97' title="bbox 137 4786 1692 4870; baseline -0.005 -13"><span class='ocrx_word' id='word_1_688' title='bbox 137 4814 220 4859; x_wconf 82' lang='lat' dir='ltr'><strong>est</strong></span> <span class='ocrx_word' id='word_1_689' title='bbox 242 4786 614 4857; x_wconf 64' lang='lat' dir='ltr'><strong>inrisericortlia</strong></span> <span class='ocrx_word' id='word_1_690' title='bbox 639 4800 761 4863; x_wconf 84' lang='lat' dir='ltr'><strong>Dei,</strong></span> <span class='ocrx_word' id='word_1_691' title='bbox 788 4811 1073 4870; x_wconf 87' lang='lat' dir='ltr'><strong>unguntur,</strong></span> <span class='ocrx_word' id='word_1_692' title='bbox 1100 4809 1157 4853; x_wconf 90' lang='lat' dir='ltr'><strong>ut</strong></span> <span class='ocrx_word' id='word_1_693' title='bbox 1184 4800 1353 4853; x_wconf 83' lang='lat' dir='ltr'><strong>sciant</strong></span> <span class='ocrx_word' id='word_1_694' title='bbox 1373 4814 1579 4868; x_wconf 85' lang='lat' dir='ltr'><strong>semper</strong></span> <span class='ocrx_word' id='word_1_695' title='bbox 1601 4801 1692 4854; x_wconf 59' lang='lat' dir='ltr'><strong>de.</strong></span> 
     </span>
    </p>
   </div>
   <div class='ocr_carea' id='block_1_98' title="bbox 142 4887 1692 4959">
    <p class='ocr_par' dir='ltr' id='par_1_98' title="bbox 142 4887 1692 4959">
     <span class='ocr_line' id='line_1_98' title="bbox 142 4887 1692 4959; baseline -0.005 -12"><span class='ocrx_word' id='word_1_696' title='bbox 142 4895 355 4959; x_wconf 81' lang='lat' dir='ltr'><strong>precari</strong></span> <span class='ocrx_word' id='word_1_697' title='bbox 388 4888 806 4942; x_wconf 88' lang='lat' dir='ltr'><strong>misericordiam</strong></span> <span class='ocrx_word' id='word_1_698' title='bbox 828 4888 940 4949; x_wconf 89' lang='lat' dir='ltr'><strong>Dei,</strong></span> <span class='ocrx_word' id='word_1_699' title='bbox 966 4896 1026 4941; x_wconf 91' lang='lat' dir='ltr'><strong>ut</strong></span> <span class='ocrx_word' id='word_1_700' title='bbox 1048 4887 1243 4955; x_wconf 85' lang='lat' dir='ltr'><strong>dirigat</strong></span> <span class='ocrx_word' id='word_1_701' title='bbox 1263 4887 1423 4940; x_wconf 88' lang='lat' dir='ltr'><strong>corda</strong></span> <span class='ocrx_word' id='word_1_702' title='bbox 1450 4894 1507 4939; x_wconf 89' lang='lat' dir='ltr'><strong>et</strong></span> <span class='ocrx_word' id='word_1_703' title='bbox 1531 4901 1692 4953; x_wconf 89' lang='lat' dir='ltr'><strong>opera</strong></span> 
     </span>
    </p>
   </div>
   <div class='ocr_carea' id='block_1_99' title="bbox 142 4973 1697 5044">
    <p class='ocr_par' dir='ltr' id='par_1_99' title="bbox 142 4973 1697 5044">
     <span class='ocr_line' id='line_1_99' title="bbox 142 4973 1697 5044; baseline 0.001 -16"><span class='ocrx_word' id='word_1_704' title='bbox 142 4993 327 5033; x_wconf 76' lang='lat' dir='ltr'><strong>eorum</strong></span> <span class='ocrx_word' id='word_1_705' title='bbox 359 4978 417 5031; x_wconf 87' lang='lat' dir='ltr'><strong>in</strong></span> <span class='ocrx_word' id='word_1_706' title='bbox 447 4976 707 5033; x_wconf 85' lang='lat' dir='ltr'><strong>charitate</strong></span> <span class='ocrx_word' id='word_1_707' title='bbox 730 4976 837 5044; x_wconf 75' lang='lat' dir='ltr'><strong>Dei</strong></span> <span class='ocrx_word' id='word_1_708' title='bbox 855 4983 910 5028; x_wconf 91' lang='lat' dir='ltr'><strong>et</strong></span> <span class='ocrx_word' id='word_1_709' title='bbox 933 4975 1185 5041; x_wconf 84' lang='lat' dir='ltr'><strong>patientia</strong></span> <span class='ocrx_word' id='word_1_710' title='bbox 1218 4973 1441 5038; x_wconf 85' lang='lat' dir='ltr'><strong>Christi,</strong></span> <span class='ocrx_word' id='word_1_711' title='bbox 1466 4982 1527 5028; x_wconf 90' lang='lat' dir='ltr'><strong>ut</strong></span> <span class='ocrx_word' id='word_1_712' title='bbox 1549 4988 1697 5029; x_wconf 87' lang='lat' dir='ltr'><strong>reco—</strong></span> 
     </span>
    </p>
   </div>
   <div class='ocr_carea' id='block_1_100' title="bbox 145 5060 1696 5134">
    <p class='ocr_par' dir='ltr' id='par_1_100' title="bbox 145 5060 1696 5134">
     <span class='ocr_line' id='line_1_100' title="bbox 145 5060 1696 5134; baseline -0.004 -17"><span class='ocrx_word' id='word_1_713' title='bbox 145 5072 404 5134; x_wconf 80' lang='lat' dir='ltr'><strong>gnoscant</strong></span> <span class='ocrx_word' id='word_1_714' title='bbox 427 5078 488 5118; x_wconf 86' lang='lat' dir='ltr'><strong>se</strong></span> <span class='ocrx_word' id='word_1_715' title='bbox 519 5077 624 5116; x_wconf 87' lang='lat' dir='ltr'><strong>non</strong></span> <span class='ocrx_word' id='word_1_716' title='bbox 655 5062 806 5116; x_wconf 78' lang='lat' dir='ltr'><strong>aliter</strong></span> <span class='ocrx_word' id='word_1_717' title='bbox 832 5062 1027 5116; x_wconf 86' lang='lat' dir='ltr'><strong>bonum</strong></span> <span class='ocrx_word' id='word_1_718' title='bbox 1063 5060 1272 5130; x_wconf 75' lang='lat' dir='ltr'><strong>operari</strong></span> <span class='ocrx_word' id='word_1_719' title='bbox 1310 5075 1484 5129; x_wconf 76' lang='lat' dir='ltr'><strong>posse,</strong></span> <span class='ocrx_word' id='word_1_720' title='bbox 1527 5076 1696 5130; x_wconf 85' lang='lat' dir='ltr'><strong>neque</strong></span> 
     </span>
    </p>
   </div>
   <div class='ocr_carea' id='block_1_101' title="bbox 144 5148 1145 5219">
    <p class='ocr_par' dir='ltr' id='par_1_101' title="bbox 144 5148 1145 5219">
     <span class='ocr_line' id='line_1_101' title="bbox 144 5148 1145 5219; baseline 0 -18"><span class='ocrx_word' id='word_1_721' title='bbox 144 5150 299 5214; x_wconf 89' lang='lat' dir='ltr'><strong>velle,</strong></span> <span class='ocrx_word' id='word_1_722' title='bbox 323 5151 431 5205; x_wconf 86' lang='lat' dir='ltr'><strong>nisi</strong></span> <span class='ocrx_word' id='word_1_723' title='bbox 463 5165 562 5219; x_wconf 84' lang='lat' dir='ltr'><strong>per</strong></span> <span class='ocrx_word' id='word_1_724' title='bbox 590 5150 1004 5209; x_wconf 86' lang='lat' dir='ltr'><strong>misericordiam</strong></span> <span class='ocrx_word' id='word_1_725' title='bbox 1030 5148 1145 5202; x_wconf 86' lang='lat' dir='ltr'><strong>Dei.</strong></span> 
     </span>
    </p>
   </div>
   <div class='ocr_carea' id='block_1_102' title="bbox 644 5260 1212 5327">
    <p class='ocr_par' dir='ltr' id='par_1_102' title="bbox 644 5260 1212 5327">
     <span class='ocr_line' id='line_1_102' title="bbox 644 5260 1212 5327; baseline -0.002 -10"><span class='ocrx_word' id='word_1_726' title='bbox 644 5260 717 5319; x_wconf 88' lang='lat' dir='ltr'><strong>De</strong></span> <span class='ocrx_word' id='word_1_727' title='bbox 752 5265 1212 5327; x_wconf 80' lang='lat' dir='ltr'><strong>abrenuntiationc.</strong></span> 
     </span>
    </p>
   </div>
   <div class='ocr_carea' id='block_1_103' title="bbox 210 5362 1693 5445">
    <p class='ocr_par' dir='ltr' id='par_1_103' title="bbox 210 5362 1693 5445">
     <span class='ocr_line' id='line_1_103' title="bbox 210 5362 1693 5445; baseline -0.001 -17"><span class='ocrx_word' id='word_1_728' title='bbox 210 5377 617 5445; x_wconf 65' lang='lat' dir='ltr'><strong>Inui-rogamus</strong></span> <span class='ocrx_word' id='word_1_729' title='bbox 641 5373 760 5427; x_wconf 91' lang='lat' dir='ltr'><strong>illos</strong></span> <span class='ocrx_word' id='word_1_730' title='bbox 783 5387 916 5440; x_wconf 82' lang='lat' dir='ltr'><strong>quos</strong></span> <span class='ocrx_word' id='word_1_731' title='bbox 937 5362 1066 5430; x_wconf 81' lang='lat' dir='ltr'><strong>ante</strong></span> <span class='ocrx_word' id='word_1_732' title='bbox 1096 5373 1451 5429; x_wconf 79' lang='lat' dir='ltr'><strong>instruximus</strong></span> <span class='ocrx_word' id='word_1_733' title='bbox 1480 5374 1530 5426; x_wconf 90' lang='lat' dir='ltr'><strong>iu</strong></span> <span class='ocrx_word' id='word_1_734' title='bbox 1572 5372 1693 5437; x_wconf 82' lang='lat' dir='ltr'><strong>ilde,</strong></span> 
     </span>
    </p>
   </div>
   <div class='ocr_carea' id='block_1_104' title="bbox 147 5458 1697 5538">
    <p class='ocr_par' dir='ltr' id='par_1_104' title="bbox 147 5458 1697 5538">
     <span class='ocr_line' id='line_1_104' title="bbox 147 5458 1697 5538; baseline -0.002 -20"><span class='ocrx_word' id='word_1_735' title='bbox 147 5474 200 5518; x_wconf 85' lang='lat' dir='ltr'><strong>et</strong></span> <span class='ocrx_word' id='word_1_736' title='bbox 228 5480 367 5534; x_wconf 69' lang='lat' dir='ltr'><strong>quos</strong></span> <span class='ocrx_word' id='word_1_737' title='bbox 396 5470 586 5533; x_wconf 86' lang='lat' dir='ltr'><strong>postea</strong></span> <span class='ocrx_word' id='word_1_738' title='bbox 611 5460 830 5538; x_wconf 79' lang='lat' dir='ltr'><strong>scrutati</strong></span> <span class='ocrx_word' id='word_1_739' title='bbox 855 5466 1041 5514; x_wconf 83' lang='lat' dir='ltr'><strong>sumus</strong></span> <span class='ocrx_word' id='word_1_740' title='bbox 1063 5497 1079 5525; x_wconf 92' lang='lat'><strong>,</strong></span> <span class='ocrx_word' id='word_1_741' title='bbox 1108 5458 1153 5513; x_wconf 87' lang='lat' dir='ltr'><strong>si</strong></span> <span class='ocrx_word' id='word_1_742' title='bbox 1180 5459 1352 5514; x_wconf 87' lang='lat' dir='ltr'><strong>adhuc</strong></span> <span class='ocrx_word' id='word_1_743' title='bbox 1380 5460 1697 5527; x_wconf 85' lang='lat' dir='ltr'><strong>permansis-</strong></span> 
     </span>
    </p>
   </div>
   <div class='ocr_carea' id='block_1_105' title="bbox 149 5548 1698 5618">
    <p class='ocr_par' dir='ltr' id='par_1_105' title="bbox 149 5548 1698 5618">
     <span class='ocr_line' id='line_1_105' title="bbox 149 5548 1698 5618; baseline -0.003 -11"><span class='ocrx_word' id='word_1_744' title='bbox 149 5562 265 5607; x_wconf 88' lang='lat' dir='ltr'><strong>seut</strong></span> <span class='ocrx_word' id='word_1_745' title='bbox 288 5554 345 5606; x_wconf 89' lang='lat' dir='ltr'><strong>in</strong></span> <span class='ocrx_word' id='word_1_746' title='bbox 375 5554 465 5606; x_wconf 86' lang='lat' dir='ltr'><strong>his</strong></span> <span class='ocrx_word' id='word_1_747' title='bbox 493 5564 617 5618; x_wconf 69' lang='lat' dir='ltr'><strong>quas</strong></span> <span class='ocrx_word' id='word_1_748' title='bbox 654 5550 902 5618; x_wconf 84' lang='lat' dir='ltr'><strong>primitus</strong></span> <span class='ocrx_word' id='word_1_749' title='bbox 933 5548 1256 5617; x_wconf 77' lang='lat' dir='ltr'><strong>didicerunt;</strong></span> <span class='ocrx_word' id='word_1_750' title='bbox 1302 5555 1357 5601; x_wconf 91' lang='lat' dir='ltr'><strong>et</strong></span> <span class='ocrx_word' id='word_1_751' title='bbox 1379 5548 1424 5602; x_wconf 89' lang='lat' dir='ltr'><strong>si</strong></span> <span class='ocrx_word' id='word_1_752' title='bbox 1448 5560 1504 5601; x_wconf 87' lang='lat' dir='ltr'><strong>se</strong></span> <span class='ocrx_word' id='word_1_753' title='bbox 1532 5562 1698 5603; x_wconf 63' lang='lat' dir='ltr'><strong>caecos</strong></span> 
     </span>
    </p>
   </div>
   <div class='ocr_carea' id='block_1_106' title="bbox 152 5635 1697 5715">
    <p class='ocr_par' dir='ltr' id='par_1_106' title="bbox 152 5635 1697 5715">
     <span class='ocr_line' id='line_1_106' title="bbox 152 5635 1697 5715; baseline -0.001 -21"><span class='ocrx_word' id='word_1_754' title='bbox 152 5639 548 5710; x_wconf 82' lang='lat' dir='ltr'><strong>cognovissent,</strong></span> <span class='ocrx_word' id='word_1_755' title='bbox 562 5646 615 5691; x_wconf 91' lang='lat' dir='ltr'><strong>et</strong></span> <span class='ocrx_word' id='word_1_756' title='bbox 639 5638 794 5693; x_wconf 88' lang='lat' dir='ltr'><strong>modo</strong></span> <span class='ocrx_word' id='word_1_757' title='bbox 812 5651 1150 5711; x_wconf 84' lang='lat' dir='ltr'><strong>prosperasse</strong></span> <span class='ocrx_word' id='word_1_758' title='bbox 1174 5635 1241 5690; x_wconf 90' lang='lat' dir='ltr'><strong>ad</strong></span> <span class='ocrx_word' id='word_1_759' title='bbox 1258 5635 1453 5715; x_wconf 83' lang='lat' dir='ltr'><strong>lumen,</strong></span> <span class='ocrx_word' id='word_1_760' title='bbox 1475 5647 1540 5690; x_wconf 82' lang='lat' dir='ltr'><strong>eo</strong></span> <span class='ocrx_word' id='word_1_761' title='bbox 1558 5638 1697 5703; x_wconf 89' lang='lat' dir='ltr'><strong>quod</strong></span> 
     </span>
    </p>
   </div>
   <div class='ocr_carea' id='block_1_107' title="bbox 152 5725 1697 5799">
    <p class='ocr_par' dir='ltr' id='par_1_107' title="bbox 152 5725 1697 5799">
     <span class='ocr_line' id='line_1_107' title="bbox 152 5725 1697 5799; baseline -0.002 -16"><span class='ocrx_word' id='word_1_762' title='bbox 152 5729 405 5799; x_wconf 81' lang='lat' dir='ltr'><strong>perfecte,</strong></span> <span class='ocrx_word' id='word_1_763' title='bbox 440 5727 497 5782; x_wconf 90' lang='lat' dir='ltr'><strong>id</strong></span> <span class='ocrx_word' id='word_1_764' title='bbox 524 5733 606 5780; x_wconf 86' lang='lat' dir='ltr'><strong>est</strong></span> <span class='ocrx_word' id='word_1_765' title='bbox 647 5727 858 5793; x_wconf 82' lang='lat' dir='ltr'><strong>septies,</strong></span> <span class='ocrx_word' id='word_1_766' title='bbox 901 5726 1019 5782; x_wconf 87' lang='lat' dir='ltr'><strong>illos</strong></span> <span class='ocrx_word' id='word_1_767' title='bbox 1043 5725 1260 5781; x_wconf 84' lang='lat' dir='ltr'><strong>scrutati</strong></span> <span class='ocrx_word' id='word_1_768' title='bbox 1284 5739 1467 5778; x_wconf 88' lang='lat' dir='ltr'><strong>sumus</strong></span> <span class='ocrx_word' id='word_1_769' title='bbox 1497 5742 1509 5777; x_wconf 92' lang='lat'><strong>:</strong></span> <span class='ocrx_word' id='word_1_770' title='bbox 1535 5726 1579 5781; x_wconf 88' lang='lat' dir='ltr'><strong>si</strong></span> <span class='ocrx_word' id='word_1_771' title='bbox 1605 5726 1697 5780; x_wconf 74' lang='lat' dir='ltr'><strong>ab-</strong></span> 
     </span>
    </p>
   </div>
   <div class='ocr_carea' id='block_1_108' title="bbox 1791 4606 3334 4677">
    <p class='ocr_par' dir='ltr' id='par_1_108' title="bbox 1791 4606 3334 4677">
     <span class='ocr_line' id='line_1_108' title="bbox 1791 4606 3334 4677; baseline 0.003 -17"><span class='ocrx_word' id='word_1_772' title='bbox 1791 4608 2047 4677; x_wconf 83' lang='lat' dir='ltr'><strong>pertinet;</strong></span> <span class='ocrx_word' id='word_1_773' title='bbox 2080 4616 2135 4661; x_wconf 90' lang='lat' dir='ltr'><strong>et</strong></span> <span class='ocrx_word' id='word_1_774' title='bbox 2162 4606 2320 4659; x_wconf 81' lang='lat' dir='ltr'><strong>faciat</strong></span> <span class='ocrx_word' id='word_1_775' title='bbox 2341 4606 2568 4668; x_wconf 82' lang='lat' dir='ltr'><strong>bonum;</strong></span> <span class='ocrx_word' id='word_1_776' title='bbox 2597 4614 2653 4661; x_wconf 87' lang='lat' dir='ltr'><strong>et</strong></span> <span class='ocrx_word' id='word_1_777' title='bbox 2680 4607 2997 4662; x_wconf 79' lang='lat' dir='ltr'><strong>conﬁteatur</strong></span> <span class='ocrx_word' id='word_1_778' title='bbox 3028 4623 3087 4660; x_wconf 83' lang='lat' dir='ltr'><strong>se</strong></span> <span class='ocrx_word' id='word_1_779' title='bbox 3112 4608 3334 4664; x_wconf 85' lang='lat' dir='ltr'><strong>credere</strong></span> 
     </span>
    </p>
   </div>
   <div class='ocr_carea' id='block_1_109' title="bbox 1794 4684 3332 4762">
    <p class='ocr_par' dir='ltr' id='par_1_109' title="bbox 1794 4684 3332 4762">
     <span class='ocr_line' id='line_1_109' title="bbox 1794 4684 3332 4762; baseline 0 -12"><span class='ocrx_word' id='word_1_780' title='bbox 1794 4698 1845 4750; x_wconf 87' lang='lat' dir='ltr'><strong>in</strong></span> <span class='ocrx_word' id='word_1_781' title='bbox 1871 4698 2034 4749; x_wconf 81' lang='lat' dir='ltr'><strong>Deum</strong></span> <span class='ocrx_word' id='word_1_782' title='bbox 2054 4695 2270 4750; x_wconf 81' lang='lat' dir='ltr'><strong>Patrem</strong></span> <span class='ocrx_word' id='word_1_783' title='bbox 2286 4684 2751 4762; x_wconf 69' lang='lat' dir='ltr'><strong>omnipotentem,</strong></span> <span class='ocrx_word' id='word_1_784' title='bbox 2774 4704 2829 4749; x_wconf 91' lang='lat' dir='ltr'><strong>et</strong></span> <span class='ocrx_word' id='word_1_785' title='bbox 2873 4696 2931 4747; x_wconf 88' lang='lat' dir='ltr'><strong>in</strong></span> <span class='ocrx_word' id='word_1_786' title='bbox 2970 4693 3151 4749; x_wconf 66' lang='lat' dir='ltr'><strong>Iesum</strong></span> <span class='ocrx_word' id='word_1_787' title='bbox 3178 4696 3332 4751; x_wconf 84' lang='lat' dir='ltr'><strong>Chri-</strong></span> 
     </span>
    </p>
   </div>
   <div class='ocr_carea' id='block_1_110' title="bbox 1792 4783 3333 4851">
    <p class='ocr_par' dir='ltr' id='par_1_110' title="bbox 1792 4783 3333 4851">
     <span class='ocr_line' id='line_1_110' title="bbox 1792 4783 3333 4851; baseline 0.001 -13"><span class='ocrx_word' id='word_1_788' title='bbox 1792 4793 1929 4839; x_wconf 86' lang='lat' dir='ltr'><strong>stum</strong></span> <span class='ocrx_word' id='word_1_789' title='bbox 1970 4784 2157 4835; x_wconf 78' lang='lat' dir='ltr'><strong>Filium</strong></span> <span class='ocrx_word' id='word_1_790' title='bbox 2188 4783 2324 4851; x_wconf 78' lang='lat' dir='ltr'><strong>ejus,</strong></span> <span class='ocrx_word' id='word_1_791' title='bbox 2353 4791 2534 4839; x_wconf 70' lang='lat' dir='ltr'><strong>nauta)</strong></span> <span class='ocrx_word' id='word_1_792' title='bbox 2574 4797 2647 4838; x_wconf 75' lang='lat' dir='ltr'><strong>ex</strong></span> <span class='ocrx_word' id='word_1_793' title='bbox 2685 4783 2845 4839; x_wconf 79' lang='lat' dir='ltr'><strong>Patre</strong></span> <span class='ocrx_word' id='word_1_794' title='bbox 2871 4792 2993 4837; x_wconf 82' lang='lat' dir='ltr'><strong>ante</strong></span> <span class='ocrx_word' id='word_1_795' title='bbox 3018 4786 3194 4838; x_wconf 85' lang='lat' dir='ltr'><strong>omnia</strong></span> <span class='ocrx_word' id='word_1_796' title='bbox 3234 4799 3333 4839; x_wconf 74' lang='lat' dir='ltr'><strong>ste-</strong></span> 
     </span>
    </p>
   </div>
   <div class='ocr_carea' id='block_1_111' title="bbox 1792 4871 3331 4938">
    <p class='ocr_par' dir='ltr' id='par_1_111' title="bbox 1792 4871 3331 4938">
     <span class='ocr_line' id='line_1_111' title="bbox 1792 4871 3331 4938; baseline 0 -13"><span class='ocrx_word' id='word_1_797' title='bbox 1792 4873 1937 4932; x_wconf 83' lang='lat' dir='ltr'><strong>cula;</strong></span> <span class='ocrx_word' id='word_1_798' title='bbox 1968 4872 2164 4926; x_wconf 81' lang='lat' dir='ltr'><strong>factum</strong></span> <span class='ocrx_word' id='word_1_799' title='bbox 2191 4887 2256 4924; x_wconf 82' lang='lat' dir='ltr'><strong>ex</strong></span> <span class='ocrx_word' id='word_1_800' title='bbox 2283 4871 2506 4925; x_wconf 87' lang='lat' dir='ltr'><strong>muliere</strong></span> <span class='ocrx_word' id='word_1_801' title='bbox 2536 4873 2588 4923; x_wconf 90' lang='lat' dir='ltr'><strong>in</strong></span> <span class='ocrx_word' id='word_1_802' title='bbox 2619 4879 2856 4938; x_wconf 84' lang='lat' dir='ltr'><strong>tempone</strong></span> <span class='ocrx_word' id='word_1_803' title='bbox 2894 4872 3181 4925; x_wconf 79' lang='lat' dir='ltr'><strong>novissimo</strong></span> <span class='ocrx_word' id='word_1_804' title='bbox 3218 4888 3232 4924; x_wconf 92' lang='lat'><strong><em>:</em></strong></span> <span class='ocrx_word' id='word_1_805' title='bbox 3273 4883 3331 4926; x_wconf 88' lang='lat' dir='ltr'><strong>et</strong></span> 
     </span>
    </p>
   </div>
   <div class='ocr_carea' id='block_1_112' title="bbox 1792 4955 3331 5028">
    <p class='ocr_par' dir='ltr' id='par_1_112' title="bbox 1792 4955 3331 5028">
     <span class='ocr_line' id='line_1_112' title="bbox 1792 4955 3331 5028; baseline 0.001 -17"><span class='ocrx_word' id='word_1_806' title='bbox 1792 4958 1844 5011; x_wconf 92' lang='lat' dir='ltr'><strong>iu</strong></span> <span class='ocrx_word' id='word_1_807' title='bbox 1868 4959 2123 5028; x_wconf 86' lang='lat' dir='ltr'><strong>Spiritum</strong></span> <span class='ocrx_word' id='word_1_808' title='bbox 2150 4968 2391 5015; x_wconf 86' lang='lat' dir='ltr'><strong>sanctum</strong></span> <span class='ocrx_word' id='word_1_809' title='bbox 2408 4994 2423 5018; x_wconf 90' lang='lat'><strong>,</strong></span> <span class='ocrx_word' id='word_1_810' title='bbox 2450 4964 2505 5010; x_wconf 88' lang='lat' dir='ltr'><strong>et</strong></span> <span class='ocrx_word' id='word_1_811' title='bbox 2527 4956 2748 5024; x_wconf 79' lang='lat' dir='ltr'><strong>reliqua.</strong></span> <span class='ocrx_word' id='word_1_812' title='bbox 2776 4955 2970 5024; x_wconf 75' lang='lat' dir='ltr'><strong>Sicque</strong></span> <span class='ocrx_word' id='word_1_813' title='bbox 2996 4956 3331 5026; x_wconf 66' lang='lat' dir='ltr'><strong>coniungitur</strong></span> 
     </span>
    </p>
   </div>
   <div class='ocr_carea' id='block_1_113' title="bbox 1793 5028 3071 5120">
    <p class='ocr_par' dir='ltr' id='par_1_113' title="bbox 1793 5028 3071 5120">
     <span class='ocr_line' id='line_1_113' title="bbox 1793 5028 3071 5120; baseline -0.002 -21"><span class='ocrx_word' id='word_1_814' title='bbox 1793 5047 1883 5120; x_wconf 84' lang='lat' dir='ltr'><strong>[F.</strong></span> <span class='ocrx_word' id='word_1_815' title='bbox 1914 5050 2050 5103; x_wconf 80' lang='lat' dir='ltr'><strong>deest</strong></span> <span class='ocrx_word' id='word_1_816' title='bbox 2079 5044 2347 5115; x_wconf 67' lang='lat' dir='ltr'><strong>Ecclesiae]</strong></span> <span class='ocrx_word' id='word_1_817' title='bbox 2369 5059 2523 5105; x_wconf 82' lang='lat' dir='ltr'><strong>sacro</strong></span> <span class='ocrx_word' id='word_1_818' title='bbox 2548 5043 2693 5108; x_wconf 78' lang='lat' dir='ltr'><strong>fonte</strong></span> <span class='ocrx_word' id='word_1_819' title='bbox 2722 5028 3071 5113; x_wconf 73' lang='lat' dir='ltr'><strong>baptismatis.</strong></span> 
     </span>
    </p>
   </div>
   <div class='ocr_carea' id='block_1_114' title="bbox 2276 5149 2857 5241">
    <p class='ocr_par' dir='ltr' id='par_1_114' title="bbox 2276 5149 2857 5241">
     <span class='ocr_line' id='line_1_114' title="bbox 2276 5149 2857 5241; baseline -0.005 -15"><span class='ocrx_word' id='word_1_820' title='bbox 2276 5173 2349 5227; x_wconf 84' lang='lat' dir='ltr'><strong>De</strong></span> <span class='ocrx_word' id='word_1_821' title='bbox 2385 5149 2624 5226; x_wconf 65' lang='lat' dir='ltr'><strong>unctione</strong></span> <span class='ocrx_word' id='word_1_822' title='bbox 2659 5170 2857 5241; x_wconf 68' lang='lat' dir='ltr'><strong>capitis.</strong></span> 
     </span>
    </p>
   </div>
   <div class='ocr_carea' id='block_1_115' title="bbox 1863 5270 3334 5355">
    <p class='ocr_par' dir='ltr' id='par_1_115' title="bbox 1863 5270 3334 5355">
     <span class='ocr_line' id='line_1_115' title="bbox 1863 5270 3334 5355; baseline -0.003 -18"><span class='ocrx_word' id='word_1_823' title='bbox 1863 5285 1985 5339; x_wconf 84' lang='lat' dir='ltr'><strong>Post</strong></span> <span class='ocrx_word' id='word_1_824' title='bbox 2028 5284 2132 5337; x_wconf 91' lang='lat' dir='ltr'><strong>hoc</strong></span> <span class='ocrx_word' id='word_1_825' title='bbox 2176 5281 2408 5336; x_wconf 86' lang='lat' dir='ltr'><strong>salutare</strong></span> <span class='ocrx_word' id='word_1_826' title='bbox 2455 5270 2741 5343; x_wconf 28' lang='lat' dir='ltr'><strong>lavacrum“</strong></span> <span class='ocrx_word' id='word_1_827' title='bbox 2776 5279 2963 5335; x_wconf 86' lang='lat' dir='ltr'><strong>linitur</strong></span> <span class='ocrx_word' id='word_1_828' title='bbox 3010 5288 3165 5351; x_wconf 86' lang='lat' dir='ltr'><strong>caput</strong></span> <span class='ocrx_word' id='word_1_829' title='bbox 3213 5279 3334 5355; x_wconf 75' lang='lat' dir='ltr'><strong>ejus</strong></span> 
     </span>
    </p>
   </div>
   <div class='ocr_carea' id='block_1_116' title="bbox 1792 5367 3330 5451">
    <p class='ocr_par' dir='ltr' id='par_1_116' title="bbox 1792 5367 3330 5451">
     <span class='ocr_line' id='line_1_116' title="bbox 1792 5367 3330 5451; baseline -0.003 -23"><span class='ocrx_word' id='word_1_830' title='bbox 1792 5388 1945 5429; x_wconf 86' lang='lat' dir='ltr'><strong>sacro</strong></span> <span class='ocrx_word' id='word_1_831' title='bbox 1970 5372 2290 5433; x_wconf 88' lang='lat' dir='ltr'><strong>chrismate,</strong></span> <span class='ocrx_word' id='word_1_832' title='bbox 2334 5368 2475 5431; x_wconf 89' lang='lat' dir='ltr'><strong>unde</strong></span> <span class='ocrx_word' id='word_1_833' title='bbox 2519 5367 2821 5451; x_wconf 81' lang='lat' dir='ltr'><strong>sacerdotes</strong></span> <span class='ocrx_word' id='word_1_834' title='bbox 2859 5376 3106 5451; x_wconf 27' lang='lat' dir='ltr'><strong>et‘regcs</strong></span> <span class='ocrx_word' id='word_1_835' title='bbox 3142 5377 3330 5451; x_wconf 71' lang='lat' dir='ltr'><strong>unctos</strong></span> 
     </span>
    </p>
   </div>
   <div class='ocr_carea' id='block_1_117' title="bbox 1792 5448 3331 5527">
    <p class='ocr_par' dir='ltr' id='par_1_117' title="bbox 1792 5448 3331 5527">
     <span class='ocr_line' id='line_1_117' title="bbox 1792 5448 3331 5527; baseline -0.006 -9"><span class='ocrx_word' id='word_1_836' title='bbox 1792 5455 1909 5518; x_wconf 83' lang='lat' dir='ltr'><strong>esse</strong></span> <span class='ocrx_word' id='word_1_837' title='bbox 1952 5460 2195 5514; x_wconf 88' lang='lat' dir='ltr'><strong>novimus</strong></span> <span class='ocrx_word' id='word_1_838' title='bbox 2237 5458 2290 5512; x_wconf 90' lang='lat' dir='ltr'><strong>in</strong></span> <span class='ocrx_word' id='word_1_839' title='bbox 2332 5450 2507 5513; x_wconf 79' lang='lat' dir='ltr'><strong>Veteri</strong></span> <span class='ocrx_word' id='word_1_840' title='bbox 2552 5448 3031 5527; x_wconf 70' lang='lat' dir='ltr'><strong>Testamento.&#39;m</strong></span> <span class='ocrx_word' id='word_1_841' title='bbox 3070 5448 3331 5525; x_wconf 79' lang='lat' dir='ltr'><strong>intelligat</strong></span> 
     </span>
    </p>
   </div>
   <div class='ocr_carea' id='block_1_118' title="bbox 1793 5530 3329 5617">
    <p class='ocr_par' dir='ltr' id='par_1_118' title="bbox 1793 5530 3329 5617">
     <span class='ocr_line' id='line_1_118' title="bbox 1793 5530 3329 5617; baseline -0.007 -12"><span class='ocrx_word' id='word_1_842' title='bbox 1793 5548 2092 5617; x_wconf 81' lang='lat' dir='ltr'><strong>baptizatus</strong></span> <span class='ocrx_word' id='word_1_843' title='bbox 2117 5545 2290 5615; x_wconf 88' lang='lat' dir='ltr'><strong>regale</strong></span> <span class='ocrx_word' id='word_1_844' title='bbox 2308 5560 2373 5599; x_wconf 89' lang='lat' dir='ltr'><strong>ac</strong></span> <span class='ocrx_word' id='word_1_845' title='bbox 2398 5540 2723 5615; x_wconf 64' lang='lat' dir='ltr'><strong>sacerdotale</strong></span> <span class='ocrx_word' id='word_1_846' title='bbox 2748 5530 3111 5616; x_wconf 47' lang='lat' dir='ltr'><strong>:migisterium</strong></span> <span class='ocrx_word' id='word_1_847' title='bbox 3131 5540 3212 5613; x_wconf 65' lang='lat' dir='ltr'><strong>se</strong></span> <span class='ocrx_word' id='word_1_848' title='bbox 3238 5532 3329 5595; x_wconf 73' lang='lat' dir='ltr'><strong>a‘c-</strong></span> 
     </span>
    </p>
   </div>
   <div class='ocr_carea' id='block_1_119' title="bbox 1796 5618 3329 5704">
    <p class='ocr_par' dir='ltr' id='par_1_119' title="bbox 1796 5618 3329 5704">
     <span class='ocr_line' id='line_1_119' title="bbox 1796 5618 3329 5704; baseline -0.007 -14"><span class='ocrx_word' id='word_1_849' title='bbox 1796 5636 2018 5704; x_wconf 84' lang='lat' dir='ltr'><strong>cepisse,</strong></span> <span class='ocrx_word' id='word_1_850' title='bbox 2057 5630 2363 5701; x_wconf 81' lang='lat' dir='ltr'><strong>quia&#39;illius</strong></span> <span class='ocrx_word' id='word_1_851' title='bbox 2405 5628 2616 5701; x_wconf 78' lang='lat' dir='ltr'><strong>corpori</strong></span> <span class='ocrx_word' id='word_1_852' title='bbox 2664 5618 2930 5699; x_wconf 62' lang='lat' dir='ltr'><strong>adurimus</strong></span> <span class='ocrx_word' id='word_1_853' title='bbox 2954 5624 3185 5695; x_wconf 75' lang='lat' dir='ltr'><strong>est,qui</strong></span> <span class='ocrx_word' id='word_1_854' title='bbox 3213 5624 3329 5680; x_wconf 76' lang='lat' dir='ltr'><strong>Rex</strong></span> 
     </span>
    </p>
   </div>
   <div class='ocr_carea' id='block_1_120' title="bbox 1795 5720 3333 5785">
    <p class='ocr_par' dir='ltr' id='par_1_120' title="bbox 1795 5720 3333 5785">
     <span class='ocr_line' id='line_1_120' title="bbox 1795 5720 3333 5785; baseline -0.008 -4"><span class='ocrx_word' id='word_1_855' title='bbox 1795 5738 2033 5781; x_wconf 88' lang='lat' dir='ltr'><strong>summus</strong></span> <span class='ocrx_word' id='word_1_856' title='bbox 2070 5731 2124 5777; x_wconf 89' lang='lat' dir='ltr'><strong>et</strong></span> <span class='ocrx_word' id='word_1_857' title='bbox 2162 5720 2423 5776; x_wconf 77' lang='lat' dir='ltr'><strong>Sacerdos</strong></span> <span class='ocrx_word' id='word_1_858' title='bbox 2446 5726 2526 5773; x_wconf 87' lang='lat' dir='ltr'><strong>est</strong></span> <span class='ocrx_word' id='word_1_859' title='bbox 2547 5730 2709 5771; x_wconf 87' lang='lat' dir='ltr'><strong>verus</strong></span> <span class='ocrx_word' id='word_1_860' title='bbox 2733 5731 2748 5769; x_wconf 92' lang='lat'><strong>:</strong></span> <span class='ocrx_word' id='word_1_861' title='bbox 2771 5723 2826 5773; x_wconf 87' lang='lat' dir='ltr'><strong>ct</strong></span> <span class='ocrx_word' id='word_1_862' title='bbox 2850 5729 3071 5785; x_wconf 83' lang='lat' dir='ltr'><strong>regnum</strong></span> <span class='ocrx_word' id='word_1_863' title='bbox 3111 5726 3333 5783; x_wconf 81' lang='lat' dir='ltr'><strong>sperare</strong></span> 
     </span>
    </p>
   </div>
  </div>
