4110 6412
623 500 723 551 899

1117 494 1435 547 AMALARII
1475 490 1915 545 TllEVlRENSiS
1953 487 2360 542 AllCllli‘Ii’lSlL.
2405 486 2608 538 lil’ifw'l‘.
2650 486 2731 537 illi

1641 490 1915 545 'lRENSlS
1953 487 2360 542 AllCllli‘Ii’lSlL.
2405 486 2608 538 lil’ifw'l‘.
2650 486 2731 537 illi
2767 484 3038 537 (ἰᾹΞίὶὶίλι.
3074 480 3264 535 liAPT.

3670 477 3769 533 900

572 641 582 650 .
624 605 775 656 debet
804 610 1129 670 perpetuum,
1159 609 1212 652 et
1243 602 1440 653 hostias
1482 599 1824 653 iminaculatze
1873 611 2147 650 conversa-
2174 595 2214 651 Α
2247 592 2424 644 Potest
2444 592 2554 644 ﬁeri
2590 603 2641 643 ut
2676 594 2763 660 qui
2794 593 2963 645 alieno
3007 601 3221 660 peccato
3249 601 3370 644 sunt
3410 589 3576 659 ligati,
3603 589 3768 643 aliena

626 693 783 745 tionis
811 691 914 743 Deo
943 704 1148 757 semper
1172 691 1379 743 oll'erre.

1087 779 1160 831 De
1182 789 1464 846 tegumenta
1498 779 1695 846 capitis.
1823 830 1825 832 .

701 866 916 933 Tegitur
951 874 1130 935 postea
1176 866 1356 918 linteo.
1403 866 1468 916 Et
1500 866 1599 917 hoc
1643 864 1708 917 de
1748 863 1922 915 Veteri
1967 862 2149 913 Testa-

632 959 806 1004 mento
849 961 1169 1019 assumptum
1213 960 1330 1013 est;
1374 951 1450 1003 sic
1491 952 1627 1002 enim
1667 951 1915 1017 scriptum
1963 956 2044 1001 est
2096 947 2148 999 in

632 1039 810 1093 Exodo
834 1058 846 1091 :
872 1038 1031 1091 Filios
1052 1056 1244 1107 quoque
1271 1039 1636 1100 illius,scilicet
1656 1038 1850 1099 Aaron,
1879 1034 2150 1104 applicabis

633 1137 680 1179 et
705 1127 882 1179 indues
910 1128 1091 1179 tunicis
1117 1127 1280 1190 limis,
1308 1128 1569 1195 cingesque
1597 1127 1757 1177 balteo
1784 1165 1797 1185 ,
1823 1126 1993 1177 Aaron
2017 1123 2153 1176 scili-

635 1223 709 1266 cet
745 1223 793 1266 et
835 1213 1012 1266 liberos
1054 1214 1161 1281 ejus
1188 1253 1201 1278 ,
1251 1223 1298 1266 et
1326 1214 1545 1281 impone:
1588 1214 1659 1265 eis
1704 1213 1906 1265 mitram
1941 1210 2149 1279 (Exod.

636 1319 784 1367 xxrs,
809 1304 861 1366 8,
889 1304 961 1371 9).
1005 1303 1122 1357 Jam
1168 1312 1410 1372 percepta
1439 1304 1606 1371 gratia
1646 1302 1779 1356 sacri
1826 1301 2155 1369 baptismatis

634 1406 739 1444 non
768 1390 1058 1445 reconﬁdat
1083 1391 1279 1444 viribus
1305 1392 1431 1453 suis,
1472 1391 1563 1443 sed
1604 1403 1809 1455 semper
1850 1390 2156 1455 deprecetur

635 1486 693 1529 ut
716 1485 983 1544 protectus
1008 1478 1077 1531 sit
1100 1477 1298 1532 cmlesti
1329 1479 1540 1530 auxilio.
1557 1476 1937 1528 Protectionem
1952 1473 2152 1526 Domini

635 1571 938 1628 praeclaram
962 1571 1200 1626 volumus
1224 1571 1513 1638 intelligere
1531 1584 1623 1638 per
1641 1569 1853 1621 linteum
1875 1582 1978 1635 quo
1999 1574 2156 1634 caput

636 1659 847 1726 tegitur.

1192 1726 1273 1780 De
1293 1727 1603 1780 indumento.

709 1829 851 1885 Albis
876 1833 1105 1886 induitur
1136 1834 1491 1896 vestimentis,
1533 1841 1593 1885 ut
1618 1832 1749 1885 sciat
1772 1845 1828 1884 se
1856 1830 2155 1882 inviolatum

640 1930 831 1984 corpus
853 1921 1141 1988 possidere,
1168 1928 1223 1974 et
1244 1892 1503 1974 charitate
1521 1917 1720 1988 Spiritu
1745 1919 1909 1973 sancti
1935 1918 2159 1971 illustra—
2187 1892 2231 1951 Β

641 2014 751 2059 tum
780 2023 870 2061 cor
891 2024 947 2063 se
973 2010 1167 2063 habere
1197 2025 1213 2062 :
1239 2012 1348 2064 sive
1383 2017 1723 2077 recognoscat
1748 2024 1804 2062 se
1832 2008 2084 2076 justitiam
2110 2015 2165 2058 et

642 2094 926 2162 nuptialem
980 2105 1175 2149 vestem
1241 2098 1453 2150 habere.
1490 2094 1610 2150 'Per
1668 2097 1975 2150 vestimenta
2024 2094 2162 2146 enim

642 2196 800 2247 opera
819 2183 1035 2257 justitia:
1062 2184 1441 2253 intelliguntur,
1461 2187 1598 2239 unde
1624 2186 1814 2239 dicitur
1831 2186 1907 2237 eis
1934 2202 1944 2234 :
1978 2183 2162 2236 Sacer-

641 2271 780 2324 dotes
801 2273 1080 2326 induantur
1094 2274 1296 2341 justitia
1328 2272 1494 2343 (Psal.
1522 2290 1697 2335 cxxxl,
1717 2274 1790 2342 9).

854 2382 926 2436 De
960 2382 1341 2450 confirmatione
1368 2383 1590 2451 corporis
1620 2391 1665 2435 et
1694 2381 1974 2450 sanguinis.

711 2488 1062 2542 Conﬁrmatur
1094 2500 1277 2559 postea
1318 2507 1536 2560 corpore
1560 2501 1613 2545 et
1640 2492 1890 2560 sanguine
1916 2491 2120 2544 Domini
2150 2530 2164 2551 ,

644 2577 859 2630 utsciat
893 2593 986 2646 per
1024 2579 1144 2631 talia
1191 2582 1437 2647 mysteria
1487 2580 1749 2641 diabolum
1792 2579 2064 2645 expulsum
2103 2578 2168 2629 ab

642 2664 757 2731 ejus
781 2666 937 2719 corde
960 2705 973 2727 ,
1009 2682 1072 2721 ac
1096 2667 1358 2720 Christum
1396 2667 1685 2721 inhabitare
1712 2669 1781 2720 ita
1811 2675 1868 2718 ut
1906 2664 2170 2718 conﬁden-

646 2756 729 2802 ter
754 2750 990 2806 dicamus
1018 2771 1029 2804 ε
1058 2753 1265 2817 Omnes,
1295 2755 1379 2822 qui
1414 2757 1465 2806 in
1501 2754 1698 2807 Christo
1737 2752 1975 2822 baptismi
2004 2753 2121 2804 estis
2153 2791 2165 2813 ,

645 2834 902 2891 Christum
934 2841 1169 2893 induistis
1197 2840 1333 2909 (Gal.
1361 2857 1440 2902 ιιι,
1467 2841 1574 2910 27).

960 2945 1034 3000 De
1052 2947 1276 3016 parvulis
1308 2967 1406 3002 non
1435 2949 1751 3018 loquentibus
1780 2963 1802 2990 α
1820 2994 1833 3006 .

718 3051 968 3115 Quamvis
993 3054 1195 3122 parvuli
1240 3070 1334 3123 per
1367 3066 1578 3110 :etatem
1618 3072 1719 3110 non
1754 3056 1956 3124 possint
1983 3055 2170 3108 intelli-

650 3151 774 3204 gere
812 3138 976 3206 ipsam
996 3141 1401 3195 conversionem
1430 3143 1494 3196 ad
1518 3144 1680 3196 Deum
1707 3150 1863 3211 atque
1890 3140 2170 3197 credulita-

652 3235 757 3280 tem
787 3266 803 3290 ,
858 3230 1122 3283 credimus
1166 3239 1338 3285 tamen
1379 3247 1470 3286 eos
1496 3234 1578 3287 ad
1626 3233 1899 3287 Dominum
1939 3232 2172 3286 converti

650 3324 865 3383 propter
901 3318 1256 3372 conversionis
1280 3329 1664 3373 sacramentum
1694 3360 1707 3385 ,
1730 3328 1784 3374 et
1804 3320 1957 3374 ﬁdem
1981 3321 2175 3374 habere

650 3410 865 3470 propter
899 3402 1017 3456 ﬁdei
1050 3415 1434 3460 sacramentum
1455 3447 1469 3470 ,
1518 3409 1651 3461 sicut
1679 3407 1897 3477 legimus
1923 3408 1974 3461 in
2000 3408 2175 3477 Augu-

651 3489 776 3541 stini
805 3491 1113 3557 epistola,ad
1140 3493 1458 3548 Bonifacium
1478 3496 1775 3564 episcopum
1799 3535 1813 3558 ,
1855 3496 1919 3549 de
1944 3494 2175 3563 parvulis

653 3578 1029 3646 requirentem,
1056 3581 1145 3633 ubi
1172 3581 1297 3635 dicit
1322 3597 1336 3634 :
1367 3601 1386 3633 ε
1414 3583 1528 3650 ipsa
1553 3586 1822 3652 responsio
1848 3585 1912 3638 ad
1939 3583 2173 3637 celebra-

656 3665 848 3720 tionem
870 3668 1098 3734 pertinet
1125 3671 1461 3735 sacramenti,
1488 3672 1622 3723 sicut
1647 3673 1710 3725 de
1736 3672 1848 3738 ipso
1874 3669 2171 3741 [baptismo]

652 3752 968 3821 Apostolus:
1002 3753 1313 3826 Consepulti,
1348 3759 1537 3827 inquit,
1590 3775 1762 3812 sumus
1814 3776 1928 3812 cum
1978 3757 2176 3811 Christo

654 3859 746 3911 per
770 3844 1071 3912 baptismum
1112 3848 1166 3900 in
1190 3858 1401 3901 mortem
1434 3848 1599 3918 (Rom.
1636 3865 1711 3912 vi,
1751 3851 1824 3921 4).
1861 3851 1974 3903 Non
2002 3858 2177 3902 autem

658 3929 747 3990 ait,
777 3930 1096 3998 sepulturam
1121 3933 1547 4002 signiﬁcavimus,
1570 3936 1660 3990 sed
1678 3951 1893 4004 prorsus
1916 3938 1989 3989 ait
2016 3952 2029 3990 :
2061 3954 2179 3991 con-

656 4017 837 4085 sepulti
863 4035 1057 4081 sumus.
1090 4019 1489 4076 Sacramentum
1516 4038 1639 4092 ergo
1668 4014 1823 4078 tanta:
1856 4026 1931 4079 rei
1953 4021 2178 4081 nonnisi

658 4104 891 4169 ejusdem
934 4109 1011 4161 rei
1039 4109 1290 4163 vocabulo
1333 4113 1668 4177 nuncupavit.
1707 4112 1884 4180 Itaque
1907 4113 2179 4181 parvulum

660 4190 758 4241 etsi
784 4193 1014 4245 nondum
1050 4193 1178 4248 ﬁdes
1201 4196 1284 4249 illa
1307 4237 1319 4259 ,
1352 4212 1468 4265 qua:
1491 4199 1541 4250 in
1563 4199 1883 4252 credentium
1916 4200 2180 4252 voluntate

661 4277 919 4341 consistit,
945 4278 1056 4347 jam
1082 4289 1255 4335 tamen
1283 4284 1447 4351 ipsius
1482 4284 1599 4338 ﬁdei
1629 4294 2014 4339 sacramentum
2057 4287 2180 4339 ﬁde-

662 4361 763 4415 lem
802 4362 945 4418 facit.
972 4366 1103 4421 Nam
1124 4369 1259 4422 sicut
1282 4371 1497 4424 credere
1522 4374 1879 4440 respondetur,
1911 4374 1983 4426 ita
2023 4373 2181 4425 etiam

2246 678 2565 745 professione
2589 680 2875 731 solvantur.

2314 763 2453 827 Πως,
2478 766 2711 832 piissime
2738 766 3038 833 imperator,
3066 780 3224 819 causa
3252 764 3563 818 obedientia:
3596 764 3755 833 posui

2246 868 2380 913 mus,
2409 856 2529 920 quia
2558 855 2767 921 dignum
2794 862 2875 907 est
2895 863 3082 907 vestra:
3107 853 3358 905 voluntati
3380 853 3626 906 omnibus
3646 850 3766 905 viri-

2246 942 2343 994 bus
2374 942 2603 995 obedire.
2654 943 2851 995 Tamen
2905 941 2957 994 in
3003 942 3243 994 omnibus
3285 941 3367 994 his
3403 955 3522 1008 quae
3549 942 3771 995 diximus

2245 1030 2412 1096 parati
2435 1045 2614 1082 sumus
2639 1031 2853 1083 auribus
2880 1029 3137 1082 inclinatis
3178 1045 3207 1082 a
3239 1028 3539 1082 doctoribus
3565 1028 3715 1097 μίση
3742 1046 3770 1082 a

2248 1116 2551 1171 doctoribus
2594 1117 2821 1187 inclytis]
2851 1118 3041 1186 corrigi
3068 1128 3121 1170 et
3144 1119 3427 1177 emendari.
3473 1118 3547 1171 Dc
3595 1130 3773 1172 nostra

2251 1205 2553 1259 credulitate
2581 1207 2691 1259 hmc
2718 1207 2937 1260 dicimus
2960 1215 3013 1260 et
3042 1207 3334 1273 recepimus
3359 1246 3372 1267 ,
3424 1207 3563 1273 quod
3611 1206 3774 1260 Isaias

2249 1290 2380 1342 dixit
2434 1308 2445 1342 :
2497 1290 2709 1343 Verbum
2748 1292 3086 1345 abbret'iatum
3134 1292 3283 1360 faciet
3335 1292 3581 1345 Dominus
3629 1309 3776 1360 super

2250 1386 2438 1429 terram
2473 1376 2636 1447 (Rom.
2672 1395 2743 1443 ιχ,
2768 1379 2875 1447 28).
2908 1380 3182 1433 Credimus
3214 1395 3374 1433 unum
3413 1380 3575 1432 Deum
3600 1380 3773 1432 vivum

2251 1472 2304 1516 et
2327 1480 2505 1517 verum
2538 1481 2743 1533 semper
2765 1481 2878 1519 esse
2905 1467 3279 1520 immutabilem
3303 1506 3315 1530 ,
3349 1475 3525 1519 tamen
3554 1464 3778 1533 mutabi-

2252 1548 2320 1602 lia
2342 1560 2664 1620 operantem.
2693 1568 2956 1620 nunquam
2998 1568 3115 1608 esse
3135 1552 3246 1606 sine
3266 1569 3357 1607 sua
3379 1551 3653 1622 sapientia,
3680 1554 3778 1605 hoc

2252 1648 2333 1691 est
2358 1677 2371 1702 ,
2420 1641 2530 1692 sine
2557 1640 2689 1693 Filio
2717 1657 2841 1701 suo;
2878 1657 3047 1710 neque
3074 1643 3185 1695 sine
3213 1644 3325 1710 ejus
3352 1642 3618 1695 voluntate
3636 1681 3649 1703 ,
3680 1642 3779 1693 hoc

2254 1735 2351 1787 est,
2376 1729 2487 1782 sine
2508 1729 2700 1798 Spiritu
2723 1739 2922 1783 sancto.
2938 1731 3075 1784 Deus
3103 1730 3258 1783 Pater
3281 1730 3329 1782 in
3352 1730 3484 1782 bona
3510 1728 3777 1781 voluntate

2255 1831 2344 1869 sua
2384 1819 2557 1869 omnia
2611 1820 2807 1871 creavit
2848 1834 2942 1887 per
2992 1819 3319 1884 sapientiam.
3366 1815 3639 1870 Credimus
3674 1824 3782 1869 tres

2260 1921 2509 1974 personas
2537 1906 2709 1961 Patris
2733 1917 2785 1959 et
2812 1908 2927 1961 Filii
2956 1916 3009 1960 et
3030 1908 3255 1976 Spiritus
3275 1907 3465 1970 sancti,
3496 1914 3551 1960 et
3582 1906 3779 1972 recepi-

2261 2009 2376 2046 mus
2401 2010 2582 2048 versus
2608 1996 2802 2050 Sedulii
2826 2012 2841 2049 :

2381 2102 2480 2163 i\'nn
2504 2106 2631 2163 quia,
2656 2106 2733 2163 qui
2757 2117 2965 2151 summus
2981 2104 3121 2152 Pater
3145 2112 3238 2161 est,
3263 2117 3306 2152 et
3338 2105 3483 2155 Filius
3498 2106 3576 2155 hic
3597 2115 3688 2153 eat.

2378 2161 2473 2208 Sed
2496 2161 2625 2223 quia,
2645 2161 2771 2223 quod
2794 2177 3003 2211 summus
3024 2164 3163 2212 Pater
3188 2172 3278 2223 νει,
3306 2174 3357 2212 et
3378 2164 3524 2213 Filius
3542 2165 3629 2213 hoc
3648 2170 3741 2211 est.

2261 2260 2447 2314 Filium
2476 2262 2641 2315 solum
2674 2265 3022 2331 assumpsisse
3047 2279 3255 2317 raruem
3294 2266 3598 2327 humanam,
3627 2272 3684 2315 ut
3709 2263 3787 2315 vi-

2263 2347 2430 2401 sibilis
2452 2349 2588 2402 foret
2610 2350 2935 2414 hominibus;
2970 2354 3105 2405 hunc
3131 2353 3473 2420 baptizatum,
3490 2353 3612 2420 quia
3638 2366 3789 2418 opor-

2266 2437 2407 2490 tebat
2430 2452 2524 2490 nos
2548 2438 2801 2506 baptizari
2827 2456 2840 2501 ;
2867 2441 3004 2491 hunc
3025 2447 3285 2492 mortuum
3312 2454 3534 2508 corpore
3574 2440 3787 2498 munde,

2265 2532 2323 2577 ut
2364 2540 2456 2578 nos
2494 2540 2818 2579 morerentur
2869 2528 3135 2593 peccatis;
3194 2526 3331 2579 hunc
3378 2526 3725 2579 resurrexisse
3759 2540 3787 2576 a

2266 2613 2520 2673 mortuis,
2551 2622 2606 2665 ut
2647 2629 2742 2667 nos
2790 2629 3123 2681 speraremus
3152 2614 3618 2675 resurrectionem;
3655 2613 3790 2665 hunc

2266 2709 2541 2753 venturum
2584 2702 2635 2753 in
2677 2702 2962 2754 novissimo
2997 2701 3192 2767 judicio
3221 2738 3236 2764 ,
3264 2701 3472 2768 quando
3500 2698 3791 2769 segregabit

2265 2805 2389 2842 oves
2420 2793 2482 2844 ab
2514 2792 2675 2845 laedis
2700 2831 2711 2853 ,
2740 2800 2793 2844 et
2814 2801 2989 2861 postea
3014 2792 3147 2843 solos
3177 2790 3340 2843 malos
3366 2792 3416 2842 in
3444 2789 3665 2850 inferno,
3695 2789 3792 2839 hoc

2269 2887 2348 2931 est
2378 2918 2392 2940 ,
2445 2879 2496 2929 in
2550 2881 2718 2946 pinnis
2765 2880 3025 2941 victuros;
3053 2878 3220 2944 iustos
3250 2878 3387 2931 solos
3429 2878 3479 2931 in
3512 2890 3672 2945 regno
3699 2876 3789 2929 Dei

2270 2965 2419 3018 beate
2457 2974 2782 3034 regnaturos.
2822 2967 2942 3019 [hoc
2968 2977 3083 3029 est,
3121 2966 3411 3032 justissime
3458 2967 3740 3034 imperator
3774 3004 3789 3027 ,

2270 3060 2446 3104 nostra
2497 3054 2798 3117 credulitas,
2845 3054 2956 3106 haec
2995 3062 3076 3107 est
3117 3069 3236 3122 spes
3262 3053 3432 3118 ﬁrma,
3462 3055 3603 3125 hunc
3629 3054 3792 3107 Deum

2274 3152 2527 3200 amamus,
2564 3153 2718 3205 quem
2747 3138 3013 3193 ardentius
3050 3155 3225 3193 amare
3254 3141 3631 3195 desideramus.

2341 3226 2368 3264 ι)
2400 3225 2635 3289 Dixistis,
2666 3227 2997 3280 serenissimc
3027 3228 3310 3294 imperator
3334 3266 3349 3290 ,
3379 3228 3509 3279 velle
3536 3243 3631 3279 vos
3658 3227 3793 3280 scire

2271 3314 2497 3381 qualiter
2520 3329 2617 3368 nos
2634 3322 2688 3368 et
2711 3314 3024 3384 suﬂ'raganei
3046 3314 3209 3368 nostri
3231 3314 3537 3369 doceremus
3554 3313 3798 3383 populum

2271 3404 2363 3458 Dei
2394 3406 2457 3459 de
2491 3406 2734 3473 baptismi
2779 3415 3128 3460 sacramento.
3163 3406 3281 3461 lltec
3310 3415 3463 3475 prout
3491 3408 3749 3474 potuimus
3778 3447 3793 3469 ,

2271 3491 2674 3559 prielibavimus.
2704 3492 3072 3562 Suﬂraganeus
3095 3502 3177 3547 est
3201 3509 3388 3547 nomen
3419 3495 3603 3549 media:
3622 3495 3805 3564 signi-a

2275 3578 2568 3644 ﬁcationis;
2619 3583 2736 3633 ideo
2781 3582 3045 3635 nescimus
3084 3580 3235 3649 quale
3274 3584 3432 3635 ﬁxum
3465 3584 3515 3637 ei
3544 3597 3800 3651 apponere

2272 3666 2576 3731 debeamus,
2604 3675 2682 3730 ut,
2710 3669 3155 3738 presbyterorum,
3178 3678 3267 3723 aut
3288 3670 3555 3735 abbatum,
3583 3680 3674 3724 aut
3697 3672 3802 3725 dia-

2274 3769 2559 3817 conorum,
2606 3762 2660 3808 et
2701 3763 3007 3809 ceterorum
3058 3758 3310 3826 graduum
3362 3754 3688 3810 inferiorum.
3740 3756 3798 3810 Si

2278 3843 2410 3896 forte
2458 3844 2819 3912 episcoporum
2870 3860 3095 3909 nomen,
3145 3847 3233 3913 qui
3285 3846 3564 3913 aliquando
3614 3856 3801 3899 vestra:

2276 3931 2475 3983 civitati
2508 3931 2726 3998 subjecti
2754 3940 2903 3985 erant
2931 3972 2945 3995 ,
2975 3933 3165 3985 addere
3192 3933 3469 3993 dcbemus,
3501 3948 3595 3987 oro
3618 3942 3677 3987 ut
3701 3934 3801 3986 hoc

2278 4033 2379 4070 non
2410 4018 2629 4085 imputet
2652 4019 2894 4073 dominus
2921 4034 3071 4073 servo
3098 4034 3194 4073 suo
3211 4058 3225 4082 ,
3250 4020 3372 4087 quia
3402 4035 3568 4087 usque
3594 4022 3645 4073 in
3673 4035 3802 4089 pra:-

2279 4122 2398 4161 sens
2428 4116 2755 4175 tempus'non
2786 4124 2900 4161 sum
2924 4125 3082 4163 ausus
3105 4125 3163 4163 ea
3196 4110 3473 4175 attingere,
3501 4124 3618 4176 quas
3652 4109 3802 4162 nobis

2278 4193 2509 4260 iniuncta
2537 4209 2639 4247 non
2669 4202 2817 4257 sunt;
2854 4196 2943 4248 sed
2981 4203 3196 4262 paratus
3220 4210 3334 4248 sum
3355 4195 3590 4248 omnium
3611 4194 3799 4248 Christi

2280 4299 2550 4339 servorum
2569 4285 2787 4353 vestigia
2812 4286 2977 4353 sequi.
3014 4285 3079 4339 Et
3106 4286 3151 4340 si
3173 4285 3307 4338 forte
3333 4286 3756 4354 presbyterorum
3782 4300 3797 4347 ;

2282 4375 2636 4441 supradictum
2657 4373 2893 4427 ordinem
2916 4373 3187 4427 docuimus
3206 4373 3320 4427 illos
3344 4381 3399 4426 et
3420 4373 3799 4433 admonuimus,

662 4449 833 4543 ﬁdelis
855 4463 1110 4543 vocatur;
1142 4471 1253 4523 non
1282 4474 1393 4511 rem
1429 4459 1593 4527 ipsam
1647 4468 1818 4513 mente
1867 4461 2141 4514 annuendo
2164 4502 2178 4525 ,
2210 4450 2263 4543 DA
2281 4470 2338 4517 ut
2388 4477 2524 4529 Step0
2566 4462 2791 4517 doceant
2830 4462 3076 4529 populum
3114 4461 3243 4523 Dei,
3273 4459 3404 4535 varia
3432 4460 3588 4527 hujus
3630 4458 3801 4515 mundi

665 4541 758 4595 sed
782 4541 943 4609 ipsius
970 4546 1045 4596 rei
1072 4555 1453 4602 sacramentum
1484 4549 1833 4617 percipiendo.
1856 4549 1987 4603 Cum
2007 4560 2179 4604 autem

666 4642 726 4683 se
770 4630 926 4685 homo
958 4646 1140 4699 sapere
1184 4638 1436 4703 coeperit,
1485 4654 1586 4692 non
1625 4639 1750 4695 illud
1796 4650 2182 4695 sacramentum

667 4724 907 4784 repetet,
952 4719 1043 4771 sed
1084 4719 1373 4790 intelliget,
1404 4725 1619 4795 ejusque
1652 4727 1906 4781 voluntati
1952 4744 2183 4783 consona

666 4803 780 4871 ejus
808 4803 1072 4859 voluntate
1097 4809 1443 4877 coaptabitur.
1477 4811 1585 4866 Hoc
1612 4815 1839 4881 quandiu
1865 4830 1965 4869 non
1992 4825 2183 4884 potest,

668 4888 863 4942 valebit
897 4901 1282 4947 sacramentum
1310 4896 1377 4949 ad
1404 4897 1518 4965 ejus
1545 4900 1761 4951 tutelam
1792 4901 2043 4955 adversus
2064 4916 2188 4955 con-

670 4978 862 5032 trarias
904 4981 1218 5063 potemtes;
1264 4991 1317 5037 et
1358 4992 1561 5039 tantum
1610 4987 1828 5051 valebit,
1863 4997 1922 5040 ut
1971 4989 2012 5042 si
2067 4999 2188 5043 ante

669 5072 887 5138 majoris
930 5089 1082 5129 usum
1131 5074 1259 5146 [Al.,
1288 5086 1408 5132 ante
1454 5080 1668 5148 majoris
1702 5092 1856 5136 usum
1883 5082 2082 5143 aetatis,
2113 5081 2189 5135 vel

672 5170 703 5211 ι
733 5158 951 5213 rationis
991 5160 1112 5233 usu]
1138 5177 1205 5216 ex
1231 5163 1331 5234 hac
1368 5165 1476 5218 vita
1512 5166 1864 5235 emigraverit,
1893 5181 1989 5234 per
2020 5168 2189 5237 ipsum

637 5314 641 5318 ι
672 5254 1077 5311 sacramentum,
1103 5251 1505 5304 commendante
1542 5252 1787 5307 Ecclesiae
1823 5251 2098 5318 charitate,
2125 5255 2191 5307 ab

673 5334 763 5388 illa
787 5335 1216 5391 condemnatione
1237 5352 1353 5407 qua
1382 5353 1478 5408 per
1507 5354 1667 5394 unum
1697 5341 1958 5395 hominem
1978 5341 2193 5395 intravit

673 5421 732 5474 in
767 5424 1037 5488 mundum,
1083 5420 1383 5506 Christiano
1408 5423 1666 5493 adjutorio
1706 5428 1973 5482 liberetur.
2003 5446 2022 5479 ι
2057 5427 2193 5482 Huc-

678 5522 846 5578 usque
895 5509 1217 5581 Augustinus
1271 5515 1335 5569 de
1388 5514 1621 5585 parvulis
1674 5532 1777 5571 non
1840 5517 2191 5594 loquentibus.

749 5630 773 5657 -
799 5618 855 5697 ip
874 5619 990 5674 00d.
1014 5619 1070 5675 s.
1092 5622 1224 5697 Galli
1250 5624 1487 5697 Titulus:
1516 5625 1592 5697 ne
1628 5627 1851 5696 paruulis
1887 5601 2196 5680 nonintelli-

683 5688 907 5754 gentibus
936 5698 981 5740 et
1010 5698 1127 5742 tunc
1152 5691 1304 5758 ﬁdem
1331 5688 1645 5748 habentime

2283 4549 2577 4617 relinquere
2599 4555 2651 4602 et
2673 4563 2794 4602 vera
2818 4548 3049 4601 coelestia
3078 4555 3276 4616 petere.
3314 4546 3393 4600 Ex
3420 4546 3541 4610 hoc,
3561 4547 3697 4600 unde
3722 4562 3803 4600 me

2280 4638 2421 4705 cogit
2442 4646 2614 4692 vestra
2631 4636 2799 4705 jussio
2828 4636 3143 4705 respondere
3171 4652 3183 4686 :
3217 4635 3262 4687 si
3286 4634 3339 4687 in
3373 4634 3490 4696 hoc,
3518 4636 3652 4702 quod
3676 4649 3803 4702 ρων-

2282 4728 2416 4790 dico,
2446 4743 2526 4780 me
2553 4728 2716 4796 ipsum
2744 4726 3050 4789 custodiam,
3078 4725 3150 4778 ita
3188 4724 3477 4793 respondeo
3502 4741 3513 4776 :
3540 4720 3692 4775 Oculi
3710 4724 3805 4775 mei

2282 4831 2474 4884 semper
2498 4815 2566 4866 ad
2595 4814 2891 4876 Dominum,
2914 4814 3158 4881 quoniam
3182 4814 3287 4878 ipse
3310 4811 3482 4865 evellet
3511 4812 3573 4864 de
3627 4811 3804 4881 laqueo

2282 4903 2429 4971 pedes
2453 4917 2588 4955 meos
2621 4899 2787 4970 (Psal.
2811 4915 2957 4963 xstv,
2981 4898 3087 4967 15).
3120 4898 3284 4961 Sciat,
3306 4898 3517 4950 domine
3542 4898 3616 4949 mi
3641 4935 3657 4960 ,
3688 4911 3806 4950 san-

2284 4990 2517 5043 ctissima
2548 4987 2858 5057 gubernatio
2894 4995 3069 5040 vestra
3089 5027 3103 5051 ,
3129 4986 3256 5040 nulli
3284 4999 3367 5039 me
3394 4984 3683 5051 praedicare
3706 5021 3723 5049 ,
3749 4992 3805 5037 ut

2284 5086 2484 5145 peccet.
2517 5077 2582 5130 Et
2610 5085 2785 5130 tamen
2806 5076 2978 5131 recolo
2998 5074 3310 5130 sententiam
3329 5073 3469 5128 beati
3493 5070 3696 5137 Jacobi,
3720 5072 3805 5127 ubi

2287 5168 2398 5220 ait:
2425 5165 2491 5218 In
2518 5164 2690 5218 multis
2717 5167 2851 5218 enim
2897 5162 3198 5231 offendimus
3232 5177 3399 5215 omnes
3426 5158 3563 5230 (lac.
3612 5176 3695 5225 ιιι,
3730 5160 3800 5227 2).

2288 5253 2417 5307 Cum
2440 5266 2680 5306 summus
2704 5250 2897 5306 Christi
2916 5251 3219 5320 loqueretur
3240 5248 3521 5318 apostolus,
3540 5249 3803 5316 praemisit,

2287 5344 2343 5393 in
2375 5339 2549 5393 multis
2574 5377 2588 5402 ,
2615 5346 2668 5392 et
2688 5337 2973 5407 subjunxit,
3013 5353 3217 5399 omnes;
3258 5342 3316 5387 ut
3342 5342 3488 5388 tanto
3512 5334 3719 5387 cautius
3751 5344 3808 5384 se

2292 5428 2578 5500 imperfecti
2603 5443 2812 5498 quoque
2839 5429 2892 5483 in
2935 5427 3215 5495 loquendo,
3249 5423 3331 5477 vel
3359 5423 3563 5494 agendo
3590 5422 3801 5476 circum-

2293 5517 2535 5587 spiciant,
2566 5525 2763 5586 quanto
2785 5515 2982 5570 certius
3009 5511 3383 5579 cognoverint,
3413 5508 3538 5576 quia
3563 5523 3658 5564 nec
3687 5520 3796 5579 per»

2361 5630 2388 5668 δ
2419 5628 2545 5683 Vide
2571 5618 2689 5695 quas
2714 5627 2939 5689 diximus
2967 5604 3243 5679 ln’idonito
3275 5619 3487 5690 praevio.
