4110 6480
582 56 1707 113 ΑΜ

1769 0 3413 83 μετη-
3732 8 3889 17 η

124 570 223 624 929

1417 560 1953 618 ΡοεΝιτεΝτιΑως.

3160 562 3261 616 930

124 680 397 746 episcopus
433 675 587 730 debet
632 673 843 727 missam
886 686 1063 743 agere,
1089 680 1144 726 et
1180 685 1301 725 eum
1341 672 1647 725 benedicere
1673 673 1722 730 Α
1748 680 1895 726 turas
1924 691 1938 726 :
1978 680 2033 726 et
2062 686 2181 725 cum
2204 668 2363 739 positi
2404 666 2598 723 fuerint
2624 669 2677 723 in
2714 668 2987 738 sepulcris,
3034 669 3268 726 funditur

128 764 375 815 inclinato
400 761 605 829 capite,
632 774 751 813 eum
771 759 970 814 duobus
994 757 1076 813 vel
1118 759 1286 812 tribus
1313 758 1535 823 testibus
1577 757 1644 810 de
1738 775 1835 827 pro
1874 760 1955 815 eis
1995 761 2181 814 oratio.
2212 759 2445 826 Denique
2471 758 2633 811 humo
2655 756 2738 810 vel
2763 764 2909 824 petra
2935 758 3265 824 operiuntur.

129 850 377 905 fratribus
405 850 536 915 suis,
570 855 622 902 et
645 832 804 903 donet
838 848 889 901 ei
913 846 1153 900 baculum
1178 854 1232 900 et
1252 844 1483 914 pedules.
1515 844 1648 898 San-

1741 850 1918 906 Prima
1938 856 1992 903 et
2016 849 2169 903 tertia
2195 855 2251 901 et
2286 862 2440 909 nona,
2469 862 2568 901 nec
2605 861 2708 899 non
2738 846 3005 914 trigesima
3053 841 3139 900 die
3171 861 3272 913 pro

130 946 225 989 ctu:
253 935 506 989 moniales
527 948 654 988 vero
690 933 933 988 basilicas
960 932 1061 987 libi
1101 932 1409 1013 commissas
1442 945 1649 999 semper
1741 938 1821 992 eis
1838 938 2007 992 missa
2025 945 2227 1005 agatur.
2276 935 2477 989 Exinde
2500 942 2619 1001 post
2642 948 2858 996 annum,
2909 933 2953 986 si
2988 927 3265 995 voluerint,

130 1025 315 1081 debent
341 1036 667 1077 consecrare.
706 1019 872 1074 Grzeci
894 1019 1050 1074 simul
1068 1019 1381 1073 benedicunt
1416 1016 1646 1079 viduam,

129 1121 177 1162 et
203 1110 479 1179 virginem,
506 1118 561 1162 et
574 1115 862 1181 utramque
880 1121 1089 1176 semper
1107 1108 1299 1161 habent
1322 1119 1645 1160 consecrare.

133 1196 381 1249 Abbatem
412 1194 629 1263 eligunt.
668 1194 891 1246 Romani
917 1207 1020 1247 non
1047 1192 1221 1246 velant
1245 1192 1474 1245 viduam.
1502 1202 1528 1229 ι
1556 1189 1653 1243 Se-

131 1282 355 1345 cundum
408 1279 618 1336 Grecos
675 1279 981 1348 presbytero
1033 1279 1159 1336 licet
1204 1279 1459 1348 virginem
1484 1280 1652 1331 sacro

130 1369 385 1425 velamine
404 1383 731 1432 consecrare,
752 1376 806 1422 et
828 1368 1165 1422 reconciliare
1201 1369 1557 1437 pmnitentem,
1598 1374 1653 1418 et

132 1458 301 1511 facere
327 1458 498 1511 oleum
544 1458 896 1512 exorcizatum
922 1496 936 1521 ,
984 1467 1037 1511 et
1070 1457 1290 1511 inﬁmis
1330 1456 1579 1519 chrisma,
1608 1458 1652 1509 si

132 1562 343 1600 necesse
366 1555 464 1599 est.
489 1545 785 1601 Secundum
818 1546 1085 1601 Romanos
1107 1560 1209 1599 non
1238 1545 1377 1608 licet,
1410 1544 1510 1597 nisi
1546 1544 1653 1612 epi-

132 1649 290 1702 scopo
313 1634 433 1689 soli.
781 1679 785 1682 .
829 1660 839 1670 -
1032 1671 1035 1674 μ

724 1718 944 1773 CAPUT
969 1718 1056 1773 Π.

473 1805 548 1859 De
575 1804 889 1875 baptismatis
913 1803 1312 1871 conﬁrmatione.

174 1898 250 1961 plu
280 1896 593 1965 baptismate
628 1895 957 1949 dimittuntur
978 1908 1081 1947 non
1118 1892 1661 1961 conjunctionesmua

1744 1034 1997 1079 servetur.
2026 1024 2040 1074 l
2083 1024 2252 1077 Missa
2283 1037 2410 1075 vero
2438 1022 2766 1075 stecnlarium
2792 1029 3115 1075 mortuorum
3160 1030 3271 1075 tres

1745 1111 1797 1163 in
1827 1125 1983 1175 anno,
2016 1111 2173 1163 tertia
2206 1110 2313 1172 die,
2334 1118 2388 1161 et
2412 1122 2567 1169 nona,
2603 1114 2656 1161 et
2682 1108 2980 1175 trigesima;
3016 1108 3136 1175 quia
3158 1123 3273 1160 sur-

1746 1198 1883 1250 rexit
1926 1196 2179 1249 Dominus
2226 1196 2389 1248 tertia
2432 1196 2536 1258 die,
2570 1203 2623 1247 et
2665 1209 2803 1247 nona
2848 1195 2979 1249 hora
3031 1195 3274 1262 spiritum

1744 1286 1941 1348 emisit,
1968 1292 2022 1337 et
2064 1283 2278 1353 triginta
2322 1282 2510 1336 diebus
2552 1281 2783 1350 Moysem
2825 1280 3141 1349 planxerunt
3178 1280 3273 1334 ﬁlii

1746 1371 1926 1429 Israel.
1960 1368 2019 1423 ln
2052 1369 2211 1431 missa
2252 1382 2461 1436 quoque
2500 1368 2877 1421 monachorum
2904 1381 2999 1434 per
3046 1366 3278 1437 singulas

1747 1462 2065 1530 septimanas
2102 1460 2315 1514 nomina
2354 1458 2574 1512 recitare
2608 1470 2723 1510 mos
2747 1464 2846 1509 est.
2894 1455 2996 1510 Pro
3031 1454 3281 1509 defuncto

1751 1551 2008 1605 monacho
2034 1549 2194 1603 missa
2222 1557 2410 1617 agatur
2448 1547 2531 1601 die
2557 1546 2841 1615 sepulturae
2866 1545 2999 1613 eius,
3043 1553 3097 1597 et
3122 1543 3278 1597 tertia

1750 1640 1882 1694 die:
1924 1645 2125 1706 postea,
2174 1644 2427 1705 quantum
2472 1635 2703 1690 voluerit
2741 1636 2904 1689 abbas
2947 1652 2959 1684 :
2995 1649 3093 1701 pro
3145 1633 3281 1687 laico

1750 1729 1899 1781 bono.
1912 1727 2067 1781 tertia
2088 1726 2171 1780 die
2189 1725 2270 1779 vel
2286 1725 2535 1793 septima;
2558 1722 2664 1792 [ΑΙ.
2689 1723 2833 1785 αόἀη
2859 1733 2977 1791 post
2992 1712 3277 1791 jejunium:

1753 1812 2150 1880 pm‘pmnitente
2168 1811 2431 1880 trigesima
2446 1808 2553 1879 die]
2580 1816 2632 1863 et
2650 1809 2979 1877 propinquos.
2992 1808 3105 1875 ejus
3127 1823 3283 1877 opor-

1758 1909 1829 1953 tet
1843 1899 2087 1969 jejunare
2110 1908 2311 1967 septem
2353 1885 2559 1961 diebus,
2584 1906 2638 1952 et
2663 1898 2979 1953 oblationem
3006 1896 3195 1951 offerre
3219 1900 3286 1951 ad

130 1963 493 2053 herum—quia
522 1984 614 2039 ﬁlii
635 1984 725 2053 qui
763 1992 884 2037 ante
906 1984 1245 2051 baptismum,
1277 1983 1355 2037 sic
1400 1991 1454 2037 et
1483 1989 1658 2052 poste-
1685 1963 1732 2021 Β
1758 1963 1943 2051 altare,
1970 1989 2106 2043 sicut
2139 1963 2193 2041 in
2215 1986 2339 2041 Jesu
2367 1986 2458 2039 ﬁlii
2482 1985 2672 2041 Sirach
2699 1986 2892 2055 legitur
2925 2004 2942 2039 :
2965 1995 3015 2040 et
3042 2003 3135 2056 pro
3157 1986 3289 2041 Sui

130 2076 331 2129 riornm
372 2073 520 2127 ﬁunt.
574 2073 629 2128 Si
673 2078 798 2128 vero
844 2088 947 2127 non
981 2080 1333 2142 putaturesse
1370 2086 1502 2127 uxor
1552 2071 1655 2143 [ΑΙ.

131 2162 449 2235 add._ergo],
481 2178 578 2219 nec
601 2163 694 2218 ﬁlii
715 2171 835 2218 ante
855 2164 1088 2234 generati
1112 2177 1208 2232 pm
1232 2162 1357 2217 ﬁliis
1379 2162 1658 2226 habentur,

130 2268 227 2306 nec
256 2254 396 2308 inter
416 2268 473 2308 se
494 2252 685 2309 fratres
709 2268 916 2317 vocare,
944 2253 1027 2307 vel
1046 2252 1369 2308 hereditatis
1394 2256 1663 2308 consortes

132 2339 245 2393 ﬁeri
274 2347 514 2408 possunt.
548 2338 607 2392 Si
648 2338 765 2408 quis
792 2337 999 2408 gentilis
1024 2336 1411 2406 eleemosynam
1452 2336 1659 2401 fecerit,
1698 2376 1699 2379 η

134 2428 239 2496 μί.
264 2426 389 2478 add.
407 2432 465 2477 et
484 2423 852 2479 abstinentiam
878 2423 1116 2487 haberet,
1137 2420 1266 2492 etc.]
1292 2428 1347 2476 et
1372 2421 1473 2474 alia
1505 2421 1663 2485 bona,

133 2528 252 2581 quae
280 2506 593 2565 enumerare
621 2526 724 2565 non
762 2523 1060 2580 possumus,
1102 2509 1336 2579 nunquid
1363 2522 1425 2564 ea
1466 2508 1522 2561 in
1567 2508 1663 2562 ba—

134 2601 329 2669 ptismo
379 2600 638 2668 perdidit?
661 2599 774 2652 Non
824 2598 1019 2654 bonum
1069 2596 1280 2667 aliquod
1330 2598 1521 2666 perdit,
1573 2594 1666 2651 sed

134 2686 329 2739 malum
358 2685 540 2738 abluit.
584 2684 694 2738 Hoc
734 2686 763 2725 δ
796 2683 1127 2738 innocentius
1170 2698 1301 2751 papa
1326 2684 1395 2737 de
1424 2684 1668 2737 catechu-

137 2786 293 2824 meno
336 2780 480 2838 gesta
507 2784 602 2836 pro
629 2769 865 2836 exemplo
909 2782 1108 2837 ponens
1152 2767 1445 2822 allirmavit.
1474 2778 1498 2838 9
1536 2767 1670 2823 Gre-

137 2861 317 2929 gorius
344 2859 705 2913 Nazianzenus
730 2859 857 2913 dicit
879 2859 1166 2913 secundum
1192 2858 1508 2927 baptismum
1552 2872 1671 2913 esse

137 2953 511 3022 lacrymarum.
549 2951 755 3006 Nullum
796 2950 1085 3020 perfectum
1107 2952 1370 3007 credimus
1401 2951 1456 3005 in
1500 2950 1672 3020 bapti-

142 3060 279 3099 smo.
338 3035 799 3097 Conﬁrmationem
860 3042 1092 3111 episcopi
1153 3057 1258 3097 non
1308 3042 1666 3111 disputamus;

139 3132 162 3170 δ
187 3130 363 3185 tamen
387 3129 439 3183 in
465 3129 671 3183 Nicaeus
702 3129 898 3198 synodo
928 3129 1026 3182 fuit
1050 3129 1279 3183 chrisma
1305 3128 1672 3185 constitutum.

143 3231 166 3257 ο
192 3219 404 3272 Pannos
431 3216 742 3270 chrismatos
770 3215 960 3269 iterum
978 3229 1133 3283 super
1165 3207 1325 3267 alium
1348 3214 1671 3282 baptizatum

1698 3261 1744 3324 α

1757 2078 1853 2146 ﬁlii
1890 2076 2058 2131 Israel
2099 2077 2481 2145 jejauaomnt,
2508 2082 2709 2143 postea,
2760 2075 2988 2143 quandiu
3029 2073 3292 2128 voluerint

1756 2167 2067 2237 presbyteri.
2098 2168 2124 2205 κ
2152 2165 2299 2219 Multi
2328 2165 2511 2219 dicunt
2541 2178 2646 2219 non
2673 2163 2834 2217 licere
2877 2177 2973 2233 pro
3002 2162 3304 2216 infantibus

1758 2256 1950 2311 missas
1971 2254 2144 2309 facere
2168 2261 2290 2307 ante
2317 2261 2517 2321 septem
2541 2266 2725 2306 annos.
2764 2249 2868 2305 Sed
2890 2252 3014 2305 licet
3045 2248 3061 2289 ι
3098 2249 3295 2320 Diony-

1759 2346 1869 2401 sius
1896 2342 2207 2411 Areopagita
2244 2341 2385 2395 dicat
2404 2339 2787 2407 blasphemiam
2835 2339 2944 2395 Deo
2982 2337 3176 2401 facere,
3203 2336 3294 2405 qui

1760 2430 1949 2485 missas
1964 2428 2119 2483 otl‘ert
2144 2442 2241 2498 pro
2263 2426 2408 2491 malo
2431 2427 2642 2483 homine
2666 2444 2678 2478 :
2712 2438 2752 2465 -ι
2768 2425 3092 2494 Augustinus
3119 2434 3294 2479 tamen

1762 2518 1891 2573 dicit
1918 2533 2012 2587 pro
2037 2518 2280 2572 omnibus
2316 2516 2633 2573 Christianis
2676 2515 2777 2569 hoc
2816 2529 2935 2569 esse
2972 2513 3294 2574 faciendum.

1763 2608 1886 2678 quia
1910 2609 2011 2662 hoc
2030 2606 2112 2679 vel
2136 2606 2215 2661 eis
2256 2605 2465 2674 proﬁcit.
2504 2611 2595 2657 aut
2615 2602 2971 2666 olerentibus,
3001 2611 3092 2655 aut
3118 2610 3298 2670 peten-

1768 2698 1925 2751 tibus.
1955 2696 2021 2749 Et
2045 2710 2150 2749 non
2175 2703 2257 2749 est
2284 2694 2485 2748 licitum
2523 2692 2712 2745 missas
2739 2691 3009 2744 celebrare
3029 2691 3300 2759 presbyte—

1768 2798 1843 2847 ro,
1873 2780 1955 2836 vel
1980 2782 2220 2844 diacono,
2254 2780 2340 2835 cui
2364 2794 2468 2835 non
2488 2778 2633 2843 licet,
2669 2776 2749 2831 vel
2770 2777 2862 2848 qui
2890 2792 2995 2832 non
3014 2777 3126 2831 vult
3158 2792 3301 2832 com-

1767 2871 2073 2936 munionem
2097 2869 2357 2939 accipere.

2358 2994 2580 3051 cum
2622 2992 2705 3049 ιι.
2786 3068 2789 3069 ί

1886 3106 1990 3173 Δυιε
2008 3105 2303 3172 abbatibus,
2334 3114 2382 3160 et
2402 3104 2685 3168 monachis,
2714 3102 2792 3159 uel
2818 3102 3153 3157 monasteriis.

1840 3212 2240 3284 IIAbbaspotest
2257 3228 2353 3284 pro
2375 3212 2671 3266 humilitate
2692 3225 2813 3265 cum
2830 3210 3175 3279 permissioue
3199 3210 3307 3279 epi-

141 3307 342 3376 imponi
365 3320 471 3358 non
494 3313 570 3358 est
597 3296 898 3358 absurdum.
928 3302 954 3361 ηί
984 3302 1042 3357 In
1080 3302 1469 3360 catechumeme
1502 3311 1556 3356 et
1580 3302 1677 3358 ba-
1698 3296 1744 3324 υ
1776 3300 1922 3371 seOpi
1981 3299 2155 3358 locum
2215 3315 2369 3356 suum
2427 3300 2823 3369 derelinquere;
2889 3307 3065 3354 tamen
3113 3299 3312 3354 fratres

141 3393 404 3460 ptismate
426 3400 479 3444 et
500 3389 893 3444 conﬁrmatione
920 3402 1058 3443 unus
1078 3397 1252 3457 potest
1276 3404 1393 3443 esse
1434 3398 1606 3457 pater,
1633 3388 1681 3443 si

142 3490 360 3534 necesse
382 3479 453 3531 sit
482 3495 494 3529 :
526 3493 630 3531 non
652 3485 734 3531 est
760 3485 933 3531 tamen
970 3478 1312 3531 consuetudo.
1347 3475 1449 3530 Per
1477 3476 1681 3546 singula

146 3556 340 3635 singuli
381 3565 695 3633 suscipiunt.
726 3566 749 3603 ε
782 3562 895 3617 Non
921 3563 1043 3635 licet
1088 3564 1246 3617 alium
1275 3564 1560 3633 suscipere,
1590 3566 1681 3633 qui

148 3670 253 3707 non
280 3660 356 3708 es'
387 3652 703 3720 baptizatus.
729 3649 857 3704 Viro
877 3658 1054 3703 autem
1075 3648 1203 3703 licet
1223 3648 1469 3704 feminam
1509 3654 1683 3713 susci-

148 3761 274 3813 pere
302 3746 356 3798 in
397 3745 676 3812 baptismo,
724 3742 964 3796 similiter
988 3749 1043 3795 et
1069 3740 1278 3795 femina:
1298 3742 1468 3795 virum
1516 3744 1683 3797 susci-

146 3847 296 3901 pere.
318 3833 345 3871 ι
380 3830 494 3885 Non
516 3831 639 3884 licet
664 3828 943 3898 baptizatis
968 3840 1087 3881 cum
1118 3826 1508 3894 catechumenis
1526 3844 1679 3895 man-

147 3921 346 3974 ducare
384 3918 492 3990 [Αι.
530 3920 680 3983 adut,
720 3931 889 3986 neque
915 3915 1149 3975 oscinum
1173 3916 1252 3970 eis
1278 3915 1446 3988 dare],
1485 3928 1681 3986 quanto

149 4008 323 4075 magis
340 4008 642 4075 gentilibus.

754 4088 975 4145 CAPUT
1009 4086 1076 4144 Υ.

380 4177 456 4247 De
476 4178 628 4232 missa
655 4177 1007 4245 defunctorum
1043 4184 1090 4229 et
1118 4186 1453 4231 mortuorum.

224 4272 241 4309 ἱ
278 4266 579 4322 Secundum
619 4265 906 4321 Romanam
932 4264 1217 4319 Ecclesiam
1258 4274 1475 4328 mosest
1502 4266 1682 4322 mona-

150 4358 281 4411 chos
302 4356 385 4409 vel
408 4355 678 4424 religiosos
701 4352 973 4408 defunctos
996 4346 1049 4405 in
1073 4352 1346 4416 ecclesiam
1374 4363 1607 4421 portare,
1622 4364 1682 4410 et
1712 4390 1715 4395 ι

149 4462 271 4505 cura
294 4444 580 4500 chrismate
602 4456 794 4510 ungere
817 4449 1048 4510 pectora,
1076 4440 1250 4508 ibique
1274 4454 1369 4509 pro
1394 4441 1470 4496 eis
1491 4443 1681 4510 missas

1776 3389 1971 3458 eligant
1997 3388 2098 3443 sibi
2123 3388 2366 3442 abbatem
2395 3387 2459 3441 de
2481 3386 2631 3454 ipsis,
2660 3387 2705 3440 si
2741 3384 2971 3449 habent;
3004 3386 3086 3438 sin
3112 3385 3308 3450 autem,

1776 3477 1843 3531 de
1865 3477 2153 3531 extraneis.
2185 3484 2210 3511 ο
2236 3476 2345 3531 Nec
2367 3476 2645 3545 episcopus
2663 3474 2817 3529 debet
2843 3473 3095 3529 violenter
3118 3474 3311 3528 retine-

1777 3579 1836 3618 re
1860 3564 2101 3620 abbatem
2132 3565 2187 3618 in
2212 3564 2329 3619 loco
2364 3578 2479 3618 suo.
2516 3562 2864 3633 Congregatio
2899 3560 3053 3617 debet
3080 3560 3179 3617 sibi
3217 3561 3316 3617 eli-

1777 3667 1899 3722 gere
1921 3653 2164 3707 abbatem
2202 3659 2322 3719 post
2343 3650 2456 3720 eius
2479 3658 2726 3717 mortem,
2765 3644 2859 3716 aut
2906 3665 2969 3704 eo
3000 3648 3229 3715 vivente,
3267 3651 3313 3704 si

1784 3739 2087 3794 discesserit
2114 3738 2196 3792 vel
2237 3737 2554 3806 peccaverit.
2596 3732 2712 3805 ipse
2737 3750 2844 3790 non
2869 3743 3045 3804 potest
3085 3734 3313 3803 aliquem

1742 3868 1745 3869 γ
1780 3828 2030 3882 ordinare
2051 3826 2117 3880 de
2142 3825 2252 3905 suis
2279 3823 2602 3893 propinquis,
2628 3837 2797 3892 neque
2815 3822 3022 3887 alienis,
3039 3838 3136 3877 nec
3153 3822 3313 3878 alitun

1776 3916 2019 3971 abbatem
2040 3916 2165 3973 dare
2193 3914 2306 3970 sine
2328 3914 2596 3969 voluntate
2623 3911 2868 3973 fratrum
2899 3922 2927 3961 ν
2958 3910 3015 3966 Si
3042 3925 3167 3976 vero
3190 3926 3315 3982 pec—

1776 4002 1974 4057 caverit
1997 4000 2177 4064 abbas,
2213 4000 2459 4069 episcopo
2499 4014 2604 4054 non
2633 3999 2757 4054 licet
2804 3995 2988 4054 tollere
3030 4001 3317 4068 possessio-

1776 4103 1897 4144 nem
1944 4077 2272 4152 monasterii,
2314 4088 2566 4157 quamvis
2618 4086 2920 4157 peecaverit
2961 4088 3127 4147 abbas
3163 4106 3177 4141 :
3221 4088 3314 4144 sed

1776 4178 1951 4231 mittat
1973 4191 2093 4232 eum
2119 4177 2173 4230 in
2214 4175 2356 4229 aliud
2390 4176 2768 4251 monasterium
2812 4176 2867 4228 in
2890 4182 3150 4245 potestate
3190 4175 3321 4229 alte-

1777 4267 1888 4336 rius
1921 4267 2146 4322 abbatis.
2174 4265 2289 4321 Non
2324 4265 2447 4319 licet
2487 4265 2683 4329 abbati,
2714 4279 2889 4338 neque
2924 4265 3169 4335 episcopo
3209 4275 3317 4320 ter-

1777 4372 1891 4412 ram
1937 4357 2175 4411 ecclesia:
2198 4364 2507 4413 convertere
2546 4357 2615 4411 ad
2655 4357 2837 4422 aliam,
2883 4356 3127 4427 quamvis
3152 4356 3321 4409 ambae

1779 4446 1833 4500 in
1855 4454 2113 4516 potestate
2142 4446 2258 4515 eius
2280 4446 2406 4500 sint.
2434 4456 2461 4496 τι
2483 4446 2539 4499 Si
2566 4453 2770 4501 mutare
2792 4445 2906 4499 vult
2927 4454 3123 4498 terram
3152 4444 3319 4497 eccle—

153 4537 451 4598 celebrare;
494 4532 679 4587 deinde
702 4545 823 4586 cum
861 4532 1157 4586 cantatione
1186 4540 1396 4601 portare
1421 4535 1488 4587 ad
1511 4534 1684 4603 s'epul—
1709 4562 1761 4624 ι)
1783 4539 1894 4605 size,
1924 4538 2082 4593 faciat
2102 4552 2221 4592 cum
2255 4537 2475 4592 consilio
2492 4537 2738 4605 episcopi,
2770 4544 2824 4590 ct
2862 4536 3084 4590 fratrum
3100 4518 3315 4624 suorum

224 4730 250 4757 ι
283 4714 486 4769 Theod.
506 4703 668 4781 'capit.
695 4711 783 4781 20,
808 4719 852 4781 7t.
876 4708 946 4764 IX
962 4708 1229 4781 ‘Splcileg.

574 4774 1122 4900 ξιμωιηίςεειξειῖεξν
1302 4774 1387 4898 ξε
1434 4778 1586 4847 ac
1623 4777 1682 4843 ι

155 4869 271 4922 cap.
296 4848 361 4913 2;
393 4848 546 4917 epist.
574 4844 667 4908 22;
689 4860 804 4914 cap.
824 4846 889 4907 2;
916 4844 1001 4914 ep.
1037 4844 1128 4911 23,
1156 4844 1272 4911 cap.
1302 4844 1356 4898 6.

225 4932 248 4958 ο
280 4914 603 4986 Gr‘eg._Naz.
628 4914 683 4986 in
711 4921 846 4967 orat.
884 4913 971 4966 '59.

176 4998 189 5012 ‘
224 4988 250 5025 «1
280 4981 482 5039 Theod.
506 4997 629 5051 cap.
656 4981 709 5035 4.

235 5065 258 5091 ο
284 5052 478 5117 Burch.
504 5050 539 5117 l.
563 5044 634 5111 ι’ν,
658 5062 772 5116 cap.
793 5046 889 5117 g9},
911 5063 976 5102 ex
1001 5045 1190 5117 concil.
1218 5044 1449 5117 pcluac"
1478 5061 1527 5102 c.
1554 5048 1607 5101 8.

235 5120 254 5157 τ
285 5113 481 5171 ιιυτειι.
513 5116 549 5168 ι.
595 5131 667 5178 tv,
709 5111 758 5172 (Ξ.
784 5115 874 5179 26,
900 5132 964 5170 ex
1003 5114 1189 5179 concil.
1222 5111 1476 5179 Mogunt.,
1522 5130 1570 5169 c.
1618 5116 1684 5178 2;

162 5188 249 5264 lyo
277 5202 331 5255 p.
361 5200 399 5246 ι.
422 5200 471 5239 c.
510 5182 645 5264 ωε,
673 5184 996 5264 ex_decretis
1019 5178 1207 5264 [ivgini
1235 5178 1405 5249 papa,
1430 5196 1547 5251 cap.
1572 5240 1575 5245 _
1600 5183 1684 5248 10,

162 5257 227 5309 de
253 5249 570 5314 cbnsecrat.,
598 5250 716 5306 dist.
741 5249 791 5310 ι,
822 5250 876 5302 in
905 5249 1225 5305 catecliiiuto.
1496 5249 1511 5251 “

238 5324 264 5362 ι
292 5319 485 5374 Burch.
527 5319 563 5371 ι.
596 5334 667 5381 Iv,
712 5333 761 5371 c.
791 5316 881 5379 26,
922 5332 988 5370 ex
1033 5333 1178 5371 conc.
1228 5313 1482 5383 Mogunt.,
1531 5334 1576 5371 c.
1618 5318 1689 5383 2;

166 5388 257 5459 lvo
281 5404 335 5459 ρ.
361 5403 400 5451 ι,
444 5401 498 5440 c.
538 5386 660 5449 ω,
700 5386 764 5442 de
798 5384 1126 5449 Consecrat.,
1152 5384 1273 5438 dist.
1300 5384 1354 5449 4,
1402 5400 1451 5438 c.
1501 5386 1554 5438 in
1604 5388 1693 5440 ba-

525 5517 947 5613 ctap:‘§6,|t.ulXA
962 5515 1241 5613 SpicilcgJ
1272 5518 1331 5573 C.
1360 5519 1428 5574 Μ.
1468 5518 1690 5590 Capitul.

169 5591 204 5644 l.
235 5606 310 5653 Vt,
336 5603 384 5642 c.
410 5589 509 5653 92;
539 5587 729 5642 Burch.
761 5587 795 5639 ι.
824 5604 893 5651 ιγ,
919 5604 967 5648 c.
999 5587 1105 5641 93⁵5.ἰ
1487 5635 1498 5648 ,

245 5672 262 5699 ι
298 5656 496 5717 Τίιθοᾱ,
521 5672 637 5723 cap.
660 5655 749 5723 90,
774 5663 813 5709 t.
847 5654 1183 5723 insnum.

240 5733 258 5802 ρ
292 5723 431 5802 gap.
457 5722 527 5802 μθ
806 5722 1190 5802 t._‘lXI_Spicileg

241 5793 270 5833 ι
292 5789 490 5847 Theod.
516 5805 630 5861 cap.
663 5791 746 5857 69,
771 5799 810 5845 t.
833 5789 900 5844 IX
922 5789 1168 5860 Spitileg.

1861 4700 2573 4832 ἒέξῗέΐῖτξὲέυεὲθὲθῗέιαΐὴ
2588 4709 3317 4832 ⁷ὲέ³¹ῖ⁰¹¹εια⁰²ὅδηῗῖςοῒωξέ

1789 4776 2068 4850 Spici_leg_.;
2100 4794 2239 4850 resp.
2264 4778 2474 4850 agre}.
2510 4776 2593 4842 lli,
2633 4794 2715 4847 ep.
2771 4776 2916 4850 ιερὰ
2940 4776 3315 4850 θοιιίῆιοίρω;

1786 4843 2047 4928 Burch:'l.
2081 4862 2167 4926 um,
2283 4846 2380 4908 65;
2407 4843 2497 4899 lvo
2535 4859 2588 4913 p.
2619 4843 2700 4910 ui,
2726 4861 2776 4899 c.
2807 4845 2891 4909 67,
2922 4861 2988 4901 ex
3016 4844 3171 4900 dictis
3198 4843 3318 4899 Dio—

1787 4915 2440 5051 ῃγιῗιέῗῗῗιῒὲᾓῗίιίῆὰ.
2467 4995 2581 5049 cap.
2618 4980 2707 5045 lo,
2745 4990 2802 5062 et_
2826 4980 2932 5062 lib.
2960 4981 3028 5034 de
3066 4994 3189 5034 cura
3217 4994 3320 5099 pro

1787 5049 2010 5099 mortuis
2053 5050 2301 5099 uerenda.
2332 5064 2447 5099 can.
2474 5048 2540 5099 Δί
2574 5048 2871 5099 Amalanus
2900 5049 2989 5099 lib.
3022 5064 3096 5099 Iv.
3139 5063 3188 5099 c.
3250 5046 3316 5099 2:

1784 5049 2010 5130 mortuis
2053 5046 2301 5130 gérenda,
2332 5064 2452 5130 cap.
2574 5048 2871 5129 Amalarius
2900 5049 2989 5102 lib.
3022 5064 3096 5111 ιν,
3139 5046 3316 5130 clad};

1784 5118 1849 5171 de
1908 5114 2301 5171 consecratione
2354 5114 2475 5170 dist.
2521 5116 2580 5181 l,
2616 5118 2799 5181 vim,
2857 5131 2921 5170 ex
2967 5131 3115 5170 conc.
3165 5114 3321 5169 Cabi-

1786 5184 1891 5289 ιοηέ
1919 5185 2319 5314 gurghéﬂvm,
2341 5266 2388 5304 c.
2422 5250 2506 5309 86.
2528 5266 2592 5304 ex
2625 5266 2773 5305 conc.
2806 5249 2888 5303 Mo
2964 5258 3061 5313 nt.,
3088 5264 3203 5318 cap.
3228 5249 3316 5301 ts.

1869 5326 1890 5354 ³
1919 5320 2115 5389 Theod.
2154 5334 2267 5387 cap.
2299 5319 2384 5383 46,
2424 5329 2462 5373 t.
2507 5319 2576 5373 IX
2604 5318 2846 5389 Spicileg.
2988 5317 3177 5373 Pmnit.
3200 5330 3321 5369 cum

2102 5357 2115 5370 .
2154 5336 2267 5383 cap.
2299 5336 2384 5383 su,
2424 5336 2462 5373 t.
2507 5336 2576 5373 ιλ
2605 5336 2846 5383 nptcueg.
2885 5336 2940 5373 v.
2988 5336 3177 5373 manu.

1796 5403 1909 5456 cap.
1940 5388 2204 5440 collatum.
2644 5388 2649 5389 ⁷

1796 5470 1841 5533 __'
1867 5465 1892 5503 ι»
1924 5454 2196 5533 γιερίειη
2220 5452 2508 5533 Agathonis
2534 5467 2622 5522 pp.
2664 5456 2735 5533 ad
2756 5452 3091 5533 Ethelred}!!!
3140 5464 3321 5533 regem

1795 5519 2107 5576 Merciorum
2151 5529 2204 5574 et
2247 5519 2583 5575 Theodorum
2628 5521 2775 5575 arch.
2825 5520 2949 5588 Cap.
2989 5520 3185 5573 Theod.
3210 5519 3319 5588 ‘57,

1790 5589 1934 5727 ἔιιξ
1964 5588 2216 5709 ὃξὶρῧξες
2244 5588 2434 5643 Burcb.
2473 5588 2507 5640 Ι.
2538 5603 2656 5655 vm,
2700 5604 2750 5652 c,
2793 5585 2975 5651 87,'ex
3019 5602 3167 5644 conc.
3213 5585 3331 5642 Io-

1862 5673 1895 5709 n
1928 5694 1964 5716 .,
2014 5695 2042 5708 ..
2150 5696 2162 5707 .
2848 5670 2849 5673 η

1857 5734 1885 5792 ιι
1908 5723 2105 5792 Theod.
2145 5737 2259 5792 cap.
2288 5720 2375 5775 48.
2402 5721 2465 5792 y.
2496 5721 2685 5792 Pmnit.
2714 5736 2832 5776 cum
2855 5736 3004 5792 capp.
3034 5720 3233 5776 Theod.
3263 5719 3323 5775 in

1792 5789 1976 5861 Spicil.
2000 5791 2088 5843 ed.
2115 5787 2379 5843 collatum.
2402 5787 2594 5843 Burch.
2612 5789 2652 5843 l.
2676 5806 2752 5851 ιιι,
2783 5804 2830 5844 c.
2857 5787 2971 5849 28':
3280 5810 3285 5825 κ
