4110 6448
694 528 699 533 -
741 493 832 547 951

1673 476 2007 541 TllEODOBl
2042 470 2344 528 ARClllEP.
2380 463 2909 527 CANTUARIENSIS

3712 117 3976 261 ﬁl

3752 454 3848 507 953

741 602 869 672 μί..
890 610 1007 653 cum
1032 609 1285 651 consensu
1305 594 1617 665 amborum],
1645 593 1748 663 [Αι.
1772 593 1918 656 add.,
1936 592 1979 643 si
2002 589 2117 657 quis
2132 584 2240 636 vult
2264 583 2312 659 Α
2336 586 2478 640 cunt,
2507 578 2646 672 ipsos
2671 575 2904 672 infirmos
2932 570 3131 672 vi‘sitari
3160 568 3347 622 debere
3380 565 3733 672 .[dl.lffid.Lel
3754 580 3849 619 cae-

740 690 1110 746 monasterium
1153 701 1302 740 suum
1358 687 1411 739 in
1432 686 1590 739 alium
1632 686 1800 737 locum
1835 679 2045 750 ponere]
2073 685 2126 731 et
2164 676 2244 729 di-

738 781 911 833 mittat
934 780 983 829 in
1020 777 1244 844 priorem
1276 774 1444 826 locum
1481 775 1835 839 presbyterum
1873 770 1938 822 ad
1963 764 2245 819 ministeria

738 867 988 922 ccclesite.
1034 864 1144 915 Non
1174 863 1292 914 licet
1341 862 1465 914 viris
1492 861 1709 913 feminas
1732 858 1923 912 habere
1947 853 2243 914 monachus,

738 966 907 1018 neque
949 949 1152 1004 feminis
1197 948 1352 1006 viros,
1405 955 1576 999 tamen
1602 960 1703 998 nou
1742 944 2075 995 destmamus
2101 936 2244 996 illud,

734 1039 875 1107 quod
902 1035 1218 1089 consuetudo
1253 1042 1331 1086 est
1370 1034 1420 1087 in
1469 1033 1565 1086 hac
1593 1040 1751 1083 terra.
1791 1040 1817 1067 ι
1860 1026 2108 1079 Monaclio
2131 1037 2247 1075 non

737 1127 859 1179 licet
883 1133 1059 1179 votum
1100 1136 1285 1174 vovere
1320 1122 1431 1174 sine
1476 1133 1729 1173 consensu
1755 1117 1991 1169 abbatis:
2024 1112 2113 1165 Sin
2151 1112 2249 1164 mi-

734 1230 856 1278 nus,
891 1214 1228 1279 frangendum
1252 1218 1350 1262 est.
1381 1209 1554 1261 Abbas
1579 1210 1620 1261 si
1645 1208 1884 1261 habuerit
1914 1204 2247 1263 monachum,

705 1314 894 1368 'quem
915 1301 1070 1366 elegit
1089 1299 1189 1368 [ΑΙ.
1223 1298 1367 1357 add.,
1390 1297 1601 1363 dignum
1620 1295 1773 1348 debet
1796 1295 1938 1353 dare,
1967 1291 2011 1343 si
2039 1303 2249 1345 necesse

732 1397 836 1441 est.
866 1389 1033 1442 Puero
1057 1404 1156 1443 non
1188 1390 1306 1442 licet
1357 1390 1512 1441 etiam
1542 1386 1755 1446 nubere,
1772 1384 1979 1450 prolato
2010 1391 2131 1434 ante
2165 1394 2249 1431 mo

741 1476 889 1529 nachi
932 1484 1067 1528 voto.
1109 1476 1161 1528 Si
1192 1477 1307 1541 quis
1346 1476 1645 1537 monachus,
1670 1488 1823 1540 quem
1861 1469 2248 1538 elegeriu'etc.]

739 1563 1089 1628 congregatio,
1144 1571 1198 1613 ut
1233 1562 1439 1613 ordinet
1487 1576 1603 1613 eum
1633 1565 1685 1613 in
1732 1560 1895 1626 gradu
1921 1556 2247 1627 presbyterii,

740 1667 842 1703 non
866 1652 1019 1704 debet
1062 1650 1320 1701 dimittere
1353 1651 1579 1716 priorem
1613 1641 2057 1703 conversationem
2080 1658 2249 1697 suam.

741 1736 798 1789 Si
844 1746 1016 1789 autem
1059 1744 1235 1801 postea
1281 1736 1521 1788 inventus
1564 1735 1718 1787 fuerit
1758 1742 1816 1786 ut
1861 1718 2129 1798 superbus,
2160 1729 2251 1782 ‘vel

738 1827 937 1880 otiosus
969 1826 1095 1894 [Al.,
1118 1825 1379 1893 vitiosus],
1411 1835 1461 1876 et
1495 1826 1546 1880 in
1574 1824 1773 1877 meliori
1818 1825 1981 1892 gradu
2023 1823 2249 1889 priorem

739 1913 900 1965 vitam
956 1920 1187 1978 qurerat;
1238 1910 1561 1977 deponatur:
1609 1921 1662 1963 et
1700 1912 1752 1964 in
1798 1912 2037 1963 ultimum
2080 1909 2249 1962 locum

738 2001 1056 2053 constitutus
1090 1999 1442 2053 satisfactione
1489 1999 1745 2052 emendet.
1800 2000 1856 2050 In
1902 2003 2155 2065 potestate
2201 2004 2254 2047 et

742 2088 981 2140 libertate
1005 2087 1304 2140 monasterii
1336 2094 1413 2139 est
1432 2087 1690 2152 susceptio
1717 2085 2040 2137 infirmorum
2067 2083 2118 2135 in
2145 2096 2256 2133 mo-
2325 2124 2327 2129 .

741 2175 988 2228 nasterio.
1016 2175 1071 2227 ln
1094 2174 1330 2226 libertate
1354 2187 1561 2239 quoque
1580 2171 1881 2224 monasterii
1901 2171 2021 2224 esti
2050 2167 2255 2220 lavandi

740 2265 899 2329 pedes
929 2262 1207 2323 laicorum;
1245 2261 1343 2313 nisi
1378 2259 1430 2312 in
1454 2274 1603 2313 cmna
1628 2258 1831 2311 Domini
1855 2267 1957 2311 non
1980 2265 2254 2325 coguntur.

738 2356 766 2388 ἀ
806 2350 911 2404 Nec
931 2351 1143 2404 libertas
1164 2349 1463 2404 monasterii
1485 2357 1568 2403 est
1599 2347 1958 2417 pmnitentiam
1999 2345 2260 2399 saeculari-

742 2441 840 2492 bus
865 2439 887 2477 δ
911 2440 1164 2507 judicare,
1190 2440 1307 2506 quia
1328 2439 1535 2505 proprie
1554 2438 1861 2490 clericorum
1886 2444 1985 2488 est.

1324 2546 1543 2599 CAPUT
1566 2544 1670 2597 ΠΙ.

849 2617 918 2669 De
942 2619 1035 2669 riu
1063 2618 1325 2669 muiierum
1361 2633 1413 2667 tn
1451 2614 1700 2677 ecclesia,
1729 2612 1803 2664 vel
1831 2620 2156 2664 monasterio.

818 2717 839 2743 ο
866 2705 1105 2757 Mulieres
1127 2720 1227 2756 non
1254 2703 1424 2755 velent
1443 2702 1606 2754 altare
1626 2702 1689 2754 de
1704 2701 1959 2768 corporali
1977 2716 1988 2751 :
2006 2716 2103 2753 nec
2122 2700 2260 2753 obla-

746 2794 913 2846 tiones
938 2807 1093 2859 super
1130 2792 1313 2849 altare,
1358 2803 1523 2855 neque
1567 2790 1781 2842 calicem
1837 2796 2260 2855 ponautzueqne

744 2888 884 2933 stent
904 2880 1035 2931 inter
1055 2879 1318 2932 ordinatos
1344 2878 1394 2929 in
1423 2878 1640 2933 ecclesia
1671 2894 1681 2927 :
1722 2891 1887 2942 neque
1933 2877 1984 2928 in
2022 2877 2262 2929 convivio

756 2970 958 3023 redeant
976 2970 1110 3020 inter
1135 2968 1449 3019 sacerdotes.
1476 2965 1675 3018 Mulieri
1706 2980 1808 3018 non
1842 2974 1923 3019 est
1947 2965 2144 3018 licitum
2165 2964 2260 3016 ali-

742 3057 830 3109 cui
854 3053 1211 3123 pmnitentiam
1242 3052 1386 3113 dare,
1411 3053 1530 3118 quia
1562 3051 1617 3104 in
1650 3067 1847 3106 canone
1894 3052 2018 3106 nulli
2064 3052 2260 3123 licitum

2346 670 2483 717 teras
2505 660 2780 728 inﬁrmos],
2810 660 2944 712 sicut
2969 655 3217 709 Dominus
3239 652 3474 721 praecipit
3492 652 3705 721 (Matth.
3730 666 3847 713 xxv,

2342 750 2450 818 43).
2478 748 2646 801 Graeci
2674 761 2859 801 carnes
2888 743 3280 799 marticinorum
3322 753 3429 792 non
3475 739 3605 804 dant
3647 739 3845 806 porcis;

2344 837 2502 905 pelles
2532 844 2703 888 tamen
2726 836 2793 887 ad
2818 834 3193 891 calceamenta,
3219 835 3273 881 et
3317 828 3507 889 lanam,
3556 834 3611 881 et
3658 842 3851 881 cornua

2344 924 2579 990 accipere
2605 914 2725 975 licet
2767 935 2869 973 non
2889 918 2955 971 ad
2975 916 3182 983 aliquod
3201 923 3436 969 sanctum
3461 913 3590 985 [Al.,
3610 915 3695 967 vel
3718 917 3851 968 coria

2343 1020 2396 1064 et
2431 1010 2782 1064 calceamenta
2810 1008 2989 1069 licent,
3016 1013 3070 1060 et
3091 1005 3207 1057 lana
3235 1012 3290 1056 et
3314 1017 3507 1056 cornua
3546 1004 3733 1071 accipi,
3758 1019 3856 1056 non

2347 1098 2399 1150 in
2424 1098 2596 1163 aliquo
2623 1094 2844 1164 sancto].
2883 1094 3170 1152 Lavacrum
3186 1090 3374 1157 capitis
3395 1089 3499 1160 [ΑΙ.
3522 1089 3647 1141 add.
3684 1089 3860 1143 Potest

2349 1184 2485 1253 esse]
2516 1184 2566 1235 in
2594 1183 2880 1245 Dominica,
2902 1189 2957 1235 et
2979 1180 3030 1233 in
3060 1182 3076 1218 ί
3110 1179 3284 1232 lixivia
3304 1177 3464 1244 pedes
3495 1176 3677 1229 lavare
3707 1177 3857 1229 licet:

2346 1275 2437 1326 sed
2476 1272 2796 1326 consuetudo
2843 1270 3195 1322 Romanorum
3222 1281 3323 1319 non
3373 1273 3453 1318 est
3510 1265 3625 1317 huic
3674 1265 3862 1316 lavatio

2346 1361 2551 1428 pedum.

2928 1441 3146 1497 CAPUT
3180 1440 3270 1494 IX.

2353 1535 2421 1588 De
2456 1534 2903 1587 communicatione
2940 1532 3207 1585 Scotorum
3252 1540 3297 1583 et
3338 1528 3625 1596 Britonum,
3678 1526 3776 1596 qui
3818 1528 3865 1580 in

2421 1602 2614 1653 Pascha
2636 1611 2681 1652 et
2709 1611 2915 1653 tonsura
2935 1599 3194 1652 catholica:
3225 1614 3324 1651 non
3342 1605 3459 1649 sunt
3483 1595 3608 1665 [Al.,
3633 1595 3865 1648 catholici

2418 1685 2516 1721 non
2530 1668 2666 1738 sunt]
2697 1669 2907 1720 adunati
2920 1667 3177 1719 Ecclesiae.

2421 1775 2434 1825 i
2466 1775 2565 1842 Qui
2581 1776 2807 1831 ordinati
2833 1781 2956 1828 sunt
2982 1772 3252 1827 Scotorum
3272 1771 3351 1824 vel
3376 1770 3649 1824 Britonum
3673 1770 3866 1837 episco-

2283 1870 2324 1926 B
2350 1866 2398 1933 pi
2424 1866 2510 1932 qui
2556 1866 2609 1918 in
2627 1864 2830 1919 Pascha
2854 1863 2935 1916 vel
2963 1871 3177 1915 tonsura
3201 1859 3470 1914 catholica:
3482 1874 3588 1912 non
3608 1867 3737 1912 sunt
3752 1858 3868 1911 adu-

2352 1954 2459 2006 nati
2496 1942 2763 2015 Ecclesize,
2792 1953 2981 2005 iterum
3018 1965 3049 2001 a
3095 1949 3349 2013 catholico
3394 1948 3640 2015 episcopo
3691 1961 3868 1999 manus

2352 2040 2678 2109 impusitione
2704 2037 3095 2091 confirmentur.
3130 2033 3235 2104 [ΑΙ.
3257 2032 3381 2085 add.
3427 2031 3684 2085 Similiter
3710 2041 3765 2083 et
3783 2046 3863 2085 ec-

2352 2130 2523 2183 clesia:
2545 2142 2667 2196 quae.
2682 2128 2746 2181 ab
2772 2127 2899 2196 ipsis
2924 2126 3183 2194 episcopis
3210 2124 3541 2183 ordinantur,
3571 2134 3710 2187 aqua
3725 2133 3868 2172 exor-

2354 2217 2521 2270 cizata
2555 2192 2917 2284 aspergantur,
2938 2192 2989 2266 et
3016 2212 3186 2281 aliqua
3213 2209 3519 2264 collectione
3560 2207 3870 2261 conﬁrmen-

2352 2304 2482 2375 tur.J
2506 2303 2791 2358 Lioentiam
2813 2317 3017 2371 quoque
3051 2317 3152 2356 non
3175 2301 3425 2354 habemus
3440 2298 3517 2351 eis
3538 2295 3868 2365 poscentibus

2353 2397 2581 2450 chrisma
2608 2395 2691 2447 vel
2722 2393 3094 2449 eucharistiam
3134 2389 3279 2451 dare,
3323 2387 3421 2440 nisi
3473 2394 3597 2440 ante
3650 2385 3868 2439 confessi

2355 2480 2549 2536 fuerint
2567 2480 2697 2534 velle
2733 2480 3001 2533 nobiscum
3035 2491 3151 2532 esse
3192 2476 3241 2528 in
3268 2475 3465 2527 unitate
3506 2470 3777 2525 Ecclesia.
3814 2472 3871 2523 Et

2355 2570 2443 2638 qui
2462 2586 2526 2624 ex
2541 2584 2719 2623 eorum
2738 2568 2977 2641 similiter
2988 2574 3157 2634 gente,
3172 2563 3252 2617 vel
3268 2563 3567 2631 quicunque
3592 2560 3660 2614 de
3683 2560 3870 2628 baptis-

2355 2672 2441 2712 mo
2468 2672 2565 2711 suo
2588 2643 2922 2720 dubitaverit,
2948 2654 3257 2722 baptizetur.

2960 2777 3176 2832 CAPUT
3199 2777 3263 2829 Χ.

2464 2866 2533 2920 De
2555 2868 2743 2920 vexatis
2770 2883 2801 2918 a
2829 2865 3052 2928 diabolo,
3082 2873 3128 2917 et
3164 2865 3225 2916 de
3245 2865 3306 2917 iis
3331 2861 3416 2933 qui
3431 2872 3489 2917 se
3515 2863 3770 2915 occidunt.

2426 2952 2483 3006 Si
2517 2954 2671 3006 homo
2714 2960 2931 3005 vexatus
2954 2960 3033 3004 est
3058 2966 3087 3002 a
3128 2950 3353 3014 diabolo,
3397 2958 3449 3004 et
3488 2951 3660 3003 nescit
3685 2948 3870 3017 aliquid

2358 3039 2458 3093 nisi
2486 3039 2676 3106 ubique
2705 3038 3016 3108 discurrere,
3041 3043 3095 3089 et
3127 3036 3320 3090 occidit
3364 3037 3705 3103 semetipsum
3753 3050 3871 3102 qua-

743 3121 981 3203 cst,vnisi
1006 3140 1128 3192 solis
1156 3140 1533 3192 sacerdotibus.
1560 3139 1799 3193 Mulieres
1821 3151 2036 3207 possunt
2062 3121 2159 3192 sub
2180 3142 2258 3191 ni-
2288 3153 2306 3212 (

2288 3152 2330 3213 C
2362 3142 2565 3194 cunque
2589 3140 2766 3187 causa,
2807 3125 2831 3163 ιι
2856 3125 3066 3193 prodest
3106 3130 3165 3212 ut
3195 3131 3375 3190 oretur
3400 3136 3497 3191 pro
3548 3135 3632 3185 eo,
3676 3121 3721 3176 si
3760 3128 3873 3174 ante

746 3245 841 3298 ενι)
870 3228 1124 3282 velamine
1151 3226 1256 3295 [ΑΙ.
1278 3226 1402 3277 add.
1456 3224 1520 3277 ut
1540 3226 1761 3279 Basilius
1785 3223 2059 3295 judicavit]
2102 3225 2263 3278 sacri-

747 3317 920 3370 ficium
948 3316 1201 3389 accipere.
1303 3347 1317 3358 .

794 3438 795 3441 η
824 3406 843 3443 ί
877 3405 1060 3457 Mulier
1086 3412 1256 3471 potest
1290 3404 1579 3456 oblationes
1614 3402 1786 3455 facere
1809 3402 2088 3455 secundum
2116 3401 2262 3455 Grat—

750 3505 861 3553 cos,
891 3504 993 3543 non
1014 3488 1295 3542 secundum
1324 3488 1601 3542 Romanos.

1319 3602 1534 3656 CAPUT
1574 3600 1697 3653 Vlll.

961 3673 1033 3725 De
1057 3672 1277 3725 moribus
1299 3670 1589 3724 Gra'corum
1622 3677 1667 3720 et
1696 3667 2059 3719 Romanorum.

817 3761 871 3812 lu
896 3760 1163 3812 Dominica
1191 3760 1357 3811 (ἕτωοὶ
1390 3765 1442 3810 et
1465 3756 1685 3809 Romani
1708 3769 1809 3807 non
1850 3754 2111 3819 navigant,
2170 3769 2268 3807 nec

753 3848 987 3910 equitant
1020 3863 1031 3897 :
1063 3861 1163 3899 non
1194 3859 1379 3912 panem
1401 3842 1615 3903 fa‘ciunt,
1647 3854 1815 3908 neque
1856 3841 1905 3892 in
1953 3855 2108 3894 curru
2151 3855 2262 3908 per-

752 3945 894 4006 gunt,
924 3935 1023 3988 nisi
1047 3936 1111 3987 ad
1154 3933 1431 3986 ecclesiam
1479 3938 1721 3983 tantum:
1764 3943 1861 3982 nec
1904 3928 2150 3983 balneant
2188 3944 2262 3983 se.

752 4022 917 4077 Graeci
952 4037 1054 4073 non
1080 4020 1315 4073 scribunt
1347 4018 1590 4086 publice;
1624 4023 1798 4069 tamen
1819 4029 1916 4083 pro
1961 4016 2270 4070 necessitate

756 4122 992 4164 seorsum
1015 4108 1067 4161 in
1102 4107 1255 4161 domo
1277 4106 1530 4159 scribunt.
1579 4103 1753 4157 Grteci’
1784 4110 1837 4155 et
1884 4102 2101 4156 Romani
2145 4102 2271 4156 dant

756 4195 921 4249 servis
949 4196 1057 4246 suis
1083 4193 1411 4253 vestimenta,
1437 4194 1459 4229 ε
1487 4198 1542 4243 et
1572 4190 1817 4243 laborant
1859 4191 1967 4244 sive
2004 4189 2270 4244 Dominico

756 4285 857 4338 die.
880 4272 1178 4336 Gnecorum
1203 4278 1439 4331 monachi
1460 4291 1638 4330 servos
1659 4291 1761 4337 non
1790 4277 2012 4332 habent:
2033 4278 2266 4332 Monachi

756 4371 1107 4423 Romanorum
1139 4366 1345 4419 habent.
1376 4365 1431 4418 ιη
1463 4364 1548 4417 illa
1578 4364 1658 4418 die
1679 4372 1799 4418 ante
1848 4365 2019 4419 natale
2063 4366 2267 4419 Domini

757 4460 884 4513 hora
911 4470 1045 4509 nona
1079 4457 1282 4524 expleta
1310 4456 1488 4517 missa,
1524 4455 1573 4507 id
1600 4463 1681 4508 est
1703 4455 1877 4522 vigilia
1906 4456 2107 4508 Domini
2125 4470 2269 4508 man—
2296 4446 2344 4502 D

756 4548 951 4599 ducant
1002 4544 1260 4595 Romani:
1293 4543 1459 4596 Graeci
1505 4559 1628 4596 vero
1674 4544 1810 4597 dicta
1850 4559 2065 4615 vespere
2109 4547 2264 4616 missa

764 4633 793 4671 ὺ
816 4624 1043 4684 coenant.
1070 4629 1143 4683 De
1163 4638 1305 4697 peste
1330 4630 1663 4683 mortalitatis
1686 4630 1851 4684 Graeci
1878 4640 1927 4683 et
1950 4630 2166 4684 Romani
2192 4633 2267 4688 di-

830 4738 1070 4807 EBurch.
1094 4739 1128 4807 l.
1158 4753 1276 4801 vtu,
1310 4753 1358 4807 7c.
1384 4723 1477 4807 ἃς
1506 4739 1592 4797 lvo
1620 4756 1779 4807 p.vn,
1808 4756 1855 4794 c.
1880 4742 1961 4804 52,
1994 4758 2147 4795 causa
2179 4745 2267 4804 20,

759 4821 815 4875 (ι.
842 4805 985 4875 4Lex
1011 4805 1161 4875 dictis
1187 4806 1381 4875 Basilii,
1405 4805 1672 4875 Monac/to.

826 4875 856 4913 δ
879 4872 1214 4942 'l‘lieod._cap.
1236 4873 1323 4933 58,
1351 4882 1387 4924 t.
1420 4872 1487 4929 IX
1523 4874 1765 4942 Spicileg.

826 4939 1232 5036 ἷοξξῖῗθξηῖῗξῖξ
1252 4954 1324 5036 .‘J
1332 4955 1390 5036 "1
1427 4942 1560 5036 (ἐςχδδ
1585 4941 1876 4995 “mm”
1898 4941 2275 5010 λσυίεανθηη·
2368 4966 2400 5036 _6
2423 4982 2435 5027 ;
2464 4939 2744 5036 ιίὲξῦἷδῖί
2767 4939 2805 5018 ii
2834 4939 2911 5020 ’ἀὲ
2927 4939 3193 5036 Ῑεέἑιζῖἥ

777 5008 953 5059 sissub
975 5006 1231 5059 Ludovico
1251 5006 1336 5065 ιγ.
1359 5020 1406 5058 c.
1436 5007 1523 5058 33.

822 5072 853 5110 δ
963 5073 1154 5144 Theogl.
1181 5088 1293 5140 cap.
1324 5074 1411 5144 ὥς),
1435 5083 1471 5124 ι.
1493 5073 1560 5125 IX
1591 5074 1829 5144 Spicileg.

836 5151 858 5213 ς
886 5140 1071 5213 Burch.
1104 5141 1265 5213 l_.viu,
1288 5141 1434 5202 c.84,
1461 5156 1526 5213 es
1556 5140 1701 5196 conc.
1724 5140 2023 5207 Rliemensi,
2046 5161 2270 5213 praesen-

761 5214 815 5259 ω
834 5207 1092 5260 Ludovico
1117 5208 1322 5274 imper.,
1355 5223 1470 5274 cap.
1498 5208 1548 5259 5.

837 5223 1092 5260 Luoowco
1117 5223 1322 5274 imper.,
1355 5223 1413 5260 ca
1459 5245 1470 5259 .
1498 5227 1548 5259 ο.

837 5274 855 5345 ζ
888 5274 1080 5345 Theod.
1104 5276 1332 5345 cap.__‘38_,
1356 5284 1392 5325 t.
1420 5223 1488 5327 ix
1517 5275 1758 5345 Spicileg.

836 5342 859 5377 ε
881 5342 1009 5416 _L‘ap.
1037 5341 1245 5416 8,.t.'l‘X
1272 5341 1570 5416 _Spicilcg.j
1620 5341 2026 5416 lib.'l_£lapitulL,
2084 5362 2129 5397 c.
2172 5347 2227 5416 8i
2253 5364 2264 5405 ;

764 5402 1011 5484 Regini.
1034 5423 1056 5484 ,ι
1084 5408 1305 5484 dgEccl.
1328 5402 1638 5484 Disciplina
1663 5426 1720 5484 εἒ
1735 5402 1871 5484 ῥἸΞξ
1892 5428 1953 5465 ex
1982 5402 2141 5481 Capp.
2170 5402 2269 5466 Ca;

765 5473 859 5545 roli
886 5473 1079 5545 {Digni}
1128 5476 1317 5545 Burch.
1346 5476 1439 5545 lib.
1466 5473 1523 5537 ιὶ,
1552 5473 1666 5545 cap.
1696 5478 1781 5532 82.

830 5542 858 5615 ξ
887 5541 1078 5615 'l_‘l_ie_0d.
1114 5544 1340 5615 cap._25.
1373 5553 1406 5615 t_.
1434 5544 1499 5615 IX
1526 5541 1763 5615 Spicilcg.

838 5608 854 5677 ξ
890 5608 1044 5677 [thin
1073 5608 1187 5677 cap.
1220 5611 1412 5662 Titi-el
1438 5614 1523 5663 '31).

835 5674 848 5720 i
890 5675 945 5728 V.
980 5676 1101 5727 Bcd.
1140 5674 1201 5727 τις
1246 5696 1367 5727 ειμι-
1430 5690 1475 5727 ~t
1512 5682 1731 5745 capitula
1787 5682 1972 5735 selecta
2015 5696 2267 5736 canonum

2362 3214 2630 3282 religiosus
2655 3219 2771 3266 erat
2801 3228 2812 3262 :
2845 3212 2888 3264 si
2911 3225 3007 3278 pro
3029 3204 3411 3276 desperatione,
3463 3210 3874 3277 autpm‘timore

2360 3301 2550 3368 aliquo,
2567 3309 2657 3354 aut
2672 3313 2767 3368 pro
2781 3299 2953 3351 causis
2966 3298 3174 3366 ignotis,
3188 3297 3295 3351 Deo
3313 3296 3667 3365 relinquamus
3684 3296 3785 3349 hoc
3799 3295 3874 3363 ju-

2360 3389 2571 3453 dicium,
2586 3397 2638 3442 et
2659 3403 2764 3441 non
2790 3389 2900 3441 ausi
2925 3403 3104 3442 sumus
3122 3402 3273 3441 orare
3298 3401 3392 3456 pro
3412 3386 3515 3441 illo.
3537 3387 3636 3451 Qui
3663 3402 3720 3441 se
3746 3387 3875 3440 occi~

2361 3475 2494 3529 derit
2515 3475 2720 3543 propria
2748 3474 3032 3536 voluntate,
3055 3472 3072 3511 ι
3098 3474 3284 3527 missas
3311 3489 3405 3542 pro
3424 3489 3488 3526 eo
3510 3473 3685 3528 facere
3704 3488 3804 3527 non
3819 3473 3875 3526 li-

2362 3569 2462 3626 oet,
2480 3563 2569 3615 sed
2587 3569 2787 3613 tantum
2807 3575 2960 3615 orare
2972 3568 3025 3613 et
3048 3560 3402 3629 eleemosynas
3418 3561 3666 3630 largiri.ul
3683 3562 3739 3615 Si
3764 3561 3874 3631 quis

2362 3651 2530 3704 subita
2555 3651 2839 3705 tentatione
2866 3659 3035 3704 mente
3060 3667 3153 3705 sua
3177 3652 3452 3716 exciderit,
3470 3652 3553 3705 vel
3603 3668 3698 3720 per
3744 3652 3875 3706 insa-

2360 3740 2501 3795 niam
2518 3741 2741 3809 seipsum
2759 3726 3023 3803 occiderit,
3044 3741 3251 3808 quidam
3268 3754 3373 3810 pro
3386 3756 3449 3795 eo
3463 3742 3651 3796 missas
3666 3742 3870 3796 faciunt.

2957 3860 3175 3920 CAPUT
3203 3865 3287 3920 XI.

2698 3953 2774 4006 De
2790 3953 3146 4023 questionibus
3169 3955 3538 4025 conjugiarum.

2434 4053 2460 4081 ιι
2488 4042 2585 4108 Qui
2609 4044 2661 4096 in
2682 4045 3012 4097 matrimonio
3033 4052 3175 4108 sunt,
3213 4052 3320 4099 tres
3364 4054 3545 4100 noctes
3586 4047 3874 4105 abstineant

2366 4143 2422 4181 se
2449 4143 2477 4180 a
2506 4130 2888 4193 communione,
2912 4138 3190 4197 antequam
3219 4133 3625 4185 communicent.
3655 4131 3875 4186 Virabs—

2366 4217 2527 4269 tineat
2550 4230 2606 4270 se
2642 4216 2707 4270 ab
2734 4230 2894 4271 uxore
2916 4230 3008 4269 sua
3028 4217 3368 4284 quadraginta
3392 4218 3501 4272 dies
3531 4228 3652 4273 ante
3666 4221 3870 4289 pascha,

2365 4314 2419 4357 et
2445 4318 2607 4371 usque
2634 4302 2687 4356 in
2712 4312 2926 4356 octavas
2955 4302 3167 4356 Pascha:
3196 4304 3358 4375 :_inde
3402 4305 3476 4358 ait
3499 4304 3797 4375 Apostolus,
3824 4318 3873 4360 ut

2365 4393 2550 4443 vaceti’s
2569 4392 2787 4443 orationi
2834 4390 2885 4460 (Ι
2911 4390 3029 4443 Cor.
3052 4407 3148 4456 vn,
3174 4390 3247 4461 5).

2438 4488 2462 4514 ο
2484 4479 2667 4533 Mulier
2694 4479 2857 4533 tribus
2877 4479 3140 4533 mensibus
3164 4480 3424 4533 abstineat
3450 4494 3506 4534 se
3543 4496 3576 4533 a
3626 4484 3741 4536 viro
3787 4498 3874 4538 suo

2369 4584 2483 4636 qua:
2508 4568 2764 4636 concepit,
2785 4575 2904 4619 ante
2924 4575 3133 4634 partum
3160 4575 3215 4619 et
3239 4575 3357 4635 post
3382 4575 3588 4639 tempus
3614 4573 3873 4641 purgatio-

2368 4658 2469 4719 nis,
2496 4656 2595 4710 hoc
2616 4662 2698 4709 est
2716 4655 3057 4724 quadraginta
3102 4653 3284 4708 diebus
3324 4663 3380 4708 et
3413 4656 3671 4722 noctibus,
3697 4670 3723 4710 P
3774 4661 3872 4715 sive

2371 4764 2771 4833 llibernensium
2800 4779 2876 4833 ex
2914 4764 3004 4833 lib.
3022 4780 3046 4833 Vl
3075 4762 3300 4833 collect"
3328 4779 3443 4833 cap.
3465 4764 3666 4833 ΜΒ.
3710 4776 3765 4821 et
3808 4768 3868 4822 cl.

2372 4832 2431 4884 Ι).
2458 4832 2597 4883 Luca
2624 4831 2846 4899 Acherio
2867 4832 2989 4884 edit.
3006 4832 3069 4899 in
3107 4829 3348 4899 Spicileg.
3379 4829 3502 4885 Com.
3526 4830 3614 4884 lx.

2442 4899 2744 4972 [llalitgan
2770 4898 2804 4949 ι.
2833 4914 2901 4972 tv,
2925 4897 3572 4972 c;6;_B§ban_.l_’mnitept.
3599 4900 3635 4952 Ι.
3661 4917 3740 4963 ιιι,
3763 4917 3869 4972 cap.

3198 4964 3369 5034 δεῖνι,
3402 4980 3452 5034 c.
3492 4966 3580 5029 9‘2,
3629 4983 3691 5021 ex
3730 4964 3865 5025 con'c.

2368 5031 2578 5095 Brachi,
2609 5048 2655 5087 ρ.
2683 5034 2772 5097 15;
2794 5049 2844 5085 v.
2873 5049 2920 5086 c.
2950 5033 3137 5088 Brach.
3166 5048 3203 5096 ι,
3230 5031 3403 5097 ρξὶϐς
3430 5033 3623 5088 Burch.
3654 5036 3744 5093 lib.
3772 5054 3868 5099 xix,

2363 5116 2410 5154 c.
2438 5100 2629 5161 150:1.
2659 5114 2755 5163 vn,
2791 5116 2837 5154 c.
2867 5101 2986 5154 584.

2440 5168 2456 5206 1
2489 5169 2618 5221 Ral).
2639 5168 2828 5227 Posuit.
2850 5170 2981 5229 Lm,
3010 5182 3124 5229 cap.
3155 5168 3204 5221 6.

2432 5236 2682 5306 theod.
2715 5240 2827 5306 cap.
2852 5235 2951 5306 ϐξ,
2968 5245 3004 5287 t.
3032 5235 3093 5288 ιχ
3119 5236 3361 5306 Spicileg.

2435 5314 2461 5341 ³³
2480 5303 2618 5355 Beda
2640 5303 2985 5372 deRemediis
3008 5303 3341 5372 peccatorum
3363 5319 3476 5372 cap.
3498 5305 3589 5369 l0;
3619 5306 3814 5372 Regina
3834 5308 3865 5359 l.

2366 5386 2402 5423 ι.
2435 5387 2484 5488 c3
2505 5372 2626 5433 528,
2656 5370 2783 5432 329;
2817 5347 3069 5425 Burchfl.
3095 5388 3147 5436 v,
3178 5387 3228 5425 c.
3252 5371 3338 5435 22,

2366 5453 2410 5488 c.
2492 5476 2503 5488 .

2366 5453 2410 5489 C.
2452 5453 2503 5488 0.

2439 5512 2461 5537 °
2484 5504 2765 5573 i’maitent.
2790 5506 2998 5573 Egberti
3025 5505 3245 5573 Eborac.
3270 5508 3417 5560 arcb.

2367 5656 2394 5693 ς
2706 5573 2736 5624 l.
2772 5572 2855 5626 ius
2909 5588 2957 5625 c.
2987 5572 3101 5638 Ml,
3135 5589 3200 5627 ex
3232 5574 3531 5637 Theodoro;
3559 5575 3646 5631 lvo
3688 5594 3740 5649 p.
3788 5590 3865 5633 xv.

2404 5680 2413 5689 .
2472 5664 2500 5689 \)
2545 5680 2553 5693 .
2616 5660 2620 5664 ’
2689 5683 2695 5691 .

2404 5680 2413 5689 .
2442 5660 2553 5697 loti,
2584 5660 2695 5691 tot.
