4110 6446
840 546 938 604 955

1788 544 2119 599 'I‘IIEODORI
2158 543 2461 598 ARCIIIEP.
2497 543 3029 602 CANTUARIENSIS

3865 549 3956 604 936

840 661 1070 718 rentibus
1095 657 1222 712 dare
1243 657 1330 710 alii
1357 657 1489 720 viro,
1515 657 1614 711 nisi
1639 656 1725 710 illa
1753 657 1967 727 omnino
1994 656 2236 717 resistat;
2269 663 2348 707 ta-
2378 656 2419 710 Α
2449 655 2592 726 pulo]
2617 673 2631 719 ;
2672 664 2922 726 praeterea
2947 652 3286 722 quadraginta
3314 661 3432 707 ante
3457 653 3636 709 Natale
3665 655 3890 720 Domini,
3912 669 3961 710 et

839 759 958 799 tueu
986 743 1052 797 ad
1071 743 1435 796 monasterium
1463 742 1583 795 licet
1605 743 1700 806 ire,
1723 741 1766 794 si
1793 741 2031 794 voluerit.
2063 741 2149 796 Illa
2176 747 2350 792 autem

841 834 1148 901 desponsata
1176 832 1220 884 si
1254 847 1356 884 non
1383 831 1497 883 vult
1526 831 1764 884 habitare
1792 845 1907 884 cum
1928 844 1990 883 eo
2026 830 2136 882 viro
2161 829 2243 882 cui
2271 838 2352 882 est

837 923 1168 990 desponsata,
1202 934 1228 961 ι
1265 919 1512 974 reddatur
1553 919 1602 973 ei
1635 918 1851 986 pecunia
1892 932 2046 986 quam
2090 917 2260 978 dedit,
2299 923 2355 968 et

838 1011 992 1063 tertia
1010 1024 1152 1076 ~pars
1171 1007 1426 1070 addatur;
1467 1005 1544 1058 sin
1575 1012 1750 1060 autem
1779 1004 1865 1056 illa
1892 1002 2146 1065 noluerit,
2171 1002 2353 1070 perdat

835 1098 1106 1164 pecuniam
1133 1110 1285 1163 quam
1303 1109 1398 1163 pro
1421 1094 1504 1146 illa
1527 1094 1685 1146 dedit.
1712 1091 1885 1144 Puella
1906 1101 2079 1144 autem
2105 1091 2351 1146 tredecim

837 1197 1088 1235 annorum
1119 1181 1196 1234 sui
1225 1180 1460 1248 corporis
1484 1186 1792 1246 potestatem
1823 1179 1997 1230 habet.
2036 1177 2063 1216 δ
2103 1176 2238 1230 Puer
2263 1191 2353 1229 ns-

836 1254 936 1338 que
965 1269 1030 1323 ad
1056 1269 1349 1336 quindecim
1387 1281 1551 1320 annos
1585 1267 1652 1319 sit
1683 1267 1736 1319 in
1763 1273 2021 1334 potestate
2053 1264 2217 1333 patris
2249 1264 2352 1336 sui.

835 1357 982 1410 Tune
1007 1357 1231 1424 seipsum
1261 1362 1429 1423 potest
1450 1353 1759 1408 monachum
1797 1352 1989 1406 facere.
2027 1344 2203 1405 Puella
2229 1365 2354 1404 vero

836 1444 1096 1499 sexdecim
1134 1443 1213 1495 vel
1250 1442 1621 1510 septemdecim
1663 1454 1916 1493 annorum
1939 1478 1954 1500 ,
2001 1438 2052 1490 in
2099 1443 2356 1506 potestate

835 1539 1126 1598 parentum.
1157 1530 1282 1584 Post
1308 1538 1479 1582 autem
1510 1530 1646 1581 hanc
1679 1536 1882 1589 aetatem
1925 1526 2056 1593 patri
2095 1541 2198 1578 non
2234 1525 2356 1578 licet

837 1617 994 1672 ﬁliam
1017 1634 1164 1676 suam
1189 1626 1368 1671 contra
1392 1615 1504 1684 eius
1528 1616 1845 1671 voluntatem
1875 1617 1925 1669 in
1965 1615 2354 1683 matrimonium

839 1707 981 1758 dare.

1407 1790 1628 1854 CAPUT
1670 1790 1780 1843 XII.

1301 1877 1378 1930 De
1405 1878 1557 1931 terris
1581 1889 1630 1929 et
1659 1876 1881 1928 ancillis.

2451 753 2567 809 post
2597 743 2938 796 Pentecosten
2974 741 3312 810 quadraginta
3357 742 3466 796 dies
3511 741 3692 811 [Add.,
3739 746 3958 816 noctes].

2454 829 2525 882 De
2550 829 2895 896 promissione
2922 842 3015 882 sua
3039 827 3155 880 laici
3179 842 3282 881 non
3317 826 3508 882 debent
3534 829 3706 883 facere
3742 846 3961 897 moram,

2450 915 2572 982 quia
2594 930 2734 969 mors
2769 930 2870 968 non
2905 914 3098 990 tardat.
3131 915 3154 953 ⁸
3181 912 3343 966 Servo
3383 913 3472 967 Dei
3518 912 3810 970 nullatenus
3846 918 3964 972 licet

2450 1013 2700 1076 pugnare,
2725 997 3004 1054 multorum
3043 999 3162 1054 licet
3197 999 3266 1053 sit
3291 1000 3506 1055 consilio
3544 1017 3814 1056 servorum
3850 1005 3960 1058 Dei.

2450 1086 2476 1124 II
2508 1075 2682 1139 Inﬁins
2699 1101 2794 1154 pro
2814 1085 3010 1139 infante
3027 1093 3196 1151 potest
3218 1086 3332 1140 dari
3356 1087 3421 1140 ad
3441 1090 3812 1144 monasterium
3837 1091 3960 1156 Deo,

2450 1173 2686 1241 quamvis
2728 1175 2886 1227 alium
2929 1175 3188 1228 vovisset:
3235 1184 3408 1230 tamen
3445 1177 3630 1232 melius
3666 1186 3747 1231 est
3788 1188 3963 1231 votum

2452 1260 2699 1329 implere;
2739 1262 2980 1316 similiter
3019 1276 3207 1329 pecora
3249 1265 3265 1303 ί
3312 1263 3496 1331 mquali
3542 1265 3712 1332 pretio
3751 1279 3968 1333 possunt

2453 1351 2672 1415 mutari,
2715 1351 2757 1405 si
2786 1341 2997 1405 necesse
3026 1352 3113 1405 sit.
3142 1351 3251 1405 Rex
3278 1352 3320 1406 si
3347 1353 3560 1408 alterius
3598 1355 3734 1423 regis
3775 1363 3966 1422 terram

2452 1437 2628 1501 habet,
2652 1446 2821 1505 potest
2845 1439 3038 1496 donare
3059 1453 3155 1509 pro
3183 1439 3354 1493 anima
3392 1455 3504 1493 sua.
3539 1440 3769 1495 Iuventio
3803 1443 3856 1495 in
3886 1444 3966 1494 via

2451 1525 2672 1580 tollenda
2699 1534 2798 1598 est,
2832 1526 2843 1573 i
2876 1526 2920 1579 si
2950 1526 3188 1581 inventus
3217 1526 3373 1581 fuerit
3411 1541 3694 1597 possessor,
3721 1531 3969 1584 reddatur

2449 1614 2518 1666 ei.
2549 1613 2822 1666 Trihutum
2849 1612 3083 1666 ecclesize
3107 1614 3176 1665 sit
3207 1614 3342 1667 sicut
3374 1623 3456 1668 est
3493 1615 3814 1668 consuetudo
3849 1631 3968 1682 pro-

2451 1701 2654 1764 vinciae,
2685 1696 2740 1753 id
2763 1709 2862 1763 est,
2897 1715 2962 1754 ne
2985 1708 3184 1753 tantum
3205 1716 3458 1770 pauperes
3482 1701 3528 1754 in
3559 1702 3774 1756 decimis
3800 1710 3893 1754 aut
3918 1704 3969 1754 in

2451 1787 2708 1855 aliquibus
2732 1788 2885 1840 rebus
2909 1787 3012 1840 vim
3039 1788 3322 1855 patiantur.
3349 1787 3586 1842 Decimas
3608 1802 3713 1842 non
3739 1797 3819 1842 est
3847 1787 3972 1853 legi-

2452 1875 2636 1927 timum
2663 1874 2788 1928 dare
2815 1875 2913 1928 nisi
2947 1871 3261 1944 pauperibus
3285 1883 3335 1929 et
3371 1874 3675 1943 peregrinis.
3702 1874 3804 1929 Pro
3830 1890 3974 1928 revo-

905 1965 1061 2018 Pater
1087 1964 1247 2018 lilium
1276 1964 1586 2018 necessitate
1622 1970 1835 2026 coactus
1861 1971 2170 2033 potestatem
2200 1963 2356 2016 habet
2383 1975 2424 2032 ιι
2453 1956 2619 2016 rentia
2662 1962 3073 2030 regenerationis
3101 1961 3324 2038 in_albis
3364 1963 3694 2018 Pentecostes
3717 1964 3972 2018 orandum

838 2054 1039 2104 tradere
1066 2052 1115 2103 in
1143 2051 1414 2104 servitium
1451 2059 1650 2120 septem
1679 2067 1878 2122 annos;
1917 2052 2104 2106 deinde
2131 2052 2244 2106 sine
2265 2067 2355 2104 vo-

835 2136 1034 2190 luntate
1065 2137 1155 2190 Illii
1182 2136 1440 2190 licentiam
1470 2138 1707 2191 tradendi
1737 2153 1838 2191 non
1864 2138 2038 2192 habet.
2065 2137 2231 2191 Homo
2253 2147 2356 2190 tre-

841 2225 1006 2278 decim
1035 2239 1286 2276 annorum
1313 2225 1537 2290 seipsum
1577 2233 1749 2294 potest
1776 2224 1950 2281 facere
1975 2239 2204 2278 servum.
2243 2224 2355 2278 Non

836 2309 954 2362 licet
976 2309 1172 2363 homini
1196 2324 1346 2363 servo
1368 2310 1548 2363 tollere
1570 2311 2036 2378 pecuniam,quam
2057 2300 2169 2378 ipse
2187 2310 2354 2378 acqui-

843 2397 980 2448 sivit.
1013 2407 1034 2434 ο
1065 2396 1120 2450 Si
1147 2411 1354 2450 servum
1381 2405 1434 2450 et
1461 2396 1701 2450 ancillam
1728 2397 1968 2450 dominus
1993 2395 2264 2449 amborum
2304 2396 2356 2447 in

839 2481 1228 2532 matrimonium
1273 2480 1560 2548 conjunxit,
1605 2483 1786 2548 postea
1818 2480 2038 2534 liberato
2083 2493 2234 2532 servo
2275 2480 2358 2535 vel

839 2566 1050 2630 ancilla,
1077 2566 1119 2619 si
1150 2574 1251 2618 non
1279 2574 1449 2634 potest
1473 2566 1656 2619 redimi
1685 2580 1799 2633 quae
1825 2565 1878 2617 in
1915 2565 2130 2618 servitio
2154 2573 2254 2627 est,
2291 2564 2356 2618 li-

842 2659 968 2711 bero
989 2657 1110 2710 licet
1136 2656 1411 2723 ingenuam
1445 2655 1778 2722 conjungere.
1810 2652 1835 2692 ἀ
1865 2653 1923 2706 Si
1961 2652 2077 2720 quis
2107 2653 2237 2707 liber
2261 2667 2355 2704 an-

839 2743 1009 2796 cillam
1030 2742 1081 2794 in
1102 2741 1434 2794 matrimonio
1455 2741 1734 2808 acceperit,
1762 2755 1862 2793 non
1885 2739 2074 2792 habeat
2096 2738 2355 2792 licentiam

839 2829 1123 2890 dimittere,
1152 2827 1194 2879 si
1221 2833 1343 2878 ante
1370 2841 1486 2880 cum
1509 2840 1764 2879 consensu
1793 2826 2065 2878 amborum
2095 2824 2356 2891 conjuncti

837 2919 976 2966 sunt.
1007 2911 1063 2966 Si
1089 2919 1444 2980 pmgnantem
1472 2913 1589 2980 quis
1616 2911 1832 2964 liberam
1865 2918 2154 2977 comparat,
2185 2922 2207 2947 ε
2230 2911 2358 2962 liber

837 3009 997 3054 estex
1019 3014 1080 3054 ea
1103 3008 1398 3067 generatus.
1443 2999 1539 3064 Qui
1576 2999 1814 3052 ancillam
1855 2986 2208 3066 praegnantem
2233 3007 2357 3050 mu-

839 3094 1016 3147 lierem
1039 3094 1246 3154 liberat,
1267 3107 1420 3160 quem
1449 3098 1662 3158 generat
1684 3098 1764 3142 est
1784 3104 1984 3143 servus.

1405 3176 1623 3234 CAPUT
1659 3176 1787 3230 XIII.

1235 3263 1308 3316 De
1343 3264 1549 3318 diversis
1577 3264 1950 3331 quwstiom'bus.

913 3353 932 3391 ί
967 3351 1170 3419 Jejunia
1199 3351 1427 3420 legitima
1455 3351 1553 3404 tria
1580 3360 1700 3404 sunt
1734 3353 1785 3405 in
1823 3367 1960 3407 anno
1985 3352 2114 3422 [Al.,
2143 3368 2237 3423 pro
2265 3367 2356 3422 po-

909 3492 932 3520 ι
961 3482 1181 3548 Capitul.
1207 3482 1268 3535 C.
1297 3483 1364 3534 Μ.
1391 3483 1427 3534 1.
1453 3499 1528 3544 vr,
1557 3497 1606 3534 c.
1633 3484 1720 3534 25.

911 3549 940 3587 δ
967 3549 1160 3617 Theod.
1205 3550 1361 3617 capit.
1403 3550 1489 3610 86,
1538 3549 1670 3610 116,
1714 3549 1835 3611 118..
1868 3557 1906 3602 ι.
1951 3549 2016 3602 IX
2070 3549 2356 3617 Spicileg.;

913 3567 940 3587 υ
976 3567 1160 3602 incon.
1205 3567 1361 3617 cap".
1403 3567 1489 3610 eo,
1538 3567 1670 3610 no,
1714 3567 1835 3632 ne,
1868 3567 1906 3602 ι.
1952 3567 2016 3602 ιλ
2070 3567 2354 3672 δριοιιεςς

840 3631 993 3684 conc.
1015 3615 1178 3684 Tolet.
1210 3633 1259 3678 ι,
1299 3633 1347 3669 c.
1377 3617 1409 3669 6
1431 3634 1450 3676 ς
1475 3618 1714 3684 Excerpt.
1749 3617 1877 3684 Lgb.
1921 3618 2164 3684 Eborac.,
2194 3633 2243 3672 c.
2302 3620 2354 3679 0,

843 3685 900 3753 ξι
931 3699 946 3746 ;
982 3683 1020 3753 l.
1050 3683 1358 3753 t_Capit.,rc.
1381 3684 1448 3736 46
1473 3693 1592 3738 etc.
1624 3683 1754 3748 H5;
1798 3683 1982 3753 Regia.
2008 3683 2044 3736 l.
2070 3701 2198 3750 u,c.
2221 3686 2352 3750 177;

843 3751 1032 3802 Burch.
1062 3749 1096 3800 l.
1127 3749 1178 3814 8,
1201 3767 1248 3804 c.
1279 3752 1362 3804 18.
1881 3749 1900 3753 ⁷
2001 3807 2004 3810 .

913 3829 934 3853 ε
965 3816 1168 3889 ἰἹιροᾲζ
1187 3834 1298 3889 cap.
1326 3818 1384 3869 71
1411 3856 1425 3880 ,
1449 3817 1581 3889 t_._I_X
1633 3817 1918 3889 Spicileg.;
1953 3821 2195 3886 Excerpt.
2225 3821 2354 3889 Egb.

844 3883 1001 3950 Ebor.
1031 3898 1078 3935 c.
1113 3884 1230 3946 ηδ,
1252 3883 1421 3936 canon
1449 3885 1602 3936 Dicit.
1660 3883 1852 3938 Burchl
1876 3886 1909 3936 ι.
1940 3903 2014 3950 rx,
2041 3903 2087 3940 c.
2117 3883 2198 3940 I9.

910 3948 936 3986 ά
968 3949 1040 4000 Ex
1069 3963 1213 4003 conc.
1247 3951 1559 4013 Matiscensi,
1586 3950 1810 4016 Capitul.
1841 3953 1874 4004 l.
1898 3969 1970 4016 vt,
1997 3948 2042 4008 ὸς
2077 3955 2161 4008 94.

899 4017 938 4084 'f
965 4017 1045 4084 at.
1077 4031 1189 4084 cap.
1222 4018 1416 4071 Theod.
1449 4017 1535 4082 74,
1563 4028 1600 4084 t.
1625 4017 1692 4071 IX
1745 4019 1922 4084 Spicll.

914 4082 1155 4202 "altde
1186 4099 1300 4154 cap.
1324 4087 1348 4136 l
1389 4087 1443 4149 9,
1471 4095 1507 4138 t.
1539 4083 1604 4139 IX
1635 4082 1879 4154 Spicileg.
1906 4103 1922 4149 ;
1966 4088 2003 4140 l.
2029 4103 2080 4142 vt
2109 4087 2356 4157 Capitul.,

845 4174 893 4206 ι.
926 4174 1043 4202 10..
1598 4190 1600 4192 τ

2454 2061 2552 2113 est,
2581 2053 2631 2104 in
2657 2051 3086 2119 quinquagesima
3110 2061 3308 2105 oratur.
3343 2051 3523 2106 Oratio
3559 2060 3731 2119 potest
3767 2053 3864 2106 sub
3890 2068 3976 2106 ve-

2452 2137 2642 2200 lamine
2679 2151 2816 2200 esse,
2863 2151 2981 2200 cum
3010 2137 3296 2192 necessitas
3320 2139 3476 2207 cogit.
3517 2136 3614 2203 Qui
3643 2153 3738 2206 pro
3765 2138 3975 2192 homine

2452 2235 2659 2279 mortuo
2677 2225 2896 2294 jejunat,
2927 2226 3153 2293 seipsum
3180 2225 3408 2294 adjuvat.
3450 2227 3526 2280 De
3565 2235 3774 2280 mortuo
3803 2237 3972 2280 autem

2453 2313 2544 2367 Dei
2588 2315 2749 2368 solius
2776 2322 2860 2368 est
2881 2314 3085 2367 nmitia.
3123 2315 3147 2353 ιι
3187 2313 3408 2370 Inﬁrmis
3432 2315 3554 2369 licet
3575 2315 3714 2368 omni
3746 2315 3877 2368 hora
3903 2315 3976 2366 ci-

2454 2404 2575 2458 bum
2605 2411 2656 2456 et
2681 2412 2859 2471 potum
2887 2417 3124 2465 sumere,
3159 2401 3364 2470 quando
3401 2403 3697 2458 desiderant
3736 2402 3821 2457 vel
3860 2418 3975 2470 pos.

2453 2498 2594 2553 sunt,
2625 2491 2674 2544 si
2696 2496 2987 2558 opportune
3011 2496 3247 2558 possunt.

3007 2616 3227 2673 CAPUT
3263 2617 3416 2673 XIV.’

2947 2723 3018 2776 De
3057 2725 3478 2778 reconciliatione.

2539 2833 2760 2888 Romani
2806 2832 3142 2887 reconciliant
3195 2833 3456 2902 hominem
3514 2831 3650 2886 intra
3696 2829 3935 2886 absidem
3961 2868 3976 2884 .

2454 2921 2622 2976 ϐικθοί
2671 2919 2868 2974 nolunt.
2917 2919 3288 2974 Reeonciliatio
3324 2919 3686 2988 ptenitentium
3728 2919 3784 2971 in
3825 2934 3971 2972 caena

2455 3010 2663 3082 Domini.
2695 3017 2895 3068 tantum
2922 3015 3004 3061 est
3027 3009 3092 3061 ab
3114 2988 3370 3076 episcopo:
3397 3015 3451 3060 et
3479 3016 3838 3060 consummata
3868 3021 3974 3075 pte.

2455 3099 2689 3152 nitentia.
2738 3097 2754 3135 ι
2804 3097 2857 3152 Si
2899 3111 3022 3150 vero
3051 3096 3292 3164 episcopo
3324 3089 3528 3150 dilliciIe
3552 3095 3635 3156 sit,
3667 3097 3973 3164 presbytero

2454 3200 2624 3260 potest
2645 3189 2971 3244 necessitatis
2996 3203 3151 3242 causa
3177 3174 3407 3256 praebere
3442 3192 3777 3253 potestatem,
3802 3194 3862 3238 ut
3881 3185 3974 3237 im-

2383 3260 2428 3320 C
2455 3277 2610 3344 pleat.
2631 3275 3012 3340 ,Reconciliatio
3032 3274 3084 3327 in
3105 3274 3202 3326 hac
3224 3271 3488 3340 provincia
3511 3285 3614 3324 non
3639 3275 3744 3336 est,
3777 3270 3902 3340 quia
3924 3278 3975 3322 et

2455 3364 2662 3430 publica
2690 3360 2995 3430 ptenitcntia
3018 3374 3119 3413 non
3149 3368 3248 3413 est.

2529 3495 2554 3574 ξ
2582 3491 2914 3574 ’ξιιωίξλοξρε
2933 3490 3010 3574 .39
3033 3505 3063 3574 ;~
3078 3498 3124 3574 lt.
3138 3489 3226 3574 71X
3288 3487 3532 3557 Spicileg.

2527 3561 2552 3665 Ii.
3256 3621 3497 3691 Spicileg.
3521 3637 3537 3686 ;
3574 3620 3767 3677 Burch.
3794 3621 3832 3675 I.
3857 3639 3970 3685 rm,

2460 3709 2507 3748 θ’
2528 3693 2648 3811 ξδ’ν.
2678 3759 2808 3827 Aug.
2837 3773 2996 3813 serm.
3027 3758 3091 3812 de
3110 3757 3285 3827 verbis
3307 3755 3487 3827 Apost.
3515 3755 3641 3827 c._8.

2528 3830 2551 3866 ι
2589 3825 2780 3894 But-ch.
2825 3827 2859 3878 l.
2884 3841 3023 3894 svnt
3047 3864 3061 3888 ,
3106 3841 3153 3878 c.
3183 3825 3286 3887 20;
3324 3825 3410 3878 Ivo
3449 3841 3503 3894 p.
3541 3825 3639 3888 l5,
3676 3839 3724 3878 c.
3766 3825 3871 3887 ‘2;
3911 3838 3972 3876 ex

2459 3893 2784 4038 :°?§g§3§;
2800 3892 3308 4038 (i_i12[?ra:fat.3cnenit.
3352 3959 3543 4038 item;
3578 3958 3793 4038 Resi'JP.
3810 3958 3844 4010 '-
3873 3974 3888 4010 '
3914 3939 3975 4038 δε

2459 4029 2602 4082 Eccl.
2651 4026 2858 4096 Discipl.
2881 4026 2914 4089 ,ί
2939 4042 3052 4096 cap.
3097 4026 3676 4096 29467,.constitutiones
3716 4026 3971 4080 Edmundi

2462 4097 2608 4149 arch.
2639 4094 3050 4159 Canuiariensis,
3079 4109 3128 4148 c.
3156 4094 3242 4146 12.
3825 4100 3831 4105 ·

1656 4423 2334 4533 CAPITULA
2417 4423 3113 4592 THEODORI

1255 4729 1636 4802 CAPITULUM
1670 4729 1948 4784 PRIMUM.

855 4842 1152 4896 Pa'nitentia
1176 4840 1311 4892 illius
1340 4841 1458 4891 anni
1496 4840 1666 4901 unius,
1713 4838 1797 4906 qui
1823 4839 1877 4888 in
1905 4853 2032 4906 pane
2049 4845 2101 4906 et
2122 4852 2252 4906 aqua
2274 4835 2353 4904 je—

1012 4909 1274 4976 junandus
1301 4915 1389 4968 est,
1422 4909 1516 4958 isto
1543 4905 1995 4958 ordineobservari
2023 4905 2182 4956 debet.

921 5008 944 5034 α
969 4995 1274 5049 Puenitentia
1301 4994 1435 5046 illius
1460 4993 1577 5044 anni
1606 4993 1777 5055 unius,
1801 4991 1888 5060 qui
1913 4991 1962 5044 in
1985 5005 2116 5059 pane
2145 5000 2196 5043 et
2225 5005 2356 5059 aqua

849 5081 1156 5150 jejunandus
1177 5089 1273 5141 est,
1304 5079 1420 5132 talis
1445 5092 1558 5131 esse
1585 5079 1736 5131 debet
1761 5079 1814 5132 in
1842 5091 2147 5147 unaquaque
2166 5078 2357 5130 hebdo-

856 5169 1023 5221 inada.
1061 5166 1187 5219 Tres
1215 5167 1324 5220 dies
1343 5206 1357 5228 ,
1406 5166 1457 5219 id
1502 5173 1580 5216 est
1625 5163 1806 5216 feriam
1834 5166 2064 5231 quintam
2093 5173 2144 5217 et
2173 5165 2357 5217 sabba-

855 5264 981 5317 tum,
1003 5270 1032 5329 a
1058 5255 1197 5315 vino,
1228 5255 1459 5315 medone,
1492 5251 1682 5306 mellita
1710 5261 1763 5304 et
1785 5252 2026 5314 cervisia,
2065 5265 2095 5304 a
2119 5264 2279 5304 carne
2305 5259 2359 5303 et

853 5343 1116 5408 sagimine,
1148 5357 1176 5393 a
1205 5356 1356 5393 caseo
1383 5350 1434 5392 et
1461 5341 1593 5403 ovis,
1633 5348 1688 5394 et
1729 5339 1794 5392 ab
1840 5340 1979 5391 omni
2016 5339 2191 5407 pingui
2219 5339 2360 5406 pisce

853 5442 907 5479 se
949 5428 1218 5480 abstineat.
1287 5426 1556 5479 Manducet
1588 5435 1761 5480 autem
1798 5425 2024 5479 minutos
2066 5419 2374 5494 pisciculos,

855 5516 895 5566 si
919 5516 1110 5568 habere
1136 5523 1322 5584 potest.
1346 5514 1401 5568 Si
1431 5513 1620 5568 habere
1644 5529 1746 5569 non
1765 5521 1954 5583 potest,
1982 5522 2179 5567 tantum
2210 5515 2362 5568 urn'us

922 5654 944 5680 ι
984 5643 1236 5712 Antiquos
1257 5640 1388 5712 liber
1411 5641 1688 5696 Pmnitent.
1715 5642 2116 5712 Andegavensis,
2146 5655 2259 5709 cap.
2289 5642 2360 5696 De

854 5709 1067 5761 remedio
1093 5709 1389 5778 pLeniterrtis.

2386 4728 2438 4786 ι)
2461 4725 2666 4792 generis
2689 4711 2886 4793 piscem
2910 4762 2924 4786 ,
2945 4731 2998 4777 et
3038 4723 3295 4794 legumina
3320 4763 3334 4787 ,
3373 4732 3427 4777 et
3450 4706 3618 4792 olera,
3649 4735 3702 4782 et
3730 4745 3900 4798 poma.
3925 4727 3964 4784 si

2452 4817 2586 4880 vult,
2613 4817 2874 4879 comedat,
2907 4825 2960 4870 et
2987 4816 3258 4871 cervisiam
3285 4817 3454 4880 bibat;
3499 4827 3553 4872 et
3588 4818 3637 4872 in
3665 4820 3851 4876 diebus
3875 4823 3967 4875 Do—

2454 4903 2680 4966 minicis,
2704 4912 2758 4955 et
2786 4903 2836 4954 in
2859 4902 3022 4955 Natali
3050 4903 3250 4956 Domini
3283 4904 3396 4958 illos
3421 4912 3644 4971 quatuor
3671 4907 3785 4958 dies
3797 4924 3817 4974 ;_
3842 4916 3892 4959 et
3919 4908 3964 4958 in

2454 4989 2738 5057 Epiphania
2769 5005 2926 5043 unum
2953 4990 3119 5053 diem;
3153 4998 3206 5044 et
3233 4991 3283 5043 in
3309 4991 3521 5058 pascha,
3548 5004 3711 5057 usque
3741 4992 3806 5043 ad
3831 5000 3964 5044 octa-

2455 5091 2576 5128 vum
2605 5076 2774 5139 diem;
2805 5086 2856 5129 et
2886 5077 2937 5130 in
2957 5076 3273 5130 Ascensione
3299 5076 3524 5140 Domini,
3546 5084 3598 5130 et
3615 5075 3960 5146 Pentecostcs,

2457 5172 2680 5229 quatuor
2705 5162 2843 5224 dies;
2873 5163 2900 5201 ι)
2919 5157 2982 5215 et
3003 5162 3055 5214 in
3097 5161 3230 5215 festo
3259 5162 3421 5215 sancti
3451 5161 3667 5217 Joannis
3702 5163 3958 5232 Baptista.

2459 5259 2513 5302 et
2544 5258 2735 5302 sanetze
2765 5248 2938 5302 Maria:
2955 5289 2970 5311 ,
3013 5258 3065 5301 et
3088 5258 3380 5303 sanctorum
3405 5249 3672 5303 duodecim
3696 5250 3960 5319 Apostolo—

2462 5353 2594 5399 rum,-
2619 5347 2672 5391 et
2698 5339 2860 5391 sancti
2892 5339 3185 5402 Michaelis,
3229 5348 3280 5392 et
3303 5339 3466 5392 sancti
3498 5337 3742 5408 Remigii,
3768 5349 3819 5394 et
3846 5338 3958 5393 0m-

2464 5426 2603 5478 nium
2623 5426 2960 5490 Sanctorum,
2992 5436 3043 5480 et
3068 5428 3231 5482 sancti
3255 5427 3476 5489 Martini,
3504 5435 3554 5479 et
3576 5427 3625 5480 in
3645 5428 3783 5480 illius
3802 5425 3955 5479 sancti

2465 5514 2765 5579 festivitate,
2793 5517 2880 5583 qui
2909 5516 2960 5568 in
2986 5516 3069 5569 illo
3097 5517 3393 5585 episcopatu
3414 5515 3634 5570 celebris
3656 5515 3889 5568 habetur.

2457 5645 2561 5762 56!:
2583 5643 2876 5766 Egisoncilium
2900 5645 3231 5700 Triburiense
3255 5645 3350 5698 sub
3376 5644 3625 5700 Formosa
3649 5658 3778 5714 Ρ³Ρ²
3795 5684 3811 5711 ι
3845 5658 3948 5711 (³1³·
