4110 6446
299 541 401 593 957

1347 535 1890 591 ΡοεΝιτΕΝτιΑιε.
1931 564 1997 574 -
2033 535 2378 591 CAPITULA.

3332 540 3430 592 938

370 645 427 697 in
457 644 541 696 his
586 642 899 710 supradictis
942 642 1124 694 diebus
1170 643 1326 695 faciat
1361 643 1670 696 cbaritatem
1708 657 1826 695 cum
1926 641 2192 709 ptuaginta
2222 639 2445 709 psalmos
2475 655 2570 706 per
2596 641 2828 691 ordinem
2874 640 3131 703 decantet,
3166 649 3218 694 et
3245 656 3430 710 paupe-

299 732 508 785 caateris
535 729 867 792 Christianis,
898 729 949 781 id
973 738 1071 789 cst,
1095 737 1270 781 utatur
1295 730 1474 782 eodem
1500 730 1616 782 cibo
1638 738 1689 782 et
1709 737 1832 798 potu

299 833 407 887 quo
435 818 530 879 illi,
573 817 663 870 sed
708 826 881 868 tamen
922 815 1227 868 ebrietatem
1257 824 1310 868 et
1335 817 1528 875 ventris
1553 815 1831 883 ingluviem

299 918 514 972 semper
547 904 598 955 in
625 901 865 955 omnibus
891 909 1091 955 caveat.

369 990 481 1044 iste
505 1005 675 1042 annus
712 989 969 1042 secundus
1011 997 1092 1042 est
1117 990 1183 1042 ab
1209 990 1296 1043 illo
1317 1006 1472 1053 anno,
1504 992 1591 1059 qui
1618 1005 1751 1058 pane
1779 1001 1833 1044 et

300 1090 440 1144 aqua
479 1075 796 1142 jejunandus
838 1084 936 1128 est.
990 1077 1050 1128 Et
1075 1087 1198 1144 post
1225 1078 1366 1131 illum
1398 1077 1708 1145 jejunandus
1731 1089 1830 1144 est,

301 1164 393 1231 qui
441 1163 603 1214 etiam
655 1162 856 1217 dandus
897 1169 976 1214 est
1012 1163 1114 1216 illis
1151 1165 1240 1232 qui
1286 1165 1427 1218 viros
1453 1166 1834 1220 ecclesiasticos

299 1249 594 1312 occidunt,
633 1258 686 1302 et
723 1251 774 1302 in
817 1252 1190 1305 consuetudine
1235 1253 1430 1306 habent
1470 1255 1832 1310 sodomiticum

299 1336 477 1390 scelus
503 1377 517 1400 ,
566 1345 620 1389 et
646 1338 733 1404 qui
771 1338 822 1390 in
848 1339 1221 1392 consuetudine
1249 1341 1442 1393 habent
1467 1352 1649 1396 contra
1686 1354 1836 1396 natu-

301 1441 417 1478 ram
441 1440 664 1496 peccare
685 1464 699 1487 ,
747 1433 799 1478 et
829 1427 879 1478 in
906 1427 1140 1480 ecclesiis
1168 1429 1442 1482 homicidia
1472 1440 1654 1500 sponte
1689 1447 1833 1486 com-

264 1523 270 1527 ‘
299 1513 543 1576 mittunt,
570 1521 621 1566 et
647 1514 895 1568 ecclesias
917 1515 1218 1578 incendunt,
1259 1528 1311 1570 et
1341 1518 1392 1570 in
1423 1519 1658 1572 ecclesiis
1689 1520 1835 1572 adul-

298 1601 437 1652 teria
461 1602 836 1664 committunt,
880 1611 930 1654 et
971 1603 1059 1670 qui
1109 1589 1209 1656 alia
1249 1605 1542 1673 hujusmodi
1567 1615 1840 1675 perpetra—

299 1695 450 1741 runt.

371 1775 693 1829 Pmnitentia
741 1777 890 1831 istius
931 1779 1050 1831 anni
1094 1780 1210 1832 talis
1250 1794 1365 1832 esse
1408 1780 1600 1834 debet:
1631 1789 1688 1833 ut
1708 1780 1837 1834 duos

297 1863 434 1925 dies,
460 1864 512 1916 id
535 1874 634 1926 est,
662 1866 943 1918 secundam
971 1865 1152 1918 feriam
1169 1876 1226 1920 et
1255 1876 1492 1936 quartam
1525 1869 1577 1922 in
1605 1884 1838 1937 unaqua—

296 1965 404 2017 que
433 1951 758 2004 hebdomada
798 1952 1000 2019 jejunet
1043 1954 1107 2006 ad
1132 1969 1432 2022 vesperam;
1483 1963 1535 2008 et
1575 1963 1698 2008 tunc
1724 1954 1842 2008 refi-
1871 1945 1914 2006 Β

294 2038 476 2090 ciatur
495 2038 636 2090 sicco
659 2039 796 2101 cibo,
831 2039 882 2092 id
908 2048 1015 2101 est,
1046 2041 1110 2092 de
1131 2056 1263 2109 pane
1285 2051 1337 2095 et
1357 2041 1712 2112 leguminibus
1739 2043 1839 2096 sic-

297 2125 380 2178 cis
407 2125 498 2178 sed
521 2127 704 2190 coctis,
734 2136 826 2180 aut
850 2129 1036 2196 pomis,
1069 2137 1158 2182 aut
1187 2129 1417 2184 oleribus
1438 2133 1647 2196 crudis;
1676 2147 1837 2186 unum

294 2214 461 2283 eligat
486 2229 550 2268 ex
578 2216 661 2267 his
688 2217 874 2279 tribus,
901 2226 954 2268 et
979 2226 1175 2280 utatur,
1203 2229 1256 2272 et
1278 2208 1553 2272 cervisiam
1580 2221 1724 2274 bibat
1747 2221 1839 2274 sed

296 2302 499 2355 sobrie.
540 2301 606 2354 Et
650 2302 861 2356 tertium
899 2303 1054 2365 diem,
1111 2304 1163 2358 id
1184 2292 1302 2369 est,
1332 2314 1534 2359 sextam
1575 2305 1758 2360 feriam
1786 2308 1839 2359 in

297 2403 438 2457 pane
466 2397 520 2441 et
550 2404 682 2457 aqua
711 2390 983 2454 observet,
1025 2399 1078 2443 et
1121 2399 1228 2444 tres
1255 2393 1680 2461 quadragesimas
1700 2392 1836 2460 jeju-

298 2487 385 2529 net
404 2485 526 2529 ante
548 2476 728 2530 Natale
749 2477 950 2530 Domini
968 2493 1142 2540 unam,
1168 2480 1448 2532 secundam
1474 2489 1593 2533 ante
1616 2481 1837 2543 Pascha,

296 2567 512 2618 tertiam
542 2573 664 2617 ante
685 2566 900 2618 missam
927 2568 1093 2619 sancti
1127 2565 1363 2624 Joannis.
1401 2569 1466 2620 Et
1491 2569 1542 2621 in
1564 2569 1645 2622 his
1670 2570 1840 2622 tribus

297 2652 718 2719 quadragesimis
734 2650 936 2720 jejunet
958 2653 1089 2707 duos
1114 2654 1226 2706 dies
1263 2654 1328 2706 ad
1353 2670 1542 2708 nonam
1569 2657 1619 2708 in
1646 2656 1839 2710 hebdo—

293 2741 455 2797 mada
478 2780 491 2803 ,
533 2748 590 2793 et
629 2741 690 2794 de
727 2742 867 2796 sicco
905 2741 1314 2805 cibmcomedat,
1342 2750 1399 2795 ut
1419 2758 1575 2811 supra
1601 2752 1836 2801 notatum

294 2838 410 2891 est;
442 2837 496 2881 et
526 2839 730 2882 sextam
760 2830 943 2883 feriam
963 2829 1164 2899 jejunet
1189 2839 1240 2884 et
1269 2833 1319 2883 in
1353 2846 1487 2899 pane
1521 2840 1574 2884 et
1601 2847 1756 2900 aqua,
1787 2841 1840 2885 et

294 2921 348 2972 in
379 2919 669 2972 Dominicis
697 2920 902 2983 diebus,
929 2928 982 2973 et
1005 2922 1058 2974 in
1083 2920 1251 2974 Natali
1278 2921 1509 2984 Domini,
1554 2923 1678 2974 etin
1709 2922 1840 2975 Pen-

294 3013 502 3059 tecoste
548 3013 775 3073 quatuor
803 3007 917 3058 illos
959 3007 1098 3070 dies;
1151 3016 1204 3061 et
1245 3008 1298 3061 in
1343 3008 1630 3077 Epiphania
1678 3025 1838 3062 unum

282 3092 459 3154 diem,
490 3099 544 3145 et
570 3092 622 3144 in
643 3092 844 3147 Pascha
881 3109 1044 3162 usque
1069 3095 1135 3147 ad
1175 3097 1452 3163 septimum
1477 3096 1612 3148 diem
1640 3135 1654 3159 ,
1699 3105 1753 3150 et
1787 3098 1838 3150 in

292 3176 622 3232 Ascensione
643 3179 867 3244 Domini,
893 3188 947 3234 et
975 3182 1027 3234 in
1056 3183 1215 3235 missa
1241 3183 1406 3236 sancti
1429 3181 1645 3237 Joannis
1665 3184 1812 3255 Bapti

293 3273 411 3330 star,
436 3274 492 3319 et
517 3276 712 3322 sanctre
738 3268 939 3332 Mariae,
971 3281 1025 3324 et
1047 3271 1320 3326 duodecim
1351 3273 1707 3341 apostolorum
1732 3315 1745 3339 ,
1785 3283 1837 3329 e'.
1863 3263 1908 3328 (Σ

292 3358 468 3410 sancti
494 3357 782 3421 Michaelis,
813 3367 866 3412 et
891 3361 1055 3412 sancti
1078 3360 1322 3430 Remigii,
1351 3371 1403 3415 et
1430 3364 1673 3418 Omnium
1701 3361 1836 3418 San-

291 3454 503 3498 ctorum
522 3483 537 3509 ,
582 3453 638 3500 et
679 3447 845 3500 sancti
872 3447 1098 3512 Martini,
1126 3458 1179 3502 et
1208 3449 1260 3502 in
1287 3451 1424 3504 illius
1452 3455 1619 3508 sancti
1642 3454 1840 3508 festivi—

289 3543 405 3588 tate
427 3575 441 3598 ,
492 3536 581 3603 qui
610 3536 662 3588 in
701 3537 788 3591 illo
813 3539 1116 3608 episcopatu
1153 3541 1376 3595 celebris
1412 3543 1653 3596 habetur.
1696 3545 1760 3596 Et
1789 3546 1838 3597 in

293 3623 379 3676 bis
400 3624 720 3692 supradictis
752 3625 934 3679 diebus
958 3625 1115 3680 faciat
1149 3629 1459 3682 cbaritatem
1485 3646 1604 3683 cum
1636 3633 1840 3684 caeteris

293 3711 636 3776 Christianis,
677 3713 769 3766 sed
801 3723 974 3766 tamen
1009 3714 1317 3769 ebrietatem
1340 3724 1393 3770 et
1420 3719 1616 3770 ventris
1644 3719 1837 3771 disten-

297 3802 497 3856 tionem
524 3815 729 3870 semper
753 3801 806 3853 in
834 3802 1079 3857 omnibus
1101 3812 1303 3859 caveat.

819 3892 1203 3966 CAPITULUM
1238 3912 1298 3967 il.

298 3975 374 4030 De
403 3977 507 4030 illis
534 3979 621 4047 qui
648 3977 891 4052 jejtgtare
921 3996 1020 4052 non
1049 3992 1258 4052 possunt
1277 4021 1291 4043 ,
1319 3991 1364 4033 et
1393 3982 1672 4051 adimplere
1699 3986 1835 4052 quod
1883 4042 1890 4049 δ

658 4045 712 4098 iri
745 4045 1085 4099 Paenitentiali
1113 4050 1354 4116 scriptum
1387 4059 1478 4102 est.

368 4143 393 4171 ι
427 4131 526 4197 Qui
542 4131 781 4200 jejunare
802 4141 995 4200 potest,
1017 4141 1069 4187 et
1097 4135 1311 4203 implere
1338 4138 1474 4203 quod
1499 4139 1549 4190 in
1573 4139 1836 4193 Paeniten-

299 4217 410 4272 tiali
442 4219 696 4286 scriptum
717 4226 818 4283 est,
847 4218 1040 4274 bonum
1061 4232 1164 4284 est,
1190 4231 1242 4278 et
1264 4223 1370 4276 Deo
1391 4226 1585 4292 gratias
1619 4227 1830 4292 referat.

295 4307 397 4372 Qui
425 4315 599 4360 autem
626 4323 728 4362 non
755 4318 950 4377 potest,
975 4311 1022 4364 ei
1043 4325 1136 4378 per
1154 4312 1566 4368 misericordiam
1591 4317 1681 4370 Dei
1711 4303 1834 4371 con?

294 4399 473 4455 silium
494 4400 682 4453 damus
712 4401 838 4464 tale,
862 4410 920 4453 ut
944 4417 1042 4455 nec
1063 4403 1192 4467 sibi,
1217 4419 1315 4460 nec
1337 4392 1499 4460 alicui
1526 4422 1739 4462 necesse
1766 4411 1832 4464 sit

294 4488 584 4556 desperare
607 4486 686 4540 vel
709 4489 904 4556 perire.

809 4576 1193 4634 CAPITULUM
1238 4581 1320 4634 ill.

360 4664 431 4731 De
456 4664 794 4734 redemptione
821 4664 959 4744 illius
987 4669 1108 4720 anni
1124 4707 1150 4746 ,_
1166 4685 1312 4746 quem
1336 4671 1392 4723 in
1423 4688 1552 4741 pane
1571 4684 1616 4727 et
1641 4692 1773 4746 aqua

869 4736 1082 4802 ejunare
1117 4736 1277 4790 debet.

363 4820 544 4874 Primo
570 4819 653 4873 die
679 4834 836 4888 quem
872 4821 924 4874 in
953 4837 1086 4890 pane
1113 4831 1167 4876 et
1193 4839 1327 4893 aqua
1363 4826 1602 4894 jejunare
1644 4833 1828 4899 debet,

294 4907 672 4978 quinquaginta
701 4907 929 4978 psalmos
954 4911 1005 4962 in
1031 4910 1252 4965 ecclesia
1273 4952 1288 4976 ,
1319 4915 1363 4967 si
1388 4915 1497 4969 fieri
1523 4925 1713 4986 potest,
1742 4921 1833 4975 de-

295 5005 473 5069 cantet
487 4995 643 5069 flexis
673 4997 923 5067 genibus;
953 4998 1032 5052 sin
1061 5006 1256 5066 autem,
1285 5002 1338 5055 in
1366 5003 1478 5058 loco
1501 5010 1830 5064 convenienti

295 5082 485 5137 eadem
506 5082 702 5148 faciat,
748 5091 803 5138 et
827 5098 989 5138 unum
1009 5101 1289 5156 pauperem
1316 5101 1530 5158 pascat,
1580 5102 1632 5148 et
1660 5111 1724 5150 eo
1749 5099 1833 5153 die

296 5177 518 5239 excepto
549 5169 696 5234 vino,
749 5185 905 5224 carne
948 5181 1001 5226 et
1031 5175 1284 5244 sagimine
1306 5217 1320 5243 ,
1372 5189 1544 5234 sumat
1581 5184 1832 5252 quidquid

296 5256 441 5312 velit.
501 5254 558 5311 Si
607 5265 780 5312 autem
827 5257 948 5312 talis
994 5267 1105 5322 est,
1153 5263 1240 5330 qui
1284 5265 1462 5319 tandin
1507 5268 1559 5321 in
1612 5271 1830 5339 genibus

295 5348 470 5417 iacere
507 5362 612 5403 non
656 5350 859 5417 possit,
906 5349 1066 5405 faciat
1109 5363 1284 5407 autem
1324 5356 1400 5410 sic
1428 5359 1478 5410 in
1507 5359 1758 5425 ecclesia,
1783 5364 1829 5418 si

301 5437 411 5493 fieri
439 5436 623 5507 possit.
665 5435 753 5491 Sic
777 5444 952 5492 autem
981 5439 1032 5493 in
1057 5456 1160 5495 uno
1184 5441 1296 5496 loco
1316 5447 1503 5500 stando
1524 5447 1722 5504 intente
1751 5466 1833 5505 sc-

368 5583 393 5612 ι
414 5570 588 5652 “Beda;
610 5572 938 5652 canones_ad
962 5566 1191 5652 rem‘edia
1227 5587 1581 5652 peccatorum,
1605 5595 1720 5652 cap.
1742 5583 1826 5649 14,

303 5640 374 5696 De
393 5640 604 5711 diversis
623 5642 823 5711 causis;
850 5639 1076 5711 Regini",
1104 5708 1108 5711 ι
1157 5639 1290 5704 ιι,ὀ.
1321 5646 1441 5699 tu.

368 5711 396 5751 ι»
433 5708 653 5780 βθεῇηο,
683 5708 717 5780 i.
752 5719 812 5772 n,‘
843 5723 890 5761 c.
922 5708 1052 5780 μω
1078 5708 1300 5778 dﬁcit",
1324 5715 1356 5767 i.
1393 5731 1464 5780 rx,
1493 5733 1540 5772 c.
1574 5719 1658 5773 i8.

370 5790 391 5818 ε
432 5776 658 5848 Regino,
686 5776 720 5830 l.
746 5791 804 5841 tt,
832 5793 878 5831 c.
909 5778 1039 5840 439;
1071 5776 1286 5846 Burch.,
1312 5784 1346 5838 l.
1375 5776 1482 5850 xix,
1514 5803 1560 5841 c.
1595 5789 1677 5843 19.

730 5869 988 5932 Panos.
1025 5872 1241 5934 XCIX.

1932 745 2043 783 rem
2070 738 2264 798 pascat,
2293 737 2345 781 et
2369 744 2432 782 eo
2460 730 2541 781 die
2565 739 2778 796 excepto
2800 731 2918 781 vino
2941 745 3094 783 carne
3137 740 3187 784 et
3230 733 3438 800 sagimi—

1931 831 2015 880 ne,
2063 824 2236 870 sumat
2290 816 2541 885 quidquid
2589 816 2729 868 velit.
2787 816 2882 880 Qui
2927 817 2976 868 in
3021 819 3235 871 ecclesia
3277 834 3440 886 genua

1931 906 2128 958 centies
2147 903 2348 958 flexerit
2369 945 2382 967 ,
2425 905 2475 956 id
2495 911 2575 958 est
2597 944 2610 966 ,
2642 906 2685 957 si
2706 906 2905 973 centies
2926 907 3124 958 veniam
3150 908 3375 974 petierit,
3400 910 3443 958 si

1931 993 2042 1045 fieri
2065 1000 2254 1061 potest,
2283 995 2333 1046 in
2361 993 2576 1046 ecclesia
2605 992 2693 1044 ﬁat
2718 1007 2730 1044 :
2767 994 2864 1045 hoc
2881 993 3223 1058 justissimum
3246 1003 3342 1046 est.
3389 994 3444 1045 Si

1931 1087 2104 1130 autem
2147 1080 2259 1131 fieri
2284 1094 2396 1132 non
2423 1087 2624 1146 potest,
2665 1088 2864 1132 secrete
2903 1081 2954 1132 in
2987 1080 3100 1133 loco
3127 1082 3447 1152 convenienti

1931 1167 2031 1218 hoc
2059 1167 2231 1220 faciat.
2269 1166 2324 1219 Si
2362 1168 2438 1219 sic
2480 1167 2700 1231 fecerit,
2751 1184 2813 1221 eo
2853 1169 2934 1222 die
2973 1179 3190 1236 excepto
3237 1171 3356 1223 vino
3396 1179 3450 1222 et

1932 1269 2092 1306 carne
2123 1263 2174 1307 et
2203 1255 2472 1323 sagimine,
2501 1264 2671 1308 sumat
2694 1257 2828 1324 quod
2852 1257 3036 1324 placet.
3069 1250 3074 1254 ⁴
3099 1259 3193 1323 Qui
3221 1260 3449 1325 psalmos

1933 1355 2034 1393 non
2060 1342 2223 1403 novit,
2253 1357 2410 1395 unum
2437 1342 2593 1403 diem,
2622 1357 2775 1411 quem
2797 1339 2847 1396 in
2872 1360 3003 1411 pane
3037 1354 3088 1397 et
3125 1361 3255 1412 aqua
3284 1349 3450 1414 poeni-

1935 1435 2043 1480 tere
2066 1427 2237 1490 debet,
2269 1429 2412 1482 dives
2439 1429 2663 1484 denariis
2685 1430 2874 1494 tribus,
2901 1447 3094 1500 pauper
3115 1449 3218 1486 uno
3241 1434 3451 1487 denario

1934 1514 2174 1566 redimat.
2215 1515 2279 1568 Et
2304 1529 2368 1568 eo
2393 1515 2475 1568 die
2506 1525 2718 1583 excepto
2739 1519 2876 1578 vino,
2922 1534 3080 1572 carne
3121 1529 3173 1572 et
3205 1520 3452 1588 sagimine

1935 1613 2105 1656 sumat
2138 1606 2274 1672 quod
2316 1607 2533 1674 placeat.
2589 1608 2705 1660 Alio
2740 1610 2912 1671 modo,
2937 1611 3144 1676 quidam
3173 1611 3352 1663 dicunt
3377 1611 3454 1663 vi-

1935 1694 2062 1761 ginti
2085 1693 2339 1761 palmatas
2366 1694 2540 1747 valere
2568 1695 2662 1761 pro
2685 1711 2787 1748 uno
2807 1697 2910 1749 die.

2439 1798 2826 1854 CAPITULUM
2862 1801 2947 1854 lY.

1937 1865 2012 1918 De
2041 1867 2371 1935 redemptione
2391 1868 2541 1919 unius
2569 1868 2929 1938 hebdomadas,
2977 1885 3129 1936 quam
3156 1871 3208 1922 in
3239 1885 3368 1938 pane
3407 1880 3456 1922 et

2401 1950 2534 2002 aqua
2555 1935 2791 2002 jejunare
2831 1936 2989 1989 debet.

2007 2025 2034 2063 δ
2057 2022 2166 2076 Pro
2195 2039 2296 2076 una
2321 2023 2644 2077 hebdomade
2667 2064 2681 2087 ,
2726 2040 2882 2092 quam
2921 2026 2970 2078 in
2997 2039 3129 2093 pane
3152 2033 3206 2078 et
3227 2040 3359 2094 aqua
3381 2025 3459 2093 je-

1933 2113 2119 2180 junare
2161 2111 2349 2172 debet,
2405 2118 2663 2164 trecentos
2701 2111 2927 2178 psalmos
2961 2113 3178 2178 genibus
3220 2113 3366 2166 flexis
3407 2114 3456 2166 in

1937 2200 2156 2253 ecclesia
2189 2200 2450 2252 decantet.
2492 2186 2547 2252 Si
2575 2206 2746 2250 autem
2790 2199 2888 2252 hoc
2929 2198 3100 2252 facere
3135 2213 3236 2252 non
3264 2208 3455 2267 potest,

1939 2287 2039 2339 tria
2060 2287 2306 2354 psalteria
2348 2286 2401 2338 in
2446 2286 2665 2340 ecclesia
2694 2284 2774 2338 vel
2810 2285 2861 2339 in
2895 2285 3008 2338 loco
3032 2287 3357 2339 convenienti
3381 2287 3460 2338 in-

1938 2383 2079 2427 tente
2107 2374 2376 2435 decantet;
2413 2382 2466 2426 et
2490 2383 2764 2440 postquam
2790 2374 3022 2440 psallerit
3039 2413 3052 2437 ,
3081 2383 3298 2441 excepto
3321 2375 3461 2434 vino,

1939 2478 2096 2516 carne
2120 2470 2171 2514 et
2193 2461 2466 2530 sagimine,
2495 2470 2665 2514 sumat
2691 2463 2943 2529 quidquid
2969 2463 3106 2514 velit.

2009 2562 2029 2588 ο
2055 2551 2157 2603 Pro
2183 2565 2285 2603 uno
2310 2565 2488 2603 mense
2508 2589 2522 2613 ,
2565 2565 2717 2618 quem
2743 2551 2794 2603 in
2813 2566 2951 2619 pane
2984 2560 3037 2604 et
3058 2567 3189 2619 aqua
3212 2551 3466 2618 poenitere

1939 2640 2110 2700 debet,
2137 2639 2365 2705 psalmos
2393 2639 2532 2692 mille
2577 2638 2826 2692 ducentos
2860 2638 3006 2692 ﬂexis
3035 2640 3252 2708 genibus
3279 2641 3464 2693 decan-

1939 2732 2041 2786 tet;
2091 2735 2144 2777 et
2185 2726 2327 2778 omni
2373 2726 2456 2778 die
2495 2727 2539 2778 si
2585 2727 2739 2788 velit,
2767 2736 2821 2778 et
2847 2728 2890 2780 si
2920 2727 3180 2782 abstinere
3204 2744 3304 2783 non
3332 2729 3461 2790 vult,

1939 2813 2138 2866 reficiat
2182 2827 2238 2866 se
2281 2813 2346 2865 ad
2390 2821 2589 2866 sextam
2635 2813 2850 2877 horam,
2898 2816 2996 2868 nisi
3043 2815 3218 2887 [feria]
3255 2826 3462 2885 quarta,
3561 2875 3567 2882 ,

1939 2908 2084 2952 sexta
2103 2898 2302 2965 jejunet
2330 2900 2393 2951 ad
2418 2914 2637 2961 nonam;
2669 2911 2722 2953 et
2753 2915 2782 2952 a
2828 2916 2984 2954 carne
3022 2911 3076 2954 et
3120 2903 3373 2971 sagimine
3414 2914 3466 2957 et

1939 2987 2062 3040 vino
2088 2994 2251 3042 totum
2290 3002 2522 3040 mensem
2565 3003 2619 3040 se
2654 2989 2928 3042 abstineat.
2983 2989 3154 3042 Alium
3185 3000 3356 3044 autem
3386 2993 3463 3045 ci.

1938 3074 2062 3128 bum
2086 3115 2100 3140 ,
2145 3085 2422 3145 postquam
2461 3076 2690 3145 psalmos
2726 3079 3049 3147 supradictos
3091 3079 3466 3142 decantaverit,

1939 3168 2126 3214 sumat.
2165 3161 2472 3216 Istoordiue
2504 3171 2646 3216 totus
2664 3164 2750 3218 ille
2779 3177 2944 3219 annus
2975 3168 3305 3221 redimendus
3331 3178 3428 3222 est.

2452 3270 2833 3327 CAPITULUM
2888 3275 2949 3328 V.

1943 3338 2017 3390 De
2034 3338 2140 3416 illis
2165 3341 2251 3416 qui
2269 3339 2511 3416 jejunare
2537 3358 2635 3416 non
2657 3351 2885 3416 possunt.
2910 3353 2956 3393 et
2977 3346 3226 3416 nesciunt,
3258 3362 3466 3416 quomo-

2009 3407 2075 3486 do
2102 3410 2443 3475 pmnitentiam
2471 3410 2618 3486 unius
2648 3407 2790 3472 anni,
2821 3427 2966 3486 quem
2997 3407 3236 3486 jejunare
3263 3407 3463 3477 debent,

2008 3475 2060 3527 in
2088 3491 2218 3543 pane
2245 3485 2290 3528 et
2317 3493 2449 3544 aqua
2477 3477 2719 3529 redimere
2741 3475 2953 3546 possint.

2008 3563 2033 3598 ά
2066 3562 2165 3627 Qui
2199 3576 2326 3615 vero
2364 3551 2594 3631 psalmos
2641 3579 2743 3617 non
2777 3566 2958 3629 novit,
2999 3575 3053 3620 et
3084 3565 3324 3635 jejunare
3361 3587 3463 3625 non

1938 3661 2133 3718 potest,
2161 3667 2260 3719 pro
2280 3667 2385 3704 uno
2411 3667 2547 3704 anno
2573 3668 2727 3720 quem
2758 3655 2810 3706 in
2827 3669 2963 3721 pane
2988 3665 3042 3708 et
3077 3673 3210 3724 aqua
3230 3658 3466 3726 jejunare

1938 3739 2129 3801 debet,
2165 3738 2252 3791 det
2281 3739 2676 3808 pauperibusin
2718 3741 3098 3811 eieemosynam
3128 3745 3308 3814 viginti
3337 3749 3464 3803 duos

1942 3827 2168 3899 [viginti
2201 3827 2315 3898 sex]
2346 3828 2568 3893 solidos,
2609 3837 2662 3882 et
2689 3845 2871 3883 omnes
2905 3841 3085 3886 sextas
3135 3832 3293 3889 ferias
3329 3834 3464 3906 jeju-

1937 3924 2025 3968 nct
2055 3916 2105 3966 in
2134 3930 2267 3984 pane
2300 3924 2352 3968 et
2379 3931 2512 3984 aqua
2535 3956 2549 3980 ,
2593 3925 2650 3969 et
2672 3925 2784 3972 tres
2814 3918 3254 3988 quadragesimas,
3287 3924 3338 3977 id
3363 3935 3465 3987 est,

1936 4005 2278 4073 quadraginta
2304 4007 2416 4058 dies
2435 4015 2556 4058 ante
2580 4006 2798 4070 Pascha,
2831 4010 3175 4078 quadraginta
3201 4013 3310 4066 dies
3343 4023 3463 4068 ante

1933 4093 2268 4162 festivitatem
2291 4095 2454 4146 sancti
2478 4092 2694 4148 Joannis
2721 4095 2963 4164 Baptistae
2987 4116 2997 4150 :
3025 4108 3077 4152 et
3100 4100 3140 4152 si
3181 4109 3300 4154 ante
3321 4100 3462 4154 festi-

1933 4181 2144 4233 vitatem
2167 4180 2363 4248 aliquid
2385 4184 2910 4251 remanserit,postea
2936 4185 3234 4254 adimpleat.
3259 4188 3463 4257 thuav

1933 4271 2173 4338 draginta
2201 4269 2310 4324 dies
2332 4279 2452 4325 ante
2478 4270 2658 4324 Natale
2673 4271 2897 4326 Domini.
2920 4273 2976 4326 in
3001 4275 3114 4328 istis
3144 4276 3310 4330 tribus
3332 4293 3460 4346 qua-

1931 4360 2242 4426 dragesimis
2271 4360 2524 4428 quidquid
2555 4360 2633 4412 ori
2663 4375 2758 4413 suo
2786 4371 3110 4430 praeparatur
3133 4364 3184 4418 in
3211 4365 3346 4429 cibo,
3377 4368 3459 4421 vel

1930 4448 1981 4500 in
2002 4455 2125 4516 potu
2154 4489 2166 4511 ,
2195 4448 2275 4501 vel
2297 4447 2652 4515 cujuscunque
2681 4447 2887 4516 generis
2928 4449 2999 4501 sit
3025 4489 3039 4512 ,
3084 4449 3210 4504 illud
3237 4453 3460 4506 mstimet

1857 4577 1908 4636 Β
1934 4538 2114 4604 quanti
2132 4537 2283 4605 pretii
2313 4537 2400 4600 sit,
2431 4535 2511 4589 vel
2534 4549 2649 4588 esse
2677 4537 2870 4604 possit;
2894 4544 2947 4589 et
2971 4537 3303 4592 medietatem
3322 4540 3460 4595 illius

1932 4627 2087 4694 pretii
2115 4625 2396 4679 distribuat
2415 4628 2465 4678 in
2485 4626 2866 4692 eleetnosynam
2892 4630 3228 4697 pauperibus,
3245 4638 3308 4697 _et
3334 4632 3464 4684 assi-

1933 4718 2032 4768 due
2059 4723 2172 4769 oret
2195 4722 2249 4768 et
2292 4718 2440 4784 roget
2460 4713 2767 4780 Dominum,
2799 4723 2855 4768 ut
2885 4718 3055 4771 oratio
3098 4717 3212 4785 ejus
3237 4728 3292 4776 et
3320 4720 3459 4774 eiec.

1931 4818 2160 4872 mosyna
2189 4801 2303 4869 ejus
2337 4803 2470 4872 apud
2501 4801 2665 4857 Deum
2691 4806 3037 4872 acceptabiies
3057 4807 3181 4860 sint.

2439 4911 2817 4967 CAPITULUM
2857 4915 2937 4968 Vl.

1935 4999 2008 5052 De
2053 5000 2390 5072 redemptione
2435 5005 2586 5054 unius
2617 5003 2758 5063 anni,
2800 5019 2945 5072 quem
2967 5005 3205 5072 penitere
3235 5007 3376 5062 debet
3403 5011 3459 5062 in

2498 5087 2631 5140 pane
2659 5080 2706 5124 et
2731 5088 2880 5141 aqua.

2006 5191 2029 5219 ο
2052 5179 2180 5234 item
2207 5182 2295 5249 qui
2321 5180 2559 5250 ieiunare
2591 5199 2694 5238 non
2722 5195 2914 5252 potest,
2943 5197 2996 5243 et
3015 5189 3297 5246 observare
3321 5193 3459 5264 quod

1933 5275 1982 5326 in
2007 5271 2356 5328 Pmnitcntiaii
2383 5275 2632 5343 scripturn
2657 5286 2754 5342 est,
2789 5277 2945 5334 faciat
2971 5282 3071 5337 hoc
3089 5287 3226 5353 quod
3247 5293 3463 5340 sanctus

1933 5364 2228 5419 Bonifacius
2249 5379 2380 5434 papa
2401 5366 2667 5420 constituit
2687 5383 2782 5436 pro
2808 5384 2912 5423 uno
2940 5371 3043 5437 die,
3066 5388 3220 5441 quem
3244 5373 3297 5426 in
3323 5389 3464 5445 pano

1937 5461 1989 5509 et
2013 5468 2146 5523 aqua
2173 5455 2427 5523 paenitere
2451 5455 2622 5510 debet.
2673 5456 2839 5527 Roget
2859 5461 3220 5530 presbyterum
3250 5473 3305 5517 ut
3330 5463 3461 5520 mis-

2001 5588 2026 5628 ἀ
2065 5589 2284 5661 ilegino,
2316 5591 2351 5644 l.
2379 5606 2436 5661 tt,
2463 5605 2511 5644 c.
2539 5591 2630 5646 441
2657 5609 2669 5655 ;
2701 5592 2916 5660 Burch.,
2953 5597 2987 5650 l.
3016 5613 3125 5661 xix,
3153 5615 3200 5654 c.
3230 5598 3300 5653 20

2005 5669 2028 5697 ο
2065 5658 2345 5734 Paspitept.
2379 5659 2551 5722 Rom.,
2587 5661 2666 5714 tit.
2691 5664 2741 5734 ξ),
2766 5658 3012 5734 ίεθρζῖἱῂ
3045 5658 3334 5724 Burchard.
3364 5666 3457 5726 lib.

1933 5744 2044 5795 xix,
2071 5744 2116 5784 c.
2144 5728 2202 5782 2i
2229 5747 2242 5797 ;
2278 5730 2382 5794 lvo,
2414 5745 2463 5800 p.
2493 5745 2576 5796 xv,
2602 5747 2648 5784 c.
2685 5730 2775 5784 201
2804 5749 2816 5798 ;
2841 5728 2919 5790 ἐκ
2949 5735 3238 5790 Theodoro.

2959 5887 3036 5949 30
