4110 6426
699 467 796 524 959

694 591 805 630 eam
829 583 996 628 cantet
1021 588 1112 642 pro
1138 589 1198 628 eo
1223 614 1238 639 ,
1286 577 1387 630 nisi
1418 577 1521 632 sint
1549 579 1763 632 crimina
1791 583 2060 648 capitalia,
2096 596 2210 646 quso
2243 585 2283 638 Δ

693 664 926 716 ροιιΐρδεει
963 664 1106 730 prius
1135 663 1298 716 lavari
1337 679 1454 717 cum
1479 665 1718 734 lacrymis
1745 667 1950 721 debent.
1990 670 2052 720 Et
2081 677 2203 721 tunc

695 750 801 818 ipse
825 751 988 812 adsit,
1033 759 1084 801 et
1110 749 1304 802 audiat.
1343 749 1406 802 Et
1436 752 1618 804 devote
1647 752 1756 819 ipse
1779 753 1960 806 oll'erat
1983 753 2205 820 propriis

691 839 930 890 manibus
958 853 1142 906 panem
1187 848 1238 891 et
1281 839 1458 892 vinum
1500 841 1736 895 manibus
1779 841 2098 904 sacerdotis;
2153 848 2206 893 et.

690 928 884 982 intente
926 929 1260 995 respondeat,
1303 938 1552 998 quantum
1588 931 1742 996 sapit,
1787 933 1850 985 a1
1871 931 2202 984 salutationes

689 1020 738 1065 et
763 1015 1152 1067 exhortationes
1180 1017 1466 1068 sacerdotis
1492 1034 1503 1066 :
1549 1025 1602 1068 et
1625 1017 1890 1070 humiliter
1926 1019 2199 1071 Dominum

685 1101 1013 1168 deprecetur,
1058 1109 1115 1152 ut
1157 1103 1350 1153 oblatio
1377 1117 1531 1167 quam
1571 1103 1678 1170 ipse
1716 1113 1766 1156 et
1812 1107 2080 1174 presbyter
2108 1121 2202 1173 pro

684 1203 739 1240 sc
763 1197 814 1240 et
842 1203 936 1255 pro
967 1189 1193 1255 peccatis
1222 1191 1329 1240 suis
1357 1189 1460 1241 Deo
1489 1190 1763 1255 obtulerat,
1808 1193 1941 1246 Deus
1967 1195 2203 1260 omnipo-

683 1263 798 1328 tens
846 1276 1253 1328 misericorditer
1296 1287 1388 1341 per
1433 1276 1672 1342 angelum
1735 1293 1884 1330 suum
1940 1279 2200 1344 suscipere

681 1363 952 1431 dignetur;
989 1369 1042 1415 et
1065 1375 1126 1415 eo
1155 1362 1237 1414 die
1256 1370 1470 1430 excepto
1497 1364 1634 1426 vino,
1660 1379 1815 1417 carne
1852 1373 1903 1417 et
1930 1367 2197 1432 sagimine,

681 1449 917 1503 comedat
942 1448 1192 1517 quidquid
1230 1447 1368 1512 vult,
1403 1455 1456 1501 et
1483 1449 1557 1503 sic
1583 1451 2061 1520 redimat'reliquos
2089 1453 2199 1506 dies

681 1550 820 1590 alii“.

1175 1624 1556 1681 CAPITULUSI
1595 1625 1700 1680 VII.

679 1712 748 1764 De
772 1715 834 1765 iis
861 1714 948 1780 qui
966 1713 1205 1781 jejunare
1231 1729 1330 1764 non
1356 1722 1593 1781 possunt,
1621 1722 1666 1765 et
1693 1713 1870 1766 habent
1905 1715 2034 1765 unde
2061 1715 2196 1766 redi-

1249 1795 1382 1830 mere
1417 1781 1626 1846 possint.
1769 1781 1794 1806 ί

744 1878 768 1904 ι
799 1865 854 1918 Si
883 1864 1001 1932 quis
1045 1864 1178 1917 forte
1219 1879 1322 1917 non
1363 1873 1532 1932 potest
1565 1863 1830 1931 ieiunare,
1877 1875 1932 1918 et
1955 1866 2193 1920 habuerit
2224 1889 2271 1946 Β

676 1954 810 2007 unde
855 1952 1116 2006 redimere
1163 1952 1361 2019 possit,
1409 1952 1455 2005 si
1483 1951 1628 2020 dives
1651 1952 1834 2015 fuerit,
1880 1967 1973 2020 pro
1997 1961 2196 2019 septem

677 2041 1086 2095 hebdomadibus
1132 2040 1221 2093 det
1262 2039 1451 2093 solidos
1492 2040 1692 2108 viginti.
1751 2040 1805 2093 Si
1830 2055 1932 2092 non
1957 2040 2199 2093 habuerit

676 2133 809 2185 unde
838 2139 1038 2183 tantum
1068 2130 1192 2182 dare
1220 2130 1416 2196 possit,
1447 2130 1531 2182 det
1556 2131 1731 2181 decem
1767 2129 1976 2182 solidos.
2030 2129 2084 2180 Si
2113 2144 2198 2182 au—

674 2226 776 2270 tem
803 2217 1019 2269 multum
1058 2229 1256 2282 pauper
1286 2213 1470 2276 fuerit,
1499 2215 1585 2267 det
1621 2215 1811 2266 solidos
1846 2223 1968 2267 tres.
2014 2213 2192 2266 Ncmi-
2228 2248 2231 2249 ν

675 2319 793 2357 nem
829 2303 1134 2363 conturbet,
1162 2302 1298 2369 quod
1327 2299 1578 2366 iussimus
1613 2300 1736 2353 dare
1769 2301 1959 2354 solidos
1993 2301 2192 2367 viginti,

673 2397 764 2440 aut
786 2389 971 2447 minus,
1008 2388 1126 2453 quia
1154 2385 1354 2439 facilius
1377 2393 1459 2438 est
1485 2386 1576 2446 illi,
1621 2386 1663 2437 si
1694 2385 1834 2438 dives
1861 2385 2033 2446 fuerit,
2073 2387 2197 2437 dare

674 2478 868 2531 solidos
893 2465 1098 2543 'viginti
1126 2515 1141 2540 ,
1194 2489 1350 2542 quam
1381 2476 1596 2541 pauperi
1641 2481 1760 2524 tres.
1828 2471 1928 2524 Sed
1965 2456 2196 2524 attendat

676 2567 1035 2634 unusquisque
1073 2565 1158 2616 cui
1198 2565 1322 2615 dare
1347 2563 1548 2622 debeat,
1591 2561 1697 2612 sive
1723 2575 1816 2627 pro
1845 2559 2196 2624 redemptione

672 2658 995 2724 captivorum
1019 2694 1033 2719 ,
1059 2654 1166 2707 sive
1192 2667 1349 2718 super
1383 2660 1617 2704 sanctum
1639 2650 1823 2712 altare,
1853 2661 1942 2701 seu
1968 2648 2060 2700 Dei
2085 2663 2196 2701 ser-

672 2746 776 2811 vis,
801 2753 892 2798 aut
920 2743 1237 2812 pauperibus
1263 2741 1314 2793 in
1341 2740 1742 2806 eleemosynam.

1159 2843 1541 2901 CAPITULUM
1579 2843 1706 2896 VIII.

673 2941 750 2994 De
781 2941 842 2992 iis
870 2939 954 3007 qui
991 2953 1089 2990 non
1107 2944 1312 3006 possunt
1331 2933 1604 3012 adimplere
1627 2929 1760 2999 quod
1785 2931 1834 2981 in
1859 2927 2194 2981 Pwnitentiali

1259 3009 1500 3068 scriptum
1525 3009 1616 3050 est.
1661 3023 1668 3028 ι

744 3097 772 3136 1»
793 3095 893 3160 Qui
922 3109 1023 3146 non
1063 3098 1280 3160 possunt
1317 3089 1394 3141 sic
1435 3101 1598 3155 agere.
1625 3085 2002 3152 pmnitentiam,
2028 3091 2085 3134 nt
2107 3098 2194 3135 διι-

677 3186 854 3256 perius
874 3185 1128 3245 diximus,
1166 3180 1325 3233 faciat
1363 3178 1456 3230 sic.
1505 3175 1560 3229 Si
1599 3183 1706 3227 tres
1734 3189 1898 3226 annos
1925 3173 2196 3225 continuos
2219 3173 2268 3236 ο

674 3277 905 3346 ieiunare
931 3275 1112 3336 debet,
1145 3279 1198 3324 et
1211 3269 1450 3346 ieiunare
1478 3280 1578 3317 non
1609 3270 1798 3331 potest,
1837 3263 1914 3314 sic
1941 3262 2194 3314 redimere

677 3371 869 3434 potest.
893 3361 1066 3413 Primo
1087 3371 1222 3410 anno
1244 3339 1421 3422 eroget
1442 3352 1631 3404 solum
1651 3368 1668 3400 ι
1683 3351 1824 3416 ibiut}
1843 3347 1975 3417 βω]
1996 3350 2046 3398 Ξιλ
2063 3347 2195 3398 elec-

676 3466 968 3521 mosynam.
989 3447 1230 3501 Secundo
1245 3459 1379 3498 anno
1402 3449 1580 3508 eroget
1599 3439 1791 3492 solidos
1804 3438 2005 3502 viginti,
2019 3444 2070 3488 et
2093 3444 2196 3486 ter-

674 3545 748 3596 tio
775 3555 912 3594 anno
933 3537 1222 3598 octodecim
1267 3532 1487 3592 solidos,
1535 3531 1631 3582 hoc
1653 3534 1772 3588 est,
1817 3526 2008 3580 solidos
2049 3538 2197 3578 sexa-

673 3635 816 3702 ginta
865 3637 1107 3698 quatuor.
1161 3623 1406 3675 Potentes
1443 3628 1614 3671 autem
1657 3617 1892 3668 homines
1926 3614 2042 3680 plus
2071 3613 2197 3664 dare

677 3701 887 3779 debent,
915 3716 1036 3782 quia
1057 3712 1139 3765 cui
1173 3711 1290 3778 plus
1319 3705 1676 3762 committitur,
1715 3703 1831 3770 plus
1855 3702 1918 3753 ab
1939 3715 2002 3752 eo
2025 3701 2198 3764 exige-

679 3815 792 3867 tur;
841 3801 930 3869 qui
974 3799 1154 3852 illicita
1201 3793 1568 3853 committunt,
1618 3789 1773 3843 etiam
1801 3803 1830 3839 a
1860 3787 2016 3840 licitis
2037 3786 2196 3839 absti-

676 3906 800 3945 nere
824 3890 1032 3949 debent,
1065 3893 1118 3938 et
1139 3896 1328 3949 corpus
1355 3879 1544 3932 debent
1564 3876 1790 3944 afﬂigere
1809 3871 2035 3941 ieiuniis,
2062 3870 2196 3939 vigi-

676 3981 762 4033 liis
783 4018 797 4040 ,
843 3986 896 4030 et
944 3975 1146 4028 crebris
1189 3967 1529 4024 orationibus.
1569 3963 1702 4017 Caro
1725 3961 1862 4014 enim
1892 3959 2007 4011 lmta
2035 3957 2196 4010 trahit

679 4069 744 4120 ad
767 4066 993 4132 culpam,
1019 4060 1213 4114 alilicta
1233 4064 1406 4111 autem
1436 4052 1636 4106 reducit
1668 4048 1731 4102 ad
1757 4047 1981 4100 veniam.

1183 4157 1566 4217 CAPITULUM
1601 4156 1689 4209 IX.

675 4259 750 4312 De
770 4259 832 4310 iis
855 4256 942 4324 qui
969 4253 1208 4322 jejunare
1240 4264 1341 4324 non
1376 4253 1600 4324 possunt,
1619 4259 1715 4324 nec
1743 4242 1925 4294 habent
1955 4228 2087 4292 unde
2119 4251 2198 4290 re—

1221 4317 1412 4368 dimere
1437 4317 1648 4382 possint.

744 4413 844 4478 Qui
865 4411 1104 4479 ieiunare
1143 4421 1244 4460 non
1272 4410 1443 4472 potest
1457 4441 1480 4466 ,_
1515 4410 1567 4453 et
1593 4415 1696 4453 non
1717 4398 1876 4452 habet
1895 4397 2030 4451 unde
2058 4395 2194 4449 redi-

1649 474 1902 530 TIIEODL‘
1915 477 1974 528 lii
2013 475 2315 528 Αιιιῖιιιειι.
2355 477 2877 536 CANTUARIENSIS

3711 478 3808 536 με)

2813 587 3191 642 CAPITULUM
3225 587 3299 645 Χ.

2576 673 2648 724 De
2687 674 3018 742 redemptione
3053 683 3232 741 septem
3265 685 3527 723 armorum.

2370 757 2494 810 Item
2561 759 2660 810 alio
2723 762 2876 813 modo
2939 761 3205 813 duodecim
3277 761 3529 811 triduom
3597 759 3808 830 singulae

2303 859 2417 897 cum
2443 847 2706 912 psalteriis
2741 849 2904 899 tribus
2933 847 3184 914 impletis,
3217 855 3269 900 et
3294 861 3410 898 cum
3445 847 3684 911 parmatis
3706 855 3809 899 trc-

2302 935 2466 985 centis
2511 949 2604 1001 per
2651 934 2850 1002 singula
2893 935 3134 1001 psalteria
3186 941 3432 986 excusant
3479 938 3637 985 me
3685 935 3807 988 anni

2301 1019 2674 1084 paenitentiam.
2713 1019 2775 1071 Et
2815 1019 2995 1087 viginti
3041 1029 3261 1086 quatuor
3300 1019 3544 1071 biduan-v
3567 1019 3807 1072 s-unliter

2300 1117 2416 1155 cum
2457 1103 2711 1170 psalteriis
2757 1105 3011 1171 impletis,
3056 1114 3109 1158 et
3147 1120 3263 1158 cum
3300 1105 3536 1172 palmatic
3563 1107 3808 1160 trecentis

2299 1200 2392 1252 per
2418 1187 2614 1255 singula
2641 1189 2881 1256 psalteria
2909 1198 3156 1242 excusant
3179 1191 3306 1243 duos
3334 1205 3516 1243 annos.
3541 1202 3563 1229 ε
3589 1191 3810 1258 Septua-

2299 1271 2437 1336 ginta
2479 1271 2702 1336 quinque
2740 1273 2923 1338 psalmi
2960 1288 3075 1326 cum
3117 1273 3355 1341 palmatis
3391 1277 3635 1330 trecentis
3654 1291 3812 1330 excu-

2299 1361 2414 1405 sant
2429 1355 2725 1407 biduanam.
2745 1355 2961 1409 Centum
2980 1358 3161 1423 psalmi
3183 1375 3298 1410 cum
3320 1361 3813 1426 palmatistreeentis

2297 1447 2548 1490 excusant
2585 1439 2895 1492 triduanum.
2948 1441 3163 1494 Centum
3198 1444 3380 1510 viginti
3408 1447 3576 1500 missae
3603 1447 3808 1514 specia-

2297 1524 2373 1575 les
2397 1525 2609 1592 singulte
2650 1543 2768 1580 cum
2811 1529 2975 1582 tribus
3014 1530 3301 1596 psalteriis,
3348 1541 3538 1585 etcum
3564 1535 3810 1586 trecentis

2297 1611 2537 1678 palmatis
2571 1625 2820 1668 excusant
2863 1632 3074 1669 annum.
3149 1619 3367 1673 Centum
3410 1622 3558 1674 solidi
3605 1623 3712 1677 dati
3757 1625 3806 1674 in

2295 1697 2673 1768 elccmosynam
2705 1717 2896 1755 annum
2918 1714 3188 1756 excusant.

2742 1807 3203 1862 CAPITULUNI
3257 1809 3352 1864 XII

2811 1893 2885 1945 De
2913 1897 3280 1960 pcenitentibus.

2365 1977 2390 2016 ά
2419 1979 2486 2031 Ut
2515 1996 2564 2030 ιιι
2589 1981 2758 2046 capite
2787 1980 2969 2047 ieiunii
2993 1997 3170 2034 omnes
3191 1983 3393 2050 publice
3414 1987 3724 2052 poenitentes
3761 1986 3811 2039 in

2299 2066 2506 2118 civitate
2531 2067 2738 2119 veniant
2766 2076 2884 2120 ante
2913 2066 3048 2124 fores
3072 2070 3303 2124 ecclesia:
3328 2073 3477 2125 nudis
3495 2073 3732 2140 pedibus,
3752 2088 3806 2128 et

2297 2155 2466 2206 cilicio
2515 2155 2675 2206 induti
2706 2156 2945 2223 episeopo
2981 2172 3076 2209 suo
3117 2173 3172 2211 se
3219 2170 3607 2228 repraesentem.
3637 2161 3696 2214 In
3722 2177 3806 2216 ca-

2295 2239 2400 2306 pite
2429 2239 2844 2307 Quadragcsimm
2873 2257 3054 2296 omnes
3080 2245 3412 2310 pmnitentes,
3435 2248 3523 2314 qui
3549 2249 3804 2314 publicam

2296 2327 2582 2391 suscipiunt
2607 2335 2695 2376 aut
2723 2328 3058 2393 susceperunt
3102 2331 3480 2396 pmniteutiam,
3522 2342 3640 2386 ante
3667 2335 3806 2388 fores

2295 2412 2524 2464 ecclesizc
2552 2426 2608 2464 se
2642 2423 3010 2478 reprzrscntent
3031 2418 3270 2484 episcopo
3297 2433 3449 2472 sacco
3489 2421 3676 2484 induti,
3703 2424 3806 2472 vul-

2295 2498 2432 2549 tibus
2470 2499 2519 2548 in
2563 2506 2753 2550 terram
2779 2504 3070 2566 prostratis,
3115 2483 3231 2556 reos
3263 2519 3318 2558 se
3344 2520 3459 2558 esse
3486 2507 3600 2576 ipso
3627 2483 3800 2561 habitu

2292 2594 2344 2636 et
2372 2585 2512 2637 vultu
2552 2586 2947 2651 proclamantes.
2976 2587 3050 2640 lbi
3094 2589 3276 2643 adesse
3303 2591 3493 2644 debent
3542 2594 3805 2661 archipre-

2293 2671 2486 2738 sbyteri
2511 2673 2894 2738 parochiarum,
2917 2673 2968 2726 id
3003 2681 3099 2736 est,
3135 2675 3424 2742 presbyteri
3447 2679 3804 2743 pmnitentium

2293 2775 2380 2826 qui
2425 2773 2603 2811 eorum
2635 2762 3078 2813 conversationem
3126 2761 3402 2829 diligenter
3425 2765 3684 2830 inspicere
3716 2767 3802 2818 de-

2292 2847 2436 2909 bent,
2467 2856 2520 2899 et
2568 2848 2850 2900 secundum
2890 2849 3098 2900 modum
3131 2851 3293 2918 culpae
3329 2852 3688 2917 pmnitentiam
3715 2868 3803 2921 per

2290 2933 2529 3000 przetixos
2567 2934 2758 3002 gradus
2804 2934 3089 3002 iniungunt.
3134 2935 3257 2990 Post
3297 2939 3408 2990 haec
3444 2939 3494 2990 in
3531 2941 3802 2993 ecclesiam

2291 3038 2382 3076 eos
2427 3024 2742 3086 introducat,
2770 3033 2966 3079 etcum
3014 3028 3153 3080 omni
3206 3027 3346 3080 clero
3393 3035 3589 3094 septem
3637 3031 3802 3096 paeni-

2296 3112 2535 3164 tentiales
2561 3113 2788 3178 psalmos
2833 3115 2884 3164 in
2925 3123 3118 3166 terram
3164 3121 3460 3180 prostratus
3501 3128 3620 3166 cuin
3644 3114 3806 3185 ιπη-

2297 3198 2396 3251 mis
2415 3213 2512 3269 pro
2553 3213 2733 3252 eorum
2778 3199 3102 3252 absolutione
3147 3200 3404 3252 decantet.
3449 3199 3596 3255 Tunc
3632 3215 3807 3253 resur-

2297 3301 2422 3353 gens
2447 3285 2511 3338 ab
2535 3285 2790 3348 oratione,
2814 3284 2962 3350 iuxta
2991 3287 3128 3354 quod
3153 3299 3378 3339 canones
3398 3286 3603 3354 iubent,
3629 3301 3808 3339 manus

2295 3373 2371 3424 eis
2400 3373 2649 3438 imponat,
2680 3381 2868 3436 aquam
2913 3372 3237 3424 benedictum
3266 3386 3422 3438 super
3462 3384 3552 3424 eos
3580 3381 3803 3442 spargat,

2295 3457 2525 3510 cinerem
2568 3459 2708 3524 prius
2754 3460 2942 3511 mittat.
2967 3457 3161 3511 Deinde
3201 3457 3370 3511 cilicio
3410 3459 3582 3524 capita
3631 3476 3803 3512 eorum

2295 3545 2573 3610 cooperiat,
2599 3554 2651 3598 et
2677 3561 2793 3598 cum
2820 3547 3013 3613 gemitu
3036 3553 3090 3599 et
3112 3546 3314 3599 crebris
3351 3547 3589 3615 suspiriis
3615 3549 3693 3600 eis
3717 3547 3802 3600 de.

2297 3635 2516 3695 nuntiet,
2543 3635 2679 3700 quod
2706 3634 2840 3686 sicut
2864 3634 3028 3686 Adam
3055 3635 3314 3702 proiectus
3333 3642 3415 3687 est
3434 3635 3497 3686 de
3537 3636 3796 3702 paradiso,

2295 3721 2364 3770 ita
2395 3729 2447 3772 et
2471 3721 2565 3786 ipsi
2593 3736 2688 3788 pro
2715 3723 2940 3788 peccatis
2966 3723 3030 3774 ab
3063 3723 3284 3775 ecclesia
3312 3721 3648 3787 abiiciuntur.
3677 3723 3796 3778 Post

2296 3809 2404 3860 hcce
2419 3808 2600 3876 iubeat
2623 3809 2905 3872 ministris,
2932 3815 2991 3862 ut
3029 3823 3120 3862 eos
3149 3818 3298 3862 extra
3325 3808 3540 3876 ianuam
3577 3813 3807 3866 ecclesia:

2294 3895 2570 3962 expellant.
2611 3894 2792 3948 Clerus
2817 3909 2942 3948 vero
2965 3896 3296 3964 prosequitur
3318 3911 3409 3950 eos
3449 3912 3570 3951 cum
3599 3913 3804 3968 respou-

2294 3984 2434 4037 sorio
2485 4002 2496 4035 :
2543 3981 2608 4034 In
2635 3983 2818 4035 sudore
2847 3984 3010 4036 vultus
3046 3985 3149 4045 tui,
3200 3991 3304 4037 etc.
3337 3983 3401 4038 Ut
3427 3984 3667 4037 videntes
3694 4000 3807 4038 san-

2295 4078 2434 4123 ctam
2481 4069 2767 4122 Ecclesiam
2821 4084 2914 4137 pro
2957 4068 3274 4122 facinoribus
3301 4071 3408 4122 suis
3452 4069 3802 4122 tremefactatn

2295 4167 2452 4225 atque
2499 4163 2832 4218 commotam,
2861 4171 2963 4208 non
3005 4155 3383 4224 parvipendant
3431 4157 3804 4222 pmnitentiam.

2295 4245 2349 4298 ln
2388 4258 2538 4298 sacra
2581 4251 2758 4300 autem
2785 4242 2989 4296 Domini
3012 4256 3161 4296 coena
3189 4255 3372 4294 rursus
3397 4242 3463 4294 ab
3487 4256 3672 4295 eorum
3697 4255 3806 4310 pre-

2294 4332 2522 4402 sbyteris
2544 4331 2780 4386 ecclesia»
2802 4330 3083 4385 luminibus
3115 4337 3572 4398 reprmsententur.

2793 4437 3176 4494 CAPITULUM
3226 4437 3336 4490 XII.

678 4466 806 4566 mat,
831 4466 886 4556 et
913 4466 1138 4568 psalmos
1159 4494 1322 4556 novit,
1349 4507 1444 4561 pro
1465 4505 1568 4544 uno
1601 4490 1704 4552 die,
1735 4501 1889 4556 quem
1916 4487 1966 4538 in
1988 4499 2122 4557 pane
2144 4493 2197 4538 et
2221 4466 2260 4528 Π

2247 4467 2273 4526 )
2623 4511 2634 4522 ⁸
2663 4511 2674 4521 .
2793 4466 2975 4518 υλξτιξ
2992 4466 3175 4518 υιέυινι
3232 4466 3336 4516 {\l'lo

2329 4508 2402 4561 De
2430 4510 2771 4562 admonitione
2803 4506 3160 4576 pmmpahum
3209 4515 3440 4559 vitiorum
3463 4543 3478 4567 ,
3517 4513 3564 4557 et
3604 4519 3776 4558 eorum

681 4606 815 4660 aqua
835 4589 1072 4658 ieiunare
1098 4585 1271 4646 debet,
1297 4581 1464 4635 tribus
1487 4579 1689 4632 vicibus
1712 4576 1858 4629 Beati
1887 4571 2196 4626 immaculati

681 4692 844 4747 usque
874 4675 938 4728 ad
969 4673 1239 4726 Dominum
1263 4663 1632 4721 contribularer
1677 4665 1942 4726 decantet;
1996 4667 2050 4714 et
2084 4675 2200 4712 sex-

678 4769 778 4820 ties
805 4762 1044 4817 Miserere
1063 4760 1161 4811 mei
1183 4757 1340 4818 Deus,
1357 4762 1410 4808 et
1430 4752 1725 4820 septuagies
1747 4748 2038 4818 prosternat
2062 4761 2116 4800 se
2148 4748 2198 4798 in

684 4867 874 4910 terram
899 4894 911 4914 ,
958 4861 1010 4906 et
1035 4866 1127 4920 per
1167 4849 1398 4916 singulas
1433 4841 1816 4914 genuﬂexiones
1855 4839 2006 4892 Pater
2035 4847 2202 4889 noster

683 4948 944 5001 decantet.
996 4941 1094 5004 Qui
1140 4933 1314 4991 autem
1354 4934 1580 5002 psalmos
1615 4931 1816 4994 nescit,
1862 4943 1957 4998 pro
1987 4942 2092 4980 uno
2119 4927 2202 4978 die

683 5048 836 5104 quem
865 5032 916 5084 in
935 5044 1069 5098 pane
1097 5034 1148 5082 et
1187 5040 1320 5094 aqua
1357 5022 1593 5090 ieiunare
1636 5021 1816 5082 debet,
1860 5017 2056 5072 centies
2079 5028 2202 5082 pro-

682 5131 881 5181 sternat
909 5136 966 5174 se
1005 5120 1064 5170 'iu
1104 5125 1338 5179 terram',
1368 5121 1421 5166 et
1455 5127 1546 5181 per
1573 5109 1802 5177 singulas
1823 5104 2206 5176 genuﬂexiones

693 5213 844 5265 Pater
862 5217 1031 5264 noster
1055 5207 1312 5260 decantet.

753 5373 780 5400 ιι
813 5359 999 5412 Ρωηῑι.
1026 5356 1202 5418 Rom,
1230 5353 1311 5422 tit.
1355 5353 1407 5413 9,
1449 5365 1495 5404 c.
1524 5349 1624 5422 29;
1668 5345 1952 5422 Ijalitgarq
1978 5343 2198 5422 Regini},

685 5429 721 5481 l.
748 5444 808 5490 ιι,
840 5442 886 5479 c.
910 5413 1271 5484 458;llurc'h.,
1299 5421 1332 5472 Ι.
1351 5435 1471 5490 xix,
1495 5434 1541 5471 c.
1563 5416 1660 5490 gg;
1683 5413 1866 5490 _I_vo,_p.
1897 5429 1984 5490 xy.
2003 5429 2048 5465 e.
2073 5413 2194 5463 202.

757 5480 1009 5563 spreuit.
1031 5480 1210 5563 Rom“
1237 5480 1316 5542 tit.
1341 5489 1535 5563 9,_cap.
1564 5483 1658 5547 50;
1683 5480 2050 5563 Regii—10,3431,
2079 5495 2196 5548 cap.

687 5564 820 5626 “5;
851 5558 1130 5630 Burcbqul.
1159 5549 1265 5630 xix,
1293 5574 1339 5611 c.
1367 5556 1465 5615 25;
1488 5549 1596 5612 ’1νο,
1629 5566 1678 5618 p.
1714 5567 1798 5630 xy,
1827 5565 1878 5630 ρ.
1907 5549 2027 5630 ἓθὸ.
2065 5615 2078 5627 ⁹

759 5643 780 5670 ε
810 5618 906 5684 Ista
933 5645 962 5682 a
988 5618 1129 5681 nullo
1157 5626 1375 5694 antiquo
1410 5630 1622 5675 auctore
1655 5618 2006 5673 ecclesiastico
2033 5618 2200 5668 citan-

692 5709 776 5760 tur
795 5715 859 5755 ex
885 5697 1172 5751 Theodoro.

2914 4574 3185 4641 speciebus.

2370 4675 2392 4702 ο
2419 4663 2564 4716 Nune
2583 4663 2674 4717 tibi
2707 4670 2825 4715 octo
2850 4657 3155 4728 principalia
3191 4663 3406 4726 peccata
3441 4656 3730 4724 explicabo.
3754 4653 3804 4708 Si

2299 4755 2350 4808 iu
2382 4755 2480 4809 illis
2519 4763 2570 4808 te
2611 4765 2912 4822 percussum
2937 4790 2950 4811 ,
3001 4758 3214 4811 tactum,
3264 4749 3588 4800 vulneratum
3632 4747 3805 4808 sentis,

2300 4842 2416 4896 vide
2435 4857 2498 4894 ne
2523 4841 2647 4893 mihi
2669 4839 2826 4902 celes,
2843 4839 2892 4890 id
2913 4845 3011 4900 est,
3037 4837 3351 4904 superbiam,
3369 4850 3554 4887 vanam
3574 4835 3804 4903 gloriam,

2303 4932 2564 4994 invidiam,
2597 4931 2747 4992 iram,
2777 4928 3064 4990 tristitiam,
3091 4925 3384 4984 avaritiam,
3407 4923 3606 4976 ventris
3643 4920 3804 4992 inglu-

2247 5037 2252 5040 ·
2305 5021 2458 5082 viem,
2488 5017 2762 5071 luxuriam.
2794 5014 2870 5072 Ex
2914 5014 3102 5081 quibus
3129 5012 3172 5064 si
3223 5019 3272 5062 te
3309 5007 3619 5076 culpabilem
3667 5021 3808 5060 reco-

2303 5105 2528 5174 gnoscis,
2542 5102 2896 5170 pmnitentiam
2912 5100 3132 5168 suscipe.
3147 5097 3278 5150 Nam
3301 5111 3366 5150 ex
3389 5096 3472 5148 his
3491 5095 3666 5148 omnia
3689 5095 3805 5146 vitia

2305 5192 2561 5245 oriuntur.
2593 5186 2611 5224 ί
2643 5187 2718 5242 De
2741 5183 2982 5255 superbia
3001 5185 3156 5253 ,'qu;e
3184 5184 3386 5236 initium
3414 5181 3585 5236 omnis
3614 5177 3805 5249 peccati

2325 5341 2393 5422 ηδ
2420 5336 2702 5422 'ReginoLlr:
2727 5351 2762 5398 ι,
2793 5350 2841 5389 c.
2863 5335 2958 5410 291
2982 5350 2996 5400 ;
3022 5347 3086 5386 ex
3106 5347 3254 5388 eone.
3281 5330 3592 5401 Agathensi;
3619 5327 3802 5382 Burch.

2304 5410 2394 5465 lib.
2421 5405 2532 5470 nx;
2558 5423 2605 5459 c.
2637 5405 2722 5459 56.
2867 5405 2871 5410 ’

2377 5489 2400 5516 ε
2441 5477 2658 5544 Regina,
2690 5473 2837 5544 libar
2861 5469 2926 5524 de
2954 5469 3164 5544 Egi-les;
3189 5467 3418 5544 Dis_cip,,_
3436 5481 3553 5534 cap.
3578 5463 3707 5526 300;
3731 5475 3806 5544 cla-

2301 5529 2548 5615 pitulatjev
2575 5529 2842 5615 '[hepdulii
2868 5553 2930 5615 ιε.
2982 5538 3042 5589 51
3069 5529 3347 5615 ;__Bur‘clt.'
3367 5529 3588 5615 lii).__'xix
3608 5573 3622 5595 ,
3664 5547 3709 5583 e.
3752 5529 3799 5582 6.

2377 5613 2393 5652 ί
2430 5611 2557 5666 Vide
2583 5607 2638 5662 S.
2666 5607 2842 5674 Gre-3.,
2868 5604 2902 5656 l.
2935 5619 3055 5658 xx.“
3085 5603 3428 5670 Moral.,.cap.
3459 5601 3539 5653 l7.
