4110 6424
189 485 283 539 9M

187 686 549 752 prazsumptio,
592 694 645 738 ct
680 686 979 753 pertinacia,
1011 689 1397 751 contentiones,
1455 692 1702 752 hmrcses,

191 772 512 840 arrogantia.
549 771 624 824 De
649 772 839 825 invidia
870 773 1101 826 nascitur
1121 775 1295 828 odium
1317 814 1331 838 ,
1373 777 1661 829 susurratio
1688 816 1702 838 ,

189 856 465 917 detractio,
492 857 768 910 exsultatio
790 858 841 910 in
885 860 1119 913 adversis
1145 861 1386 927 proximi,
1416 860 1624 913 afflictio
1653 864 1703 913 in

187 944 474 1011 prosperis.
518 943 593 996 De
620 959 753 996 vana
799 944 990 1011 gloria,
1031 944 1320 1011 iactantia,
1372 950 1701 1016 arrogantia,

190 1029 500 1098 indignatio,
523 1029 814 1094 discordia,
858 1031 1027 1084 inanis
1055 1032 1230 1101 gloriae
1253 1034 1441 1102 cupido
1465 1044 1517 1088 ct
1544 1037 1705 1103 hypo-

189 1116 363 1168 crisis.
410 1115 483 1168 De
512 1117 588 1168 ira
616 1118 854 1169 oriuntur
880 1118 1027 1180 rixae,
1057 1127 1229 1171 tumor
1266 1122 1478 1185 mentis,
1528 1131 1709 1175 contu-

187 1204 378 1267 meliae,
404 1205 620 1266 clamor,
653 1207 952 1273 indignatio,
982 1198 1333 1275 praesumptio,
1358 1210 1704 1277 blasphemizc,

187 1290 458 1357 Sanguinis
506 1290 708 1353 effusio,
739 1293 1048 1355 homicidia,
1100 1295 1380 1348 ulciscendi
1432 1297 1703 1363 cupiditas,

189 1374 500 1441 injuriarum
544 1378 811 1429 memoria.
841 1378 914 1430 De
960 1379 1171 1431 tristitia
1211 1381 1441 1433 nascitur
1489 1380 1705 1444 malitia,

188 1478 375 1515 raucor
396 1464 578 1527 animi,
606 1465 1031 1531 pusillanimitas,
1051 1468 1367 1531 amaritudo,
1394 1469 1704 1535 desperatio,

186 1558 387 1616 torpor,
432 1551 638 1619 vagatio
681 1553 906 1613 mentis,
964 1568 1099 1621 saepe
1141 1556 1297 1607 etiam
1346 1564 1396 1607 et
1437 1557 1709 1624 praesentis

185 1638 305 1690 vitce
349 1640 575 1691 maxima
605 1638 898 1693 delectatio.
936 1641 1007 1693 De
1040 1643 1259 1695 avaritia
1295 1645 1536 1695 oriuntur
1573 1644 1705 1695 invi-

180 1725 303 1789 (ἥτε,
348 1726 506 1789 furta,
534 1727 806 1781 latrocinia
825 1768 837 1791 ,
888 1730 1165 1784 homicidia
1185 1771 1198 1791 ,
1251 1732 1518 1784 mendacia
1543 1770 1558 1795 ,
1591 1746 1709 1799 per-

175 1812 350 1881 juria,
397 1815 622 1881 rapinze,
665 1816 997 1882 inquietudo,
1046 1818 1330 1880 violenti-.13,
1380 1819 1572 1887 injusta
1623 1821 1707 1887 ju-

1244 487 1667 543 POISNITENTIA
1677 488 1777 540 LE.
1816 520 1880 529 -—
1918 491 2107 545 CAPIT
2118 496 2262 547 [ΞΛ.

189 605 273 650 est
283 606 336 650 et
350 597 526 666 regina
543 598 773 651 omnium
791 597 1062 663 malorum,
1078 603 1307 655 nascitur
1325 604 1695 665 inobcdicntia,
1727 604 1764 658 Α

3202 507 3307 561 ΜΞ

1868 604 2053 658 Interr.
2107 608 2252 662 Unde
2303 608 2571 664 confessus
2608 611 2791 674 fuisti,
2851 613 2929 666 vis
2954 616 3310 680 paenitentiam

1802 691 2086 757 suscipere,
2107 702 2161 745 et
2185 693 2325 746 illam
2350 695 2483 747 bene
2520 697 2799 758 custodire,
2848 706 2901 749 et
2949 714 3131 753 omnes
3166 704 3315 757 adin-

1799 777 2067 833 ventiones
2088 779 2277 833 diaboli
2292 782 2677 846 abrenuntiare,
2692 790 2743 836 et
2758 791 2989 837 sanctam
3008 786 3317 845 Trinitatem

1803 864 2030 917 credere.
2061 895 2126 903 —
2149 865 2297 935 Resp.
2330 868 2480 921 Volo.

1870 950 2015 1003 Tunc
2038 960 2328 1018 prosternat
2349 970 2403 1009 se
2426 956 2681 1021 pmnitens
2708 958 2758 1010 in
2788 966 2999 1024 terram,
3015 968 3067 1015 et
3098 976 3216 1017 cum
3241 961 3318 1018 la-

1803 1037 1995 1103 cn'mis
2015 1039 2152 1093 dicat
2170 1058 2181 1089 :
2199 1041 2261 1092 Et
2278 1042 2330 1094 in
2349 1042 2433 1094 his
2459 1050 2511 1095 et
2541 1044 2592 1095 in
2619 1044 2734 1097 aliis
2757 1047 2895 1100 vitiis
2929 1050 3319 1120 quibuscunque

1805 1123 2026 1177 humana
2044 1124 2301 1194 fragilitas
2315 1138 2494 1182 contra
2510 1132 2783 1185 Dominum
2799 1143 2852 1188 et
2863 1143 3151 1191 creatorem
3169 1154 3317 1193 suum

1805 1219 1895 1264 aut
1921 1214 2212 1281 cogitando,
2241 1224 2329 1268 aut
2355 1218 2631 1286 loquendo,
2658 1230 2747 1272 aut
2774 1225 3034 1289 cperando
3056 1263 3070 1287 ,
3117 1234 3206 1278 aut
3232 1229 3322 1281 de-

1806 1300 2062 1365 lectando,
2116 1314 2205 1356 aut
2254 1308 2664 1374 concupiscendo
2726 1322 2941 1378 peccare
2993 1322 3201 1379 potest,
3267 1315 3320 1368 in

1805 1394 2044 1446 omnibus
2068 1409 2152 1447 me
2174 1411 2429 1473 peccasse
2453 1406 2503 1449 et
2530 1414 2673 1452 reum
2710 1400 2761 1451 iu
2794 1412 3076 1473 conspectu
3102 1403 3194 1457 Dei
3241 1419 3323 1458 su-

1768 1501 1770 1504 ν
1805 1494 1897 1546 per
1920 1494 2100 1534 omnes
2138 1468 2372 1537 homines
2409 1501 2524 1539 esse
2566 1502 2820 1553 cognosco
2842 1497 2896 1540 et
2920 1489 3188 1544 confiteor.
3218 1490 3325 1544 Hu-

1807 1569 2000 1622 militer
2039 1571 2196 1623 etiam
2244 1579 2313 1634 te,
2347 1576 2589 1627 sacerdos
2627 1576 2740 1639 Dei,
2788 1590 3014 1644 exposco
3056 1586 3114 1630 ut
3163 1579 3326 1632 inter-

1807 1658 1961 1710 cedas
2006 1672 2102 1724 pro
2145 1673 2227 1711 me
2287 1666 2339 1712 et
2390 1662 2619 1726 peccatis
2660 1663 2790 1715 meis
2837 1664 2903 1716 ad
2959 1664 3233 1717 Dominum
3272 1673 3325 1719 et

1806 1750 2092 1796 creatorem
2130 1753 2363 1797 nostrum
2384 1786 2397 1808 ,
2459 1756 2714 1815 quatenus
2747 1750 2808 1802 de
2858 1750 2939 1803 his
2968 1760 3021 1804 et
3067 1752 3131 1805 de
3157 1752 3327 1807 omni-

1804 1830 1902 1882 bus
1926 1831 2210 1885 sceleribus
2235 1834 2365 1886 meis
2388 1836 2595 1887 veniam
2610 1844 2662 1889 et
2682 1837 3055 1906 indulgentiam
3079 1842 3325 1909 consequi

182 1902 348 1965 dicia,
398 1910 727 1970 contemptus
788 1905 1031 1959 veritatis
1058 1946 1072 1968 ,
1138 1905 1326 1960 futura:
1370 1909 1706 1962 beatitudinis
1740 1895 2029 1971 Bmerear.

181 1988 393 2053 oblivio,
418 1988 692 2056 obduratio
718 1991 909 2044 cordis.
938 1991 1011 2045 De
1044 1994 1244 2047 ventris
1270 1995 1497 2063 ingluvie
1520 2011 1708 2066 prepa-

181 2088 335 2147 gatur
395 2080 570 2146 inepta
623 2079 837 2141 laetitia,
883 2082 1207 2145 scurrilitas,
1253 2083 1458 2150 levitas,
1515 2086 1709 2139 vanilo-

180 2165 362 2232 quium
387 2204 401 2227 ,
455 2165 780 2218 immunditia
825 2169 1098 2235 corporis,
1138 2169 1453 2225 instabilitas
1499 2174 1706 2233 mentis,

156 2252 431 2319 ebrietas,
458 2251 638 2313 libido,
668 2253 932 2307 hebetudo
957 2268 1160 2307 sensus.
1178 2255 1252 2309 De
1272 2256 1476 2310 luxuria
1498 2273 1710 2327 genera-

178 2349 266 2393 tur
290 2341 501 2394 czecitas
522 2342 731 2405 mentis,
761 2342 1181 2406 inconsideratio.
1207 2346 1709 2412 inconstantia,ocu-

178 2426 351 2481 lorum
399 2428 480 2481 vel
529 2429 688 2483 totius
726 2432 959 2497 corporis
997 2433 1373 2500 prtecipitatio,
1410 2450 1559 2489 amur
1608 2437 1706 2488 im-

179 2517 482 2568 moderatus
535 2516 653 2578 sui,
699 2518 873 2571 odium
909 2520 1272 2585 mandatorum
1314 2522 1439 2587 Dei,
1492 2524 1711 2578 all’cctus

180 2603 455 2671 pmsentis
480 2604 678 2666 smculi,
707 2605 895 2659 horror
927 2614 980 2658 et
1006 2607 1303 2675 desperatio
1324 2609 1506 2663 futuri.

662 2715 1045 2770 CAPITULUM
1093 2717 1225 2771 XIII.

180 2780 255 2834 De
292 2783 784 2856 virtutibus,quibus
821 2785 995 2856 eadem
1024 2786 1143 2837 vitia
1185 2786 1413 2855 superari
1459 2798 1705 2856 possunt;

525 2863 570 2904 et
600 2853 661 2904 de
689 2852 1010 2906 conclusione
1046 2852 1366 2922 paenitentiae.

248 2939 390 3009 Ergo
433 2940 475 2993 si
503 2941 758 3007 superbus
784 2939 927 2994 fuisti
976 2956 1141 3009 usque
1168 2943 1343 3003 modo.
1384 2944 1599 2998 humilia
1631 2955 1710 3000 tc-

180 3030 353 3097 ipsum
380 3029 431 3080 in
459 3036 739 3095 conspectu
770 3027 881 3080 Dei.
908 3027 962 3081 Si
985 3043 1173 3082 vanam
1202 3031 1419 3099 gloriam
1463 3032 1708 3095 dilexisti,

180 3117 352 3185 cogita
374 3131 438 3169 ne
463 3123 674 3184 propter
706 3115 1060 3169 transitoriam
1086 3116 1291 3171 laudem
1318 3128 1567 3172 mternam
1593 3134 1712 3188 per-

2463 2004 2675 2043 ORATIO.

1875 2071 2021 2125 Tunc
2042 2073 2284 2127 sacerdos
2305 2073 2443 2127 dicat
2474 2092 2483 2126 :
2517 2075 2825 2141 Misereatur
2850 2078 2941 2130 tibi
2981 2076 3217 2131 Christus
3241 2079 3327 2132 Fi-

1806 2156 1905 2209 lius
1929 2158 2053 2222 Dei;
2080 2160 2235 2212 donet
2268 2160 2359 2213 tibi
2389 2161 2525 2213 Deus
2551 2176 2728 2214 veram
2755 2163 3113 2229 paenitentiam
3132 2163 3325 2229 facere,

1806 2245 1959 2297 ﬁdem
2004 2252 2216 2308 rectam,
2251 2263 2393 2314 spem
2419 2258 2634 2312 certam,
2668 2251 2977 2304 charitatem
3021 2251 3324 2318 perfectam.

1805 2347 1981 2385 veram
2023 2334 2368 2388 humilitatem
2417 2346 2469 2387 et
2521 2338 2843 2403 sapientiam,
2893 2338 3231 2393 sobrietatem
3274 2351 3326 2393 et

1806 2420 2361 2485 tolerantiam,bonum
2392 2423 2546 2477 ﬁnem
2573 2433 2623 2477 et
2651 2427 3093 2491 perseverantiam
3116 2429 3323 2481 bonam.

1806 2508 2072 2579 Indulgent
2101 2512 2194 2565 tibi
2244 2512 2380 2565 Deus
2426 2514 2600 2567 omnia
2645 2522 2857 2581 peccata
2902 2522 2990 2567 tua
3039 2518 3327 2583 praeterita,

1806 2598 2103 2661 praesentia,
2135 2606 2187 2649 et
2215 2598 2389 2651 futura
2411 2612 2456 2648 ει.
2488 2599 2744 2653 illuminet
2772 2609 2821 2652 te
2848 2600 3073 2668 Spiritus
3098 2610 3326 2667 sanctus,

1807 2695 2016 2735 sensum
2043 2690 2184 2736 tuum
2215 2684 2423 2753 dirigat,
2465 2686 2693 2739 animam
2745 2696 2886 2740 tuam
2933 2690 3114 2753 salvet,
3139 2692 3333 2760 cogita-

1807 2769 1975 2824 tiones
2010 2779 2218 2824 sanctas
2254 2773 2348 2826 tibi
2398 2774 2636 2841 inspiret,
2666 2774 2730 2827 ad
2771 2776 2951 2828 vitam
2979 2784 3229 2831 aeternam
3282 2785 3334 2833 te

1808 2860 2080 2927 perducat.

1877 2950 2075 3005 Deinde
2119 2951 2363 3006 sacerdos
2393 2967 2513 3005 cum
2539 2955 2824 3020 pmnitentc
2852 2968 2907 3006 se
2946 2956 3332 3023 prosternatin

1808 3045 1969 3098 terra,
2011 3047 2065 3090 et
2097 3040 2337 3093 decantet
2362 3041 2459 3093 hos
2486 3040 2712 3108 psalmos
2747 3062 2757 3092 :
2789 3042 3029 3095 Miserere
3053 3044 3148 3095 mei
3177 3042 3331 3106 Deus,

1810 3138 1977 3192 usque
2005 3125 2070 3178 ad
2097 3141 2265 3179 omnes
2283 3128 2571 3195 iniquitates
2599 3145 2734 3181 meas
2761 3130 2887 3182 dele.
2918 3130 3136 3183 Benedic
3161 3131 3334 3184 animo

180 3209 276 3261 das
306 3205 618 3260 mercedem.
651 3205 707 3259 Si
744 3206 950 3287 invidia:
978 3198 1162 3276 rubigo
1190 3216 1240 3260 te
1273 3209 1373 3261 huc
1401 3223 1566 3276 usque
1591 3225 1714 3264 con-
1738 3187 1786 3252 θ
1818 3227 1927 3264 mea
1969 3210 2242 3266 Dominum
2288 3228 2453 3281 usque
2499 3215 2564 3267 ad
2618 3217 2955 3267 renovabitur.
3009 3217 3217 3270 Salvum
3254 3217 3334 3285 {ac

179 3293 441 3360 sumpsit,
489 3292 627 3360 quod
680 3299 761 3345 est
806 3301 1077 3360 peccatum
1125 3294 1410 3346 maximum
1464 3304 1517 3349 et
1559 3311 1715 3365 super

178 3382 356 3437 omnia
385 3380 707 3444 detestabile,
739 3366 863 3449 quia
888 3382 1093 3435 diabolo
1127 3391 1462 3453 comparatur
1486 3385 1711 3449 invidus,

178 3472 269 3540 qui
304 3472 477 3539 primo
500 3472 697 3524 homini
728 3472 913 3526 invidit
933 3473 1113 3526 datum
1140 3475 1281 3543 quod
1302 3476 1413 3543 ipse
1439 3488 1535 3544 per
1565 3491 1714 3529 suam

178 3561 388 3628 culpam
435 3561 753 3629 perdiderat,
781 3576 875 3631 age
912 3564 1304 3630 pmnitcntiam,
1334 3574 1388 3619 et
1423 3565 1714 3634 profectum

178 3651 429 3714 aliorum,
461 3659 607 3704 tuum
646 3652 857 3721 deputa.
900 3650 955 3705 Si
983 3653 1205 3706 tristitia
1237 3661 1286 3707 te
1331 3661 1573 3723 superat,
1620 3668 1715 3722 pa-

180 3741 422 3794 tientiam
468 3748 520 3793 et
559 3740 1006 3809 longanimitatem
1054 3742 1324 3796 meditare.
1379 3741 1433 3797 Si
1484 3744 1715 3797 avaritia:

181 3829 400 3884 morbus
436 3837 488 3884 te
516 3839 719 3899 gravat,
750 3830 921 3899 cogita
971 3831 1110 3899 quod
1161 3832 1310 3885 radix
1359 3840 1439 3886 est
1456 3824 1713 3887 “omnium

180 3916 460 3982 malorum,
508 3925 563 3972 et
609 3918 916 3972 idololatriae
953 3927 1325 3986 comparatur:
1362 3927 1414 3974 et
1451 3921 1566 3974 ideo
1611 3920 1715 3973 lar-

180 4022 305 4075 gum
330 4016 380 4060 te
396 4021 513 4061 esse
534 4015 757 4075 Oportet.
778 4006 832 4059 Si
851 4007 927 4060 ira
958 4015 1008 4061 te
1029 4017 1199 4072 vexat,
1228 4024 1343 4077 quae
1371 4011 1421 4062 in
1436 4010 1710 4064 stultorum

181 4098 298 4151 sinu
326 4097 612 4166 requiescit
643 4098 901 4151 dominari
927 4098 1086 4153 debes
1122 4100 1297 4153 animo
1325 4108 1431 4161 tuo,
1455 4109 1508 4153 et
1523 4102 1661 4155 hanc
1682 4117 1713 4155 a

183 4197 235 4241 te
268 4188 460 4242 mentis
487 4186 866 4257 tranquillitate
900 4186 1041 4257 fuga.
1068 4186 1125 4241 Si
1160 4188 1359 4242 ventris
1387 4188 1641 4257 ingluvies
1662 4196 1716 4243 te

183 4280 248 4333 ad
296 4277 652 4333 devorandum
686 4278 974 4347 protrahit,
1004 4270 1341 4333 sobrietatem
1392 4287 1611 4333 sectare.
1656 4277 1713 4333 Si

183 4367 410 4433 luxuria,
439 4369 736 4423 castitatem
771 4382 921 4421 vove.

249 4458 537 4527 Postquam
565 4459 629 4513 de
665 4458 749 4513 his
786 4457 939 4512 factis
964 4455 1237 4513 confessus
1260 4457 1377 4521 fuit,
1406 4467 1531 4512 tunc
1568 4457 1711 4513 dicat

183 4547 429 4601 sacerdos
453 4564 465 4599 :
497 4546 868 4616 Recognoscis,
889 4553 939 4599 te
965 4559 1083 4600 esse
1113 4545 1422 4614 culpabilem
1448 4546 1512 4600 de
1538 4549 1709 4601 omni-

183 4637 283 4691 bus
309 4637 542 4705 peccatis
585 4626 711 4701 tuis],
741 4651 858 4705 qum
897 4643 1016 4705 post
1040 4636 1376 4705 baptismum.
1396 4636 1609 4690 sciendo
1635 4637 1715 4690 vel

186 4726 470 4780 nesciendo
499 4725 813 4789 recordaris,
864 4726 919 4779 in
959 4726 1119 4778 verbo
1159 4732 1251 4778 aut
1297 4725 1350 4778 in
1391 4738 1551 4794 opere
1573 4764 1586 4789 ,
1627 4733 1717 4778 aut

185 4815 505 4883 cogitatione
548 4820 736 4868 contra
764 4813 1072 4867 mandatum
1118 4813 1208 4867 Dei
1241 4813 1441 4882 egisse?
1469 4843 1537 4853 -—
1562 4813 1711 4884 Resp.

188 4905 363 4959 Facio.

255 4992 446 5047 Interr.
462 4993 735 5048 Promittis
764 5001 815 5047 te
839 4993 903 5047 de
924 4992 1207 5062 praeteritis
1233 4993 1401 5061 culpis
1415 4993 1714 5054 emendare,

185 5091 237 5136 et
300 5098 486 5138 omnes
538 5083 933 5137 adinveutiones
981 5083 1173 5140 diaboli
1224 5084 1718 5139 abrenuntiare?—

188 5172 340 5242 Resp.
371 5172 650 5237 Promitto.
1174 5202 1181 5207 -
1622 5230 1631 5245 ι

255 5260 447 5315 Interr.
468 5254 645 5314 Habes
660 5261 813 5315 fidem
840 5260 1135 5316 confessam
1158 5271 1211 5316 et
1233 5270 1446 5332 peccata
1478 5261 1716 5318 confessa

188 5352 294 5408 Deo
329 5361 383 5407 et
415 5351 675 5406 sacerdoti
719 5366 814 5405 suo
836 5391 851 5415 ,
894 5360 953 5406 ut
983 5352 1321 5408 remittantur
1373 5353 1467 5408 tibi
1502 5360 1719 5423 peccata

188 5444 313 5498 tua?
332 5443 522 5498 Credis
547 5441 761 5497 hoe?—
790 5441 938 5511 Resp.
965 5442 1154 5497 Credo.

254 5532 445 5585 Inferr.
479 5531 653 5585 [labes
682 5532 732 5584 in
770 5530 1035 5585 voluntate
1064 5538 1171 5593 tua,
1200 5531 1341 5598 quod
1391 5531 1545 5599 egisti
1592 5545 1719 5586 con-

190 5628 269 5674 tra
307 5619 558 5675 mandata
610 5619 704 5673 Dei
750 5620 850 5673 hoc
893 5617 1293 5674 emendaret-4
1322 5618 1475 5688 Resp.
1520 5617 1716 5675 Habeo.

256 5768 281 5796 ι
312 5754 442 5811 Vide
477 5752 660 5822 Regia.
692 5752 911 5819 ibidem;
940 5753 1156 5818 Burch.,
1189 5752 1222 5803 ι.
1253 5767 1362 5817 xix,
1385 5766 1431 5807 c.
1462 5752 1509 5805 7.

1739 4506 1791 4568 D

1815 3315 2009 3351 servum
2032 3308 2193 3365 tuum,
2214 3299 2442 3354 Domine.
2464 3300 2635 3353 Milia:
2657 3300 2906 3353 auxilium
2932 3302 3021 3379 tibi
3050 3303 3111 3357 de
3138 3314 3331 3359 sancto.

1815 3387 2078 3440 Custodiat
2107 3387 2353 3441 Dominus
2380 3399 2426 3442 te
2452 3390 2515 3443 ab
2539 3392 2673 3443 omni
2708 3390 2866 3456 malo,
2890 3401 2992 3447 etc.

2475 3493 2687 3533 ORATIO.

1881 3562 2120 3616 Christus
2144 3563 2306 3616 Filius
2349 3565 2588 3633 Dei‘vivi
2634 3577 3045 3633 perseverarete
3090 3570 3145 3623 in
3184 3571 3337 3626 bonis

1813 3653 2057 3719 operibus
2077 3651 2233 3706 faciat
2258 3651 2477 3707 cunctis'
2502 3654 2685 3711 diebus
2706 3657 2825 3711 vitae
2851 3665 2972 3724 tuae,
2997 3665 3052 3713 et
3086 3661 3338 3728 perducat

1813 3739 1865 3792 iu
1892 3739 2056 3793 vitam
2077 3748 2348 3795 :eternam.
2376 3740 2564 3796 Amen.

2474 3846 2684 3888 οΙιΑτιο.

1881 3916 2019 3970 Deus
2064 3918 2213 3987 cujus
2259 3919 2583 3987 indulgentia
2628 3935 2781 3975 nemo
2826 3937 2929 3976 non
2980 3925 3198 3994 indiget,
3227 3942 3334 3983 me-

1811 4014 1988 4059 mento
2011 4005 2191 4061 famuli
2225 4008 2318 4073 tui,
2342 4010 2431 4077 qui
2461 4010 2659 4065 lubrica
2688 4014 2883 4067 terreni
2904 4017 3139 4085 corporis
3180 4016 3339 4087 fragi-

1811 4094 1959 4147 litate
1988 4097 2212 4151 nudatus
2239 4105 2339 4162 est,
2373 4114 2690 4168 qum-sumus,
2714 4103 2779 4157 da
2814 4105 3021 4159 veniam
3049 4106 3336 4174 confitenti,

1811 4198 1967 4251 parce
1995 4186 2235 4253 supplici,
2263 4197 2319 4240 ut
2363 4190 2451 4256 qui
2497 4191 2608 4245 suis
2653 4194 2881 4260 peccatis
2916 4193 3214 4263 accusatur,
3250 4206 3338 4252 tua

1812 4276 2150 4331 miseratione
2176 4277 2425 4333 salvetur.

2470 4384 2681 4425 οιιιτιο.

1882 4454 2100 4508 Domine
2145 4463 2323 4510 sancte
2365 4455 2523 4511 Pater
2566 4459 2915 4527 omnipotens,
2960 4469 3152 4515 azterne
3180 4460 3337 4527 Deus,

1811 4543 1899 4610 qui
1926 4557 2023 4611 per
2058 4541 2237 4598 Iesum
2264 4545 2528 4600 Christum
2556 4542 2741 4601 Filium
2770 4556 2911 4602 tuum
2946 4548 3218 4603 Dominum
3246 4565 3342 4605 no-

1811 4641 1978 4687 strum
2004 4633 2219 4687 vulnera
2260 4640 2436 4688 nostra
2463 4650 2649 4690 curare
2677 4620 2918 4705 dignatus
2953 4650 3029 4699 es,
3068 4644 3120 4690 te
3148 4638 3344 4707 suppli-

1810 4736 1899 4775 ces
1924 4736 2170 4789 rogamus
2214 4729 2268 4774 et
2310 4724 2556 4792 petimus,
2586 4731 2642 4777 ut
2670 4725 2913 4793 precibus
2948 4726 3139 4781 nostris
3164 4740 3343 4780 aurem

1812 4819 1913 4863 tua:
1938 4812 2145 4878 pietatis
2195 4812 2445 4866 inclinare
2488 4813 2734 4882 digneris,
2783 4815 2874 4881 qui
2919 4814 3072 4866 etiam
3119 4815 3344 4869 remittis

1735 4928 1743 4936 -
1810 4901 1983 4954 omnia
2005 4901 2245 4963 crimina,
2276 4909 2331 4955 et
2359 4908 2567 4971 peccata
2607 4902 2848 4957 universa
2876 4903 3177 4969 condonas;
3222 4906 3343 4960 des-

1812 5005 1913 5059 que
1939 4990 2063 5044 huic
2102 4989 2297 5043 famulo
2323 4998 2433 5055 tuo,
2464 4991 2701 5055 Domine,
2730 5005 2825 5060 pro
2852 4992 3080 5060 peccatis
3114 4993 3339 5055 veniam,

1811 5096 1906 5152 pro
1934 5094 2163 5135 maerore
2210 5081 2463 5144 laetitiam,
2510 5089 2817 5149 proamorte
2859 5084 3044 5148 vitam,
3087 5084 3229 5138 etde
3255 5092 3343 5138 tua

1814 5168 2172 5223 misericordia
2196 5169 2462 5223 conlidens
2496 5170 2769 5240 pervenire
2798 5178 3060 5225 mereatur
3084 5172 3151 5227 ad
3179 5171 3342 5227 vitam

1814 5268 2081 5325 aeternam.
2331 5255 2339 5262 “
2675 5262 2678 5265 “

2473 5365 2685 5405 ORATIO.

1883 5442 2224 5511 Omnipowns
2250 5471 2305 5495 ι..
2334 5439 2634 5495 misericors
2679 5438 2835 5504 Deus,
2882 5438 2971 5509 qui
3010 5447 3346 5509 peccatorum

1817 5533 2187 5605 indulgentiam
2230 5533 2283 5587 in
2329 5530 2656 5588 confessione
2701 5532 2912 5588 sceleris
2953 5531 3191 5603 posuisti,
3222 5547 3343 5589 suc-

1818 5637 1971 5681 curre
1996 5622 2157 5693 lapso,
2192 5621 2441 5677 miserere
2475 5620 2718 5691 confessi,
2742 5631 2801 5680 ut
2842 5634 2998 5694 quem
3038 5620 3345 5687 delictum
