4110 6480
549 443 645 500 933

1499 449 1833 506 THEODORI
1871 451 2178 506 ARCHIEP.
2204 451 2483 512 'CANTUA
2494 456 2751 512 RIENSIS

3653 121 3884 230 -η

3577 458 3677 510 9M

547 560 726 604 catena
753 553 1074 620 constringit,
1114 554 1406 620 magnitudo
1445 564 1542 608 tum
1576 559 1782 624 pietatis
1805 560 2053 612 absolvat.
2084 565 2131 618 Δ
2159 561 2308 624 dunt,
2338 577 2457 616 mox
2484 565 2793 618 occidantur
2819 572 2871 616 et
2898 561 3255 630 proiiciantur,
3287 573 3340 615 et
3373 571 3558 616 cetera
3591 580 3679 617 ca-

1185 652 1394 693 ORATIO.

608 726 945 795 Omnipotens
976 730 1288 796 sempiterno
1329 731 1483 793 Deus,
1511 731 1776 784 conﬁtenti
1823 732 1942 784 huic
1983 731 2058 782 fa.

542 814 678 866 mulo
706 823 793 868 tuo
819 814 880 867 N.
919 830 1013 882 pro
1044 823 1125 868 tua
1167 818 1356 883 pietate
1394 827 1606 884 peccata
1645 819 1836 882 relaxa,
1866 825 1922 870 ut
1954 831 2057 870 non

539 899 652 967 plus
679 903 725 953 ei
756 910 941 953 noceat
983 903 1312 955 conscientia:
1350 911 1523 957 reatus
1550 904 1615 956 ad
1647 917 1872 970 poenam,
1903 917 2055 970 quam

541 988 853 1056 indulgentia
882 996 980 1041 tua:
1008 990 1217 1056 pietatis
1245 990 1309 1042 ad
1339 991 1563 1060 veniam.

1189 1091 1399 1129 ORATIO.

602 1165 807 1226 Precor,
858 1165 1092 1228 Domine,
1132 1165 1419 1218 clementia:
1461 1173 1513 1218 et
1552 1164 1920 1220 misericordia:
1957 1173 2057 1236 tute

536 1250 876 1316 maiestatem,
920 1259 976 1302 ut
1018 1249 1211 1302 famulo
1248 1258 1335 1302 tuo
1380 1250 1442 1302 N.
1476 1260 1691 1317 peccata
1733 1259 1788 1303 et
1826 1249 2057 1304 facinora

532 1354 622 1392 sua
651 1339 917 1392 conﬁtenti
945 1340 1168 1392 debitam
1196 1339 1564 1393 relaxationem
1602 1347 1654 1392 et
1689 1340 1892 1393 veniam
1920 1354 2055 1408 prae-

470 1412 472 1414 ,
531 1435 670 1478 stare
696 1427 943 1493 digneris,
971 1435 1025 1479 et
1054 1427 1434 1494 praeteritorum
1462 1427 1739 1480 criminum
1762 1426 1937 1495 culpas
1972 1426 2054 1478 in-

531 1512 760 1579 dulgeas.
795 1512 891 1576 Qui
931 1513 1161 1565 humeris
1191 1514 1290 1565 tuis
1321 1508 1467 1566 ovem
1504 1511 1758 1581 perditam
1783 1513 2053 1575 reduxisti,

529 1603 616 1670 qui
640 1602 901 1669 publicani
928 1601 1168 1668 precibus
1205 1608 1258 1652 et
1287 1599 1608 1654 confessione
1634 1599 1868 1666 placatus
1891 1613 1966 1662 es,
1997 1607 2054 1650 tu

528 1692 708 1754 etiam,
759 1690 994 1753 Domine,
1034 1688 1155 1742 huic
1203 1687 1397 1741 famulo
1443 1697 1533 1740 tuo
1568 1688 1804 1754 placatus
1838 1700 1954 1740 esse
1977 1684 2055 1740 di-

2157 659 2217 698 ro
2249 646 2610 702 manducetur.
2641 647 2697 700 Si
2739 655 2911 700 autem
2945 646 3182 699 tardatur
3207 647 3416 709 occisio,
3445 661 3547 700 non
3587 664 3677 702 που

2156 734 2447 788 metiantur.
2494 735 2550 789 Si
2581 745 2756 791 autem
2798 737 3050 791 cadavera
3078 736 3424 792 Iaceraverint
3449 747 3680 794 mortuo-

2156 836 2292 884 rum,
2317 833 2662 889 macerentur,
2685 832 2739 878 et
2759 833 2878 893 post
2899 825 3022 877 anni
3044 824 3297 878 circulum
3320 825 3674 880 comedantur.

2155 905 2211 959 Si
2239 916 2414 961 autem
2439 911 2585 976 porci
2628 910 2915 964 occiderint
2950 910 3232 972 hominem,
3264 912 3440 964 statim
3481 911 3680 965 interii-

2155 992 2360 1045 ciantur
2381 1000 2434 1044 et
2459 993 2792 1060 sepeliantur.

2601 1081 2984 1137 CAPITULUM
3013 1066 3216 1136 xvm.’

2156 1164 2230 1216 De
2252 1164 2353 1218 illis
2374 1168 2460 1236 qui
2481 1183 2684 1220 carnem
2709 1171 3048 1288 morticina‘r‘n,
3074 1169 3148 1222 vel
3171 1171 3483 1224 immundam
3521 1188 3682 1226 come-

2873 1251 2944 1287 eri
3009 1275 3020 1288 .

2873 1251 3020 1288 ermt.

2227 1329 2249 1358 ο
2277 1318 2372 1384 Qui
2403 1321 2685 1375 manducat
2705 1335 2916 1375 carnem
2949 1323 3290 1388 immundam,
3316 1317 3402 1378 aut
3447 1327 3680 1380 mortici-

2153 1420 2292 1468 nam,
2337 1403 2429 1458 aut
2468 1407 2803 1460 dilaceratam
2849 1422 2878 1460 a
2922 1409 3122 1472 bestiis,
3169 1411 3514 1480 quadraginta
3563 1414 3676 1466 dies

2152 1493 2421 1559 paeniteat.
2447 1491 2503 1546 Si
2523 1501 2696 1547 autem
2715 1494 3025 1547 necessitate
3042 1493 3194 1548 famis
3213 1497 3499 1565 contingat,
3515 1499 3681 1551 multo

2152 1580 2318 1635 levius
2344 1589 2442 1634 est.

2636 1667 3018 1726 CAPITULUM
3059 1670 3193 1724 XIX.

527 1779 722 1846 gneris.
773 1776 852 1828 Tu
885 1775 1042 1841 hujus
1076 1775 1317 1842 precibus
1364 1775 1621 1845 benignus
1667 1775 1859 1842 aspira,
1898 1779 1956 1827 ut
1996 1775 2048 1828 in
2149 1760 2225 1816 De
2269 1761 2373 1818 illis
2399 1764 2487 1834 qui
2529 1765 2789 1834 sanguine,
2818 1765 2894 1819 vel
2931 1765 3034 1818 alio
3061 1767 3320 1818 immundo
3362 1765 3676 1834 polluuntur.

528 1864 854 1918 confessione
880 1862 1148 1930 placabilis
1188 1870 1507 1930 permaneat.
1550 1862 1728 1917 Fletus
1751 1862 1863 1930 ejus
1887 1871 1938 1916 et
1961 1871 2050 1930 pe-
2079 1846 2124 1906 Β
2182 1937 2189 1939 Α
2222 1851 2243 1890 ¹
2398 1853 2778 1939 ηπεδίηθνγθι
2797 1869 3106 1922 quocunque
3127 1856 3390 1908 immundo
3410 1855 3679 1924 polluitur.
3781 1934 3796 1939 ’

529 1952 644 2004 titio
669 1960 972 2019 perpetuam
999 1948 1331 2002 clementiam
1361 1955 1502 2001 tuam
1550 1948 1789 2002 celeriter
1814 1957 2052 2011 exorent,

529 2039 824 2105 sanctisque
851 2036 1103 2090 altaribus
1127 2035 1399 2088 restitutus
1426 2035 1534 2102 spei
1559 2049 1741 2088 rursus
1768 2042 1975 2088 aeterna:
1995 2048 2057 2086 ac

527 2127 725 2182 caelesti
754 2126 929 2194 glorise
955 2124 1296 2191 mancipetur.
1345 2122 1444 2186 Qui
1481 2122 1614 2174 vivis
1639 2128 1692 2174 et
1719 2134 1923 2189 regnas,
1950 2128 2054 2175 etc.

1183 2225 1390 2265 ORATIO.

599 2304 734 2355 Deus
753 2304 1084 2368 omnipotens
1110 2301 1179 2354 sit
1218 2300 1422 2367 adiutor
1447 2309 1498 2352 et
1531 2307 1796 2370 protector
1829 2308 1968 2366 tuus,
2003 2309 2058 2356 et
2119 2347 2123 2356 .

527 2397 740 2458 praestet
759 2390 1130 2457 indulgentiam
1153 2389 1216 2442 de
1231 2388 1459 2456 peccatis
1482 2387 1587 2441 tuis
1601 2388 1902 2457 praeteritis,
1925 2403 2056 2456 prm-

528 2478 780 2543 sentihus,
807 2485 859 2530 et
887 2489 910 2517 ι
942 2476 1150 2530 futuris.

1022 2562 1406 2618 CAPITULUM
1443 2562 1575 2617 XIV.

530 2649 590 2703 Ut
621 2650 788 2703 nullus
813 2652 1089 2717 episcopus,
1117 2649 1188 2702 vel
1214 2649 1465 2716 presbyter
1505 2648 1714 2701 alterius
1741 2649 2052 2716 pcnitentem

827 2719 935 2770 sine
962 2718 1137 2770 litteris
1161 2719 1238 2769 sui
1264 2717 1481 2786 episcopi
1507 2717 1767 2784 suscipiat.

592 2807 887 2861 Curandum
914 2813 995 2861 est
1019 2821 1146 2860 vero
1181 2807 1428 2869 maxime,
1455 2814 1508 2860 et
1533 2807 1675 2860 omni
1705 2805 1907 2859 cautela
1933 2819 2053 2873 pro-

525 2895 822 2957 videndum,
852 2909 919 2947 ne
948 2894 1066 2961 quis
1112 2894 1350 2956 fratrum,
1390 2894 1917 2962 coepiscoporumque
1954 2907 2050 2945 no-

523 2991 774 3044 strorum,
803 2989 892 3033 aut
927 2983 1085 3033 etiam
1120 2981 1546 3048 presbyterorum
1572 2980 1627 3033 in
1671 2980 1884 3035 alterius
1924 2981 2052 3036 civi-

524 3077 630 3122 tate
652 3069 730 3121 vel
753 3059 968 3122 dicecesi
1006 3071 1360 3137 pmuitentem,
1392 3068 1472 3123 vel
1500 3070 1597 3124 sub
1632 3083 1788 3122 manu
1820 3069 2048 3138 positum

2151 1937 2196 1992 si
2223 1938 2392 1994 nescit
2417 1938 2507 2006 qui
2544 1936 2843 2004 manducat,
2870 1940 2981 1993 leve
3007 1948 3106 1993 est.
3138 1940 3193 1993 Si
3218 1951 3390 1994 autem
3421 1943 3543 2005 scit,
3568 1957 3680 2009 pm-

2150 2026 2318 2080 niteat
2339 2027 2486 2096 juxta
2513 2027 2722 2080 modum
2747 2027 3063 2095 pollutionis.

2619 2113 3022 2193 'CAPITULUM
3059 2137 3172 2191 xx.

2149 2225 2228 2278 De
2243 2225 2345 2279 illis
2363 2227 2449 2296 qui
2468 2227 2756 2290 comedunt,
2781 2235 2868 2280 aut
2891 2225 3062 2296 dicunt
3083 2225 3354 2278 immundis
3375 2225 3680 2278 animalibus

2618 2304 2809 2347 tactum
2833 2291 2912 2347 vel
2933 2293 3215 2344 intinctum.

2223 2383 2249 2420 ³
2276 2379 2374 2446 Qui
2401 2381 2647 2444 comedit,
2677 2380 2758 2434 vel
2782 2380 2915 2434 bibit
2955 2379 3228 2431 intinctum
3258 2394 3288 2430 a
3319 2378 3562 2432 familiari
3588 2380 3675 2432 be-

2151 2468 2272 2530 stia,
2303 2467 2356 2521 id
2377 2474 2477 2530 est,
2505 2457 2654 2530 cane,
2680 2475 2808 2530 etc.,
2829 2474 2882 2526 et
2917 2465 3034 2528 scit,
3065 2474 3273 2520 centum
3301 2466 3529 2534 psalmos
3555 2480 3673 2533 can-

2152 2563 2242 2610 tet.
2274 2555 2328 2610 Si
2365 2555 2553 2619 nescit,
2580 2556 2708 2610 duos
2731 2555 2843 2608 dies
2879 2554 3099 2623 jejunet,
3123 2555 3204 2607 vel
3237 2555 3281 2608 si
3314 2555 3568 2608 redimere
3595 2568 3666 2607 vo

2149 2643 2325 2706 luerit,
2354 2643 2727 2712 quinquaginta
2760 2643 2987 2710 psalmos
3011 2652 3202 2696 cantet.
3249 2642 3346 2706 Qui
3397 2642 3597 2696 dederit
3618 2642 3673 2694 li-

2149 2744 2366 2798 quorem
2395 2731 2447 2783 in
2469 2745 2572 2797 quo
2593 2746 2710 2783 mus
2732 2732 2812 2783 vel
2838 2731 3055 2783 mustela
3085 2731 3274 2784 mortui
3304 2731 3497 2784 inventi
3535 2739 3675 2788 sunt.

2149 2819 2192 2871 si
2229 2818 2394 2872 laicus
2426 2825 2526 2881 est,
2559 2828 2757 2884 septem
2799 2819 2911 2872 dies
2954 2819 3221 2886 pmniteat.
3254 2816 3308 2871 Si
3350 2818 3404 2870 in
3426 2817 3677 2872 cmnobiis

2148 2910 2389 2978 contigit,
2417 2917 2678 2963 trecentos
2721 2908 2947 2979 psalmos
2992 2915 3186 2962 cantet.
3236 2906 3332 2972 Qui
3378 2916 3558 2976 postea
3585 2921 3676 2959 no-

2147 2999 2300 3059 verit,
2327 2999 2464 3066 quod
2512 2998 2669 3052 talem
2696 3008 2879 3068 potum
2921 2998 3136 3062 biberit,
3177 3007 3386 3051 centum
3422 2999 3682 3066 quinquao

2149 3085 2290 3153 ginta
2316 3092 2511 3138 cantet.
2541 3085 2598 3137 Si
2625 3087 2743 3158 quis
2770 3085 3060 3138 comederit
3083 3084 3420 3138 semicoctum
3459 3084 3677 3144 inscius.

524 3155 826 3216 sacerdotis,
853 3164 941 3208 aut
963 3170 1080 3208 eum
1103 3155 1189 3223 qui
1215 3153 1602 3209 reconciliatum
1624 3169 1680 3208 se
1700 3153 2045 3218 dixeritesse,

2075 3131 2120 3193 ς
2149 3131 2290 3153 ιν-ν-
2320 3131 2510 3138 ν-’πνπ
2541 3131 2598 3184 f-
2628 3131 2742 3158 =1"-
2774 3131 3058 3138 -νη-ν-τ--τ
3083 3131 3420 3166 ”“ῗ““”““’“
3450 3131 3676 3183 ς--τ-*τν

2149 3178 2258 3227 tres
2278 3171 2392 3226 dies
2415 3180 2682 3241 pmntteat,
2716 3171 2798 3225 vel
2826 3172 3129 3240 psalterium
3152 3179 3328 3226 cantet
3348 3187 3362 3231 ;
3390 3185 3562 3225 senem
3589 3185 3676 3224 au-

522 3246 635 3298 sine
658 3234 896 3312 episcopi
910 3243 1309 3320 vel_presbyteri
1344 3242 1644 3297 testimonio
1670 3249 1730 3296 et
1747 3239 1962 3304 litteris,
1983 3241 2049 3296 ad

524 3331 672 3399 cujus
700 3330 927 3397 pertinet
951 3329 1216 3394 parochia,
1247 3327 1516 3395 suscipiat.

1019 3430 1401 3487 CAPITULUM
1439 3431 1550 3487 XV.

527 3505 596 3556 De
620 3503 721 3556 illis
752 3502 837 3571 qui
865 3501 1108 3568 animalia
1145 3501 1385 3571 a_bestiis
1423 3499 1718 3571 dilacerata,
1765 3509 1812 3552 et
1854 3499 2048 3569 laqueis

975 3567 1290 3637 strangulata
1318 3567 1603 3620 comedunt.
1686 3608 1694 3620 μ

591 3661 618 3698 ιι
639 3657 915 3718 Animalia,
941 3671 1056 3724 quae
1079 3669 1108 3707 a
1130 3654 1266 3722 lupis
1304 3668 1396 3708 seu
1429 3667 1460 3707 a
1487 3654 1702 3709 canibus
1731 3654 2046 3719 lacerantur,

416 3779 421 3786 -
524 3764 626 3802 non
656 3756 777 3801 sunt
812 3745 1163 3800 comedenda:
1213 3760 1311 3798 nec
1355 3759 1558 3807 corvus,
1596 3759 1694 3799 nec
1731 3758 1972 3813 capreus,
2003 3746 2048 3799 si

527 3836 714 3890 mortui
742 3834 935 3886 inventi
980 3832 1208 3896 fuerint;
1253 3832 1353 3886 nisi
1381 3831 1517 3886 forte
1540 3833 1607 3886 ab
1634 3832 1845 3887 homine
1879 3833 2049 3886 adhuc

525 3925 641 3978 viva
662 3923 962 3977 occidantur
983 3921 1147 3989 prius,
1184 3917 1274 3974 sed
1298 3920 1472 3988 porcis
1507 3927 1561 3973 et
1582 3920 1800 3975 canibus
1837 3919 2044 3975 dentur.

523 4019 657 4070 Aves
684 4028 809 4069 vero
849 4021 902 4067 et
939 4011 1182 4066 animalia
1221 4019 1424 4072 caetera,
1472 4010 1516 4064 si
1558 4009 1614 4063 in
1649 4011 1848 4064 retibus
1879 4019 2050 4065 stran-

521 4104 782 4175 gulentur,
821 4114 923 4152 non
967 4105 1088 4152 sunt
1119 4096 1477 4159 comedenda;
1521 4109 1620 4149 nec
1658 4097 1702 4149 si
1734 4096 2051 4164 oppresserit

522 4188 790 4256 accipiter,
819 4193 871 4239 et
910 4185 954 4238 si
992 4184 1068 4238 sic
1091 4190 1297 4236 mortua
1323 4181 1656 4239 inveniuntur
1681 4198 1693 4234 :
1723 4182 1844 4250 quia
1871 4183 1923 4235 in
1948 4181 2049 4235 Ac-

524 4279 664 4332 tibus
705 4273 1053 4343 apostolorum
1096 4271 1396 4340 przecipitur
1439 4271 1700 4324 abstinere
1752 4285 1780 4323 a
1831 4271 2050 4326 fornica-

525 4369 684 4429 tione,
710 4380 739 4417 a
769 4364 1036 4433 sanguine,
1068 4369 1121 4415 et
1148 4359 1423 4425 suﬂocato,
1447 4369 1499 4413 et
1529 4359 1833 4413 idolola:ria.

999 4471 1381 4527 CAPITULUM
1417 4471 1550 4526 XVI.

830 4543 902 4595 De
924 4542 1120 4610 apibus,
1141 4541 1185 4594 si
1204 4541 1429 4593 homines
1453 4541 1742 4594 occiderint.

592 4646 613 4672 σε
643 4634 799 4701 Apes,
829 4632 872 4684 si
900 4631 1163 4684 hominem
1192 4629 1459 4692 occidunt,
1503 4629 1627 4697 ipste
1663 4644 1867 4698 quoque
1910 4629 2047 4684 festi-

524 4732 714 4780 nentur
736 4720 920 4784 occidi,
946 4719 1046 4773 mel
1070 4727 1244 4772 tamen
1272 4716 1629 4770 manducetur.

995 4825 1377 4893 CAPITULUM
1413 4825 1568 4880 XVII.

522 4902 598 4955 De
615 4902 778 4969 porcis
792 4907 838 4952 et
857 4897 1079 4967 gallinis,
1101 4898 1144 4949 si
1166 4895 1461 4964 sanguinem
1481 4894 1737 4947 hominum
1757 4898 2041 4949 comedunt.

591 4988 620 5030 «ι
650 4987 708 5044 Si
732 4988 876 5056 porci
915 4986 994 5039 vel
1022 4984 1225 5054 gallina:
1269 4983 1572 5052 sanguinem
1619 4984 1844 5038 hominis
1869 5001 2044 5040 comc-
2097 4998 2099 5001 '

592 5130 618 5158 ι
649 5117 868 5184 Regino,
957 5130 975 5166 ι
1003 5112 1067 5166 de
1099 5111 1242 5166 Eccl.
1268 5111 1433 5184 Disc.,
1460 5125 1573 5178 cap.
1597 5112 1698 5164 500
1721 5112 1979 5179 ;'Burcli.,
2005 5118 2041 5168 Ι.

523 5184 822 5326 ῗιῗθξέθῖἷ.
846 5249 911 5326 lll_
935 5247 1148 5326 _Judicia
1172 5262 1220 5299 c.
1252 5246 1347 5326 29“;
1391 5244 1681 5326 Betimcan.
1727 5249 1798 5302 De
1822 5253 2047 5326 diuersis

523 5322 716 5382 causis,
744 5315 858 5386 cap.
893 5318 973 5369 14.
1003 5315 1581 5386 Antiqupmj’mnitent.
1616 5317 1764 5368 llom.
1792 5320 1854 5370 ali
1877 5320 2041 5374 llalit-

524 5392 672 5460 gario
700 5381 1043 5460 cxiiclriptum1
1068 5381 1494 5460 c..170;7B_t_t_rch._,
1526 5382 1559 5433 i.
1593 5399 1702 5446 xix,
1729 5399 1774 5437 c.
1812 5387 1904 5452 85;
1941 5389 2044 5452 ιγο,

525 5449 577 5529 ᾗ.
613 5471 697 5529 xv,
727 5449 897 5529 c._97,_
917 5467 977 5505 ex
1008 5449 1291 5529 Ραξηὶἓῐιιζ
1311 5450 1506 5502 Thcod.

597 5536 618 5563 ο
648 5523 860 5582 Burch.,
885 5521 919 5572 l.
951 5533 1126 5582 xix,c.
1150 5517 1243 5582 86;
1270 5517 1378 5580 ivo,
1404 5530 1454 5583 p.
1484 5533 1588 5582 xiv,
1613 5534 1660 5571 c.
1688 5522 1773 5584 98,
1801 5536 1862 5577 ex
1878 5524 2049 5579 Pleni-

529 5600 656 5646 tcut.
685 5590 879 5642 Theod.

595 5661 620 5698 ιι
649 5658 861 5720 Burch.,
887 5655 921 5708 1.
955 5671 1061 5717 xu,
1088 5669 1134 5706 c.
1163 5654 1259 5718 88;
1288 5653 1395 5717 lvo,
1420 5668 1468 5721 p.
1507 5669 1591 5720 xv,
1617 5670 1662 5707 c.
1692 5657 1775 5709 99.

2073 4429 2125 4487 Ι)

2147 3268 2274 3324 tem,
2299 3266 2496 3327 septem
2521 3259 2632 3314 dies
2657 3261 2927 3328 poeniteat.
2973 3259 3077 3314 Pro
3105 3259 3244 3314 furto
3269 3261 3474 3315 modico
3498 3260 3677 3329 viginti

2144 3346 2258 3400 dies
2281 3348 2550 3414 peniteat.
2593 3347 2732 3402 Puer
2743 3349 2843 3416 qui
2869 3355 2951 3402 est
2975 3363 3231 3402 annorum
3268 3350 3446 3402 decem
3472 3348 3678 3416 aliquod

2147 3434 2346 3488 furtum
2373 3435 2592 3499 faciens,
2623 3444 2822 3504 septem
2852 3436 2962 3492 dies
2982 3436 3248 3505 praeniteat.
3281 3433 3334 3490 Si
3357 3436 3475 3502 quis
3510 3437 3677 3489 tinxe-

2147 3523 2218 3577 rit
2247 3537 2461 3578 manum
2485 3525 2538 3578 in
2577 3524 2752 3592 aliquo
2773 3524 2893 3579 cibo
2910 3524 3115 3593 liquido
3146 3527 3200 3581 et
3225 3538 3328 3578 non
3357 3525 3542 3578 idonea
3568 3539 3676 3576 ma-

2147 3626 2237 3676 nu,
2258 3620 2477 3666 centum
2502 3613 3101 3683 palmatisemundetur.
3129 3611 3186 3666 Si
3212 3613 3264 3666 in
3291 3610 3480 3676 farina,
3508 3619 3598 3664 aut
3624 3611 3675 3664 in

2146 3700 2322 3768 aliquo
2344 3689 2647 3762 sicco'cibo,
2672 3701 2838 3773 autin
2862 3700 3027 3768 pulte,
3053 3707 3142 3752 aut
3166 3698 3218 3752 in
3243 3699 3378 3751 lacte
3405 3697 3675 3766 coagulato

2146 3799 2264 3839 mus
2305 3785 2388 3838 vel
2429 3784 2650 3838 mustela
2691 3784 3028 3838 inveniuntur
3069 3784 3278 3845 mortui,
3319 3784 3459 3852 quod
3483 3786 3535 3836 in
3575 3785 3675 3836 cir-

2068 3905 2072 3910 ~
2147 3874 2288 3927 cuitu
2311 3873 2424 3941 ejus
2441 3880 2541 3937 est,
2572 3879 2735 3926 totum
2755 3871 3056 3940 projicietur
3079 3863 3249 3935 foras}
3264 3870 3412 3940 quod
3438 3870 3674 3926 relictum

2123 3961 2246 4024 'est,
2272 3961 2630 4016 manducetur.

2638 4066 3021 4123 CAPITULUM
3058 4065 3176 4120 XXI

2389 4175 2462 4228 De
2484 4175 2585 4228 illis
2610 4175 2697 4244 qui
2740 4175 2828 4228 diu
2855 4175 3061 4227 reticent
3085 4181 3290 4242 peccata
3316 4190 3428 4225 sua.

2216 4285 2241 4323 1³
2280 4282 2560 4337 Sciendum
2583 4299 2709 4337 vero
2727 4292 2829 4347 est,
2853 4291 3102 4351 quantum
3125 4264 3244 4351 quis
3263 4297 3419 4351 opere
3439 4293 3673 4338 moratur

2149 4372 2200 4439 in
2229 4372 2472 4441 peccatis,
2502 4381 2644 4427 tanto
2671 4373 2836 4442 magis
2856 4373 3052 4440 agenda
3070 4381 3152 4426 est
3174 4373 3499 4446 paenitentia.

2601 4478 3005 4552 cmruLuu
3037 4478 3194 4534 χχιι.

2338 4567 2414 4620 De
2442 4568 2544 4620 illis
2568 4569 2654 4637 qui
2681 4566 2899 4635 aliquem
2924 4568 2976 4618 in
3005 4568 3084 4618 ira
3110 4578 3476 4630 percusserunt.

2219 4654 2234 4692 ί
2271 4651 2326 4705 Si
2355 4653 2474 4721 quis
2496 4653 2723 4720 aliquem
2747 4667 2840 4721 per
2863 4653 2996 4706 iram
3033 4655 3369 4720 percusserit,
3395 4663 3450 4707 et
3471 4655 3671 4725 sangui-

2143 4753 2262 4792 nem
2287 4737 2548 4803 eﬂ‘uderit,
2591 4741 2636 4793 si
2678 4740 2841 4804 laicus
2881 4747 2979 4803 est,
3012 4741 3189 4809 viginti
3232 4741 3342 4795 dies
3385 4745 3665 4810 pmniteat,

2141 4816 2382 4889 cleriCus,
2434 4827 2664 4896 triginta.
2711 4825 2788 4880 illi
2833 4836 3025 4890 autem,
3075 4829 3163 4894 qui
3199 4829 3414 4897 gradum
3458 4831 3664 4888 habent.

2143 4911 2364 4978 amplius
2384 4914 2494 4981 pati
2521 4913 2711 4968 debent
2735 4931 2747 4964 :
2774 4915 3023 4970 diaconus
3046 4928 3136 4968 sex
3160 4930 3382 4978 menses,
3402 4919 3668 4986 presbyter

2144 5013 2302 5051 unum
2323 5015 2538 5065 annum,
2561 4990 2834 5078 episcopus
2854 4987 2985 5054 duos
3007 5014 3170 5061 annos
3191 5010 3243 5053 et
3261 5015 3350 5054 sex
3376 5018 3598 5056 menses.

2217 5139 2240 5165 ε
2269 5127 2488 5196 TheOtL,
2520 5143 2632 5196 cap.
2664 5127 2768 5190 83;
2795 5127 2954 5180 Beda
2992 5142 3106 5181 can.
3139 5126 3215 5179 De
3251 5129 3459 5196 diversis
3481 5131 3663 5190 causis,

2146 5210 2261 5262 cap.
2308 5197 2408 5258 M;
2457 5194 2597 5263 Regi
2619 5196 2652 5246 l.
2685 5211 2745 5257 Il,
2773 5211 2821 5249 c.
2863 5196 3002 5274 59f);
3034 5196 3247 5256 Burch.,
3279 5194 3294 5246 Ι
3347 5212 3454 5260 xix,
3476 5212 3525 5250 c.
3558 5198 3660 5258 88;

2145 5261 2252 5316 lvo.
2281 5277 2332 5316 ι).
2363 5279 2448 5316 xv.
2478 5279 2525 5316 c.
2559 5262 2675 5316 100.
2700 5279 2764 5316 ex
2790 5263 3066 5316 Pmmtent.
3099 5258 3324 5316 Themi.

2218 5302 2483 5398 ίὲυηδί,
2507 5331 2542 5382 l.
2572 5303 2682 5395 th’,
2705 5347 2753 5384 c.
2785 5331 2886 5392 90;
2915 5330 3021 5392 lvo,
3052 5345 3103 5398 p.
3135 5345 3216 5391 xv,
3246 5345 3294 5382 c.
3316 5313 3438 5384 ⁹102.

2218 5399 2242 5435 ⁸
2261 5396 2417 5476 Deda:
2450 5408 2684 5476 canones
2709 5400 2774 5452 ad
2797 5399 3023 5452 remedia
3053 5395 3285 5466 peccat”
3312 5411 3358 5449 c.
3385 5398 3469 5460 14,
3497 5396 3571 5452 De
3591 5395 3658 5453 div

2147 5481 2297 5518 versis
2321 5482 2505 5519 ωηερε.

2215 5534 2240 5572 h
2273 5533 2490 5602 Bcgino,
2521 5534 2555 5602 l.
2588 5550 2647 5595 ιι,
2674 5550 2722 5588 c.
2757 5534 2879 5598 l56;
2904 5533 3122 5597 Burcb.,
3144 5531 3180 5584 l.
3205 5547 3281 5598 ιι,
3307 5547 3354 5588 c.
3377 5530 3461 5588 68.

2203 5602 2242 5638 ‘5
2271 5601 2486 5669 Ergino,
2514 5601 2551 5652 ι.
2585 5618 2642 5666 ιι,
2673 5617 2718 5654 c.
2739 5602 2855 5654 655.
