4110 6416
200 511 302 566 9ιὸ

663 621 987 677 CAPITULU
996 623 1041 674 Μ
1078 623 1254 677 XXIII.

299 710 376 762 De
399 709 500 762 illis
518 711 606 778 qui
634 712 976 764 truncationes
1015 712 1348 764 membrorum
1377 713 1620 780 fecerunt.

265 808 290 837 ι
319 795 418 861 Qui
439 812 533 864 per
558 797 852 850 rixamictu
892 797 1113 852 debilem
1142 799 1222 852 vel
1250 798 1534 852 deformem
1560 800 1727 851 homi-

193 899 316 938 nem
341 883 544 946 fecerit,
575 884 757 939 reddat
797 887 1057 954 impensas
1088 888 1310 949 medico,
1342 887 1370 926 ι
1411 897 1462 939 et
1501 887 1724 940 medium

192 987 388 1024 annum
415 974 684 1040 pmniteat.
717 975 773 1027 Si
817 989 921 1028 non
965 975 1204 1029 habuerit
1233 978 1368 1029 unde
1395 966 1598 1038 reddat,
1637 992 1728 1028 an-

191 1075 318 1113 num
345 1075 503 1113 unum
529 1062 795 1129 pmniteat.
826 1061 882 1114 Si
912 1063 1074 1117 laicus
1098 1079 1191 1132 per
1214 1063 1387 1116 dolum
1422 1065 1725 1138 sanguinem

189 1144 453 1210 effuderit,
484 1146 668 1200 reddat
712 1149 782 1201 illi
828 1157 1029 1203 tantum
1058 1159 1308 1218 quantum
1353 1153 1546 1204 nocuit.
1593 1151 1726 1204 Etsi

190 1249 298 1288 non
321 1235 480 1289 habet
507 1237 643 1290 unde
674 1227 875 1302 reddat,
920 1241 1086 1293 solvat
1116 1242 1354 1316 in‘opere
1376 1242 1600 1308 proximi
1626 1241 1724 1304 sui,

188 1321 423 1389 quandiu
451 1321 540 1376 ille
565 1324 820 1379 inﬁmus.
867 1328 932 1381 Et
973 1337 1152 1397 postea
1178 1331 1652 1399 quadraginta'dies
1675 1330 1725 1381 in

186 1424 325 1476 pane
354 1418 408 1464 et
435 1425 569 1478 aqua
593 1414 867 1478 poeniteat.

682 1519 1064 1576 CAPITULUM
1096 1525 1276 1578 XXIV.

807 1589 882 1642 De
922 1592 1114 1644 eodem.

259 1672 358 1738 Qui
401 1676 560 1728 ictum
586 1678 828 1744 proximo
861 1664 1082 1744 dederit,
1109 1689 1164 1736 et
1206 1697 1310 1736 non
1331 1685 1583 1746 nocuerit,
1621 1692 1729 1739 tres

185 1762 298 1815 dies
320 1763 374 1814 in
388 1777 528 1830 pane
547 1774 598 1818 et
618 1781 753 1828 aqua
777 1770 1046 1834 poeniteat.
1071 1770 1126 1823 Si
1147 1771 1390 1833 clericus,
1412 1787 1628 1838 annum,
1648 1775 1729 1827 vel
1746 1797 1749 1810 ν

185 1849 480 1904 dimidium.
513 1849 709 1920 Siquis
749 1853 903 1907 alicui
931 1856 1198 1923 quodlibet
1226 1859 1521 1913 membrum
1551 1862 1731 1915 volun-

182 1945 295 1991 tate
321 1952 415 1992 sua
441 1941 781 2003 truncaverit,
821 1950 929 1996 tres
957 1959 1121 1998 annos
1162 1947 1417 2013 pmniteat
1441 1948 1493 2000 in
1517 1963 1650 2016 pane
1674 1958 1728 2002 et

187 2040 346 2094 aqua.
385 2024 596 2080 Parvuli
622 2043 680 2082 se
709 2029 930 2095 invicem
959 2032 1335 2099 perculientes,
1364 2042 1476 2094 tres
1509 2036 1636 2089 dies.
1670 2034 1726 2089 Si

185 2128 309 2167 vero
333 2112 709 2180 adolescentes,
738 2118 919 2186 viginti
942 2119 1052 2173 dies
1076 2122 1380 2188 pmnitcant.

277 2211 280 2215 ’
668 2222 1054 2281 CAPITULUM
1083 2227 1243 2280 XXV.

185 2287 261 2341 De
288 2286 393 2341 illis
418 2290 508 2361 qui
549 2289 617 2342 ad
657 2289 942 2361 feriendum
974 2294 1228 2346 hominem
1271 2299 1604 2361 surrexerint,
1644 2315 1728 2350 vo-

410 2356 568 2412 lentes
590 2374 704 2412 eum
730 2359 976 2425 occidere,
1004 2373 1049 2413 et
1080 2378 1180 2414 non
1211 2373 1504 2431 potuerunt.

166 2454 167 2457 ‘
251 2445 351 2511 Qui
405 2444 472 2498 ad
521 2445 814 2500 feriendum
861 2447 1129 2504 hominem
1183 2451 1496 2515 surrexerit,
1520 2453 1728 2525 .volens

179 2547 301 2584 eum
337 2531 599 2594 occidere,
627 2538 736 2586 tres
760 2535 1081 2600 septimanas
1104 2536 1374 2605 paeniteat.
1422 2531 1478 2589 Si
1506 2538 1729 2594 clericus

179 2615 356 2679 fuerit,
407 2632 498 2671 sex
542 2633 768 2674 menses.
815 2619 962 2685 Quod
1006 2622 1050 2674 si
1085 2621 1460 2687 vulneraverit,
1493 2625 1726 2693 quadra-

181 2709 329 2775 ginta
356 2707 489 2762 dies.
519 2708 575 2762 Si
620 2710 843 2764 clericus
871 2712 1143 2778 clericum,
1173 2729 1366 2767 annum
1395 2722 1601 2772 totum:
1634 2719 1728 2773 sed

177 2804 236 2851 et
259 2797 539 2873 pecuniam
563 2813 666 2868 pro
692 2801 847 2856 modo
876 2801 1124 2868 vulneris,
1152 2805 1236 2856 cui
1279 2802 1484 2869 inﬂixit,
1507 2807 1723 2861 tribuat.

647 2907 1035 2965 CAPITULUM
1073 2909 1255 2966 XXVI.

407 2972 482 3026 De
514 2973 617 3028 illis
640 2979 728 3045 qui
757 2978 853 3030 sibi
878 2980 1000 3047 ipsis
1030 2989 1238 3032 mortem
1266 2982 1510 3050 inferunt.

303 3062 527 3128 Placuit,
547 3071 606 3117 ut
629 3066 719 3132 qui
742 3065 842 3119 sibi
867 3067 996 3135 ipsis
1013 3068 1364 3123 voluntariam
1387 3086 1482 3138 per
1502 3071 1724 3139 ferrum,

180 3160 274 3206 aut
297 3165 575 3216 venenum,
606 3161 697 3206 aut
738 3168 833 3222 per
857 3157 1222 3223 praecipitium,
1253 3167 1344 3210 aut
1384 3174 1480 3225 per
1506 3175 1727 3228 suspen-

1266 516 1800 571 PCENITENTIALE.
1836 545 1902 554 --
1939 515 2272 569 CAPITULA

1748 631 1794 686 Α
1821 634 1993 676 autem
2029 624 2418 690 prmsumpscrit
2447 631 2567 675 ante
2607 632 2806 692 tempus
2853 627 3160 694 pz'milnitum
3185 629 3348 682 eccle

3244 518 3345 573 918

1823 709 1955 761 siam
1999 711 2218 772 intrare,
2257 718 2333 762 tot
2380 710 2490 762 dies
2536 711 2588 761 in
2632 725 2764 778 pane
2808 721 2862 764 et
2905 729 3038 781 aqua
3081 715 3345 782 paeniteat.

1823 805 1949 862 quot
1992 798 2211 851 ecclesia
2261 814 2442 852 carere
2489 799 2757 854 debuerat.
2807 801 2903 866 Qui
2950 812 3122 856 autem
3161 797 3351 860 concul

1824 885 1997 939 buerit
2026 901 2144 939 cum
2167 901 2227 939 ea
2252 901 2316 939 ex
2357 887 2440 940 bis
2464 887 2665 952 diebus,
2696 887 2874 942 decem
2918 891 3030 944 dies
3057 893 3106 944 in
3139 907 3273 960 pane
3301 903 3351 946 tl

1827 985 1959 1037 aqua
1985 973 2252 1038 pmniteat.

2287 1059 2666 1114 CAPITULUM
2706 1062 2888 1116 XXIX.

1826 1145 1899 1198 De
1922 1146 2024 1200 illis
2048 1148 2135 1215 qui
2161 1147 2426 1201 libidinose
2450 1149 2829 1266 oqtrecttzverint
2858 1151 3092 1219 puellam,
3123 1162 3208 1204 aut
3238 1170 3350 1205 mu—

2515 1233 2686 1266 aerem.

2515 1233 2686 1269 terem.

1899 1303 1916 1340 τ
1944 1303 1998 1357 Si
2029 1305 2147 1372 quis
2164 1306 2536 1358 obtrectaverit
2556 1306 2754 1372 puellm,
2783 1315 2873 1360 aut
2898 1308 3128 1362 mulieris
3150 1318 3354 1376 pectus.

1825 1391 1908 1443 vel
1944 1375 2317 1460 turpitudinem
2364 1406 2573 1457 earum,
2619 1396 2662 1447 si
2716 1385 2936 1450 clericus
2975 1393 3086 1461 est,
3130 1400 3357 1468 quinque

1826 1479 1966 1542 dies;
1999 1479 2045 1532 si
2072 1479 2254 1545 laicus,
2279 1487 2386 1534 tres
2409 1481 2521 1535 dies
2547 1471 2814 1549 paeniteat.
2844 1483 3144 1549 Monachus,
3172 1487 3252 1541 vel
3276 1503 3356 1541 sa-

1826 1564 2010 1619 cerdos
2036 1579 2067 1618 a
2096 1566 2389 1620 ministerio
2416 1568 2590 1622 divino
2625 1571 2886 1637 suspensi,
2917 1572 2962 1625 si
2989 1572 3111 1638 quid
3148 1572 3250 1626 tale
3279 1572 3354 1628 fc—

1826 1653 2020 1717 cerint,
2051 1653 2236 1722 viginti
2274 1653 2386 1707 dies
2427 1655 2732 1720 paeniteant.
2779 1656 3042 1726 Scriptum
3080 1667 3160 1713 est
3195 1660 3356 1721 enim,

1829 1739 1984 1810 neque
2009 1741 2250 1809 tetigeris,
2278 1757 2436 1811 neque
2458 1743 2807 1797 obtrectaveris
2835 1747 3196 1814 turpitudinem
3224 1747 3342 1814 femi

1829 1848 1894 1883 na
1901 1848 2031 1884 rum.
2127 1854 2130 1856 ⁷

1764 1915 1835 1972 Β.
2301 1920 2687 1979 CAPITULUM
2721 1924 2882 1978 XXX.

1907 2007 1981 2060 De
2003 2008 2104 2061 illis
2128 2007 2214 2076 qui
2241 2025 2354 2061 cum
2381 2010 2677 2064 mulieribus
2705 2013 2757 2064 in
2780 2012 2956 2066 balneo
2983 2030 3034 2066 se
3055 2014 3279 2067 laverint.

1900 2099 1924 2134 ι
1964 2094 2019 2149 Si
2057 2097 2174 2164 quis
2207 2097 2258 2150 in
2287 2097 2471 2152 balneo
2517 2113 2572 2153 se
2612 2099 2789 2154 lavare
2828 2102 3217 2170 praesumpserit
3243 2117 3356 2156 cum

1828 2182 2135 2237 mulieribus
2155 2223 2169 2246 ,
2197 2191 2304 2238 tres
2332 2186 2442 2239 dies
2470 2189 2751 2254 preniteat,
2775 2198 2829 2242 et
2848 2190 3067 2244 ulterius
3095 2205 3194 2244 non
3233 2207 3356 2260 pra:-

1829 2277 2020 2321 sumat.

2293 2362 2678 2419 CAPITULUM
2713 2365 2900 2420 XXXI.

1830 2448 1894 2502 Ut
1923 2451 2094 2522 nullus
2122 2453 2256 2507 alius
2285 2465 2557 2522 prwsumat
2583 2457 2921 2522 panitenti'am
2960 2457 3100 2517 dare,
3145 2456 3222 2509 vel
3247 2473 3361 2509 con-

1914 2519 2182 2585 fusionem
2208 2519 2405 2587 audire,
2436 2519 2593 2591 quani
2613 2525 2871 2592 episcopus
2899 2523 2972 2578 vel
3003 2525 3276 2593 presbyter.

1897 2608 1922 2646 δ
1949 2607 2097 2664 Sicut
2138 2610 2279 2664 enim
2313 2611 2625 2664 sacriﬁcium
2667 2611 2856 2665 olferre
2883 2627 2986 2666 non
3032 2613 3240 2674 debent,
3266 2613 3362 2666 nisi

1829 2698 2081 2767 episcopi,
2110 2700 2193 2754 vel
2214 2701 2528 2770 presbyteri,
2556 2703 2744 2768 quibus
2771 2701 2944 2756 claves
2968 2701 3111 2770 regni
3138 2699 3364 2755 caelestis

1829 2787 2035 2840 traditae
2062 2795 2215 2851 sunt,
2243 2788 2320 2842 sic
2354 2784 2452 2843 nec
2479 2790 2839 2856 pmnitentium
2863 2790 3058 2858 judicia
3095 2787 3180 2840 alii
3213 2804 3362 2841 usur—

1825 2890 1952 2947 pare
1979 2874 2190 2930 debent.
2225 2875 2282 2930 Si
2318 2883 2492 2932 autem
2531 2879 2820 2946 necessitas
2853 2879 3113 2940 evenerit,
3157 2885 3214 2931 ut
3239 2893 3360 2948 pre-

1827 2965 2004 3035 sbyter
2043 2981 2146 3020 non
2180 2965 2337 3020 fuerit
2367 2981 2614 3035 prmsens,
2643 2968 2893 3022 diaconus
2916 2969 3165 3036 suscipiat
3191 2969 3360 3036 pomi-

1827 3060 2022 3107 tentem
2051 3054 2116 3108 ad
2141 3054 2560 3109 communionem
2586 3063 2844 3110 sanctam.

2282 3161 2666 3217 CAPITULUM
2703 3163 2909 3219 XXXII.

181 3240 348 3303 dium,
373 3239 457 3292 vel
489 3240 723 3308 quolibet
761 3242 916 3297 modo
957 3242 1190 3296 inferunt
1230 3254 1472 3308 mortem,
1503 3247 1644 3299 nulla
1671 3249 1724 3300 in

1769 3241 1798 3304 ς
1828 3228 1901 3282 De
1940 3231 2247 3300 temporibus
2279 3231 2462 3300 quibus
2495 3246 2548 3284 se
2582 3234 2838 3286 continere
2873 3232 3050 3286 debent
3085 3236 3358 3302 coniugati.

179 3327 446 3380 oblatione
492 3342 587 3396 pro
634 3328 736 3382 illis
780 3333 1209 3388 commemoratio
1241 3332 1353 3397 liat,
1398 3348 1567 3401 neque
1600 3350 1722 3389 cum

178 3409 398 3481 psalmis
422 3414 488 3468 ad
514 3415 835 3484 sepulturam
865 3401 1394 3474 deducantur'eorum
1443 3424 1718 3478 cadavera.

179 3503 326 3558 Multi
347 3505 488 3558 enim
515 3506 616 3560 hoc
647 3507 751 3560 sibi
791 3506 878 3574 jus
915 3517 1169 3576 usurpant
1207 3524 1301 3577 per
1329 3513 1678 3579 ignorantiam
1705 3531 1718 3577 ;

177 3593 422 3646 similiter
447 3601 502 3647 et
542 3594 606 3662 de
632 3595 714 3648 bis
740 3597 937 3662 placuit
963 3596 1106 3664 ﬁeri,
1144 3599 1231 3665 qui
1276 3613 1372 3665 pro
1410 3602 1518 3653 suis
1558 3602 1721 3656 scele-

177 3682 326 3736 ribus
370 3682 675 3750 puniuntur.
725 3683 1030 3751 Quicunque
1075 3700 1131 3738 se
1174 3688 1386 3753 propria
1432 3688 1718 3752 voluntate,

178 3775 274 3822 aut
303 3767 356 3822 in
400 3781 539 3836 aqua
572 3767 870 3835 jactaverit,
914 3779 1003 3823 aut
1030 3763 1216 3825 collum
1249 3773 1507 3841 ligaverit,
1537 3786 1630 3829 aut
1656 3779 1718 3832 de

176 3855 369 3909 arbore
419 3858 843 3926 prmcipitaverit,
895 3868 985 3912 aut
1039 3859 1179 3912 ferro
1231 3864 1568 3929 percusserit,
1628 3875 1719 3920 aut

173 3944 397 3998 cuilibet
414 3935 725 4001 voluntariae
745 3961 800 4000 se
839 3947 995 4001 morti
1029 3948 1323 4009 tradiderit,
1348 3950 1500 4002 istius
1525 3952 1718 4008 oblatio

173 4047 285 4107 non
316 4031 618 4102 recipiatur.
916 4090 918 4092 τ

637 4121 1020 4176 CAPITULUM
1059 4123 1261 4176 XXVII.

429 4206 496 4260 Ut
523 4207 723 4276 [ennium
748 4219 1075 4264 menstruam
1103 4228 1202 4264 non
1226 4214 1462 4281 o/ferant.

247 4295 271 4334 ά
303 4284 545 4350 Mulieres
591 4306 881 4368 menstruo.
912 4310 1144 4368 tempore
1190 4318 1295 4357 non
1338 4305 1578 4369 ollerant,
1621 4325 1718 4363 nec

173 4386 644 4451 sancuemoniales,
698 4403 793 4442 nec
831 4389 1013 4452 laicae;
1061 4391 1103 4444 si
1133 4396 1581 4461 praesumpserint,
1612 4405 1716 4452 tres

173 4475 530 4532 hebdomadas
554 4478 861 4546 pit-niteant.

379 4648 383 4653 ,
619 4586 1003 4644 CAPITULUM
1037 4591 1262 4646 xxvm.

177 4652 248 4705 De
272 4652 621 4731 illisfeminis,
659 4671 772 4725 qua
814 4667 930 4731 ante
955 4659 1198 4712 mundum
1224 4665 1520 4731 sanguinem
1560 4665 1715 4718 eccleo

342 4724 472 4774 s'am
509 4724 722 4787 intrant,
748 4733 794 4777 et
816 4727 929 4792 qu’a:
949 4730 1205 4795 nupserim
1240 4724 1538 4785 his'diebus.

250 4818 272 4844 ο
298 4805 484 4860 Mulier
513 4821 628 4875 quas
657 4808 822 4861 intrat
846 4811 1124 4864 ecclesiam
1169 4821 1290 4867 ante
1316 4817 1564 4868 mundum
1593 4832 1710 4870 san-

172 4896 385 4966 guinem
408 4904 527 4964 post
554 4904 760 4965 partum
787 4916 799 4950 :
829 4900 871 4951 si
900 4901 1189 4954 masculum
1217 4907 1474 4972 genuerit,
1502 4907 1710 4974 triginta

173 4993 284 5040 tres
317 4986 466 5050 dies;
511 4988 556 5040 si
603 4987 871 5052 feminam,
914 4991 1290 5061 quinquaginta
1337 5008 1448 5048 sex.
1499 4994 1553 5049 Si
1595 5012 1712 5065 quae

243 5123 268 5180 ᾳ
301 5110 570 5180 BeginnJ.
603 5129 662 5174 ιι,
689 5129 737 5166 c.
766 5113 850 5178 54,
879 5131 944 5169 ex
965 5118 1332 5174 Pcenitentiali.

248 5178 674 5270 :Impensasju
699 5184 930 5270 medicos
972 5187 1188 5270 tribuat,
1233 5191 1543 5270 etuma‘culas
1574 5204 1710 5270 Pre-

176 5247 305 5323 tium
333 5254 388 5299 et
412 5261 542 5314 opus
567 5247 698 5313 ejus,
723 5250 885 5304 donec
927 5261 1157 5317 sanetur,
1177 5247 1451 5323 restituat,
1477 5266 1531 5312 et
1557 5247 1709 5312 dimi-

178 5315 318 5368 dium
346 5327 559 5377 annum,
588 5324 690 5369 etc.
1145 5315 1152 5317 ⁷
1439 5315 1449 5323 ’
1663 5335 1701 5373 ιτ

245 5392 284 5459 ο.
297 5379 861 5459 an._.Bracharense
885 5403 950 5459 u1
974 5403 1020 5442 c.
1056 5387 1118 5459 I6
1144 5406 1156 5451 ;
1200 5389 1538 5459 Halitgarius,
1564 5395 1599 5445 l.
1629 5410 1696 5456 ιν,

177 5465 224 5536 ς.
253 5448 286 5502 6
300 5465 326 5536 Ξ
351 5447 574 5536 1168192,
597 5467 660 5506 ex
682 5454 902 5536 concilio
923 5447 1193 5522 Bracbar.,
1219 5447 1454 5525 cap.VIS;
1486 5447 1697 5525 Burch.,

178 5518 210 5568 Ι.
452 5517 727 5665 I’ignitent.
750 5590 872 5653 Th.,
890 5607 1002 5660 cap.
1028 5592 1101 5646 De
1123 5603 1299 5661 quiest.
1328 5597 1694 5665 cenjugiorum.

250 5663 273 5724 ξ
301 5651 438 5724 Vide
454 5654 518 5706 ad
542 5656 640 5724 hoc
670 5668 824 5724 caput
848 5651 1013 5715 notas.

252 5719 268 5759 ε
311 5718 534 5786 Regino,
565 5722 597 5774 I.
630 5741 685 5783 ll,
715 5718 760 5777 c.
792 5725 919 5790 2P";
954 5727 1163 5794 Burcb,
1191 5729 1221 5782 I.
1252 5746 1375 5795 xv",
1405 5746 1449 5786 c.
1475 5732 1558 5785 l2.

1807 5192 1932 5254 138;
1964 5191 2068 5253 Ivo,

1901 3321 1916 3358 ί
1961 3319 2016 3373 In
2065 3317 2230 3372 tribus
2273 3320 2688 3388 quadragesimis
2718 3323 2866 3385 anni,
2912 3331 2963 3377 et
2999 3323 3049 3377 in
3079 3325 3160 3378 die
3189 3324 3351 3379 Dou‘i-

1823 3409 1970 3470 nico,
2000 3413 2054 3460 et
2080 3416 2267 3475 quarta
2297 3405 2426 3460 feria
2457 3413 2511 3460 et
2543 3415 2690 3462 sexta
2720 3409 2980 3479 coniugati
3007 3424 3062 3464 se
3098 3414 3365 3466 continere

1823 3496 2044 3560 debent;
2076 3510 2175 3550 nec
2217 3496 2319 3550 illis
2353 3496 2538 3551 diebus
2577 3498 2838 3566 capulari,
2877 3501 3104 3569 quandiu
3147 3512 3357 3570 gravata

1823 3581 1979 3635 fuerit
2002 3597 2154 3646 uxor,
2194 3583 2245 3636 id
2268 3591 2376 3646 est,
2407 3597 2436 3635 a
2472 3598 2575 3650 quo
2605 3584 2689 3638 die
2719 3584 2855 3639 ﬁlius
2883 3587 2934 3639 in
2973 3596 3122 3641 utero
3162 3599 3356 3642 motum

1822 3671 2006 3727 fecerit
2032 3687 2198 3740 usque
2241 3673 2306 3724 ad
2335 3680 2572 3740 partum,
2608 3689 2635 3725 a
2662 3682 2814 3740 partu
2849 3683 2968 3744 post
3006 3677 3214 3743 triginta
3255 3687 3354 3731 tres

1821 3763 1952 3826 dies,
1985 3763 2027 3817 si
2058 3762 2224 3826 illius;
2255 3763 2297 3817 si
2331 3771 2506 3818 autem
2537 3765 2665 3827 lilia,
2690 3775 2807 3835 post
2842 3768 3214 3837 quinquaginta
3243 3785 3352 3824 sex.

2258 3870 2642 3926 CAPITULUM
2676 3873 2904 3927 XXXIII.

1943 3939 2017 3992 De
2046 3939 2232 4005 femina
2259 3951 2372 4008 qua!
2396 3951 2570 4008 sponte
2595 3941 2759 4018 ﬁlium
2789 3959 2935 3995 suum
2964 3946 3220 3999 occiderit.

1891 4027 1903 4074 1
1951 4029 2005 4082 Si
2057 4037 2226 4081 mater
2277 4028 2436 4080 lilium
2483 4019 2666 4096 sponlc
2713 4031 3002 4096 occiderit,
3057 4036 3350 4100 quindecim

1821 4115 1875 4183 [d
1895 4115 2047 4184 cem}
2075 4130 2240 4169 annos
2261 4117 2532 4183 pmnileat,
2557 4127 2609 4172 et
2633 4134 2894 4187 nunquam
2923 4130 3103 4186 mutet,
3133 4123 3229 4177 nisi
3253 4126 3326 4180 Do

1819 4201 2007 4254 minica
2037 4202 2138 4254 die.
2172 4202 2356 4257 Mulier
2387 4213 2559 4258 autem
2587 4208 2929 4273 paupercula,
2960 4209 3001 4262 si
3030 4210 3234 4276 l’ccerit,
3261 4230 3348 4282 pro

1816 4289 2117 4344 dimcultate
2145 4292 2425 4355 nutriendi,
2455 4309 2541 4347 sex
2573 4310 2737 4350 annos
2773 4299 3038 4364 poeniteat.

2216 4441 2220 4444 ρ
2258 4401 2643 4456 CAPITULUM
2682 4406 2911 4460 XXXIV.

1963 4467 2036 4521 De
2056 4468 2157 4522 illis
2179 4470 2266 4538 qui
2290 4481 2554 4538 parentum
2584 4473 2823 4527 honorem
2848 4492 2947 4530 non
2975 4490 3189 4532 servant.

1738 4549 1789 4608 D
1884 4557 1905 4594 ιι
1934 4555 1988 4610 Si
2032 4559 2150 4625 quis
2174 4558 2564 4614 inlionoraverit
2590 4571 2791 4630 patrem
2834 4573 2924 4618 aut
2957 4575 3205 4630 matrem,
3241 4578 3341 4624 tres

1810 4659 1972 4698 annos
2017 4647 2286 4712 pmniteat.
2331 4645 2478 4711 Quod
2524 4649 2566 4701 si
2613 4653 2822 4704 manum’
2861 4653 3127 4718 levaverit,
3165 4667 3255 4711 aut
3296 4663 3340 4713 ei

1808 4733 2196 4798 percussionem
2225 4733 2487 4799 intulerit,
2513 4746 2707 4806 septem
2739 4756 2904 4798 annos
2931 4747 3197 4812 pmnitcat.

2254 4841 2635 4897 CAPITULUM
2678 4846 2884 4900 XXXV.

2075 4907 2146 4962 De
2170 4908 2269 4961 illis
2291 4911 2376 4976 qui
2402 4911 2482 4961 die
2510 4911 2771 4965 Dominico
2797 4919 3070 4983 nupserim.

1888 4993 1899 5030 ι
1932 4995 1986 5047 Si
2013 4997 2129 5062 quis
2153 4996 2237 5049 die
2275 4997 2542 5051 Dominico
2586 5004 2849 5068 nupserit,
2882 5015 3024 5071 petat
3059 5024 3087 5060 a
3118 5010 3333 5066 Domino

1881 5125 1904 5200 εξ
1941 5123 2126 5200 Ιξωιιίῑ.
2159 5122 2332 5186 Rom,
2366 5126 2523 5200 tiu},
2552 5142 2597 5180 c.
2635 5128 2729 5190 28;
2757 5129 2970 5194 Burch.,
3012 5134 3098 5189 lib.
3134 5153 3238 5200 xvi,
3277 5158 3322 5193 ο.

2096 5207 2146 5258 p.
2180 5206 2267 5254 xv,
2298 5207 2343 5244 c.
2387 5194 2502 5246 148.

1871 5263 1895 5300 h
1935 5259 2246 5338 Ilaljtgarius
2266 5260 2318 5338 in
2333 5262 2537 5338 prmi-“at:
2555 5262 2749 5330 Pcenit;
2777 5267 2989 5336 Regino,
3009 5270 3042 5322 1.
3068 5289 3103 5335 ι,
3126 5289 3170 5326 c.
3197 5275 3320 5338 296;

1700 5336 1713 5376 ‘.
1803 5327 1992 5380 Burch.
2025 5327 2059 5378 I.
2087 5342 2192 5391 ms,
2219 5342 2267 5380 c.
2302 5329 2414 5389 153,
2445 5330 2561 5382 151.

1878 5396 1891 5433 ί
1935 5394 2226 5471 βεςίιινοεΑι.
2268 5411 2407 5471 ne.“
2433 5399 2551 5471 .328,
2581 5414 2643 5451 cx
2688 5404 2906 5457 concilio
2935 5405 3317 5471 Ilclihcrnensi;

1801 5462 2019 5536 Burcbu
2049 5478 2096 5516 c.
2130 5462 2278 5536 I9,c_.
2319 5465 2426 5516 155.
2447 5467 2572 5519 Vide
2594 5483 2706 5536 cap.
2735 5472 2921 5525 Pmnit.
2955 5475 3049 5527 'I‘h.
3082 5477 3155 5529 De
3181 5462 3316 5534 aui-1:

1801 5531 2042 5600 stionibus
2069 5531 2438 5600 conjugiorum,
2454 5542 2516 5586 et
2540 5531 2706 5591 notas.

1873 5596 1885 5670 ᾇ
1931 5596 2276 5670 Ijegino,'_l.'r,
2307 5602 2506 5670 c.7300;
2538 5604 2623 5658 lib.
2651 5622 2709 5664 ιι,
2736 5622 2780 5658 (τ.
2809 5608 2893 5670 66,
2923 5611 3005 5662 67.

1872 5667 1894 5704 lt
1935 5664 2120 5720 Pcenit.
2153 5667 2300 5718 Rom.
2334 5669 2411 5721 tit.
2438 5664 2562 5731 me.
2596 5674 2676 5733 II,
2699 5675 2772 5726 l2.

1877 5734 1888 5770 ¹
1932 5734 2236 5799 Concilium,
2266 5737 2400 5803 apud
2431 5739 2716 5794 Theo-lenis
2742 5747 2907 5797 \iilam
2940 5763 3032 5798 mn
3098 5755 3108 5798 ξ
