4110 6438
3586 117 3980 367 ."7

643 498 741 552 9,57
1589 486 1923 543 THEODORI
1966 480 2275 539 ARCHIEP.
2312 481 2840 540 CANTUARIENSIS
2898 508 2901 511 ·
3660 490 3756 544 948

637 602 1003 668 indulgentiam
1021 640 1033 661 ,
1070 608 1124 652 et
1145 605 1365 665 quatuor
1391 598 1500 651 dics
1523 599 1789 665 pteniteat.
1818 596 1873 648 Si
1903 593 2151 662 principi-
2176 591 2221 648 Δ
2247 591 2403 644 bitur.
2433 592 2811 656 Subdiaconus,
2832 590 3083 662 acolytus,
3103 594 3379 656 exorcista,
3404 601 3583 658 lector,
3607 596 3758 648 ostia-

534 708 535 711 η
635 688 736 741 bus
777 686 1053 756 placuerit,
1097 684 1311 749 aliisque
1344 685 1452 735 suis
1496 683 1762 744 ﬁdelibus,
1813 695 2053 749 rogemus
2098 687 2154 731 ut

637 776 956 830 collaudetur
979 782 1030 825 et
1074 773 1449 826 subscribatur.
1497 771 1561 822 Et
1588 770 1930 823 collaudatum
1970 777 2066 831 cst,
2102 775 2154 821 et

638 864 987 932 subscriptum
1017 869 1216 916 esttam
1244 875 1273 912 a
1298 859 1550 926 principe,
1578 873 1730 925 quam
1762 872 1791 909 a
1819 856 2021 919 caeteris
2042 870 2127 909 om

641 950 815 1004 nibus.

1079 1031 1158 1086 CA
1167 1030 1456 1086 PITULUM
1490 1030 1719 1082 XXXVI.

924 1124 995 1175 De
1016 1122 1103 1175 illo
1126 1122 1212 1189 qui
1236 1119 1573 1188 presbyterum
1605 1117 1859 1169 occiderit.

708 1222 734 1249 ι
765 1208 862 1273 Qui
887 1209 1249 1277 presbyterum
1282 1205 1562 1265 occiderit,
1602 1202 1868 1256 duodecim
1906 1213 2158 1252 annorum

642 1298 689 1351 ei
714 1295 1017 1367 paenitentia
1045 1291 1328 1345 secundum
1356 1304 1582 1343 canones
1610 1291 1923 1357 imponatur,
1956 1286 2158 1339 etiamsi

642 1387 927 1455 negaverit.
973 1383 1029 1436 Si
1065 1384 1198 1436 liber
1223 1389 1328 1444 est,
1370 1381 1691 1448 septuaginta
1731 1378 1840 1431 dies
1862 1377 2076 1444 jejunct.
2104 1373 2159 1425 Si

644 1484 817 1528 autem
842 1487 1051 1535 servus,
1074 1484 1230 1537 super
1257 1468 1524 1522 duodecim
1550 1480 1784 1518 vomeres
1820 1464 2077 1516 ferventes
2106 1474 2163 1513 se

643 1568 911 1630 expurget.
942 1559 1219 1612 Convictus
1246 1570 1382 1608 noxa
1418 1555 1484 1607 ad
1523 1553 1760 1605 ultimum
1801 1551 1921 1603 vitae
1963 1556 2164 1615 tempus

645 1658 821 1707 careat
844 1647 1049 1717 cingulo
1072 1644 1289 1706 militiae,
1315 1649 1367 1696 et
1390 1643 1583 1709 absque
1604 1654 1693 1708 spe
1717 1636 1963 1707 coniugii.
2080 1642 2083 1643 ⁷

1072 1748 1454 1806 CAPITULUM
1488 1745 1742 1801 XXXVII.

1274 1836 1339 1889 De
1362 1836 1552 1887 eodem.

2254 682 2377 741 rius,
2404 682 2503 733 nisi
2533 682 2666 734 sicut
2691 682 2941 749 scriptum
2968 688 3049 735 est
3066 720 3079 743 ,
3107 682 3158 733 in
3191 689 3387 749 septem
3414 682 3630 734 testibus
3662 695 3760 734 non

2252 769 2694 821 condemnabitur.
2730 769 2914 822 Testes
2948 775 3121 823 autem
3150 769 3261 822 sine
3292 766 3464 834 aliqua
3496 768 3599 820 sint
3633 767 3762 821 infa-

2252 857 2377 919 mia,
2403 870 2594 908 uxores
2619 863 2672 909 et
2697 855 2832 909 filios
2867 855 3135 917 habentes,
3169 863 3221 907 et
3257 855 3469 908 omnino
3504 854 3766 909 Christum

2251 945 2609 1012 prredicantes.
3101 975 3113 980 ι

2662 1030 3175 1086 CAPITULUM
3238 1029 3367 1097 XL.

2726 1120 2801 1173 De
2829 1120 3048 1188 fugitivis
3068 1118 3280 1170 clericis.

2328 1218 2351 1244 θ
2388 1207 2455 1261 Ut
2481 1208 2833 1274 unusquisque
2858 1207 3129 1275 episc0pus
3163 1206 3213 1258 in
3249 1219 3342 1257 sua
3374 1203 3619 1272 parochia
3660 1202 3773 1254 dilio

2257 1304 2434 1363 genter
2459 1296 2807 1364 presbyteros,
2828 1295 2910 1347 vel
2929 1295 3144 1348 clericos
3167 1294 3395 1361 inquirat
3414 1292 3624 1361 quinam
3652 1290 3770 1342 sint.

2258 1381 2324 1434 Et
2349 1382 2391 1434 si
2428 1381 2652 1448 aliquem
2688 1380 2962 1449 fugitivum
2990 1380 3272 1444 invenerit,
3302 1378 3367 1433 ad
3392 1392 3542 1433 suum
3576 1376 3775 1446 episcor

2255 1481 2377 1534 pum
2404 1466 2575 1519 redire
2598 1466 2771 1520 faciat.

2738 1553 3117 1608 CAPITULUM
3154 1552 3286 1607 XLI.

2496 1641 2572 1694 De
2599 1642 2676 1693 his
2699 1643 2785 1709 qui
2812 1642 3185 1708 suspenduntur
3216 1642 3270 1693 in
3292 1639 3518 1709 patibulo

2334 1730 2352 1767 ί
2382 1728 2665 1793 Quaesitum
2694 1734 2777 1782 est
2811 1729 2877 1782 ab
2901 1728 3161 1796 aliquibus
3184 1728 3461 1789 fratribus,
3489 1727 3554 1781 de
3581 1725 3664 1780 his
3695 1726 3781 1793 qui

2264 1817 2316 1869 in
2344 1815 2575 1884 patibulo
2614 1815 2996 1882 suspenduntur
3038 1830 3134 1884 pro
3175 1817 3285 1869 suis
3320 1814 3637 1877 sceleribus,
3670 1821 3783 1883 post

717 1929 747 1968 ιι
769 1928 867 1993 Qui
891 1926 1212 1980 sacerdotem
1230 1922 1520 1976 voluntarie
1542 1918 1810 1980 occiderit,
1830 1930 2040 1979 carnem
2061 1930 2162 1967 non
2191 1878 2236 1941 Β
2263 1903 2639 1993 οεξηῖθδδξοῑξεω
2664 1902 2775 1993 Ῑξείξ
2806 1910 3089 1993 Perifciatﬂ.
3110 1904 3559 1993 ulmmfadfwel‘a
3580 1902 3784 1993 ίΠοΓυξη

649 2017 902 2078 comedat,
924 2012 975 2067 et
998 2013 1172 2065 vinum
1195 2026 1297 2064 non
1316 2010 1479 2071 bibat,
1508 2007 1706 2061 cunctis
1724 2006 1903 2060 diebus
1923 2005 2039 2057 vitae
2062 2017 2167 2055 sure

648 2104 843 2172 ieiunet
882 2117 1046 2171 usque
1088 2101 1154 2155 ad
1192 2112 1462 2167 vesperam
1499 2096 1728 2163 exceptis
1780 2094 1961 2148 diebus
1993 2091 2165 2155 festis;

651 2198 809 2259 atque
834 2203 976 2241 arma
1005 2201 1106 2239 non
1129 2192 1317 2248 sumat,
1340 2197 1531 2253 equum
1558 2196 1660 2236 non
1695 2180 1969 2243 ascendat;
2006 2177 2168 2232 ecclec

652 2279 781 2332 siam
805 2291 899 2344 per
936 2276 1164 2341 quinque
1209 2286 1372 2325 annos
1414 2270 1764 2337 ingrediatur,
1793 2268 2019 2321 nondum
2046 2280 2171 2319 vero

651 2362 1035 2423 communicet,
1055 2360 1145 2413 sed
1174 2360 1310 2411 inter
1344 2360 1631 2413 audientes.
1670 2356 1797 2410 Cum
1834 2363 2007 2409 autem
2040 2355 2171 2407 duo—

653 2447 839 2502 decimi
882 2445 1004 2498 anui
1049 2457 1232 2507 cursus
1269 2442 1444 2496 ﬁnitus
1480 2442 1610 2504 erit,
1654 2438 2068 2495 communicandi
2124 2438 2170 2490 ei

653 2535 861 2589 licentia
886 2532 1217 2593 concedatur,
1236 2538 1291 2614 iet
1327 2527 1591 2598 equitandi
1628 2528 1884 2583 tribuatur
1918 2526 2169 2614 remissio.

655 2619 861 2672 Maneat
896 2625 1065 2670 autem
1107 2617 1161 2669 iu
1186 2615 1400 2683 reliquis
1436 2615 1885 2669 observationibus
1922 2621 2026 2667 tres
2064 2613 2176 2668 dies

654 2722 751 2777 per
774 2706 1168 2768 hebdomadam,
1191 2714 1250 2758 ut
1269 2704 1548 2774 perfectius
1567 2703 1776 2773 purgari
1793 2710 2072 2757 mereatur.

1067 2788 1445 2867 CAPITULUM
1482 2811 1754 2868 xxxvm.

662 2903 744 2957 Nc
762 2901 1036 2973 presbyteri
1054 2902 1160 2973 sine
1184 2917 1425 2973 consensu
1450 2903 1812 2973 episcoporum,
1834 2917 1923 2968 per
1944 2901 2178 2954 ecclesias

909 2968 1300 3031 constituantur,
1325 2969 1398 3020 vel
1421 2969 1482 3019 ab
1507 2969 1576 3019 eis
1606 2968 1926 3036 recipiantur.

733 3066 755 3094 α
786 3055 1088 3123 Quicunque
1113 3055 1382 3121 presbyter
1403 3053 1673 3107 ecclesiam
1694 3068 1789 3119 per
1808 3053 2034 3120 pretium
2060 3054 2157 3106 ade

660 3150 784 3212 ptus
812 3143 986 3207 fuerit,
1011 3144 1222 3196 omnino
1247 3142 1533 3209 deponatur
1562 3160 1574 3193 :
1605 3156 1723 3194 cum
1744 3155 1860 3194 eam
1885 3150 2065 3195 contra
2091 3157 2179 3195 ec-
2205 3159 2251 3222 ο

665 3230 965 3285 clesiasticte
1006 3229 1197 3296 regulae
1237 3228 1562 3294 disciplinam
1603 3227 1796 3281 habere
1836 3229 2175 3296 dignoscitur.

666 3318 765 3382 Qui
790 3317 945 3369 alium
965 3317 1323 3385 presbyterum
1346 3314 1573 3382 legitime
1598 3314 1661 3366 ad
1680 3314 1951 3367 ecclesiam
1976 3314 2182 3367 ordina-

667 3412 777 3456 tum
800 3416 895 3471 per
918 3404 1187 3472 pecuniam
1224 3403 1510 3470 expulerit,
1552 3416 1771 3469 eamque
1812 3402 1911 3454 sibi
1955 3402 2183 3456 totaliter

667 3492 1048 3555 vendicaverit;
1076 3490 1213 3558 quod
1238 3490 1418 3542 vitium
1444 3490 1547 3542 late
1571 3488 1813 3543 diffusum
1840 3504 2042 3543 summo
2071 3497 2181 3542 stu-

670 3577 756 3630 dio
781 3576 1161 3631 emendandum
1186 3584 1283 3628 est.
1306 3575 1535 3642 ltemque
1558 3575 1966 3629 interdicendum
1987 3584 2066 3630 est
2083 3576 2185 3629 cle-

671 3665 795 3717 ricis
820 3665 930 3719 sive
954 3664 1122 3728 laicis,
1149 3677 1213 3717 ne
1236 3664 1350 3732 quis
1372 3663 1653 3731 quamlibet
1678 3664 1949 3718 ecclesiam
1973 3666 2186 3734 presby-

671 3762 784 3807 tero
827 3752 951 3806 dare
990 3761 1271 3819 praesumat
1308 3752 1420 3806 sine
1462 3752 1667 3807 licentia
1712 3760 1766 3806 et
1809 3767 2063 3809 consensu
2106 3755 2186 3808 sui

674 3839 918 3907 episcopi.

1110 3926 1489 3981 CAPITULUM
1524 3927 1754 3979 XXXIX.

913 4009 1045 4074 Quot
1078 4013 1280 4064 testibus
1308 4012 1476 4065 clerici
1499 4012 1690 4065 devinci
1721 4013 1953 4067 debeant.

742 4097 772 4140 «ι
795 4099 1070 4168 Presbyter
1092 4114 1195 4153 non
1218 4100 1463 4154 adversus
1480 4101 1793 4168 episcopum,
1821 4117 1923 4155 non
1945 4102 2190 4158 diaconus

677 4190 925 4244 adversus
968 4190 1325 4259 presbyterum
1348 4230 1364 4254 ,
1405 4205 1510 4243 non
1555 4191 1900 4247 subdiaconus
1944 4195 2192 4247 adversus

680 4273 973 4339 diaeonuin,
1001 4291 1103 4329 non
1127 4276 1359 4344 acolytus
1387 4278 1635 4330 adversus
1659 4278 2030 4331 subdiaconum
2047 4317 2061 4340 ,
2090 4294 2192 4331 non

679 4366 936 4418 exorcista
977 4364 1224 4417 adversus
1265 4365 1542 4433 acolytum,
1586 4380 1689 4421 non
1738 4366 1901 4419 lector
1942 4368 2191 4422 adversus

2264 1990 2326 2043 ad
2371 1988 2643 2060 ecclesiam
2683 1985 2972 2041 deferenda
3003 1989 3107 2042 sint
3126 2029 3141 2053 ,
3173 1998 3227 2043 et
3257 1989 3548 2043 oblationes
3580 2004 3676 2057 pro
3711 1987 3785 2040 eis

2264 2074 2556 2138 oilerendm,
2584 2084 2637 2129 et
2665 2076 2837 2129 missa:
2860 2075 3201 2138 celebrandae,
3234 2092 3300 2129 an
3320 2076 3458 2129 non?
3482 2075 3679 2139 Quibus
3707 2089 3783 2126 re-

2267 2165 2577 2231 spondemus
2604 2178 2617 2214 :
2650 2162 2705 2215 Si
2726 2164 2969 2216 omnibus
2995 2163 3059 2216 de
3083 2164 3309 2232 peccatis
3330 2164 3439 2218 suis
3458 2178 3643 2232 puram
3669 2178 3785 2216 con-

2269 2249 2546 2303 fessionem
2570 2251 2840 2319 agentibus
2859 2289 2872 2315 ,
2901 2258 2954 2303 et
2981 2250 3131 2319 digne
3158 2251 3528 2320 paenitentibus
3562 2265 3782 2304 commu~

2268 2340 2355 2392 nio
2383 2340 2435 2391 in
2470 2338 2571 2392 fine
2599 2341 2880 2392 secundum
2919 2340 3227 2393 canonicum
3250 2339 3453 2407 iussum
3490 2338 3660 2392 danda
3693 2346 3788 2400 est,

2269 2441 2364 2479 cur
2385 2440 2486 2479 non
2520 2426 2598 2480 eis
2632 2427 2719 2494 qui
2745 2440 2840 2495 pro
2861 2427 3090 2494 peccat’s
3126 2427 3234 2479 suis
3265 2440 3470 2493 pinnam
3494 2432 3791 2478 extremam

2268 2514 2597 2581 persolvunt,
2630 2523 2683 2567 et
2711 2513 3041 2579 confitentur,
3069 2513 3149 2567 vel
3183 2513 3420 2567 conﬁteri
3457 2513 3792 2568 desiderant?

2273 2600 2530 2667 Scriptum
2559 2610 2641 2654 est
2664 2603 2846 2654 enim:
2886 2601 3003 2655 Non
3034 2602 3287 2670 judicabit
3334 2601 3580 2655 Dominus
3621 2602 3696 2654 bis
3742 2602 3795 2652 in

2272 2688 2508 2755 idipsum.
2548 2687 2677 2741 Nam
2717 2688 2827 2757 ipse
2860 2689 3110 2743 Dominus
3139 2689 3213 2742 ait
3247 2706 3260 2741 ε
3289 2687 3353 2740 In
3382 2704 3679 2756 quacunque
3715 2688 3797 2739 die

2274 2791 2536 2827 conversus
2574 2774 2724 2843 fuerit
2761 2790 3011 2843 peccator,
3047 2785 3249 2844 peccata
3300 2775 3411 2843 cjus
3457 2790 3559 2826 non
3596 2782 3798 2841 reputa-

2254 2850 2461 2915 “buntur
2478 2865 2542 2915 ei.
2570 2862 2637 2915 Et
2664 2864 2850 2916 iterum
2878 2881 2890 2915 :
2924 2863 3058 2916 Nolo
3082 2874 3290 2921 mortem
3310 2862 3607 2930 peccatoris,
3632 2859 3721 2914 sed
3742 2868 3798 2913 ut

2276 2958 2593 3002 convertatur
2623 2959 2669 3001 et
2708 2950 2854 3003 vivat.
2885 2952 2910 2989 ⁸
2940 2949 3171 3003 Salutem
3205 2963 3329 3017 ergo
3364 2949 3563 3003 homini
3595 2950 3795 3011 adimit,

2276 3036 2512 3107 quisquis
2532 3038 2715 3110 mortis
2741 3046 2972 3104 tempore
2989 3037 3036 3090 ei
3053 3037 3411 3104 penitentiam
3438 3036 3728 3107 denegavit.

2758 3143 3141 3199 CAPITULUM
3178 3144 3327 3197 XLII.

2688 3212 2764 3264 De
2798 3212 2993 3279 furibus
3021 3221 3066 3264 et
3094 3212 3393 3279 raptoribus.

2345 3297 2373 3337 ιι
2409 3298 2482 3352 De
2524 3298 2727 3352 furibus
2770 3306 2825 3352 et
2865 3298 3165 3366 raptoribus
3192 3296 3359 3364 placet
3390 3304 3478 3359 ut,
3526 3312 3569 3351 ει
3603 3321 3657 3349 ιιι
3693 3312 3800 3366 ipsa

2278 3387 2451 3452 praeda
2495 3387 2818 3448 occiduntur,
2857 3399 2954 3453 pro
2991 3386 3068 3438 eis
3103 3385 3314 3437 minime
3341 3385 3597 3438 orandum
3625 3385 3710 3438 sit.
3746 3384 3801 3438 Si

2279 3472 2534 3527 vulnerati
2580 3474 2631 3526 in
2677 3474 3090 3544 desperationem
3130 3473 3356 3542 prolapsi
3395 3472 3622 3537 fuerint,
3654 3481 3708 3528 et
3740 3475 3805 3527 de

2280 3562 2622 3627 pravitatibus
2648 3562 2755 3614 suis
2784 3576 2840 3615 se
2864 3560 3218 3629 paenituerint,
3245 3569 3298 3614 et
3324 3559 3366 3613 si
3400 3561 3806 3631 supervixerint,

2281 3650 2390 3703 Deo
2441 3660 2495 3709 et
2547 3652 2805 3704 sacerdoti
2860 3665 2917 3705 se
2964 3652 3329 3705 emendatores
3379 3653 3805 3720 repromiserint,

2282 3738 2697 3795 communionem
2724 3738 2798 3791 eis
2826 3738 3124 3806 impendere
3149 3752 3252 3791 non
3284 3753 3552 3808 negamus,

2746 3841 3128 3897 CAPITULUM
3164 3842 3335 3895 XLIII.

2446 3942 2463 3963 κ
2520 3928 2596 3981 De
2628 3929 2911 3982 homicidiis
2937 3945 3036 3982 non
3063 3938 3235 3998 sponte
3264 3931 3559 3983 commissis.

2360 4015 2375 4051 ί
2407 4013 2479 4066 De
2504 4014 2797 4067 homicidiis
2821 4029 2922 4066 non
2950 4022 3131 4081 sponte
3152 4016 3461 4081 commissis,
3482 4016 3622 4084 quali
3647 4018 3808 4083 pomi-

2287 4099 2461 4152 tentia:
2490 4100 2861 4153 submittantur
2881 4100 2919 4152 ii
2943 4102 3031 4168 qui
3064 4100 3319 4166 fecerunt,
3343 4102 3395 4154 in
3427 4103 3655 4170 episcopi
3689 4119 3807 4156 scn-

2289 4188 2445 4238 tentia
2469 4195 2691 4240 maneat.
2723 4189 3004 4257 Postquam
3029 4189 3217 4242 viderit
3244 4189 3446 4242 illorum
3469 4190 3677 4256 dignam
3697 4205 3808 4257 pne-

2289 4273 2581 4337 nitentium,
2612 4274 2916 4329 clementius
2944 4290 3067 4344 erga
3090 4276 3207 4331 illos
3233 4276 3457 4351 δεδι,δί
3491 4279 3610 4345 quis
3648 4278 3809 4332 ﬁlium

2290 4380 2439 4419 suum
2462 4380 2564 4420 non
2598 4374 2778 4434 sponte
2802 4367 3014 4431 occidit,
3030 4367 3178 4435 juxta
3200 4367 3475 4424 homicidia
3498 4383 3602 4423 non
3626 4376 3812 4438 sponte

679 4454 988 4506 exorcistam
1006 4491 1021 4516 ,
1049 4467 1151 4505 non
1176 4452 1419 4506 ostiarius
1455 4443 1701 4508 adversus
1727 4456 1971 4510 lectorem
1994 4457 2080 4510 det
2101 4472 2188 4510 ac-
2215 4456 2265 4513 D
2290 4455 2565 4508 commissa
2585 4456 2857 4522 pmniteat.

682 4539 998 4595 cusationem
1024 4539 1267 4607 aliquam.
1305 4538 1370 4592 Et
1404 4554 1507 4592 non
1534 4540 1961 4595 condemnabitur
1983 4543 2193 4611 pracsul,

684 4625 783 4679 nisi
824 4626 876 4678 in
919 4626 1127 4693 triginta
1169 4624 1301 4689 duo;
1326 4641 1510 4693 _neque
1550 4642 1782 4681 summus
1815 4629 2129 4696 iudicabitur
2165 4644 2193 4681 a

685 4726 943 4780 quoquam
960 4752 977 4776 ,
1012 4712 1253 4779 quoniam
1279 4713 1531 4779 scriptum
1542 4723 1637 4767 .est
1656 4753 1669 4778 ,
1697 4733 1796 4768 non
1825 4726 1897 4769 est
1925 4717 2196 4785 discipulus

686 4814 835 4867 super
854 4798 1165 4866 magistrum.
1190 4797 1467 4866 Presbyter
1495 4810 1665 4854 autem
1699 4794 1750 4853 in
1777 4801 1985 4857 cardine
2005 4805 2200 4858 consti-

687 4890 853 4949 tutus,
868 4884 976 4937 nisi
994 4884 1048 4937 in
1071 4882 1406 4954 quadraginta
1426 4893 1479 4939 et
1502 4897 1726 4954 quatuor
1747 4890 1966 4943 testibus
1989 4892 2200 4944 damna-

759 5047 979 5122 -__Cop_c.
1001 5049 1231 5122 Magum.
1257 5052 1506 5122 sub‘Rab.
1537 5067 1584 5106 c.
1611 5054 1705 5118 24;
1733 5053 1950 5122 Itegino,
1987 5055 2075 5109 lib.
2114 5072 2201 5119 xx.

694 5129 743 5170 c.
769 5113 868 5178 45;
895 5113 1150 5169 Burchfl.
1173 5134 1244 5181 Vl,
1272 5135 1320 5173 c.
1343 5120 1393 5171 7.

760 5182 983 5281 Lacu?
998 5183 1465 5281 Yet-mittor
1488 5186 1681 5281 (ξοιιείι.
1700 5189 2053 5281 Tgiburiense,
2070 5205 2117 5243 c.
2142 5190 2202 5254 5;

699 5250 914 5318 Regino,
944 5250 980 5302 ι.
1010 5266 1067 5312 ιι,
1093 5266 1139 5304 c.
1160 5251 1254 5316 42;
1281 5253 1492 5317 Burch.,
1516 5255 1551 5306 1.
1578 5271 1713 5313 vt,c.
1741 5257 1791 5309 8.
2042 5250 2048 5253 ’
2191 5250 2198 5254 ⁷

699 5325 792 5394 af
832 5316 1232 5394 (Ϊιοιιεικξΐιιιριιἶ
1270 5336 1365 5384 ιιι,
1409 5321 1591 5394 c._i§_;
1633 5322 1790 5394 _(ionc.
1838 5323 2065 5394 Mogunt.
2110 5330 2210 5381 sub

699 5381 1092 5508 8i2;
1142 5388 1272 5440 Rab.
1307 5381 1391 5455 ep'.
1427 5389 1492 5443 ad
1529 5381 1729 5455 IIerib.,
1775 5406 1823 5445 c.
1864 5381 1959 5456 I9”;
1989 5393 2206 5476 Regino,

690 5562 695 5571 .
722 5488 737 5503 .
764 5488 806 5554 δ’
831 5488 1170 5574 Videam“.
1195 5522 1344 5575 Rom.
1363 5523 1514 5591 vulgo
1534 5524 1726 5578 dictum
1742 5542 1798 5589 ιι,
1822 5526 1917 5580 sub
1942 5513 2208 5594 Silvestre,

704 5598 814 5638 can.
862 5579 975 5638 HI.
1015 5586 1289 5638 Subposita
1313 5590 1550 5638 videntur
1576 5592 1870 5638 Hinnmam-
1903 5602 2027 5638 ειη--
2059 5598 2208 5638 infirm

704 5598 814 5650 cap.
862 5586 975 5639 HI.
1015 5586 1289 5656 Supposita
1313 5586 1550 5644 viden-tur
1574 5586 1871 5654 Hincma'ro,
1903 5602 2029 5657 etc.,
2059 5586 2208 5651 istius

706 5652 907 5707 concilii
945 5655 1117 5724 capita
1140 5670 1256 5723 quae
1276 5656 1503 5713 Isidorus
1547 5675 1651 5713 sua:
1676 5661 1965 5716 collectioni
1995 5665 2211 5718 inseruit

2753 4542 2944 4596 CAPIT
2953 4542 3137 4598 ULUM
3172 4542 3346 4596 XLIV.

2672 4627 2748 4680 De
2789 4630 3094 4681 continentia
3142 4625 3434 4681 sacerdotis.

2362 4716 2678 4782 Episcopus,
2709 4722 2799 4767 aut
2846 4717 3278 4783 presbyter‘haut
3322 4716 3573 4768 diaconus
3616 4715 3703 4784 qui
3755 4722 3810 4768 in

2295 4803 2639 4859 fornicatione
2658 4840 2672 4865 ,
2701 4809 2791 4854 aut
2817 4800 3078 4868 periurio,
3107 4810 3198 4854 aut
3221 4800 3361 4855 furto
3393 4802 3570 4869 lapsus
3593 4811 3691 4863 est,
3719 4803 3811 4854 de-

2296 4898 2537 4957 ponatur,
2587 4904 2691 4942 non
2739 4896 2912 4941 tamen
2958 4888 3319 4942 communione
3371 4889 3625 4955 privetur.
3680 4888 3813 4942 Dicit

2299 5060 2480 5123 Citant
2517 5058 2647 5124 Egb.
2669 5057 2765 5110 Eb.
2794 5072 2909 5125 cap.
2939 5057 3053 5120 142,
3077 5056 3112 5108 1.
3141 5072 3191 5121 v,
3215 5056 3435 5124 Capitul.
3469 5072 3515 5111 c.
3543 5058 3641 5112 {59
3659 5058 3716 5113 C.
3738 5058 3806 5110 Μ.

2373 5139 2394 5165 ο
2424 5127 2498 5194 Ex
2529 5126 2720 5194 decreti
2747 5124 2981 5194 Leonis]
2996 5140 3055 5194 _c.
3089 5125 3185 5189 59;
3214 5125 3431 5194 Regina,
3462 5124 3496 5177 l.
3550 5142 3585 5188 ι,
3612 5141 3661 5194 c.
3690 5125 3807 5178 421.

2375 5194 2394 5232 τ
2432 5193 2592 5246 Cone.
2630 5192 2858 5261 Mogunt.
2881 5193 2977 5261 sub
2996 5192 3149 5256 Rab.,
3172 5208 3219 5246 c.
3243 5192 3336 5256 27;
3363 5193 3582 5260 Regina,
3610 5193 3644 5244 l.
3676 5208 3733 5257 ιι,
3757 5208 3806 5247 c.

2301 5263 2395 5324 93;
2421 5261 2611 5314 Burch.
2642 5260 2677 5311 1.
2708 5259 2782 5325 it,
2814 5272 2865 5313 c.‘
2887 5259 2970 5312 76.

2374 5332 2397 5368 ε
2431 5328 2758 5395 leestinus,
2799 5328 2852 5381 in
2878 5328 3029 5395 epist.
3069 5327 3103 5378 2
3143 5326 3208 5379 ad
3240 5326 3510 5395 episcopos
3534 5326 3811 5395 provincia

2304 5396 2612 5453 Viennensis
2633 5402 2685 5446 et
2707 5393 3074 5454 Narbonensis,
3099 5408 3211 5461 cap.
3233 5393 3285 5461 ἓξ

2371 5465 2396 5502 II
2423 5463 2620 5515 Concil.
2652 5462 2995 5528 Triburiens.,
3020 5474 3067 5513 c.
3108 5459 3209 5524 5i“;
3253 5460 3473 5528 Regino,
3510 5460 3546 5514 I.
3573 5478 3611 5525 ι,
3640 5475 3688 5514 c.
3710 5459 3806 5525 θη

2304 5530 2518 5593 Burch.,
2544 5530 2635 5582 lib.
2663 5545 2734 5588 xl,
2772 5544 2820 5581 c.
2850 5527 2935 5581 59.

2377 5600 2394 5638 ί
2435 5597 2556 5660 Th.,
2584 5611 2629 5650 c.
2660 5597 2786 5659 ili;
2815 5594 3002 5650 Ptenit.
3030 5595 3177 5648 Rom.
3209 5595 3288 5648 tit.
3320 5595 3431 5661 I,c.
3469 5597 3514 5661 l,
3541 5608 3609 5651 ex
3625 5594 3804 5652 Ρωιιὶι.

2307 5665 2403 5718 Th.
2426 5680 2440 5728 ;
2469 5664 2627 5719 Cone.
2658 5662 3009 5728 Triburiense,
3037 5677 3149 5733 cap.
3180 5662 3271 5716 ‘53.
