  <div class='ocr_page' id='page_1' title='image "/cluster/home/n/w/nwhite01/storage/ocr_20150623/99-100/uc1.31175006946845/484.png"; bbox 0 0 4110 6482; ppageno 0'>
   <div class='ocr_carea' id='block_1_1' title="bbox 377 539 476 592">
    <p class='ocr_par' dir='ltr' id='par_1_1' title="bbox 377 539 476 592">
     <span class='ocr_line' id='line_1_1' title="bbox 377 539 476 592; baseline 0 -1"><span class='ocrx_word' id='word_1_1' title='bbox 377 539 476 592; x_wconf 71' lang='grc'><strong>949</strong></span> 
     </span>
    </p>
   </div>
   <div class='ocr_carea' id='block_1_2' title="bbox 1436 526 2448 585">
    <p class='ocr_par' dir='ltr' id='par_1_2' title="bbox 1436 526 2448 585">
     <span class='ocr_line' id='line_1_2' title="bbox 1436 526 2448 585; baseline -0.01 0"><span class='ocrx_word' id='word_1_2' title='bbox 1436 530 1964 585; x_wconf 69' lang='lat' dir='ltr'><strong>POENITENTIALE.</strong></span> <span class='ocrx_word' id='word_1_3' title='bbox 2004 558 2070 567; x_wconf 91' lang='grc'><strong>--</strong></span> <span class='ocrx_word' id='word_1_4' title='bbox 2106 526 2448 582; x_wconf 72' lang='lat' dir='ltr'><strong>CAPITULA.</strong></span> 
     </span>
    </p>
   </div>
   <div class='ocr_carea' id='block_1_3' title="bbox 3409 522 3509 575">
    <p class='ocr_par' dir='ltr' id='par_1_3' title="bbox 3409 522 3509 575">
     <span class='ocr_line' id='line_1_3' title="bbox 3409 522 3509 575; baseline 0 -2"><span class='ocrx_word' id='word_1_5' title='bbox 3409 522 3509 575; x_wconf 77' lang='lat'><strong>950</strong></span> 
     </span>
    </p>
   </div>
   <div class='ocr_carea' id='block_1_4' title="bbox 371 622 3506 714">
    <p class='ocr_par' dir='ltr' id='par_1_4' title="bbox 371 622 3506 714">
     <span class='ocr_line' id='line_1_4' title="bbox 371 622 3506 714; baseline -0.004 -17"><span class='ocrx_word' id='word_1_6' title='bbox 371 648 514 698; x_wconf 79' lang='lat' dir='ltr'><strong>enim</strong></span> <span class='ocrx_word' id='word_1_7' title='bbox 542 646 807 714; x_wconf 79' lang='lat' dir='ltr'><strong>Scriptura</strong></span> <span class='ocrx_word' id='word_1_8' title='bbox 840 663 850 696; x_wconf 91' lang='lat'>:</span> <span class='ocrx_word' id='word_1_9' title='bbox 885 657 908 685; x_wconf 72' lang='grc' dir='ltr'>α</span> <span class='ocrx_word' id='word_1_10' title='bbox 938 645 1057 698; x_wconf 83' lang='grc' dir='ltr'><strong>Νοη</strong></span> <span class='ocrx_word' id='word_1_11' title='bbox 1088 643 1350 696; x_wconf 81' lang='lat' dir='ltr'><strong>vindicabit</strong></span> <span class='ocrx_word' id='word_1_12' title='bbox 1374 622 1620 695; x_wconf 79' lang='lat' dir='ltr'><strong>Dominus</strong></span> <span class='ocrx_word' id='word_1_13' title='bbox 1641 642 1713 694; x_wconf 89' lang='lat' dir='ltr'><strong>bis</strong></span> <span class='ocrx_word' id='word_1_14' title='bbox 1740 643 1792 693; x_wconf 87' lang='lat' dir='ltr'><strong>in</strong></span> <span class='ocrx_word' id='word_1_15' title='bbox 1816 640 1894 691; x_wconf 74' lang='lat' dir='ltr'><strong>id-</strong></span> <span class='ocrx_word' id='word_1_16' title='bbox 1927 646 1962 694; x_wconf 77' lang='grc' dir='ltr'><strong>Α</strong></span> <span class='ocrx_word' id='word_1_17' title='bbox 1994 639 2205 692; x_wconf 82' lang='lat' dir='ltr'><strong>modum</strong></span> <span class='ocrx_word' id='word_1_18' title='bbox 2227 639 2437 690; x_wconf 87' lang='lat' dir='ltr'><strong>vitiosas</strong></span> <span class='ocrx_word' id='word_1_19' title='bbox 2465 640 2666 686; x_wconf 82' lang='lat' dir='ltr'><strong>constat</strong></span> <span class='ocrx_word' id='word_1_20' title='bbox 2693 645 2825 684; x_wconf 88' lang='lat' dir='ltr'><strong>esse.</strong></span> <span class='ocrx_word' id='word_1_21' title='bbox 2854 630 3047 698; x_wconf 79' lang='lat' dir='ltr'><strong>Nempe</strong></span> <span class='ocrx_word' id='word_1_22' title='bbox 3076 631 3193 683; x_wconf 87' lang='lat' dir='ltr'><strong>inde</strong></span> <span class='ocrx_word' id='word_1_23' title='bbox 3221 632 3506 684; x_wconf 84' lang='lat' dir='ltr'><strong>detrahun-</strong></span> 
     </span>
    </p>
   </div>
   <div class='ocr_carea' id='block_1_5' title="bbox 372 734 560 798">
    <p class='ocr_par' dir='ltr' id='par_1_5' title="bbox 372 734 560 798">
     <span class='ocr_line' id='line_1_5' title="bbox 372 734 560 798; baseline 0.011 -15"><span class='ocrx_word' id='word_1_24' title='bbox 372 734 560 798; x_wconf 81' lang='lat' dir='ltr'><strong>ipsum.</strong></span> 
     </span>
    </p>
   </div>
   <div class='ocr_carea' id='block_1_6' title="bbox 843 817 1394 872">
    <p class='ocr_par' dir='ltr' id='par_1_6' title="bbox 843 817 1394 872">
     <span class='ocr_line' id='line_1_6' title="bbox 843 817 1394 872; baseline -0.005 0"><span class='ocrx_word' id='word_1_25' title='bbox 843 817 1225 872; x_wconf 75' lang='lat' dir='ltr'><strong>CAPITULUM</strong></span> <span class='ocrx_word' id='word_1_26' title='bbox 1261 817 1394 870; x_wconf 80' lang='lat' dir='ltr'><strong>XLV</strong></span> 
     </span>
    </p>
   </div>
   <div class='ocr_carea' id='block_1_7' title="bbox 778 903 1494 973">
    <p class='ocr_par' dir='ltr' id='par_1_7' title="bbox 778 903 1494 973">
     <span class='ocr_line' id='line_1_7' title="bbox 778 903 1494 973; baseline -0.003 -18"><span class='ocrx_word' id='word_1_27' title='bbox 778 903 850 955; x_wconf 84' lang='lat' dir='ltr'><strong>De</strong></span> <span class='ocrx_word' id='word_1_28' title='bbox 887 906 1127 973; x_wconf 84' lang='lat' dir='ltr'><strong>episcopis</strong></span> <span class='ocrx_word' id='word_1_29' title='bbox 1165 904 1240 956; x_wconf 83' lang='lat' dir='ltr'><strong>vel</strong></span> <span class='ocrx_word' id='word_1_30' title='bbox 1284 905 1494 956; x_wconf 79' lang='lat' dir='ltr'><strong>clericis.</strong></span> 
     </span>
    </p>
   </div>
   <div class='ocr_carea' id='block_1_8' title="bbox 442 989 1894 1055">
    <p class='ocr_par' dir='ltr' id='par_1_8' title="bbox 442 989 1894 1055">
     <span class='ocr_line' id='line_1_8' title="bbox 442 989 1894 1055; baseline 0.001 -13"><span class='ocrx_word' id='word_1_31' title='bbox 442 989 470 1029; x_wconf 70' lang='grc' dir='ltr'><strong>ι’</strong></span> <span class='ocrx_word' id='word_1_32' title='bbox 497 989 602 1042; x_wconf 75' lang='lat' dir='ltr'><strong>Lex</strong></span> <span class='ocrx_word' id='word_1_33' title='bbox 627 991 958 1045; x_wconf 69' lang='lat' dir='ltr'><strong>continentiae</strong></span> <span class='ocrx_word' id='word_1_34' title='bbox 980 993 1160 1045; x_wconf 87' lang='lat' dir='ltr'><strong>eadem</strong></span> <span class='ocrx_word' id='word_1_35' title='bbox 1184 1000 1261 1043; x_wconf 86' lang='lat' dir='ltr'><strong>est</strong></span> <span class='ocrx_word' id='word_1_36' title='bbox 1283 991 1463 1043; x_wconf 89' lang='lat' dir='ltr'><strong>altaris</strong></span> <span class='ocrx_word' id='word_1_37' title='bbox 1486 990 1756 1051; x_wconf 68' lang='lat' dir='ltr'><strong>ministris,</strong></span> <span class='ocrx_word' id='word_1_38' title='bbox 1780 1004 1894 1055; x_wconf 82' lang='lat' dir='ltr'><strong>quae</strong></span> 
     </span>
    </p>
   </div>
   <div class='ocr_carea' id='block_1_9' title="bbox 368 1077 1902 1145">
    <p class='ocr_par' dir='ltr' id='par_1_9' title="bbox 368 1077 1902 1145">
     <span class='ocr_line' id='line_1_9' title="bbox 368 1077 1902 1145; baseline 0 -14"><span class='ocrx_word' id='word_1_39' title='bbox 368 1077 650 1145; x_wconf 79' lang='lat' dir='ltr'><strong>episcopis,</strong></span> <span class='ocrx_word' id='word_1_40' title='bbox 681 1087 769 1130; x_wconf 90' lang='lat' dir='ltr'><strong>aut</strong></span> <span class='ocrx_word' id='word_1_41' title='bbox 795 1079 1136 1145; x_wconf 83' lang='lat' dir='ltr'><strong>presbyteris,</strong></span> <span class='ocrx_word' id='word_1_42' title='bbox 1164 1079 1252 1145; x_wconf 87' lang='lat' dir='ltr'><strong>qui</strong></span> <span class='ocrx_word' id='word_1_43' title='bbox 1279 1094 1396 1131; x_wconf 88' lang='lat' dir='ltr'><strong>cum</strong></span> <span class='ocrx_word' id='word_1_44' title='bbox 1421 1086 1595 1131; x_wconf 80' lang='lat' dir='ltr'><strong>essent</strong></span> <span class='ocrx_word' id='word_1_45' title='bbox 1622 1077 1758 1139; x_wconf 84' lang='lat' dir='ltr'><strong>laici,</strong></span> <span class='ocrx_word' id='word_1_46' title='bbox 1786 1077 1902 1131; x_wconf 84' lang='lat' dir='ltr'><strong>sive.</strong></span> 
     </span>
    </p>
   </div>
   <div class='ocr_carea' id='block_1_10' title="bbox 366 1159 1893 1230">
    <p class='ocr_par' dir='ltr' id='par_1_10' title="bbox 366 1159 1893 1230">
     <span class='ocr_line' id='line_1_10' title="bbox 366 1159 1893 1230; baseline 0.001 -17"><span class='ocrx_word' id='word_1_47' title='bbox 366 1159 625 1225; x_wconf 76' lang='lat' dir='ltr'><strong>lectores,</strong></span> <span class='ocrx_word' id='word_1_48' title='bbox 653 1162 792 1215; x_wconf 90' lang='lat' dir='ltr'><strong>Iieite</strong></span> <span class='ocrx_word' id='word_1_49' title='bbox 828 1171 881 1216; x_wconf 89' lang='lat' dir='ltr'><strong>et</strong></span> <span class='ocrx_word' id='word_1_50' title='bbox 906 1178 1098 1216; x_wconf 81' lang='lat' dir='ltr'><strong>uxores</strong></span> <span class='ocrx_word' id='word_1_51' title='bbox 1125 1165 1340 1228; x_wconf 90' lang='lat' dir='ltr'><strong>ducere,</strong></span> <span class='ocrx_word' id='word_1_52' title='bbox 1379 1171 1430 1218; x_wconf 87' lang='lat' dir='ltr'><strong>et</strong></span> <span class='ocrx_word' id='word_1_53' title='bbox 1464 1163 1595 1216; x_wconf 91' lang='lat' dir='ltr'><strong>ﬁlios</strong></span> <span class='ocrx_word' id='word_1_54' title='bbox 1619 1174 1893 1230; x_wconf 82' lang='lat' dir='ltr'><strong>procreare</strong></span> 
     </span>
    </p>
   </div>
   <div class='ocr_carea' id='block_1_11' title="bbox 365 1250 1889 1319">
    <p class='ocr_par' dir='ltr' id='par_1_11' title="bbox 365 1250 1889 1319">
     <span class='ocr_line' id='line_1_11' title="bbox 365 1250 1889 1319; baseline 0.001 -18"><span class='ocrx_word' id='word_1_55' title='bbox 365 1257 669 1315; x_wconf 84' lang='lat' dir='ltr'><strong>potuerunt.</strong></span> <span class='ocrx_word' id='word_1_56' title='bbox 696 1250 797 1303; x_wconf 89' lang='lat' dir='ltr'><strong>Sed</strong></span> <span class='ocrx_word' id='word_1_57' title='bbox 817 1266 934 1303; x_wconf 90' lang='lat' dir='ltr'><strong>cum</strong></span> <span class='ocrx_word' id='word_1_58' title='bbox 954 1251 1017 1303; x_wconf 89' lang='lat' dir='ltr'><strong>ad</strong></span> <span class='ocrx_word' id='word_1_59' title='bbox 1040 1252 1315 1317; x_wconf 67' lang='lat' dir='ltr'><strong>praedictos</strong></span> <span class='ocrx_word' id='word_1_60' title='bbox 1333 1252 1661 1319; x_wconf 77' lang='lat' dir='ltr'><strong>pervenerint</strong></span> <span class='ocrx_word' id='word_1_61' title='bbox 1682 1250 1889 1319; x_wconf 78' lang='lat' dir='ltr'><strong>gradus,</strong></span> 
     </span>
    </p>
   </div>
   <div class='ocr_carea' id='block_1_12' title="bbox 367 1333 1892 1402">
    <p class='ocr_par' dir='ltr' id='par_1_12' title="bbox 367 1333 1892 1402">
     <span class='ocr_line' id='line_1_12' title="bbox 367 1333 1892 1402; baseline 0.002 -17"><span class='ocrx_word' id='word_1_62' title='bbox 367 1334 530 1401; x_wconf 67' lang='lat' dir='ltr'><strong>caspit</strong></span> <span class='ocrx_word' id='word_1_63' title='bbox 555 1333 634 1386; x_wconf 91' lang='lat' dir='ltr'><strong>eis</strong></span> <span class='ocrx_word' id='word_1_64' title='bbox 661 1349 761 1387; x_wconf 92' lang='lat' dir='ltr'><strong>non</strong></span> <span class='ocrx_word' id='word_1_65' title='bbox 793 1335 952 1388; x_wconf 87' lang='lat' dir='ltr'><strong>licere</strong></span> <span class='ocrx_word' id='word_1_66' title='bbox 980 1337 1117 1402; x_wconf 91' lang='lat' dir='ltr'><strong>quod</strong></span> <span class='ocrx_word' id='word_1_67' title='bbox 1144 1336 1307 1390; x_wconf 89' lang='lat' dir='ltr'><strong>licuit.</strong></span> <span class='ocrx_word' id='word_1_68' title='bbox 1338 1336 1484 1391; x_wconf 88' lang='lat' dir='ltr'><strong>Unde</strong></span> <span class='ocrx_word' id='word_1_69' title='bbox 1509 1344 1563 1391; x_wconf 90' lang='lat' dir='ltr'><strong>et</strong></span> <span class='ocrx_word' id='word_1_70' title='bbox 1587 1336 1652 1389; x_wconf 89' lang='lat' dir='ltr'><strong>de</strong></span> <span class='ocrx_word' id='word_1_71' title='bbox 1696 1336 1892 1390; x_wconf 86' lang='lat' dir='ltr'><strong>carnali</strong></span> 
     </span>
    </p>
   </div>
   <div class='ocr_carea' id='block_1_13' title="bbox 366 1420 1893 1491">
    <p class='ocr_par' dir='ltr' id='par_1_13' title="bbox 366 1420 1893 1491">
     <span class='ocr_line' id='line_1_13' title="bbox 366 1420 1893 1491; baseline 0.003 -19"><span class='ocrx_word' id='word_1_72' title='bbox 366 1420 427 1472; x_wconf 83' lang='lat' dir='ltr'><strong>ﬁt</strong></span> <span class='ocrx_word' id='word_1_73' title='bbox 468 1422 703 1488; x_wconf 74' lang='lat' dir='ltr'><strong>spiritale</strong></span> <span class='ocrx_word' id='word_1_74' title='bbox 746 1425 1079 1477; x_wconf 90' lang='lat' dir='ltr'><strong>connubium.</strong></span> <span class='ocrx_word' id='word_1_75' title='bbox 1129 1423 1342 1491; x_wconf 78' lang='lat' dir='ltr'><strong>Oportet</strong></span> <span class='ocrx_word' id='word_1_76' title='bbox 1372 1440 1461 1478; x_wconf 91' lang='lat' dir='ltr'><strong>eos</strong></span> <span class='ocrx_word' id='word_1_77' title='bbox 1495 1440 1593 1479; x_wconf 88' lang='lat' dir='ltr'><strong>nec</strong></span> <span class='ocrx_word' id='word_1_78' title='bbox 1631 1425 1893 1478; x_wconf 74' lang='lat' dir='ltr'><strong>dimittere</strong></span> 
     </span>
    </p>
   </div>
   <div class='ocr_carea' id='block_1_14' title="bbox 364 1512 1891 1591">
    <p class='ocr_par' dir='ltr' id='par_1_14' title="bbox 364 1512 1891 1591">
     <span class='ocr_line' id='line_1_14' title="bbox 364 1512 1891 1591; baseline 0.005 -34"><span class='ocrx_word' id='word_1_79' title='bbox 364 1522 578 1569; x_wconf 78' lang='lat' dir='ltr'><strong>uxores,</strong></span> <span class='ocrx_word' id='word_1_80' title='bbox 611 1518 663 1561; x_wconf 89' lang='lat' dir='ltr'><strong>et</strong></span> <span class='ocrx_word' id='word_1_81' title='bbox 697 1512 843 1576; x_wconf 91' lang='lat' dir='ltr'><strong>quasi</strong></span> <span class='ocrx_word' id='word_1_82' title='bbox 874 1526 974 1563; x_wconf 89' lang='lat' dir='ltr'><strong>non</strong></span> <span class='ocrx_word' id='word_1_83' title='bbox 1003 1512 1243 1575; x_wconf 80' lang='lat' dir='ltr'><strong>habeant,</strong></span> <span class='ocrx_word' id='word_1_84' title='bbox 1269 1514 1345 1565; x_wconf 88' lang='lat' dir='ltr'><strong>sic</strong></span> <span class='ocrx_word' id='word_1_85' title='bbox 1372 1513 1590 1591; x_wconf 77' lang='lat' dir='ltr'><strong>habere,</strong></span> <span class='ocrx_word' id='word_1_86' title='bbox 1612 1525 1714 1579; x_wconf 92' lang='lat' dir='ltr'><strong>quo</strong></span> <span class='ocrx_word' id='word_1_87' title='bbox 1752 1512 1891 1564; x_wconf 88' lang='lat' dir='ltr'><strong>salva</strong></span> 
     </span>
    </p>
   </div>
   <div class='ocr_carea' id='block_1_15' title="bbox 365 1593 1891 1667">
    <p class='ocr_par' dir='ltr' id='par_1_15' title="bbox 365 1593 1891 1667">
     <span class='ocr_line' id='line_1_15' title="bbox 365 1593 1891 1667; baseline 0.005 -23"><span class='ocrx_word' id='word_1_88' title='bbox 365 1593 437 1645; x_wconf 87' lang='lat' dir='ltr'><strong>sit</strong></span> <span class='ocrx_word' id='word_1_89' title='bbox 477 1595 711 1649; x_wconf 85' lang='lat' dir='ltr'><strong>charitas</strong></span> <span class='ocrx_word' id='word_1_90' title='bbox 755 1599 1164 1664; x_wconf 89' lang='lat' dir='ltr'><strong>connubiorum,</strong></span> <span class='ocrx_word' id='word_1_91' title='bbox 1207 1607 1262 1653; x_wconf 88' lang='lat' dir='ltr'><strong>et</strong></span> <span class='ocrx_word' id='word_1_92' title='bbox 1309 1609 1477 1654; x_wconf 88' lang='lat' dir='ltr'><strong>cesset</strong></span> <span class='ocrx_word' id='word_1_93' title='bbox 1521 1600 1753 1667; x_wconf 84' lang='lat' dir='ltr'><strong>operatio</strong></span> <span class='ocrx_word' id='word_1_94' title='bbox 1795 1614 1891 1651; x_wconf 92' lang='lat' dir='ltr'><strong>nu-</strong></span> 
     </span>
    </p>
   </div>
   <div class='ocr_carea' id='block_1_16' title="bbox 364 1681 613 1745">
    <p class='ocr_par' dir='ltr' id='par_1_16' title="bbox 364 1681 613 1745">
     <span class='ocr_line' id='line_1_16' title="bbox 364 1681 613 1745; baseline 0.012 -14"><span class='ocrx_word' id='word_1_95' title='bbox 364 1681 613 1745; x_wconf 89' lang='lat' dir='ltr'><strong>ptiarum.</strong></span> 
     </span>
    </p>
   </div>
   <div class='ocr_carea' id='block_1_17' title="bbox 833 1770 1424 1826">
    <p class='ocr_par' dir='ltr' id='par_1_17' title="bbox 833 1770 1424 1826">
     <span class='ocr_line' id='line_1_17' title="bbox 833 1770 1424 1826; baseline 0.005 -3"><span class='ocrx_word' id='word_1_96' title='bbox 833 1770 1216 1825; x_wconf 79' lang='lat' dir='ltr'><strong>CAPITULUM</strong></span> <span class='ocrx_word' id='word_1_97' title='bbox 1251 1773 1424 1826; x_wconf 80' lang='lat' dir='ltr'><strong>XLVI.</strong></span> 
     </span>
    </p>
   </div>
   <div class='ocr_carea' id='block_1_18' title="bbox 567 1854 1684 1925">
    <p class='ocr_par' dir='ltr' id='par_1_18' title="bbox 567 1854 1684 1925">
     <span class='ocr_line' id='line_1_18' title="bbox 567 1854 1684 1925; baseline 0.004 -18"><span class='ocrx_word' id='word_1_98' title='bbox 567 1854 637 1907; x_wconf 83' lang='lat' dir='ltr'><strong>De</strong></span> <span class='ocrx_word' id='word_1_99' title='bbox 669 1857 876 1909; x_wconf 82' lang='lat' dir='ltr'><strong>crimine</strong></span> <span class='ocrx_word' id='word_1_100' title='bbox 902 1867 1182 1925; x_wconf 82' lang='lat' dir='ltr'><strong>perpetrato</strong></span> <span class='ocrx_word' id='word_1_101' title='bbox 1206 1860 1257 1910; x_wconf 84' lang='lat' dir='ltr'><strong>in</strong></span> <span class='ocrx_word' id='word_1_102' title='bbox 1288 1861 1420 1911; x_wconf 88' lang='lat' dir='ltr'><strong>atrio</strong></span> <span class='ocrx_word' id='word_1_103' title='bbox 1447 1858 1684 1912; x_wconf 65' lang='lat' dir='ltr'><strong>ecclesia.</strong></span> 
     </span>
    </p>
   </div>
   <div class='ocr_carea' id='block_1_19' title="bbox 435 1937 1965 2011">
    <p class='ocr_par' dir='ltr' id='par_1_19' title="bbox 435 1937 1965 2011">
     <span class='ocr_line' id='line_1_19' title="bbox 435 1937 1965 2011; baseline 0.005 -19"><span class='ocrx_word' id='word_1_104' title='bbox 435 1937 493 1992; x_wconf 88' lang='lat' dir='ltr'><strong>Si</strong></span> <span class='ocrx_word' id='word_1_105' title='bbox 520 1939 573 1993; x_wconf 87' lang='lat' dir='ltr'><strong>in</strong></span> <span class='ocrx_word' id='word_1_106' title='bbox 607 1942 743 1994; x_wconf 86' lang='lat' dir='ltr'><strong>atrio</strong></span> <span class='ocrx_word' id='word_1_107' title='bbox 780 1942 1013 1997; x_wconf 85' lang='lat' dir='ltr'><strong>ecclesiae</strong></span> <span class='ocrx_word' id='word_1_108' title='bbox 1040 1944 1282 2011; x_wconf 88' lang='lat' dir='ltr'><strong>quislibet</strong></span> <span class='ocrx_word' id='word_1_109' title='bbox 1308 1943 1635 2010; x_wconf 85' lang='lat' dir='ltr'><strong>injuriaverit</strong></span> <span class='ocrx_word' id='word_1_110' title='bbox 1663 1943 1889 2011; x_wconf 86' lang='lat' dir='ltr'><strong>aliquem</strong></span> <span class='ocrx_word' id='word_1_111' title='bbox 1918 1942 1965 2000; x_wconf 81' lang='grc' dir='ltr'><strong><em>Β</em></strong></span> 
     </span>
    </p>
   </div>
   <div class='ocr_carea' id='block_1_20' title="bbox 361 2027 1891 2101">
    <p class='ocr_par' dir='ltr' id='par_1_20' title="bbox 361 2027 1891 2101">
     <span class='ocr_line' id='line_1_20' title="bbox 361 2027 1891 2101; baseline 0.007 -24"><span class='ocrx_word' id='word_1_112' title='bbox 361 2027 757 2094; x_wconf 79' lang='lat' dir='ltr'><strong>presbyterum,</strong></span> <span class='ocrx_word' id='word_1_113' title='bbox 784 2030 867 2083; x_wconf 88' lang='lat' dir='ltr'><strong>vel</strong></span> <span class='ocrx_word' id='word_1_114' title='bbox 897 2032 1085 2084; x_wconf 84' lang='lat' dir='ltr'><strong>ibidem</strong></span> <span class='ocrx_word' id='word_1_115' title='bbox 1111 2032 1319 2099; x_wconf 86' lang='lat' dir='ltr'><strong>aliquod</strong></span> <span class='ocrx_word' id='word_1_116' title='bbox 1357 2032 1891 2101; x_wconf 78' lang='lat' dir='ltr'><strong>sacrilegiumperpe-</strong></span> 
     </span>
    </p>
   </div>
   <div class='ocr_carea' id='block_1_21' title="bbox 364 2114 1548 2187">
    <p class='ocr_par' dir='ltr' id='par_1_21' title="bbox 364 2114 1548 2187">
     <span class='ocr_line' id='line_1_21' title="bbox 364 2114 1548 2187; baseline 0.006 -23"><span class='ocrx_word' id='word_1_117' title='bbox 364 2114 604 2177; x_wconf 87' lang='lat' dir='ltr'><strong>traverit,</strong></span> <span class='ocrx_word' id='word_1_118' title='bbox 635 2115 787 2170; x_wconf 81' lang='lat' dir='ltr'><strong>altari</strong></span> <span class='ocrx_word' id='word_1_119' title='bbox 810 2127 861 2170; x_wconf 89' lang='lat' dir='ltr'><strong>et</strong></span> <span class='ocrx_word' id='word_1_120' title='bbox 890 2118 1110 2172; x_wconf 90' lang='lat' dir='ltr'><strong>Domino</strong></span> <span class='ocrx_word' id='word_1_121' title='bbox 1138 2130 1158 2156; x_wconf 72' lang='grc' dir='ltr'><em>ε</em></span> <span class='ocrx_word' id='word_1_122' title='bbox 1192 2129 1548 2187; x_wconf 85' lang='lat' dir='ltr'><strong>componatur.</strong></span> 
     </span>
    </p>
   </div>
   <div class='ocr_carea' id='block_1_22' title="bbox 823 2223 1436 2279">
    <p class='ocr_par' dir='ltr' id='par_1_22' title="bbox 823 2223 1436 2279">
     <span class='ocr_line' id='line_1_22' title="bbox 823 2223 1436 2279; baseline 0.002 -4"><span class='ocrx_word' id='word_1_123' title='bbox 823 2223 1202 2279; x_wconf 69' lang='lat' dir='ltr'><strong>CAPITULUM</strong></span> <span class='ocrx_word' id='word_1_124' title='bbox 1239 2225 1436 2277; x_wconf 69' lang='lat' dir='ltr'><strong>XLVII.</strong></span> 
     </span>
    </p>
   </div>
   <div class='ocr_carea' id='block_1_23' title="bbox 721 2288 1527 2357">
    <p class='ocr_par' dir='ltr' id='par_1_23' title="bbox 721 2288 1527 2357">
     <span class='ocr_line' id='line_1_23' title="bbox 721 2288 1527 2357; baseline 0.004 -17"><span class='ocrx_word' id='word_1_125' title='bbox 721 2288 797 2340; x_wconf 87' lang='lat' dir='ltr'><strong>De</strong></span> <span class='ocrx_word' id='word_1_126' title='bbox 836 2292 1051 2357; x_wconf 86' lang='lat' dir='ltr'><strong>ingenuo</strong></span> <span class='ocrx_word' id='word_1_127' title='bbox 1089 2291 1228 2357; x_wconf 68' lang='lat' dir='ltr'><strong>ﬁdet!</strong></span> <span class='ocrx_word' id='word_1_128' title='bbox 1272 2301 1527 2344; x_wconf 85' lang='lat' dir='ltr'><strong>accusata.</strong></span> 
     </span>
    </p>
   </div>
   <div class='ocr_carea' id='block_1_24' title="bbox 430 2376 1887 2451">
    <p class='ocr_par' dir='ltr' id='par_1_24' title="bbox 430 2376 1887 2451">
     <span class='ocr_line' id='line_1_24' title="bbox 430 2376 1887 2451; baseline 0.003 -21"><span class='ocrx_word' id='word_1_129' title='bbox 430 2376 641 2432; x_wconf 82' lang='lat' dir='ltr'><strong>Scelere</strong></span> <span class='ocrx_word' id='word_1_130' title='bbox 672 2378 717 2432; x_wconf 87' lang='lat' dir='ltr'><strong>si</strong></span> <span class='ocrx_word' id='word_1_131' title='bbox 741 2380 858 2445; x_wconf 89' lang='lat' dir='ltr'><strong>quis</strong></span> <span class='ocrx_word' id='word_1_132' title='bbox 899 2379 1154 2446; x_wconf 76' lang='lat' dir='ltr'><strong>ingenuus</strong></span> <span class='ocrx_word' id='word_1_133' title='bbox 1193 2379 1359 2432; x_wconf 87' lang='lat' dir='ltr'><strong>ﬁdelis</strong></span> <span class='ocrx_word' id='word_1_134' title='bbox 1390 2387 1620 2443; x_wconf 86' lang='lat' dir='ltr'><strong>notatur,</strong></span> <span class='ocrx_word' id='word_1_135' title='bbox 1653 2380 1817 2451; x_wconf 86' lang='lat' dir='ltr'><strong>liceat</strong></span> <span class='ocrx_word' id='word_1_136' title='bbox 1840 2383 1887 2435; x_wconf 88' lang='lat' dir='ltr'><strong>ei</strong></span> 
     </span>
    </p>
   </div>
   <div class='ocr_carea' id='block_1_25' title="bbox 359 2463 1885 2538">
    <p class='ocr_par' dir='ltr' id='par_1_25' title="bbox 359 2463 1885 2538">
     <span class='ocr_line' id='line_1_25' title="bbox 359 2463 1885 2538; baseline 0.004 -23"><span class='ocrx_word' id='word_1_137' title='bbox 359 2478 482 2515; x_wconf 83' lang='lat' dir='ltr'><strong>cum</strong></span> <span class='ocrx_word' id='word_1_138' title='bbox 503 2463 804 2529; x_wconf 72' lang='lat' dir='ltr'><strong>iuramento</strong></span> <span class='ocrx_word' id='word_1_139' title='bbox 831 2480 888 2518; x_wconf 90' lang='lat' dir='ltr'><strong>se</strong></span> <span class='ocrx_word' id='word_1_140' title='bbox 915 2480 1222 2533; x_wconf 73' lang='lat' dir='ltr'><strong>expurgare.</strong></span> <span class='ocrx_word' id='word_1_141' title='bbox 1249 2465 1396 2530; x_wconf 83' lang='lat' dir='ltr'><strong>Quod</strong></span> <span class='ocrx_word' id='word_1_142' title='bbox 1421 2467 1463 2518; x_wconf 90' lang='lat' dir='ltr'><strong>si</strong></span> <span class='ocrx_word' id='word_1_143' title='bbox 1494 2467 1711 2533; x_wconf 85' lang='lat' dir='ltr'><strong>quilibet</strong></span> <span class='ocrx_word' id='word_1_144' title='bbox 1739 2467 1885 2538; x_wconf 78' lang='lat' dir='ltr'><strong>inge-</strong></span> 
     </span>
    </p>
   </div>
   <div class='ocr_carea' id='block_1_26' title="bbox 358 2549 1885 2622">
    <p class='ocr_par' dir='ltr' id='par_1_26' title="bbox 358 2549 1885 2622">
     <span class='ocr_line' id='line_1_26' title="bbox 358 2549 1885 2622; baseline 0.003 -21"><span class='ocrx_word' id='word_1_145' title='bbox 358 2564 497 2601; x_wconf 81' lang='lat' dir='ltr'><strong>nuus</strong></span> <span class='ocrx_word' id='word_1_146' title='bbox 521 2551 666 2616; x_wconf 81' lang='lat' dir='ltr'><strong>gravi</strong></span> <span class='ocrx_word' id='word_1_147' title='bbox 703 2549 917 2602; x_wconf 84' lang='lat' dir='ltr'><strong>infamia</strong></span> <span class='ocrx_word' id='word_1_148' title='bbox 958 2552 1264 2617; x_wconf 88' lang='lat' dir='ltr'><strong>publicetur,</strong></span> <span class='ocrx_word' id='word_1_149' title='bbox 1303 2560 1359 2605; x_wconf 87' lang='lat' dir='ltr'><strong>ut</strong></span> <span class='ocrx_word' id='word_1_150' title='bbox 1401 2567 1519 2607; x_wconf 90' lang='lat' dir='ltr'><strong>eum</strong></span> <span class='ocrx_word' id='word_1_151' title='bbox 1552 2554 1771 2622; x_wconf 89' lang='lat' dir='ltr'><strong>populus</strong></span> <span class='ocrx_word' id='word_1_152' title='bbox 1807 2570 1885 2608; x_wconf 90' lang='lat' dir='ltr'><strong>su-</strong></span> 
     </span>
    </p>
   </div>
   <div class='ocr_carea' id='block_1_27' title="bbox 356 2635 1885 2702">
    <p class='ocr_par' dir='ltr' id='par_1_27' title="bbox 356 2635 1885 2702">
     <span class='ocr_line' id='line_1_27' title="bbox 356 2635 1885 2702; baseline 0.008 -19"><span class='ocrx_word' id='word_1_153' title='bbox 356 2635 648 2702; x_wconf 79' lang='lat' dir='ltr'><strong>perjuravit</strong></span> <span class='ocrx_word' id='word_1_154' title='bbox 676 2637 1013 2690; x_wconf 89' lang='lat' dir='ltr'><strong>criminosum</strong></span> <span class='ocrx_word' id='word_1_155' title='bbox 1040 2638 1244 2701; x_wconf 87' lang='lat' dir='ltr'><strong>haberi,</strong></span> <span class='ocrx_word' id='word_1_156' title='bbox 1272 2639 1314 2690; x_wconf 90' lang='lat' dir='ltr'><strong>si</strong></span> <span class='ocrx_word' id='word_1_157' title='bbox 1343 2654 1398 2691; x_wconf 90' lang='lat' dir='ltr'><strong>se</strong></span> <span class='ocrx_word' id='word_1_158' title='bbox 1422 2656 1672 2695; x_wconf 78' lang='lat' dir='ltr'><strong>excusare</strong></span> <span class='ocrx_word' id='word_1_159' title='bbox 1706 2642 1885 2695; x_wconf 39' lang='lat' dir='ltr'><strong>volue‘</strong></span> 
     </span>
    </p>
   </div>
   <div class='ocr_carea' id='block_1_28' title="bbox 358 2721 1377 2784">
    <p class='ocr_par' dir='ltr' id='par_1_28' title="bbox 358 2721 1377 2784">
     <span class='ocr_line' id='line_1_28' title="bbox 358 2721 1377 2784; baseline 0.003 -12"><span class='ocrx_word' id='word_1_160' title='bbox 358 2723 448 2784; x_wconf 87' lang='lat' dir='ltr'><strong>rit,</strong></span> <span class='ocrx_word' id='word_1_161' title='bbox 482 2721 507 2760; x_wconf 74' lang='grc' dir='ltr'><em>ἀ</em></span> <span class='ocrx_word' id='word_1_162' title='bbox 534 2722 671 2779; x_wconf 81' lang='lat' dir='ltr'><strong>ferro</strong></span> <span class='ocrx_word' id='word_1_163' title='bbox 701 2738 760 2776; x_wconf 89' lang='lat' dir='ltr'><strong>se</strong></span> <span class='ocrx_word' id='word_1_164' title='bbox 784 2725 1063 2776; x_wconf 75' lang='lat' dir='ltr'><strong>examinet.</strong></span> <span class='ocrx_word' id='word_1_165' title='bbox 1367 2732 1377 2741; x_wconf 88' lang='lat'><strong><em>&#39;</em></strong></span> 
     </span>
    </p>
   </div>
   <div class='ocr_carea' id='block_1_29' title="bbox 806 2810 1442 2866">
    <p class='ocr_par' dir='ltr' id='par_1_29' title="bbox 806 2810 1442 2866">
     <span class='ocr_line' id='line_1_29' title="bbox 806 2810 1442 2866; baseline 0.002 -3"><span class='ocrx_word' id='word_1_166' title='bbox 806 2810 995 2863; x_wconf 79' lang='lat' dir='ltr'><strong>CAPIT</strong></span> <span class='ocrx_word' id='word_1_167' title='bbox 1005 2810 1188 2864; x_wconf 77' lang='lat' dir='ltr'><strong>ULUM</strong></span> <span class='ocrx_word' id='word_1_168' title='bbox 1224 2812 1442 2866; x_wconf 74' lang='lat' dir='ltr'><strong>XLVIII.</strong></span> 
     </span>
    </p>
   </div>
   <div class='ocr_carea' id='block_1_30' title="bbox 585 2897 1658 2966">
    <p class='ocr_par' dir='ltr' id='par_1_30' title="bbox 585 2897 1658 2966">
     <span class='ocr_line' id='line_1_30' title="bbox 585 2897 1658 2966; baseline 0.004 -17"><span class='ocrx_word' id='word_1_169' title='bbox 585 2897 660 2950; x_wconf 86' lang='lat' dir='ltr'><strong>De</strong></span> <span class='ocrx_word' id='word_1_170' title='bbox 682 2898 966 2965; x_wconf 84' lang='lat' dir='ltr'><strong>conjugatis</strong></span> <span class='ocrx_word' id='word_1_171' title='bbox 986 2899 1072 2965; x_wconf 87' lang='lat' dir='ltr'><strong>qui</strong></span> <span class='ocrx_word' id='word_1_172' title='bbox 1100 2898 1285 2950; x_wconf 82' lang='lat' dir='ltr'><strong>nubere</strong></span> <span class='ocrx_word' id='word_1_173' title='bbox 1311 2916 1411 2951; x_wconf 83' lang='lat' dir='ltr'><strong>non</strong></span> <span class='ocrx_word' id='word_1_174' title='bbox 1431 2911 1658 2966; x_wconf 84' lang='lat' dir='ltr'><strong>possunt.</strong></span> 
     </span>
    </p>
   </div>
   <div class='ocr_carea' id='block_1_31' title="bbox 430 2981 1885 3054">
    <p class='ocr_par' dir='ltr' id='par_1_31' title="bbox 430 2981 1885 3054">
     <span class='ocr_line' id='line_1_31' title="bbox 430 2981 1885 3054; baseline 0.007 -20"><span class='ocrx_word' id='word_1_175' title='bbox 430 2993 455 3020; x_wconf 74' lang='grc' dir='ltr'><strong>ο</strong></span> <span class='ocrx_word' id='word_1_176' title='bbox 489 2981 636 3046; x_wconf 85' lang='lat' dir='ltr'><strong>Quod</strong></span> <span class='ocrx_word' id='word_1_177' title='bbox 665 2993 837 3037; x_wconf 81' lang='lat' dir='ltr'><strong>autem</strong></span> <span class='ocrx_word' id='word_1_178' title='bbox 865 2985 1194 3053; x_wconf 74' lang='lat' dir='ltr'><strong>interrogasti</strong></span> <span class='ocrx_word' id='word_1_179' title='bbox 1226 2986 1288 3038; x_wconf 86' lang='lat' dir='ltr'><strong>de</strong></span> <span class='ocrx_word' id='word_1_180' title='bbox 1322 2985 1405 3040; x_wconf 90' lang='lat' dir='ltr'><strong>bis</strong></span> <span class='ocrx_word' id='word_1_181' title='bbox 1427 2987 1513 3054; x_wconf 86' lang='lat' dir='ltr'><strong>qui</strong></span> <span class='ocrx_word' id='word_1_182' title='bbox 1553 2988 1885 3044; x_wconf 80' lang='lat' dir='ltr'><strong>matrimonio</strong></span> 
     </span>
    </p>
   </div>
   <div class='ocr_carea' id='block_1_32' title="bbox 307 3067 1885 3141">
    <p class='ocr_par' dir='ltr' id='par_1_32' title="bbox 307 3067 1885 3141">
     <span class='ocr_line' id='line_1_32' title="bbox 307 3067 1885 3141; baseline 0.006 -21"><span class='ocrx_word' id='word_1_183' title='bbox 307 3136 313 3141; x_wconf 22' lang='grc' dir='ltr'>θ</span> <span class='ocrx_word' id='word_1_184' title='bbox 348 3067 520 3135; x_wconf 81' lang='lat' dir='ltr'><strong>juncti</strong></span> <span class='ocrx_word' id='word_1_185' title='bbox 546 3077 693 3131; x_wconf 87' lang='lat' dir='ltr'><strong>sunt,</strong></span> <span class='ocrx_word' id='word_1_186' title='bbox 721 3078 774 3123; x_wconf 86' lang='lat' dir='ltr'><strong>et</strong></span> <span class='ocrx_word' id='word_1_187' title='bbox 800 3072 996 3123; x_wconf 87' lang='lat' dir='ltr'><strong>nubere</strong></span> <span class='ocrx_word' id='word_1_188' title='bbox 1022 3086 1127 3129; x_wconf 85' lang='lat' dir='ltr'><strong>non</strong></span> <span class='ocrx_word' id='word_1_189' title='bbox 1152 3081 1396 3138; x_wconf 88' lang='lat' dir='ltr'><strong>possunt,</strong></span> <span class='ocrx_word' id='word_1_190' title='bbox 1424 3074 1470 3127; x_wconf 88' lang='lat' dir='ltr'><strong>si</strong></span> <span class='ocrx_word' id='word_1_191' title='bbox 1499 3074 1584 3128; x_wconf 91' lang='lat' dir='ltr'><strong>ille</strong></span> <span class='ocrx_word' id='word_1_192' title='bbox 1606 3076 1780 3138; x_wconf 85' lang='lat' dir='ltr'><strong>aliam,</strong></span> <span class='ocrx_word' id='word_1_193' title='bbox 1802 3076 1885 3131; x_wconf 89' lang='lat' dir='ltr'><strong>vel</strong></span> 
     </span>
    </p>
   </div>
   <div class='ocr_carea' id='block_1_33' title="bbox 356 3148 1883 3237">
    <p class='ocr_par' dir='ltr' id='par_1_33' title="bbox 356 3148 1883 3237">
     <span class='ocr_line' id='line_1_33' title="bbox 356 3148 1883 3237; baseline 0.005 -29"><span class='ocrx_word' id='word_1_194' title='bbox 356 3157 447 3210; x_wconf 87' lang='lat' dir='ltr'><strong>illa</strong></span> <span class='ocrx_word' id='word_1_195' title='bbox 475 3157 635 3209; x_wconf 90' lang='lat' dir='ltr'><strong>alium</strong></span> <span class='ocrx_word' id='word_1_196' title='bbox 663 3158 853 3209; x_wconf 87' lang='lat' dir='ltr'><strong>ducere</strong></span> <span class='ocrx_word' id='word_1_197' title='bbox 879 3148 1062 3227; x_wconf 72' lang='lat' dir='ltr'><strong>posslt,</strong></span> <span class='ocrx_word' id='word_1_198' title='bbox 1091 3162 1279 3225; x_wconf 85' lang='lat' dir='ltr'><strong>quibus</strong></span> <span class='ocrx_word' id='word_1_199' title='bbox 1302 3162 1553 3228; x_wconf 87' lang='lat' dir='ltr'><strong>scriptum</strong></span> <span class='ocrx_word' id='word_1_200' title='bbox 1579 3170 1659 3215; x_wconf 88' lang='lat' dir='ltr'><strong>est</strong></span> <span class='ocrx_word' id='word_1_201' title='bbox 1681 3180 1693 3213; x_wconf 90' lang='lat'><strong>:</strong></span> <span class='ocrx_word' id='word_1_202' title='bbox 1726 3162 1816 3237; x_wconf 69' lang='lat' dir='ltr'><strong>Yir</strong></span> <span class='ocrx_word' id='word_1_203' title='bbox 1836 3174 1883 3216; x_wconf 87' lang='lat' dir='ltr'><strong>et</strong></span> 
     </span>
    </p>
   </div>
   <div class='ocr_carea' id='block_1_34' title="bbox 1990 721 3509 787">
    <p class='ocr_par' dir='ltr' id='par_1_34' title="bbox 1990 721 3509 787">
     <span class='ocr_line' id='line_1_34' title="bbox 1990 721 3509 787; baseline -0.003 -8"><span class='ocrx_word' id='word_1_204' title='bbox 1990 736 2077 779; x_wconf 92' lang='lat' dir='ltr'><strong>tur</strong></span> <span class='ocrx_word' id='word_1_205' title='bbox 2104 728 2340 780; x_wconf 89' lang='lat' dir='ltr'><strong>homines</strong></span> <span class='ocrx_word' id='word_1_206' title='bbox 2368 740 2396 777; x_wconf 91' lang='lat' dir='ltr'><strong>a</strong></span> <span class='ocrx_word' id='word_1_207' title='bbox 2433 722 2691 777; x_wconf 88' lang='lat' dir='ltr'><strong>sacriﬁcio</strong></span> <span class='ocrx_word' id='word_1_208' title='bbox 2711 762 2724 784; x_wconf 98' lang='lat'><strong>,</strong></span> <span class='ocrx_word' id='word_1_209' title='bbox 2755 723 2890 775; x_wconf 84' lang='lat' dir='ltr'><strong>sicut</strong></span> <span class='ocrx_word' id='word_1_210' title='bbox 2924 721 3183 787; x_wconf 83' lang='lat' dir='ltr'><strong>quondam</strong></span> <span class='ocrx_word' id='word_1_211' title='bbox 3218 721 3353 774; x_wconf 88' lang='lat' dir='ltr'><strong>lilius</strong></span> <span class='ocrx_word' id='word_1_212' title='bbox 3398 722 3509 775; x_wconf 83' lang='lat' dir='ltr'><strong>lleli</strong></span> 
     </span>
    </p>
   </div>
   <div class='ocr_carea' id='block_1_35' title="bbox 1988 808 3512 881">
    <p class='ocr_par' dir='ltr' id='par_1_35' title="bbox 1988 808 3512 881">
     <span class='ocr_line' id='line_1_35' title="bbox 1988 808 3512 881; baseline -0.001 -16"><span class='ocrx_word' id='word_1_213' title='bbox 1988 816 2322 881; x_wconf 83' lang='lat' dir='ltr'><strong>peccantibus</strong></span> <span class='ocrx_word' id='word_1_214' title='bbox 2367 812 2585 864; x_wconf 86' lang='lat' dir='ltr'><strong>rebelles</strong></span> <span class='ocrx_word' id='word_1_215' title='bbox 2625 810 2747 863; x_wconf 90' lang='lat' dir='ltr'><strong>hinc</strong></span> <span class='ocrx_word' id='word_1_216' title='bbox 2789 809 2910 862; x_wconf 90' lang='lat' dir='ltr'><strong>inde</strong></span> <span class='ocrx_word' id='word_1_217' title='bbox 2944 808 3191 862; x_wconf 85' lang='lat' dir='ltr'><strong>contrarii</strong></span> <span class='ocrx_word' id='word_1_218' title='bbox 3229 810 3512 864; x_wconf 81' lang='lat' dir='ltr'><strong>existentes</strong></span> 
     </span>
    </p>
   </div>
   <div class='ocr_carea' id='block_1_36' title="bbox 1988 895 3512 968">
    <p class='ocr_par' dir='ltr' id='par_1_36' title="bbox 1988 895 3512 968">
     <span class='ocr_line' id='line_1_36' title="bbox 1988 895 3512 968; baseline -0.003 -15"><span class='ocrx_word' id='word_1_219' title='bbox 1988 902 2239 968; x_wconf 78' lang='lat' dir='ltr'><strong>exemplis</strong></span> <span class='ocrx_word' id='word_1_220' title='bbox 2265 901 2437 968; x_wconf 75' lang='lat' dir='ltr'><strong>pravis</strong></span> <span class='ocrx_word' id='word_1_221' title='bbox 2465 898 2695 966; x_wconf 84' lang='lat' dir='ltr'><strong>quotidie</strong></span> <span class='ocrx_word' id='word_1_222' title='bbox 2728 895 2931 963; x_wconf 79' lang='lat' dir='ltr'><strong>pejores</strong></span> <span class='ocrx_word' id='word_1_223' title='bbox 2959 895 3080 949; x_wconf 78' lang='lat' dir='ltr'><strong>facti</strong></span> <span class='ocrx_word' id='word_1_224' title='bbox 3108 905 3246 948; x_wconf 87' lang='lat' dir='ltr'><strong>sunt.</strong></span> <span class='ocrx_word' id='word_1_225' title='bbox 3291 896 3388 960; x_wconf 84' lang='lat' dir='ltr'><strong>Qui</strong></span> <span class='ocrx_word' id='word_1_226' title='bbox 3420 912 3512 949; x_wconf 86' lang='lat' dir='ltr'><strong>an-</strong></span> 
     </span>
    </p>
   </div>
   <div class='ocr_carea' id='block_1_37' title="bbox 1991 983 3508 1053">
    <p class='ocr_par' dir='ltr' id='par_1_37' title="bbox 1991 983 3508 1053">
     <span class='ocr_line' id='line_1_37' title="bbox 1991 983 3508 1053; baseline -0.001 -15"><span class='ocrx_word' id='word_1_227' title='bbox 1991 996 2092 1039; x_wconf 90' lang='lat' dir='ltr'><strong>tem</strong></span> <span class='ocrx_word' id='word_1_228' title='bbox 2127 987 2192 1040; x_wconf 85' lang='lat' dir='ltr'><strong>de</strong></span> <span class='ocrx_word' id='word_1_229' title='bbox 2230 986 2489 1053; x_wconf 75' lang='lat' dir='ltr'><strong>praedictis</strong></span> <span class='ocrx_word' id='word_1_230' title='bbox 2531 985 2659 1036; x_wconf 89' lang='lat' dir='ltr'><strong>viris</strong></span> <span class='ocrx_word' id='word_1_231' title='bbox 2698 998 2792 1050; x_wconf 84' lang='lat' dir='ltr'><strong>per</strong></span> <span class='ocrx_word' id='word_1_232' title='bbox 2830 983 3085 1036; x_wconf 87' lang='lat' dir='ltr'><strong>occultam</strong></span> <span class='ocrx_word' id='word_1_233' title='bbox 3132 983 3508 1037; x_wconf 69' lang='lat' dir='ltr'><strong>confessionem</strong></span> 
     </span>
    </p>
   </div>
   <div class='ocr_carea' id='block_1_38' title="bbox 1987 1072 3507 1142">
    <p class='ocr_par' dir='ltr' id='par_1_38' title="bbox 1987 1072 3507 1142">
     <span class='ocr_line' id='line_1_38' title="bbox 1987 1072 3507 1142; baseline -0.001 -18"><span class='ocrx_word' id='word_1_234' title='bbox 1987 1082 2198 1138; x_wconf 86' lang='lat' dir='ltr'><strong>peccata</strong></span> <span class='ocrx_word' id='word_1_235' title='bbox 2229 1088 2341 1142; x_wconf 11' lang='lat' dir='ltr'><strong>atse</strong></span> <span class='ocrx_word' id='word_1_236' title='bbox 2379 1074 2629 1125; x_wconf 84' lang='lat' dir='ltr'><strong>absconse</strong></span> <span class='ocrx_word' id='word_1_237' title='bbox 2666 1072 2942 1125; x_wconf 85' lang='lat' dir='ltr'><strong>commissa</strong></span> <span class='ocrx_word' id='word_1_238' title='bbox 2981 1086 3157 1124; x_wconf 88' lang='lat' dir='ltr'><strong>coram</strong></span> <span class='ocrx_word' id='word_1_239' title='bbox 3196 1072 3360 1124; x_wconf 83' lang='lat' dir='ltr'><strong>oculis</strong></span> <span class='ocrx_word' id='word_1_240' title='bbox 3396 1073 3507 1136; x_wconf 85' lang='lat' dir='ltr'><strong>Dei,</strong></span> 
     </span>
    </p>
   </div>
   <div class='ocr_carea' id='block_1_39' title="bbox 1986 1162 3513 1230">
    <p class='ocr_par' dir='ltr' id='par_1_39' title="bbox 1986 1162 3513 1230">
     <span class='ocr_line' id='line_1_39' title="bbox 1986 1162 3513 1230; baseline 0.001 -18"><span class='ocrx_word' id='word_1_241' title='bbox 1986 1171 2241 1230; x_wconf 80' lang='lat' dir='ltr'><strong>praesente</strong></span> <span class='ocrx_word' id='word_1_242' title='bbox 2261 1164 2419 1215; x_wconf 87' lang='lat' dir='ltr'><strong>etiam</strong></span> <span class='ocrx_word' id='word_1_243' title='bbox 2444 1162 2712 1216; x_wconf 87' lang='lat' dir='ltr'><strong>sacerdote</strong></span> <span class='ocrx_word' id='word_1_244' title='bbox 2735 1162 2821 1229; x_wconf 90' lang='lat' dir='ltr'><strong>qui</strong></span> <span class='ocrx_word' id='word_1_245' title='bbox 2842 1164 2918 1215; x_wconf 89' lang='lat' dir='ltr'><strong>eis</strong></span> <span class='ocrx_word' id='word_1_246' title='bbox 2938 1162 3229 1215; x_wconf 82' lang='lat' dir='ltr'><strong>indicturus</strong></span> <span class='ocrx_word' id='word_1_247' title='bbox 3251 1172 3329 1215; x_wconf 86' lang='lat' dir='ltr'><strong>est</strong></span> <span class='ocrx_word' id='word_1_248' title='bbox 3347 1164 3513 1229; x_wconf 82' lang='lat' dir='ltr'><strong>poeni-</strong></span> 
     </span>
    </p>
   </div>
   <div class='ocr_carea' id='block_1_40' title="bbox 1989 1250 3514 1320">
    <p class='ocr_par' dir='ltr' id='par_1_40' title="bbox 1989 1250 3514 1320">
     <span class='ocr_line' id='line_1_40' title="bbox 1989 1250 3514 1320; baseline 0.001 -19"><span class='ocrx_word' id='word_1_249' title='bbox 1989 1250 2220 1312; x_wconf 88' lang='lat' dir='ltr'><strong>tentiam,</strong></span> <span class='ocrx_word' id='word_1_250' title='bbox 2246 1251 2560 1304; x_wconf 87' lang='lat' dir='ltr'><strong>conﬁtentur</strong></span> <span class='ocrx_word' id='word_1_251' title='bbox 2580 1260 2631 1303; x_wconf 93' lang='lat' dir='ltr'><strong>et</strong></span> <span class='ocrx_word' id='word_1_252' title='bbox 2655 1252 2960 1318; x_wconf 88' lang='lat' dir='ltr'><strong>semetipsos</strong></span> <span class='ocrx_word' id='word_1_253' title='bbox 2985 1251 3211 1320; x_wconf 83' lang='lat' dir='ltr'><strong>graviter</strong></span> <span class='ocrx_word' id='word_1_254' title='bbox 3234 1252 3514 1316; x_wconf 82' lang='lat' dir='ltr'><strong>deliquisse</strong></span> 
     </span>
    </p>
   </div>
   <div class='ocr_carea' id='block_1_41' title="bbox 1988 1337 3513 1406">
    <p class='ocr_par' dir='ltr' id='par_1_41' title="bbox 1988 1337 3513 1406">
     <span class='ocr_line' id='line_1_41' title="bbox 1988 1337 3513 1406; baseline 0.002 -19"><span class='ocrx_word' id='word_1_255' title='bbox 1988 1345 2262 1399; x_wconf 89' lang='lat' dir='ltr'><strong>accusant,</strong></span> <span class='ocrx_word' id='word_1_256' title='bbox 2294 1340 2337 1390; x_wconf 87' lang='lat' dir='ltr'><strong>si</strong></span> <span class='ocrx_word' id='word_1_257' title='bbox 2371 1340 2627 1391; x_wconf 79' lang='lat' dir='ltr'><strong>veraciter</strong></span> <span class='ocrx_word' id='word_1_258' title='bbox 2653 1340 3021 1405; x_wconf 68' lang='lat' dir='ltr'><strong>pmnitueri‘nt,</strong></span> <span class='ocrx_word' id='word_1_259' title='bbox 3051 1347 3102 1393; x_wconf 87' lang='lat' dir='ltr'><strong>et</strong></span> <span class='ocrx_word' id='word_1_260' title='bbox 3126 1354 3180 1391; x_wconf 88' lang='lat' dir='ltr'><strong>sc</strong></span> <span class='ocrx_word' id='word_1_261' title='bbox 3204 1354 3297 1405; x_wconf 86' lang='lat' dir='ltr'><strong>per</strong></span> <span class='ocrx_word' id='word_1_262' title='bbox 3316 1337 3513 1406; x_wconf 82' lang='lat' dir='ltr'><strong>jejunia</strong></span> 
     </span>
    </p>
   </div>
   <div class='ocr_carea' id='block_1_42' title="bbox 1987 1425 3515 1494">
    <p class='ocr_par' dir='ltr' id='par_1_42' title="bbox 1987 1425 3515 1494">
     <span class='ocr_line' id='line_1_42' title="bbox 1987 1425 3515 1494; baseline 0.003 -18"><span class='ocrx_word' id='word_1_263' title='bbox 1987 1433 2041 1476; x_wconf 91' lang='lat' dir='ltr'><strong>et</strong></span> <span class='ocrx_word' id='word_1_264' title='bbox 2066 1425 2450 1493; x_wconf 81' lang='lat' dir='ltr'><strong>eleemosynas,</strong></span> <span class='ocrx_word' id='word_1_265' title='bbox 2472 1427 2808 1494; x_wconf 75' lang='lat' dir='ltr'><strong>vigiliasque,</strong></span> <span class='ocrx_word' id='word_1_266' title='bbox 2842 1436 2998 1493; x_wconf 87' lang='lat' dir='ltr'><strong>atque</strong></span> <span class='ocrx_word' id='word_1_267' title='bbox 3039 1442 3215 1480; x_wconf 89' lang='lat' dir='ltr'><strong>sacras</strong></span> <span class='ocrx_word' id='word_1_268' title='bbox 3250 1429 3515 1481; x_wconf 88' lang='lat' dir='ltr'><strong>orationes</strong></span> 
     </span>
    </p>
   </div>
   <div class='ocr_carea' id='block_1_43' title="bbox 1988 1511 3513 1581">
    <p class='ocr_par' dir='ltr' id='par_1_43' title="bbox 1988 1511 3513 1581">
     <span class='ocr_line' id='line_1_43' title="bbox 1988 1511 3513 1581; baseline -0.001 -17"><span class='ocrx_word' id='word_1_269' title='bbox 1988 1526 2107 1579; x_wconf 87' lang='lat' dir='ltr'><strong>cum</strong></span> <span class='ocrx_word' id='word_1_270' title='bbox 2134 1511 2375 1581; x_wconf 86' lang='lat' dir='ltr'><strong>lacrymis</strong></span> <span class='ocrx_word' id='word_1_271' title='bbox 2402 1527 2625 1581; x_wconf 80' lang='lat' dir='ltr'><strong>purgare</strong></span> <span class='ocrx_word' id='word_1_272' title='bbox 2645 1514 2980 1574; x_wconf 85' lang='lat' dir='ltr'><strong>certaverint,</strong></span> <span class='ocrx_word' id='word_1_273' title='bbox 3011 1514 3092 1565; x_wconf 90' lang='lat' dir='ltr'><strong>his</strong></span> <span class='ocrx_word' id='word_1_274' title='bbox 3119 1513 3273 1565; x_wconf 89' lang='lat' dir='ltr'><strong>etiam</strong></span> <span class='ocrx_word' id='word_1_275' title='bbox 3300 1512 3325 1552; x_wconf 74' lang='lat' dir='ltr'><strong>h</strong></span> <span class='ocrx_word' id='word_1_276' title='bbox 3351 1514 3513 1580; x_wconf 82' lang='lat' dir='ltr'><strong>gradu</strong></span> 
     </span>
    </p>
   </div>
   <div class='ocr_carea' id='block_1_44' title="bbox 1987 1599 3513 1666">
    <p class='ocr_par' dir='ltr' id='par_1_44' title="bbox 1987 1599 3513 1666">
     <span class='ocr_line' id='line_1_44' title="bbox 1987 1599 3513 1666; baseline 0.001 -16"><span class='ocrx_word' id='word_1_277' title='bbox 1987 1607 2210 1659; x_wconf 88' lang='lat' dir='ltr'><strong>servato,</strong></span> <span class='ocrx_word' id='word_1_278' title='bbox 2244 1613 2362 1665; x_wconf 88' lang='lat' dir='ltr'><strong>spes</strong></span> <span class='ocrx_word' id='word_1_279' title='bbox 2385 1600 2549 1652; x_wconf 64' lang='lat' dir='ltr'><strong>venire</strong></span> <span class='ocrx_word' id='word_1_280' title='bbox 2577 1599 2641 1653; x_wconf 90' lang='lat' dir='ltr'><strong>de</strong></span> <span class='ocrx_word' id='word_1_281' title='bbox 2669 1599 3026 1653; x_wconf 88' lang='lat' dir='ltr'><strong>misericordia</strong></span> <span class='ocrx_word' id='word_1_282' title='bbox 3050 1599 3140 1652; x_wconf 90' lang='lat' dir='ltr'><strong>Dei</strong></span> <span class='ocrx_word' id='word_1_283' title='bbox 3166 1599 3513 1666; x_wconf 82' lang='lat' dir='ltr'><strong>promittenda</strong></span> 
     </span>
    </p>
   </div>
   <div class='ocr_carea' id='block_1_45' title="bbox 1988 1686 3515 1757">
    <p class='ocr_par' dir='ltr' id='par_1_45' title="bbox 1988 1686 3515 1757">
     <span class='ocr_line' id='line_1_45' title="bbox 1988 1686 3515 1757; baseline 0.001 -17"><span class='ocrx_word' id='word_1_284' title='bbox 1988 1694 2088 1749; x_wconf 91' lang='lat' dir='ltr'><strong>est,</strong></span> <span class='ocrx_word' id='word_1_285' title='bbox 2115 1686 2205 1754; x_wconf 91' lang='lat' dir='ltr'><strong>qui</strong></span> <span class='ocrx_word' id='word_1_286' title='bbox 2232 1700 2412 1741; x_wconf 87' lang='lat' dir='ltr'><strong>omnes</strong></span> <span class='ocrx_word' id='word_1_287' title='bbox 2437 1688 2674 1741; x_wconf 87' lang='lat' dir='ltr'><strong>homines</strong></span> <span class='ocrx_word' id='word_1_288' title='bbox 2701 1688 2811 1740; x_wconf 91' lang='lat' dir='ltr'><strong>vult</strong></span> <span class='ocrx_word' id='word_1_289' title='bbox 2843 1689 3016 1742; x_wconf 87' lang='lat' dir='ltr'><strong>salvos</strong></span> <span class='ocrx_word' id='word_1_290' title='bbox 3040 1689 3173 1753; x_wconf 90' lang='lat' dir='ltr'><strong>ﬁeri,</strong></span> <span class='ocrx_word' id='word_1_291' title='bbox 3199 1697 3251 1743; x_wconf 90' lang='lat' dir='ltr'><strong>et</strong></span> <span class='ocrx_word' id='word_1_292' title='bbox 3277 1688 3342 1742; x_wconf 88' lang='lat' dir='ltr'><strong>ad</strong></span> <span class='ocrx_word' id='word_1_293' title='bbox 3366 1690 3515 1757; x_wconf 68' lang='lat' dir='ltr'><strong>agni~</strong></span> 
     </span>
    </p>
   </div>
   <div class='ocr_carea' id='block_1_46' title="bbox 1987 1772 3515 1844">
    <p class='ocr_par' dir='ltr' id='par_1_46' title="bbox 1987 1772 3515 1844">
     <span class='ocr_line' id='line_1_46' title="bbox 1987 1772 3515 1844; baseline 0.003 -19"><span class='ocrx_word' id='word_1_294' title='bbox 1987 1772 2181 1827; x_wconf 90' lang='lat' dir='ltr'><strong>tionem</strong></span> <span class='ocrx_word' id='word_1_295' title='bbox 2210 1774 2446 1827; x_wconf 77' lang='lat' dir='ltr'><strong>veritatis</strong></span> <span class='ocrx_word' id='word_1_296' title='bbox 2470 1774 2771 1842; x_wconf 83' lang='lat' dir='ltr'><strong>pervenire,</strong></span> <span class='ocrx_word' id='word_1_297' title='bbox 2806 1789 2973 1841; x_wconf 86' lang='lat' dir='ltr'><strong>neque</strong></span> <span class='ocrx_word' id='word_1_298' title='bbox 3003 1775 3117 1828; x_wconf 88' lang='lat' dir='ltr'><strong>vult</strong></span> <span class='ocrx_word' id='word_1_299' title='bbox 3150 1783 3370 1830; x_wconf 87' lang='lat' dir='ltr'><strong>mortem</strong></span> <span class='ocrx_word' id='word_1_300' title='bbox 3392 1790 3515 1844; x_wconf 90' lang='lat' dir='ltr'><strong>pec-</strong></span> 
     </span>
    </p>
   </div>
   <div class='ocr_carea' id='block_1_47' title="bbox 1988 1860 3019 1929">
    <p class='ocr_par' dir='ltr' id='par_1_47' title="bbox 1988 1860 3019 1929">
     <span class='ocr_line' id='line_1_47' title="bbox 1988 1860 3019 1929; baseline 0.005 -17"><span class='ocrx_word' id='word_1_301' title='bbox 1988 1860 2202 1926; x_wconf 88' lang='lat' dir='ltr'><strong>catoris,</strong></span> <span class='ocrx_word' id='word_1_302' title='bbox 2229 1862 2320 1915; x_wconf 91' lang='lat' dir='ltr'><strong>sed</strong></span> <span class='ocrx_word' id='word_1_303' title='bbox 2344 1870 2401 1915; x_wconf 90' lang='lat' dir='ltr'><strong>ut</strong></span> <span class='ocrx_word' id='word_1_304' title='bbox 2422 1871 2756 1929; x_wconf 80' lang='lat' dir='ltr'><strong>convertatur</strong></span> <span class='ocrx_word' id='word_1_305' title='bbox 2783 1872 2835 1916; x_wconf 89' lang='lat' dir='ltr'><strong>et</strong></span> <span class='ocrx_word' id='word_1_306' title='bbox 2864 1865 3019 1917; x_wconf 81' lang='lat' dir='ltr'><strong>vivat.</strong></span> 
     </span>
    </p>
   </div>
   <div class='ocr_carea' id='block_1_48' title="bbox 2508 1971 2991 2029">
    <p class='ocr_par' dir='ltr' id='par_1_48' title="bbox 2508 1971 2991 2029">
     <span class='ocr_line' id='line_1_48' title="bbox 2508 1971 2991 2029; baseline -0.004 -4"><span class='ocrx_word' id='word_1_307' title='bbox 2508 1971 2893 2029; x_wconf 80' lang='lat' dir='ltr'><strong>CAPITULUM</strong></span> <span class='ocrx_word' id='word_1_308' title='bbox 2930 1971 2991 2025; x_wconf 90' lang='lat' dir='ltr'><strong>L.</strong></span> 
     </span>
    </p>
   </div>
   <div class='ocr_carea' id='block_1_49' title="bbox 1985 2036 3512 2120">
    <p class='ocr_par' dir='ltr' id='par_1_49' title="bbox 1985 2036 3512 2120">
     <span class='ocr_line' id='line_1_49' title="bbox 1985 2036 3512 2120; baseline 0.005 -30"><span class='ocrx_word' id='word_1_309' title='bbox 1985 2036 2063 2093; x_wconf 87' lang='lat' dir='ltr'><strong>De</strong></span> <span class='ocrx_word' id='word_1_310' title='bbox 2099 2037 2187 2091; x_wconf 87' lang='lat' dir='ltr'><strong>illo</strong></span> <span class='ocrx_word' id='word_1_311' title='bbox 2220 2039 2305 2109; x_wconf 81' lang='lat' dir='ltr'><strong>qui</strong></span> <span class='ocrx_word' id='word_1_312' title='bbox 2340 2054 2429 2107; x_wconf 84' lang='lat' dir='ltr'><strong>per</strong></span> <span class='ocrx_word' id='word_1_313' title='bbox 2467 2040 2752 2119; x_wconf 71' lang='lat' dir='ltr'><strong>ebrietatem</strong></span> <span class='ocrx_word' id='word_1_314' title='bbox 2792 2040 2863 2093; x_wconf 86' lang='lat' dir='ltr'><strong>rel</strong></span> <span class='ocrx_word' id='word_1_315' title='bbox 2906 2040 3226 2120; x_wconf 38' lang='lat' dir='ltr'><strong>tioracitatcm</strong></span> <span class='ocrx_word' id='word_1_316' title='bbox 3263 2038 3512 2096; x_wconf 77' lang='lat' dir='ltr'><strong>Euchari-</strong></span> 
     </span>
    </p>
   </div>
   <div class='ocr_carea' id='block_1_50' title="bbox 2509 2118 2977 2163">
    <p class='ocr_par' dir='ltr' id='par_1_50' title="bbox 2509 2118 2977 2163">
     <span class='ocr_line' id='line_1_50' title="bbox 2509 2118 2977 2163; baseline 0.004 -5"><span class='ocrx_word' id='word_1_317' title='bbox 2509 2118 2658 2159; x_wconf 80' lang='lat' dir='ltr'><strong>stiam</strong></span> <span class='ocrx_word' id='word_1_318' title='bbox 2689 2118 2977 2163; x_wconf 76' lang='lat' dir='ltr'><strong>evomuerit.</strong></span> 
     </span>
    </p>
   </div>
   <div class='ocr_carea' id='block_1_51' title="bbox 2058 2191 3515 2261">
    <p class='ocr_par' dir='ltr' id='par_1_51' title="bbox 2058 2191 3515 2261">
     <span class='ocr_line' id='line_1_51' title="bbox 2058 2191 3515 2261; baseline 0.003 -16"><span class='ocrx_word' id='word_1_319' title='bbox 2058 2195 2074 2233; x_wconf 83' lang='grc' dir='ltr'>ί</span> <span class='ocrx_word' id='word_1_320' title='bbox 2110 2191 2165 2246; x_wconf 87' lang='lat' dir='ltr'><strong>Si</strong></span> <span class='ocrx_word' id='word_1_321' title='bbox 2190 2193 2307 2260; x_wconf 90' lang='lat' dir='ltr'><strong>quis</strong></span> <span class='ocrx_word' id='word_1_322' title='bbox 2332 2208 2427 2261; x_wconf 88' lang='lat' dir='ltr'><strong>per</strong></span> <span class='ocrx_word' id='word_1_323' title='bbox 2460 2193 2762 2246; x_wconf 86' lang='lat' dir='ltr'><strong>ebrietatem</strong></span> <span class='ocrx_word' id='word_1_324' title='bbox 2791 2196 2871 2244; x_wconf 85' lang='lat' dir='ltr'><strong>vel</strong></span> <span class='ocrx_word' id='word_1_325' title='bbox 2898 2195 3237 2250; x_wconf 83' lang='lat' dir='ltr'><strong>voracitatem</strong></span> <span class='ocrx_word' id='word_1_326' title='bbox 3262 2195 3515 2249; x_wconf 85' lang='lat' dir='ltr'><strong>Euchari-</strong></span> 
     </span>
    </p>
   </div>
   <div class='ocr_carea' id='block_1_52' title="bbox 1983 2280 3515 2357">
    <p class='ocr_par' dir='ltr' id='par_1_52' title="bbox 1983 2280 3515 2357">
     <span class='ocr_line' id='line_1_52' title="bbox 1983 2280 3515 2357; baseline 0.001 -24"><span class='ocrx_word' id='word_1_327' title='bbox 1983 2280 2136 2333; x_wconf 60' lang='lat' dir='ltr'><strong>stiam</strong></span> <span class='ocrx_word' id='word_1_328' title='bbox 2169 2280 2486 2342; x_wconf 89' lang='lat' dir='ltr'><strong>evomuerit,</strong></span> <span class='ocrx_word' id='word_1_329' title='bbox 2526 2281 2885 2357; x_wconf 24' lang='lat' dir='ltr'><strong>quadraginta.</strong></span> <span class='ocrx_word' id='word_1_330' title='bbox 2913 2281 3027 2335; x_wconf 86' lang='lat' dir='ltr'><strong>dies</strong></span> <span class='ocrx_word' id='word_1_331' title='bbox 3058 2282 3214 2342; x_wconf 71' lang='lat' dir='ltr'><strong>omn&quot;</strong></span> <span class='ocrx_word' id='word_1_332' title='bbox 3257 2290 3342 2346; x_wconf 74' lang='lat' dir='ltr'><strong>at,</strong></span> <span class='ocrx_word' id='word_1_333' title='bbox 3375 2283 3416 2335; x_wconf 90' lang='lat' dir='ltr'><strong>si</strong></span> <span class='ocrx_word' id='word_1_334' title='bbox 3448 2284 3515 2335; x_wconf 89' lang='lat' dir='ltr'><strong>sit</strong></span> 
     </span>
    </p>
   </div>
   <div class='ocr_carea' id='block_1_53' title="bbox 1982 2368 3515 2441">
    <p class='ocr_par' dir='ltr' id='par_1_53' title="bbox 1982 2368 3515 2441">
     <span class='ocr_line' id='line_1_53' title="bbox 1982 2368 3515 2441; baseline 0.003 -21"><span class='ocrx_word' id='word_1_335' title='bbox 1982 2368 2202 2421; x_wconf 85' lang='lat' dir='ltr'><strong>clericus</strong></span> <span class='ocrx_word' id='word_1_336' title='bbox 2219 2406 2234 2431; x_wconf 89' lang='lat'><strong>,</strong></span> <span class='ocrx_word' id='word_1_337' title='bbox 2261 2368 2343 2418; x_wconf 89' lang='lat' dir='ltr'><strong>vel</strong></span> <span class='ocrx_word' id='word_1_338' title='bbox 2372 2368 2658 2421; x_wconf 88' lang='lat' dir='ltr'><strong>monachus</strong></span> <span class='ocrx_word' id='word_1_339' title='bbox 2685 2382 2773 2420; x_wconf 92' lang='lat' dir='ltr'><strong>seu</strong></span> <span class='ocrx_word' id='word_1_340' title='bbox 2801 2368 2997 2434; x_wconf 50' lang='lat' dir='ltr'><strong>diaconi</strong></span> <span class='ocrx_word' id='word_1_341' title='bbox 3272 2379 3407 2441; x_wconf 81' lang='lat' dir='ltr'><strong>yter,</strong></span> <span class='ocrx_word' id='word_1_342' title='bbox 3435 2385 3515 2424; x_wconf 86' lang='lat' dir='ltr'><strong>se-</strong></span> 
     </span>
    </p>
   </div>
   <div class='ocr_carea' id='block_1_54' title="bbox 1980 2454 3515 2528">
    <p class='ocr_par' dir='ltr' id='par_1_54' title="bbox 1980 2454 3515 2528">
     <span class='ocr_line' id='line_1_54' title="bbox 1980 2454 3515 2528; baseline 0.005 -22"><span class='ocrx_word' id='word_1_343' title='bbox 1980 2454 2251 2523; x_wconf 81' lang='lat' dir='ltr'><strong>ptuaginta</strong></span> <span class='ocrx_word' id='word_1_344' title='bbox 2280 2454 2423 2519; x_wconf 88' lang='lat' dir='ltr'><strong>dies;</strong></span> <span class='ocrx_word' id='word_1_345' title='bbox 2450 2457 2723 2523; x_wconf 86' lang='lat' dir='ltr'><strong>episcopus</strong></span> <span class='ocrx_word' id='word_1_346' title='bbox 2752 2457 3009 2528; x_wconf 74' lang='lat' dir='ltr'><strong>nonagint.</strong></span> <span class='ocrx_word' id='word_1_347' title='bbox 3166 2474 3262 2528; x_wconf 50' lang='grc' dir='ltr'><strong>...σο</strong></span> <span class='ocrx_word' id='word_1_348' title='bbox 3296 2458 3515 2514; x_wconf 85' lang='lat' dir='ltr'><strong>inﬁrmi-</strong></span> 
     </span>
    </p>
   </div>
   <div class='ocr_carea' id='block_1_55' title="bbox 1984 2542 3306 2613">
    <p class='ocr_par' dir='ltr' id='par_1_55' title="bbox 1984 2542 3306 2613">
     <span class='ocr_line' id='line_1_55' title="bbox 1984 2542 3306 2613; baseline 0.003 -20"><span class='ocrx_word' id='word_1_349' title='bbox 1984 2542 2105 2594; x_wconf 88' lang='lat' dir='ltr'><strong>tatis</strong></span> <span class='ocrx_word' id='word_1_350' title='bbox 2131 2556 2287 2594; x_wconf 89' lang='lat' dir='ltr'><strong>causa</strong></span> <span class='ocrx_word' id='word_1_351' title='bbox 2314 2544 2603 2594; x_wconf 90' lang='lat' dir='ltr'><strong>evomuerit</strong></span> <span class='ocrx_word' id='word_1_352' title='bbox 2620 2582 2633 2603; x_wconf 89' lang='lat'><strong>,</strong></span> <span class='ocrx_word' id='word_1_353' title='bbox 2673 2542 2868 2611; x_wconf 67' lang='lat' dir='ltr'><strong>septem</strong></span> <span class='ocrx_word' id='word_1_354' title='bbox 2898 2544 3010 2597; x_wconf 85' lang='lat' dir='ltr'><strong>dies</strong></span> <span class='ocrx_word' id='word_1_355' title='bbox 3036 2545 3306 2613; x_wconf 63' lang='lat' dir='ltr'><strong>paniteat.</strong></span> 
     </span>
    </p>
   </div>
   <div class='ocr_carea' id='block_1_56' title="bbox 2491 2649 2993 2704">
    <p class='ocr_par' dir='ltr' id='par_1_56' title="bbox 2491 2649 2993 2704">
     <span class='ocr_line' id='line_1_56' title="bbox 2491 2649 2993 2704; baseline 0.004 -2"><span class='ocrx_word' id='word_1_356' title='bbox 2491 2649 2873 2704; x_wconf 60' lang='lat' dir='ltr'><strong>CAPITULUM</strong></span> <span class='ocrx_word' id='word_1_357' title='bbox 2910 2651 2993 2704; x_wconf 75' lang='grc' dir='ltr'><strong>ιι.</strong></span> 
     </span>
    </p>
   </div>
   <div class='ocr_carea' id='block_1_57' title="bbox 2099 2715 3404 2787">
    <p class='ocr_par' dir='ltr' id='par_1_57' title="bbox 2099 2715 3404 2787">
     <span class='ocr_line' id='line_1_57' title="bbox 2099 2715 3404 2787; baseline 0.002 -16"><span class='ocrx_word' id='word_1_358' title='bbox 2099 2715 2155 2771; x_wconf 85' lang='lat' dir='ltr'><strong>Si</strong></span> <span class='ocrx_word' id='word_1_359' title='bbox 2182 2715 2374 2785; x_wconf 87' lang='lat' dir='ltr'><strong>aliquid</strong></span> <span class='ocrx_word' id='word_1_360' title='bbox 2398 2717 2461 2769; x_wconf 84' lang='lat' dir='ltr'><strong>de</strong></span> <span class='ocrx_word' id='word_1_361' title='bbox 2488 2718 2643 2770; x_wconf 84' lang='lat' dir='ltr'><strong>calice</strong></span> <span class='ocrx_word' id='word_1_362' title='bbox 2673 2720 2805 2770; x_wconf 80' lang='lat' dir='ltr'><strong>sacri</strong></span> <span class='ocrx_word' id='word_1_363' title='bbox 2831 2718 3095 2787; x_wconf 75' lang='lat' dir='ltr'><strong>sanguinis</strong></span> <span class='ocrx_word' id='word_1_364' title='bbox 3124 2719 3404 2774; x_wconf 74' lang='lat' dir='ltr'><strong>stillarcrit.</strong></span> 
     </span>
    </p>
   </div>
   <div class='ocr_carea' id='block_1_58' title="bbox 2050 2800 3512 2878">
    <p class='ocr_par' dir='ltr' id='par_1_58' title="bbox 2050 2800 3512 2878">
     <span class='ocr_line' id='line_1_58' title="bbox 2050 2800 3512 2878; baseline 0.006 -21"><span class='ocrx_word' id='word_1_365' title='bbox 2050 2800 2106 2857; x_wconf 91' lang='lat' dir='ltr'><strong>Si</strong></span> <span class='ocrx_word' id='word_1_366' title='bbox 2134 2819 2258 2857; x_wconf 85' lang='lat' dir='ltr'><strong>vero</strong></span> <span class='ocrx_word' id='word_1_367' title='bbox 2292 2818 2386 2871; x_wconf 90' lang='lat' dir='ltr'><strong>per</strong></span> <span class='ocrx_word' id='word_1_368' title='bbox 2424 2806 2795 2872; x_wconf 73' lang='lat' dir='ltr'><strong>negligentiam</strong></span> <span class='ocrx_word' id='word_1_369' title='bbox 2825 2809 2888 2861; x_wconf 88' lang='lat' dir='ltr'><strong>de</strong></span> <span class='ocrx_word' id='word_1_370' title='bbox 2926 2810 3089 2863; x_wconf 85' lang='lat' dir='ltr'><strong>calice</strong></span> <span class='ocrx_word' id='word_1_371' title='bbox 3124 2810 3318 2878; x_wconf 86' lang='lat' dir='ltr'><strong>aliquid</strong></span> <span class='ocrx_word' id='word_1_372' title='bbox 3348 2812 3512 2866; x_wconf 84' lang='lat' dir='ltr'><strong>stilla-</strong></span> 
     </span>
    </p>
   </div>
   <div class='ocr_carea' id='block_1_59' title="bbox 1981 2885 3509 2954">
    <p class='ocr_par' dir='ltr' id='par_1_59' title="bbox 1981 2885 3509 2954">
     <span class='ocr_line' id='line_1_59' title="bbox 1981 2885 3509 2954; baseline 0.005 -11"><span class='ocrx_word' id='word_1_373' title='bbox 1981 2892 2117 2946; x_wconf 86' lang='lat' dir='ltr'><strong>verit</strong></span> <span class='ocrx_word' id='word_1_374' title='bbox 2145 2892 2196 2945; x_wconf 91' lang='lat' dir='ltr'><strong>in</strong></span> <span class='ocrx_word' id='word_1_375' title='bbox 2224 2902 2434 2954; x_wconf 91' lang='lat' dir='ltr'><strong>terram,</strong></span> <span class='ocrx_word' id='word_1_376' title='bbox 2466 2885 2641 2946; x_wconf 83' lang='lat' dir='ltr'><strong>tabula</strong></span> <span class='ocrx_word' id='word_1_377' title='bbox 2670 2895 2898 2947; x_wconf 89' lang='lat' dir='ltr'><strong>radetur.</strong></span> <span class='ocrx_word' id='word_1_378' title='bbox 2931 2888 2986 2948; x_wconf 86' lang='lat' dir='ltr'><strong>Si</strong></span> <span class='ocrx_word' id='word_1_379' title='bbox 3016 2911 3118 2950; x_wconf 86' lang='lat' dir='ltr'><strong>non</strong></span> <span class='ocrx_word' id='word_1_380' title='bbox 3149 2897 3306 2950; x_wconf 82' lang='lat' dir='ltr'><strong>fuerit</strong></span> <span class='ocrx_word' id='word_1_381' title='bbox 3336 2898 3509 2951; x_wconf 85' lang='lat' dir='ltr'><strong>tabula</strong></span> 
     </span>
    </p>
   </div>
   <div class='ocr_carea' id='block_1_60' title="bbox 1981 2982 3513 3055">
    <p class='ocr_par' dir='ltr' id='par_1_60' title="bbox 1981 2982 3513 3055">
     <span class='ocr_line' id='line_1_60' title="bbox 1981 2982 3513 3055; baseline 0.004 -20"><span class='ocrx_word' id='word_1_382' title='bbox 1981 2991 2038 3036; x_wconf 89' lang='lat' dir='ltr'><strong>ut</strong></span> <span class='ocrx_word' id='word_1_383' title='bbox 2062 2998 2164 3036; x_wconf 92' lang='lat' dir='ltr'><strong>non</strong></span> <span class='ocrx_word' id='word_1_384' title='bbox 2187 2983 2541 3045; x_wconf 86' lang='lat' dir='ltr'><strong>conculcetur,</strong></span> <span class='ocrx_word' id='word_1_385' title='bbox 2570 2982 2717 3036; x_wconf 91' lang='lat' dir='ltr'><strong>locus</strong></span> <span class='ocrx_word' id='word_1_386' title='bbox 2742 2984 3070 3049; x_wconf 89' lang='lat' dir='ltr'><strong>conradetur,</strong></span> <span class='ocrx_word' id='word_1_387' title='bbox 3100 2994 3152 3039; x_wconf 93' lang='lat' dir='ltr'><strong>et</strong></span> <span class='ocrx_word' id='word_1_388' title='bbox 3178 2986 3228 3039; x_wconf 91' lang='lat' dir='ltr'><strong>in</strong></span> <span class='ocrx_word' id='word_1_389' title='bbox 3254 2986 3369 3055; x_wconf 78' lang='lat' dir='ltr'><strong>igne</strong></span> <span class='ocrx_word' id='word_1_390' title='bbox 3392 3002 3513 3041; x_wconf 85' lang='lat' dir='ltr'><strong>con-</strong></span> 
     </span>
    </p>
   </div>
   <div class='ocr_carea' id='block_1_61' title="bbox 1980 3070 3510 3135">
    <p class='ocr_par' dir='ltr' id='par_1_61' title="bbox 1980 3070 3510 3135">
     <span class='ocr_line' id='line_1_61' title="bbox 1980 3070 3510 3135; baseline 0.004 -12"><span class='ocrx_word' id='word_1_391' title='bbox 1980 3079 2235 3132; x_wconf 87' lang='lat' dir='ltr'><strong>sumetur,</strong></span> <span class='ocrx_word' id='word_1_392' title='bbox 2264 3077 2317 3123; x_wconf 86' lang='lat' dir='ltr'><strong>et</strong></span> <span class='ocrx_word' id='word_1_393' title='bbox 2341 3070 2473 3123; x_wconf 90' lang='lat' dir='ltr'><strong>cinis</strong></span> <span class='ocrx_word' id='word_1_394' title='bbox 2499 3070 2632 3121; x_wconf 90' lang='lat' dir='ltr'><strong>intra</strong></span> <span class='ocrx_word' id='word_1_395' title='bbox 2655 3070 2819 3125; x_wconf 89' lang='lat' dir='ltr'><strong>altare</strong></span> <span class='ocrx_word' id='word_1_396' title='bbox 2844 3073 3173 3135; x_wconf 90' lang='lat' dir='ltr'><strong>recondetur,</strong></span> <span class='ocrx_word' id='word_1_397' title='bbox 3198 3083 3251 3127; x_wconf 85' lang='lat' dir='ltr'><strong>et</strong></span> <span class='ocrx_word' id='word_1_398' title='bbox 3269 3076 3510 3129; x_wconf 89' lang='lat' dir='ltr'><strong>sacerdos</strong></span> 
     </span>
    </p>
   </div>
   <div class='ocr_carea' id='block_1_62' title="bbox 1981 3154 3513 3227">
    <p class='ocr_par' dir='ltr' id='par_1_62' title="bbox 1981 3154 3513 3227">
     <span class='ocr_line' id='line_1_62' title="bbox 1981 3154 3513 3227; baseline 0.007 -20"><span class='ocrx_word' id='word_1_399' title='bbox 1981 3157 2319 3224; x_wconf 77' lang='lat' dir='ltr'><strong>quadraginta</strong></span> <span class='ocrx_word' id='word_1_400' title='bbox 2358 3157 2469 3211; x_wconf 90' lang='lat' dir='ltr'><strong>dies</strong></span> <span class='ocrx_word' id='word_1_401' title='bbox 2500 3158 2769 3224; x_wconf 72' lang='lat' dir='ltr'><strong>poeniteat.</strong></span> <span class='ocrx_word' id='word_1_402' title='bbox 2806 3158 2861 3212; x_wconf 90' lang='lat' dir='ltr'><strong>Si</strong></span> <span class='ocrx_word' id='word_1_403' title='bbox 2896 3174 3053 3227; x_wconf 89' lang='lat' dir='ltr'><strong>super</strong></span> <span class='ocrx_word' id='word_1_404' title='bbox 3088 3162 3252 3215; x_wconf 87' lang='lat' dir='ltr'><strong>altare</strong></span> <span class='ocrx_word' id='word_1_405' title='bbox 3289 3160 3302 3212; x_wconf 87' lang='lat' dir='ltr'><strong>i</strong></span> <span class='ocrx_word' id='word_1_406' title='bbox 3348 3154 3513 3217; x_wconf 88' lang='lat' dir='ltr'><strong>stilla-</strong></span> 
     </span>
    </p>
   </div>
   <div class='ocr_carea' id='block_1_63' title="bbox 351 3233 3509 3325">
    <p class='ocr_par' dir='ltr' id='par_1_63' title="bbox 351 3233 3509 3325">
     <span class='ocr_line' id='line_1_63' title="bbox 351 3233 3509 3325; baseline 0.004 -29"><span class='ocrx_word' id='word_1_407' title='bbox 351 3244 540 3325; x_wconf 59' lang='lat' dir='ltr'><strong>mulier</strong></span> <span class='ocrx_word' id='word_1_408' title='bbox 557 3246 600 3298; x_wconf 88' lang='lat' dir='ltr'><strong>si</strong></span> <span class='ocrx_word' id='word_1_409' title='bbox 625 3261 676 3297; x_wconf 85' lang='lat' dir='ltr'><strong>se</strong></span> <span class='ocrx_word' id='word_1_410' title='bbox 702 3251 1058 3319; x_wconf 32' lang='lat' dir='ltr'><strong>coniunxerint</strong></span> <span class='ocrx_word' id='word_1_411' title='bbox 1074 3287 1088 3310; x_wconf 91' lang='lat'><strong>,</strong></span> <span class='ocrx_word' id='word_1_412' title='bbox 1116 3260 1162 3300; x_wconf 83' lang='lat' dir='ltr'><strong>et</strong></span> <span class='ocrx_word' id='word_1_413' title='bbox 1191 3260 1358 3310; x_wconf 71' lang='lat' dir='ltr'><strong>postea</strong></span> <span class='ocrx_word' id='word_1_414' title='bbox 1384 3250 1565 3302; x_wconf 60' lang='lat' dir='ltr'><strong>nautier</strong></span> <span class='ocrx_word' id='word_1_415' title='bbox 1586 3251 1648 3303; x_wconf 72' lang='lat' dir='ltr'><strong>de</strong></span> <span class='ocrx_word' id='word_1_416' title='bbox 1668 3233 1772 3305; x_wconf 65' lang='grc' dir='ltr'><strong>υίπὲο</strong></span> <span class='ocrx_word' id='word_1_417' title='bbox 1797 3254 1881 3305; x_wconf 72' lang='grc' dir='ltr'><strong>ἀί-</strong></span> <span class='ocrx_word' id='word_1_418' title='bbox 1906 3233 1951 3293; x_wconf 80' lang='lat' dir='ltr'><strong><em>C</em></strong></span> <span class='ocrx_word' id='word_1_419' title='bbox 1981 3245 2114 3298; x_wconf 86' lang='lat' dir='ltr'><strong>verit</strong></span> <span class='ocrx_word' id='word_1_420' title='bbox 2145 3244 2301 3305; x_wconf 81' lang='lat' dir='ltr'><strong>calix,</strong></span> <span class='ocrx_word' id='word_1_421' title='bbox 2331 3246 2541 3298; x_wconf 86' lang='lat' dir='ltr'><strong>sorbeat</strong></span> <span class='ocrx_word' id='word_1_422' title='bbox 2565 3246 2801 3300; x_wconf 85' lang='lat' dir='ltr'><strong>minister</strong></span> <span class='ocrx_word' id='word_1_423' title='bbox 2821 3248 3029 3312; x_wconf 89' lang='lat' dir='ltr'><strong>stillam,</strong></span> <span class='ocrx_word' id='word_1_424' title='bbox 3054 3259 3106 3302; x_wconf 90' lang='lat' dir='ltr'><strong>et</strong></span> <span class='ocrx_word' id='word_1_425' title='bbox 3129 3258 3235 3303; x_wconf 85' lang='lat' dir='ltr'><strong>tres</strong></span> <span class='ocrx_word' id='word_1_426' title='bbox 3260 3251 3372 3305; x_wconf 88' lang='lat' dir='ltr'><strong>dies</strong></span> <span class='ocrx_word' id='word_1_427' title='bbox 3393 3267 3509 3319; x_wconf 71' lang='lat' dir='ltr'><strong>pte-</strong></span> 
     </span>
    </p>
   </div>
   <div class='ocr_carea' id='block_1_64' title="bbox 349 3330 1881 3407">
    <p class='ocr_par' dir='ltr' id='par_1_64' title="bbox 349 3330 1881 3407">
     <span class='ocr_line' id='line_1_64' title="bbox 349 3330 1881 3407; baseline 0.007 -25"><span class='ocrx_word' id='word_1_428' title='bbox 349 3332 504 3394; x_wconf 78' lang='lat' dir='ltr'><strong>:cerit,</strong></span> <span class='ocrx_word' id='word_1_429' title='bbox 539 3330 558 3368; x_wconf 67' lang='grc' dir='ltr'>ί</span> <span class='ocrx_word' id='word_1_430' title='bbox 585 3331 719 3399; x_wconf 85' lang='lat' dir='ltr'><strong>quod</strong></span> <span class='ocrx_word' id='word_1_431' title='bbox 744 3350 844 3384; x_wconf 79' lang='grc' dir='ltr'><strong>ηυιι</strong></span> <span class='ocrx_word' id='word_1_432' title='bbox 866 3338 1020 3398; x_wconf 67' lang='lat' dir='ltr'><strong>possit</strong></span> <span class='ocrx_word' id='word_1_433' title='bbox 1043 3337 1177 3387; x_wconf 84' lang='lat' dir='ltr'><strong>coire</strong></span> <span class='ocrx_word' id='word_1_434' title='bbox 1190 3352 1309 3388; x_wconf 77' lang='lat' dir='ltr'><strong>cum</strong></span> <span class='ocrx_word' id='word_1_435' title='bbox 1329 3353 1406 3399; x_wconf 86' lang='lat' dir='ltr'><strong>eo,</strong></span> <span class='ocrx_word' id='word_1_436' title='bbox 1430 3338 1473 3389; x_wconf 89' lang='lat' dir='ltr'><strong>si</strong></span> <span class='ocrx_word' id='word_1_437' title='bbox 1494 3346 1653 3406; x_wconf 83' lang='lat' dir='ltr'><strong>potest</strong></span> <span class='ocrx_word' id='word_1_438' title='bbox 1671 3340 1881 3407; x_wconf 87' lang='lat' dir='ltr'><strong>probare</strong></span> 
     </span>
    </p>
   </div>
   <div class='ocr_carea' id='block_1_65' title="bbox 350 3419 1877 3494">
    <p class='ocr_par' dir='ltr' id='par_1_65' title="bbox 350 3419 1877 3494">
     <span class='ocr_line' id='line_1_65' title="bbox 350 3419 1877 3494; baseline 0.008 -26"><span class='ocrx_word' id='word_1_439' title='bbox 350 3434 445 3485; x_wconf 84' lang='lat' dir='ltr'><strong>per</strong></span> <span class='ocrx_word' id='word_1_440' title='bbox 463 3419 663 3485; x_wconf 82' lang='lat' dir='ltr'><strong>justum</strong></span> <span class='ocrx_word' id='word_1_441' title='bbox 679 3420 956 3485; x_wconf 77' lang='lat' dir='ltr'><strong>judicium,</strong></span> <span class='ocrx_word' id='word_1_442' title='bbox 986 3422 1120 3489; x_wconf 81' lang='lat' dir='ltr'><strong>quod</strong></span> <span class='ocrx_word' id='word_1_443' title='bbox 1147 3438 1317 3475; x_wconf 80' lang='lat' dir='ltr'><strong>verum</strong></span> <span class='ocrx_word' id='word_1_444' title='bbox 1342 3434 1434 3487; x_wconf 86' lang='lat' dir='ltr'><strong>est,</strong></span> <span class='ocrx_word' id='word_1_445' title='bbox 1461 3427 1673 3494; x_wconf 86' lang='lat' dir='ltr'><strong>accipiat</strong></span> <span class='ocrx_word' id='word_1_446' title='bbox 1702 3427 1877 3479; x_wconf 84' lang='lat' dir='ltr'><strong>alium.</strong></span> 
     </span>
    </p>
   </div>
   <div class='ocr_carea' id='block_1_66' title="bbox 349 3503 1880 3579">
    <p class='ocr_par' dir='ltr' id='par_1_66' title="bbox 349 3503 1880 3579">
     <span class='ocr_line' id='line_1_66' title="bbox 349 3503 1880 3579; baseline 0.005 -22"><span class='ocrx_word' id='word_1_447' title='bbox 349 3504 483 3557; x_wconf 84' lang='lat' dir='ltr'><strong>Item</strong></span> <span class='ocrx_word' id='word_1_448' title='bbox 507 3521 519 3555; x_wconf 91' lang='lat'><strong>:</strong></span> <span class='ocrx_word' id='word_1_449' title='bbox 545 3503 605 3559; x_wconf 85' lang='lat' dir='ltr'><strong>Si</strong></span> <span class='ocrx_word' id='word_1_450' title='bbox 624 3507 734 3573; x_wconf 84' lang='lat' dir='ltr'><strong>quis</strong></span> <span class='ocrx_word' id='word_1_451' title='bbox 756 3509 1001 3574; x_wconf 84' lang='lat' dir='ltr'><strong>acceperit</strong></span> <span class='ocrx_word' id='word_1_452' title='bbox 1023 3523 1256 3571; x_wconf 70' lang='lat' dir='ltr'><strong>uxorem,</strong></span> <span class='ocrx_word' id='word_1_453' title='bbox 1272 3519 1318 3561; x_wconf 88' lang='lat' dir='ltr'><strong>et</strong></span> <span class='ocrx_word' id='word_1_454' title='bbox 1333 3509 1511 3562; x_wconf 76' lang='lat' dir='ltr'><strong>habeat</strong></span> <span class='ocrx_word' id='word_1_455' title='bbox 1531 3512 1691 3579; x_wconf 85' lang='lat' dir='ltr'><strong>ipsam</strong></span> <span class='ocrx_word' id='word_1_456' title='bbox 1710 3512 1880 3579; x_wconf 85' lang='lat' dir='ltr'><strong>aliqua</strong></span> 
     </span>
    </p>
   </div>
   <div class='ocr_carea' id='block_1_67' title="bbox 351 3582 1878 3663">
    <p class='ocr_par' dir='ltr' id='par_1_67' title="bbox 351 3582 1878 3663">
     <span class='ocr_line' id='line_1_67' title="bbox 351 3582 1878 3663; baseline 0.005 -20"><span class='ocrx_word' id='word_1_457' title='bbox 351 3582 593 3660; x_wconf 74' lang='lat' dir='ltr'><strong>tempore,</strong></span> <span class='ocrx_word' id='word_1_458' title='bbox 623 3602 669 3644; x_wconf 88' lang='lat' dir='ltr'><strong>et</strong></span> <span class='ocrx_word' id='word_1_459' title='bbox 691 3594 800 3660; x_wconf 81' lang='lat' dir='ltr'><strong>ipsa</strong></span> <span class='ocrx_word' id='word_1_460' title='bbox 826 3594 1012 3661; x_wconf 78' lang='lat' dir='ltr'><strong>femina</strong></span> <span class='ocrx_word' id='word_1_461' title='bbox 1036 3596 1157 3647; x_wconf 86' lang='lat' dir='ltr'><strong>dicit</strong></span> <span class='ocrx_word' id='word_1_462' title='bbox 1183 3597 1315 3662; x_wconf 84' lang='lat' dir='ltr'><strong>quod</strong></span> <span class='ocrx_word' id='word_1_463' title='bbox 1339 3614 1439 3651; x_wconf 86' lang='lat' dir='ltr'><strong>non</strong></span> <span class='ocrx_word' id='word_1_464' title='bbox 1462 3600 1636 3652; x_wconf 84' lang='lat' dir='ltr'><strong>coisset</strong></span> <span class='ocrx_word' id='word_1_465' title='bbox 1661 3615 1774 3651; x_wconf 86' lang='lat' dir='ltr'><strong>cum</strong></span> <span class='ocrx_word' id='word_1_466' title='bbox 1798 3614 1878 3663; x_wconf 89' lang='lat' dir='ltr'><strong>eo,</strong></span> 
     </span>
    </p>
   </div>
   <div class='ocr_carea' id='block_1_68' title="bbox 350 3679 1879 3756">
    <p class='ocr_par' dir='ltr' id='par_1_68' title="bbox 350 3679 1879 3756">
     <span class='ocr_line' id='line_1_68' title="bbox 350 3679 1879 3756; baseline 0.007 -26"><span class='ocrx_word' id='word_1_467' title='bbox 350 3688 397 3731; x_wconf 89' lang='lat' dir='ltr'><strong>et</strong></span> <span class='ocrx_word' id='word_1_468' title='bbox 420 3679 506 3730; x_wconf 81' lang='lat' dir='ltr'><strong>ille</strong></span> <span class='ocrx_word' id='word_1_469' title='bbox 527 3681 603 3730; x_wconf 80' lang='lat' dir='ltr'><strong>vir</strong></span> <span class='ocrx_word' id='word_1_470' title='bbox 622 3679 746 3730; x_wconf 84' lang='lat' dir='ltr'><strong>dicit</strong></span> <span class='ocrx_word' id='word_1_471' title='bbox 767 3681 901 3747; x_wconf 84' lang='lat' dir='ltr'><strong>quod</strong></span> <span class='ocrx_word' id='word_1_472' title='bbox 923 3681 1039 3747; x_wconf 72' lang='lat' dir='ltr'><strong>fecit</strong></span> <span class='ocrx_word' id='word_1_473' title='bbox 1063 3684 1252 3747; x_wconf 85' lang='lat' dir='ltr'><strong>invita;</strong></span> <span class='ocrx_word' id='word_1_474' title='bbox 1282 3684 1342 3737; x_wconf 87' lang='lat' dir='ltr'><strong>de</strong></span> <span class='ocrx_word' id='word_1_475' title='bbox 1379 3686 1485 3739; x_wconf 78' lang='lat' dir='ltr'><strong>viro</strong></span> <span class='ocrx_word' id='word_1_476' title='bbox 1522 3696 1737 3751; x_wconf 83' lang='lat' dir='ltr'><strong>constat,</strong></span> <span class='ocrx_word' id='word_1_477' title='bbox 1760 3690 1879 3756; x_wconf 86' lang='lat' dir='ltr'><strong>quia</strong></span> 
     </span>
    </p>
   </div>
   <div class='ocr_carea' id='block_1_69' title="bbox 350 3764 958 3832">
    <p class='ocr_par' dir='ltr' id='par_1_69' title="bbox 350 3764 958 3832">
     <span class='ocr_line' id='line_1_69' title="bbox 350 3764 958 3832; baseline 0.002 -16"><span class='ocrx_word' id='word_1_478' title='bbox 350 3765 429 3817; x_wconf 78' lang='lat' dir='ltr'><strong>eir</strong></span> <span class='ocrx_word' id='word_1_479' title='bbox 448 3773 520 3817; x_wconf 86' lang='lat' dir='ltr'><strong>est</strong></span> <span class='ocrx_word' id='word_1_480' title='bbox 542 3774 691 3832; x_wconf 85' lang='lat' dir='ltr'><strong>caput</strong></span> <span class='ocrx_word' id='word_1_481' title='bbox 712 3764 958 3819; x_wconf 74' lang='lat' dir='ltr'><strong>mulieris.</strong></span> 
     </span>
    </p>
   </div>
   <div class='ocr_carea' id='block_1_70' title="bbox 821 3852 1416 3909">
    <p class='ocr_par' dir='ltr' id='par_1_70' title="bbox 821 3852 1416 3909">
     <span class='ocr_line' id='line_1_70' title="bbox 821 3852 1416 3909; baseline 0.003 -4"><span class='ocrx_word' id='word_1_482' title='bbox 821 3852 1203 3908; x_wconf 85' lang='lat' dir='ltr'><strong>CAPITULUM</strong></span> <span class='ocrx_word' id='word_1_483' title='bbox 1240 3854 1416 3909; x_wconf 79' lang='lat' dir='ltr'><strong>XLIX.</strong></span> 
     </span>
    </p>
   </div>
   <div class='ocr_carea' id='block_1_71' title="bbox 352 3935 1877 4006">
    <p class='ocr_par' dir='ltr' id='par_1_71' title="bbox 352 3935 1877 4006">
     <span class='ocr_line' id='line_1_71' title="bbox 352 3935 1877 4006; baseline 0.005 -18"><span class='ocrx_word' id='word_1_484' title='bbox 352 3936 430 3988; x_wconf 86' lang='lat' dir='ltr'><strong>De</strong></span> <span class='ocrx_word' id='word_1_485' title='bbox 453 3935 789 4006; x_wconf 77' lang='lat' dir='ltr'><strong>ordinatis,_si</strong></span> <span class='ocrx_word' id='word_1_486' title='bbox 817 3947 964 4001; x_wconf 71' lang='lat' dir='ltr'><strong>ante,</strong></span> <span class='ocrx_word' id='word_1_487' title='bbox 991 3936 1067 3990; x_wconf 80' lang='lat' dir='ltr'><strong>cel</strong></span> <span class='ocrx_word' id='word_1_488' title='bbox 1100 3949 1210 4006; x_wconf 85' lang='lat' dir='ltr'><strong>post</strong></span> <span class='ocrx_word' id='word_1_489' title='bbox 1238 3941 1602 3994; x_wconf 81' lang='lat' dir='ltr'><strong>ordinationem</strong></span> <span class='ocrx_word' id='word_1_490' title='bbox 1631 3945 1682 3996; x_wconf 86' lang='lat' dir='ltr'><strong>in</strong></span> <span class='ocrx_word' id='word_1_491' title='bbox 1710 3946 1877 3996; x_wconf 85' lang='lat' dir='ltr'><strong>crimi-</strong></span> 
     </span>
    </p>
   </div>
   <div class='ocr_carea' id='block_1_72' title="bbox 614 4004 1619 4075">
    <p class='ocr_par' dir='ltr' id='par_1_72' title="bbox 614 4004 1619 4075">
     <span class='ocr_line' id='line_1_72' title="bbox 614 4004 1619 4075; baseline 0.009 -22"><span class='ocrx_word' id='word_1_492' title='bbox 614 4004 812 4056; x_wconf 81' lang='lat' dir='ltr'><strong>nalibus</strong></span> <span class='ocrx_word' id='word_1_493' title='bbox 841 4007 1054 4072; x_wconf 82' lang='lat' dir='ltr'><strong>peccatis</strong></span> <span class='ocrx_word' id='word_1_494' title='bbox 1094 4004 1382 4073; x_wconf 79' lang='lat' dir='ltr'><strong>deprehensi</strong></span> <span class='ocrx_word' id='word_1_495' title='bbox 1412 4008 1619 4075; x_wconf 83' lang='lat' dir='ltr'><strong>fuerint.</strong></span> 
     </span>
    </p>
   </div>
   <div class='ocr_carea' id='block_1_73' title="bbox 423 4091 1879 4163">
    <p class='ocr_par' dir='ltr' id='par_1_73' title="bbox 423 4091 1879 4163">
     <span class='ocr_line' id='line_1_73' title="bbox 423 4091 1879 4163; baseline 0.005 -20"><span class='ocrx_word' id='word_1_496' title='bbox 423 4093 449 4131; x_wconf 75' lang='grc' dir='ltr'><strong><em>ε</em></strong></span> <span class='ocrx_word' id='word_1_497' title='bbox 478 4091 553 4144; x_wconf 90' lang='lat' dir='ltr'><strong>De</strong></span> <span class='ocrx_word' id='word_1_498' title='bbox 583 4091 666 4144; x_wconf 88' lang='lat' dir='ltr'><strong>his</strong></span> <span class='ocrx_word' id='word_1_499' title='bbox 691 4105 816 4158; x_wconf 83' lang='lat' dir='ltr'><strong>ergo</strong></span> <span class='ocrx_word' id='word_1_500' title='bbox 835 4092 1006 4145; x_wconf 88' lang='lat' dir='ltr'><strong>visum</strong></span> <span class='ocrx_word' id='word_1_501' title='bbox 1031 4101 1111 4145; x_wconf 90' lang='lat' dir='ltr'><strong>est</strong></span> <span class='ocrx_word' id='word_1_502' title='bbox 1133 4094 1283 4146; x_wconf 89' lang='lat' dir='ltr'><strong>nobis</strong></span> <span class='ocrx_word' id='word_1_503' title='bbox 1306 4097 1562 4148; x_wconf 89' lang='lat' dir='ltr'><strong>conscribi</strong></span> <span class='ocrx_word' id='word_1_504' title='bbox 1588 4098 1676 4163; x_wconf 92' lang='lat' dir='ltr'><strong>qui</strong></span> <span class='ocrx_word' id='word_1_505' title='bbox 1702 4111 1879 4151; x_wconf 91' lang='lat' dir='ltr'><strong>sacros</strong></span> 
     </span>
    </p>
   </div>
   <div class='ocr_carea' id='block_1_74' title="bbox 347 4176 1875 4247">
    <p class='ocr_par' dir='ltr' id='par_1_74' title="bbox 347 4176 1875 4247">
     <span class='ocr_line' id='line_1_74' title="bbox 347 4176 1875 4247; baseline 0.007 -19"><span class='ocrx_word' id='word_1_506' title='bbox 347 4176 560 4229; x_wconf 89' lang='lat' dir='ltr'><strong>ordines</strong></span> <span class='ocrx_word' id='word_1_507' title='bbox 592 4176 811 4240; x_wconf 87' lang='lat' dir='ltr'><strong>habent,</strong></span> <span class='ocrx_word' id='word_1_508' title='bbox 840 4186 895 4230; x_wconf 91' lang='lat' dir='ltr'><strong>et</strong></span> <span class='ocrx_word' id='word_1_509' title='bbox 921 4186 1061 4240; x_wconf 89' lang='lat' dir='ltr'><strong>ante,</strong></span> <span class='ocrx_word' id='word_1_510' title='bbox 1091 4178 1168 4231; x_wconf 87' lang='lat' dir='ltr'><strong>vel</strong></span> <span class='ocrx_word' id='word_1_511' title='bbox 1198 4189 1316 4247; x_wconf 90' lang='lat' dir='ltr'><strong>post</strong></span> <span class='ocrx_word' id='word_1_512' title='bbox 1341 4182 1720 4236; x_wconf 90' lang='lat' dir='ltr'><strong>ordinationem</strong></span> <span class='ocrx_word' id='word_1_513' title='bbox 1748 4199 1875 4238; x_wconf 92' lang='lat' dir='ltr'><strong>eon-</strong></span> 
     </span>
    </p>
   </div>
   <div class='ocr_carea' id='block_1_75' title="bbox 348 4262 1877 4335">
    <p class='ocr_par' dir='ltr' id='par_1_75' title="bbox 348 4262 1877 4335">
     <span class='ocr_line' id='line_1_75' title="bbox 348 4262 1877 4335; baseline 0.007 -21"><span class='ocrx_word' id='word_1_514' title='bbox 348 4262 631 4315; x_wconf 88' lang='lat' dir='ltr'><strong>taminatos</strong></span> <span class='ocrx_word' id='word_1_515' title='bbox 671 4264 980 4329; x_wconf 89' lang='lat' dir='ltr'><strong>capitalibus</strong></span> <span class='ocrx_word' id='word_1_516' title='bbox 1019 4266 1326 4319; x_wconf 88' lang='lat' dir='ltr'><strong>criminibus</strong></span> <span class='ocrx_word' id='word_1_517' title='bbox 1362 4282 1418 4322; x_wconf 90' lang='lat' dir='ltr'><strong>se</strong></span> <span class='ocrx_word' id='word_1_518' title='bbox 1456 4269 1782 4335; x_wconf 77' lang='lat' dir='ltr'><strong>proﬁtentur.</strong></span> <span class='ocrx_word' id='word_1_519' title='bbox 1822 4271 1877 4325; x_wconf 88' lang='lat' dir='ltr'><strong>In</strong></span> 
     </span>
    </p>
   </div>
   <div class='ocr_carea' id='block_1_76' title="bbox 347 4349 1879 4420">
    <p class='ocr_par' dir='ltr' id='par_1_76' title="bbox 347 4349 1879 4420">
     <span class='ocr_line' id='line_1_76' title="bbox 347 4349 1879 4420; baseline 0.008 -20"><span class='ocrx_word' id='word_1_520' title='bbox 347 4349 554 4415; x_wconf 91' lang='lat' dir='ltr'><strong>quibus,</strong></span> <span class='ocrx_word' id='word_1_521' title='bbox 580 4357 638 4401; x_wconf 88' lang='lat' dir='ltr'><strong>ut</strong></span> <span class='ocrx_word' id='word_1_522' title='bbox 658 4350 787 4402; x_wconf 88' lang='lat' dir='ltr'><strong>mihi</strong></span> <span class='ocrx_word' id='word_1_523' title='bbox 816 4351 1037 4412; x_wconf 89' lang='lat' dir='ltr'><strong>videtur,</strong></span> <span class='ocrx_word' id='word_1_524' title='bbox 1067 4353 1179 4405; x_wconf 59' lang='lat' dir='ltr'><strong>haec</strong></span> <span class='ocrx_word' id='word_1_525' title='bbox 1211 4354 1458 4407; x_wconf 88' lang='lat' dir='ltr'><strong>distantia</strong></span> <span class='ocrx_word' id='word_1_526' title='bbox 1488 4371 1603 4410; x_wconf 91' lang='lat' dir='ltr'><strong>esse</strong></span> <span class='ocrx_word' id='word_1_527' title='bbox 1627 4358 1797 4420; x_wconf 87' lang='lat' dir='ltr'><strong>debet,</strong></span> <span class='ocrx_word' id='word_1_528' title='bbox 1822 4369 1879 4413; x_wconf 90' lang='lat' dir='ltr'><strong>ut</strong></span> 
     </span>
    </p>
   </div>
   <div class='ocr_carea' id='block_1_77' title="bbox 346 4435 1872 4511">
    <p class='ocr_par' dir='ltr' id='par_1_77' title="bbox 346 4435 1872 4511">
     <span class='ocr_line' id='line_1_77' title="bbox 346 4435 1872 4511; baseline 0.008 -24"><span class='ocrx_word' id='word_1_529' title='bbox 346 4436 391 4488; x_wconf 90' lang='lat' dir='ltr'><strong>si</strong></span> <span class='ocrx_word' id='word_1_530' title='bbox 428 4435 737 4503; x_wconf 88' lang='lat' dir='ltr'><strong>deprehensi</strong></span> <span class='ocrx_word' id='word_1_531' title='bbox 779 4437 862 4489; x_wconf 88' lang='lat' dir='ltr'><strong>vel</strong></span> <span class='ocrx_word' id='word_1_532' title='bbox 895 4438 1033 4505; x_wconf 90' lang='lat' dir='ltr'><strong>capti</strong></span> <span class='ocrx_word' id='word_1_533' title='bbox 1073 4438 1268 4492; x_wconf 77' lang='lat' dir='ltr'><strong>fuerint</strong></span> <span class='ocrx_word' id='word_1_534' title='bbox 1302 4443 1507 4507; x_wconf 86' lang='lat' dir='ltr'><strong>publice</strong></span> <span class='ocrx_word' id='word_1_535' title='bbox 1541 4444 1591 4497; x_wconf 91' lang='lat' dir='ltr'><strong>in</strong></span> <span class='ocrx_word' id='word_1_536' title='bbox 1628 4444 1872 4511; x_wconf 87' lang='lat' dir='ltr'><strong>perjurio,</strong></span> 
     </span>
    </p>
   </div>
   <div class='ocr_carea' id='block_1_78' title="bbox 345 4519 1953 4594">
    <p class='ocr_par' dir='ltr' id='par_1_78' title="bbox 345 4519 1953 4594">
     <span class='ocr_line' id='line_1_78' title="bbox 345 4519 1953 4594; baseline 0.005 -23"><span class='ocrx_word' id='word_1_537' title='bbox 345 4519 510 4584; x_wconf 78' lang='lat' dir='ltr'><strong>furto,</strong></span> <span class='ocrx_word' id='word_1_538' title='bbox 538 4528 630 4573; x_wconf 91' lang='lat' dir='ltr'><strong>aut</strong></span> <span class='ocrx_word' id='word_1_539' title='bbox 652 4520 993 4578; x_wconf 80' lang='lat' dir='ltr'><strong>fornicatione</strong></span> <span class='ocrx_word' id='word_1_540' title='bbox 1012 4563 1026 4588; x_wconf 94' lang='lat'><strong>,</strong></span> <span class='ocrx_word' id='word_1_541' title='bbox 1055 4531 1109 4576; x_wconf 92' lang='lat' dir='ltr'><strong>et</strong></span> <span class='ocrx_word' id='word_1_542' title='bbox 1133 4525 1336 4578; x_wconf 72' lang='lat' dir='ltr'><strong>czeteris</strong></span> <span class='ocrx_word' id='word_1_543' title='bbox 1368 4525 1662 4594; x_wconf 86' lang='lat' dir='ltr'><strong>hujusmodi</strong></span> <span class='ocrx_word' id='word_1_544' title='bbox 1700 4530 1874 4587; x_wconf 79' lang='lat' dir='ltr'><strong>erimi-</strong></span> <span class='ocrx_word' id='word_1_545' title='bbox 1905 4523 1953 4579; x_wconf 81' lang='grc' dir='ltr'>ο</span> 
     </span>
    </p>
   </div>
   <div class='ocr_carea' id='block_1_79' title="bbox 345 4607 1879 4691">
    <p class='ocr_par' dir='ltr' id='par_1_79' title="bbox 345 4607 1879 4691">
     <span class='ocr_line' id='line_1_79' title="bbox 345 4607 1879 4691; baseline 0.01 -28"><span class='ocrx_word' id='word_1_546' title='bbox 345 4612 519 4673; x_wconf 87' lang='lat' dir='ltr'><strong>nibus,</strong></span> <span class='ocrx_word' id='word_1_547' title='bbox 537 4607 821 4666; x_wconf 83' lang='lat' dir='ltr'><strong>secundum</strong></span> <span class='ocrx_word' id='word_1_548' title='bbox 842 4628 1095 4668; x_wconf 89' lang='lat' dir='ltr'><strong>canonum</strong></span> <span class='ocrx_word' id='word_1_549' title='bbox 1115 4630 1383 4671; x_wconf 86' lang='lat' dir='ltr'><strong>sacrorum</strong></span> <span class='ocrx_word' id='word_1_550' title='bbox 1407 4619 1644 4673; x_wconf 86' lang='lat' dir='ltr'><strong>instituta</strong></span> <span class='ocrx_word' id='word_1_551' title='bbox 1664 4636 1692 4673; x_wconf 87' lang='lat' dir='ltr'><strong>a</strong></span> <span class='ocrx_word' id='word_1_552' title='bbox 1714 4625 1879 4691; x_wconf 79' lang='lat' dir='ltr'><strong>gradu</strong></span> 
     </span>
    </p>
   </div>
   <div class='ocr_carea' id='block_1_80' title="bbox 342 4697 1877 4777">
    <p class='ocr_par' dir='ltr' id='par_1_80' title="bbox 342 4697 1877 4777">
     <span class='ocr_line' id='line_1_80' title="bbox 342 4697 1877 4777; baseline 0.012 -30"><span class='ocrx_word' id='word_1_553' title='bbox 342 4697 560 4764; x_wconf 88' lang='lat' dir='ltr'><strong>proprio</strong></span> <span class='ocrx_word' id='word_1_554' title='bbox 585 4698 927 4767; x_wconf 89' lang='lat' dir='ltr'><strong>deponantur,</strong></span> <span class='ocrx_word' id='word_1_555' title='bbox 961 4704 1100 4770; x_wconf 86' lang='lat' dir='ltr'><strong>quod</strong></span> <span class='ocrx_word' id='word_1_556' title='bbox 1128 4706 1428 4760; x_wconf 85' lang='lat' dir='ltr'><strong>scandalum</strong></span> <span class='ocrx_word' id='word_1_557' title='bbox 1455 4709 1525 4761; x_wconf 91' lang='lat' dir='ltr'><strong>sit</strong></span> <span class='ocrx_word' id='word_1_558' title='bbox 1555 4710 1748 4777; x_wconf 88' lang='lat' dir='ltr'><strong>populo</strong></span> <span class='ocrx_word' id='word_1_559' title='bbox 1785 4712 1877 4767; x_wconf 92' lang='lat' dir='ltr'><strong>Dei</strong></span> 
     </span>
    </p>
   </div>
   <div class='ocr_carea' id='block_1_81' title="bbox 341 4784 1873 4863">
    <p class='ocr_par' dir='ltr' id='par_1_81' title="bbox 341 4784 1873 4863">
     <span class='ocr_line' id='line_1_81' title="bbox 341 4784 1873 4863; baseline 0.01 -27"><span class='ocrx_word' id='word_1_560' title='bbox 341 4798 597 4851; x_wconf 86' lang='lat' dir='ltr'><strong>personas</strong></span> <span class='ocrx_word' id='word_1_561' title='bbox 636 4784 766 4838; x_wconf 86' lang='lat' dir='ltr'><strong>tales</strong></span> <span class='ocrx_word' id='word_1_562' title='bbox 805 4802 959 4855; x_wconf 89' lang='lat' dir='ltr'><strong>super</strong></span> <span class='ocrx_word' id='word_1_563' title='bbox 995 4804 1052 4843; x_wconf 87' lang='lat' dir='ltr'><strong>se</strong></span> <span class='ocrx_word' id='word_1_564' title='bbox 1080 4792 1285 4857; x_wconf 76' lang='lat' dir='ltr'><strong>positas</strong></span> <span class='ocrx_word' id='word_1_565' title='bbox 1320 4794 1545 4859; x_wconf 87' lang='lat' dir='ltr'><strong>habere,</strong></span> <span class='ocrx_word' id='word_1_566' title='bbox 1585 4811 1712 4863; x_wconf 87' lang='lat' dir='ltr'><strong>quas</strong></span> <span class='ocrx_word' id='word_1_567' title='bbox 1738 4799 1873 4853; x_wconf 79' lang='lat' dir='ltr'><strong>ultra</strong></span> 
     </span>
    </p>
   </div>
   <div class='ocr_carea' id='block_1_82' title="bbox 410 4910 1868 4997">
    <p class='ocr_par' dir='ltr' id='par_1_82' title="bbox 410 4910 1868 4997">
     <span class='ocr_line' id='line_1_82' title="bbox 410 4910 1868 4997; baseline 0.015 -36"><span class='ocrx_word' id='word_1_568' title='bbox 410 4910 729 4997; x_wconf 44' lang='lat' dir='ltr'><strong>:gan.jsub</strong></span> <span class='ocrx_word' id='word_1_569' title='bbox 740 4916 949 4997; x_wconf 64' lang='lat' dir='ltr'><strong>nomine</strong></span> <span class='ocrx_word' id='word_1_570' title='bbox 969 4928 1229 4997; x_wconf 41' lang='lat' dir='ltr'><strong>apost._,‘c.</strong></span> <span class='ocrx_word' id='word_1_571' title='bbox 1253 4922 1319 4997; x_wconf 59' lang='grc' dir='ltr'><strong>ξι</strong></span> <span class='ocrx_word' id='word_1_572' title='bbox 1336 4940 1351 4986; x_wconf 87' lang='lat'><strong>;</strong></span> <span class='ocrx_word' id='word_1_573' title='bbox 1369 4923 1551 4997; x_wconf 72' lang='lat' dir='ltr'><strong>Dasil.,</strong></span> <span class='ocrx_word' id='word_1_574' title='bbox 1578 4939 1625 4979; x_wconf 92' lang='lat' dir='ltr'><strong>c.</strong></span> <span class='ocrx_word' id='word_1_575' title='bbox 1641 4928 1705 4997; x_wconf 80' lang='lat'><strong>5,_</strong></span> <span class='ocrx_word' id='word_1_576' title='bbox 1717 4928 1868 4997; x_wconf 85' lang='lat' dir='ltr'><strong>epist.</strong></span> 
     </span>
    </p>
   </div>
   <div class='ocr_carea' id='block_1_83' title="bbox 342 4978 1762 5059">
    <p class='ocr_par' dir='ltr' id='par_1_83' title="bbox 342 4978 1762 5059">
     <span class='ocr_line' id='line_1_83' title="bbox 342 4978 1762 5059; baseline 0.011 -28"><span class='ocrx_word' id='word_1_577' title='bbox 342 4992 532 5059; x_wconf 62' lang='lat' dir='ltr'><strong>canon.</strong></span> <span class='ocrx_word' id='word_1_578' title='bbox 562 4978 627 5059; x_wconf 69' lang='lat' dir='ltr'><strong>ad</strong></span> <span class='ocrx_word' id='word_1_579' title='bbox 658 4978 1105 5059; x_wconf 76' lang='lat' dir='ltr'><strong>Amphilochium;</strong></span> <span class='ocrx_word' id='word_1_580' title='bbox 1139 4978 1418 5059; x_wconf 33' lang='lat' dir='ltr'><strong>BurchJAt.</strong></span> <span class='ocrx_word' id='word_1_581' title='bbox 1446 4978 1570 5054; x_wconf 73' lang='lat' dir='ltr'><strong>mi,</strong></span> <span class='ocrx_word' id='word_1_582' title='bbox 1592 4978 1762 5048; x_wconf 32' lang='lat' dir='ltr'><strong>c.1591</strong></span> 
     </span>
    </p>
   </div>
   <div class='ocr_carea' id='block_1_84' title="bbox 411 5044 1866 5131">
    <p class='ocr_par' dir='ltr' id='par_1_84' title="bbox 411 5044 1866 5131">
     <span class='ocr_line' id='line_1_84' title="bbox 411 5044 1866 5131; baseline 0.014 -37"><span class='ocrx_word' id='word_1_583' title='bbox 411 5044 799 5131; x_wconf 42' lang='lat' dir='ltr'><strong>bulittndecrctis</strong></span> <span class='ocrx_word' id='word_1_584' title='bbox 829 5050 1022 5131; x_wconf 64' lang='lat' dir='ltr'><strong>beatus</strong></span> <span class='ocrx_word' id='word_1_585' title='bbox 1040 5044 1221 5131; x_wconf 50' lang='grc' dir='ltr'><strong>μέθυε</strong></span> <span class='ocrx_word' id='word_1_586' title='bbox 1244 5056 1306 5108; x_wconf 84' lang='grc'><strong>17</strong></span> <span class='ocrx_word' id='word_1_587' title='bbox 1322 5044 1626 5131; x_wconf 32' lang='lat' dir='ltr'><strong>;&#39;_Rabanu‘s,_</strong></span> <span class='ocrx_word' id='word_1_588' title='bbox 1640 5062 1694 5113; x_wconf 89' lang='lat' dir='ltr'><strong>in</strong></span> <span class='ocrx_word' id='word_1_589' title='bbox 1714 5044 1866 5131; x_wconf 78' lang='lat' dir='ltr'><strong>epist.</strong></span> 
     </span>
    </p>
   </div>
   <div class='ocr_carea' id='block_1_85' title="bbox 342 5110 1643 5186">
    <p class='ocr_par' dir='ltr' id='par_1_85' title="bbox 342 5110 1643 5186">
     <span class='ocr_line' id='line_1_85' title="bbox 342 5110 1643 5186; baseline 0.012 -23"><span class='ocrx_word' id='word_1_590' title='bbox 342 5112 407 5163; x_wconf 53' lang='lat' dir='ltr'><strong>ait</strong></span> <span class='ocrx_word' id='word_1_591' title='bbox 434 5110 936 5186; x_wconf 34' lang='lat' dir='ltr'><strong>Heriba.l_dn_t_n,__eap.</strong></span> <span class='ocrx_word' id='word_1_592' title='bbox 968 5120 1025 5170; x_wconf 80' lang='grc'><strong>11</strong></span> <span class='ocrx_word' id='word_1_593' title='bbox 1049 5110 1076 5181; x_wconf 69' lang='grc' dir='ltr'><strong>ς’</strong></span> <span class='ocrx_word' id='word_1_594' title='bbox 1098 5110 1384 5186; x_wconf 50' lang='grc' dir='ltr'><strong>ΒεέίηοίΙ.</strong></span> <span class='ocrx_word' id='word_1_595' title='bbox 1414 5140 1451 5186; x_wconf 80' lang='lat' dir='ltr'><strong>r,</strong></span> <span class='ocrx_word' id='word_1_596' title='bbox 1482 5110 1643 5180; x_wconf 42' lang='lat' dir='ltr'><strong>mitti.</strong></span> 
     </span>
    </p>
   </div>
   <div class='ocr_carea' id='block_1_86' title="bbox 413 5162 1864 5261">
    <p class='ocr_par' dir='ltr' id='par_1_86' title="bbox 413 5162 1864 5261">
     <span class='ocr_line' id='line_1_86' title="bbox 413 5162 1864 5261; baseline -0.009 1"><span class='ocrx_word' id='word_1_597' title='bbox 413 5188 435 5216; x_wconf 73' lang='lat'>‘</span> <span class='ocrx_word' id='word_1_598' title='bbox 461 5162 675 5261; x_wconf 62' lang='lat' dir='ltr'><strong>.Qé&#39;tel-</strong></span> <span class='ocrx_word' id='word_1_599' title='bbox 703 5162 1065 5261; x_wconf 60' lang='grc' dir='ltr'><strong>,τῖίιῑιῖῧὶῑιὶἑθί</strong></span> <span class='ocrx_word' id='word_1_600' title='bbox 1093 5162 1384 5255; x_wconf 57' lang='grc' dir='ltr'><strong>ἑῗῖἓῗθῖ</strong></span> <span class='ocrx_word' id='word_1_601' title='bbox 1413 5162 1692 5261; x_wconf 65' lang='grc' dir='ltr'><strong>ἰίεὲίᾶὀζί.</strong></span> <span class='ocrx_word' id='word_1_602' title='bbox 1730 5211 1788 5261; x_wconf 81' lang='grc' dir='ltr'><strong>ιι,</strong></span> <span class='ocrx_word' id='word_1_603' title='bbox 1814 5212 1864 5251; x_wconf 90' lang='lat' dir='ltr'><strong>e.</strong></span> 
     </span>
    </p>
   </div>
   <div class='ocr_carea' id='block_1_87' title="bbox 340 5242 1049 5309">
    <p class='ocr_par' dir='ltr' id='par_1_87' title="bbox 340 5242 1049 5309">
     <span class='ocr_line' id='line_1_87' title="bbox 340 5242 1049 5309; baseline 0.016 -16"><span class='ocrx_word' id='word_1_604' title='bbox 340 5244 436 5304; x_wconf 80' lang='lat'><strong>5&#39;7;</strong></span> <span class='ocrx_word' id='word_1_605' title='bbox 461 5242 674 5305; x_wconf 82' lang='lat' dir='ltr'><strong>Burch.,</strong></span> <span class='ocrx_word' id='word_1_606' title='bbox 703 5246 738 5298; x_wconf 94' lang='lat' dir='ltr'><strong>l.</strong></span> <span class='ocrx_word' id='word_1_607' title='bbox 764 5262 842 5309; x_wconf 82' lang='lat' dir='ltr'><strong>tu,</strong></span> <span class='ocrx_word' id='word_1_608' title='bbox 861 5264 908 5301; x_wconf 92' lang='lat' dir='ltr'><strong>c.</strong></span> <span class='ocrx_word' id='word_1_609' title='bbox 935 5251 1049 5303; x_wconf 81' lang='lat' dir='ltr'><strong>I95.</strong></span> 
     </span>
    </p>
   </div>
   <div class='ocr_carea' id='block_1_88' title="bbox 412 5309 1866 5386">
    <p class='ocr_par' dir='ltr' id='par_1_88' title="bbox 412 5309 1866 5386">
     <span class='ocr_line' id='line_1_88' title="bbox 412 5309 1866 5386; baseline 0.017 -27"><span class='ocrx_word' id='word_1_610' title='bbox 412 5309 439 5348; x_wconf 73' lang='grc' dir='ltr'><strong><em>ἀ</em></strong></span> <span class='ocrx_word' id='word_1_611' title='bbox 478 5309 614 5386; x_wconf 84' lang='lat' dir='ltr'><strong>Rab.</strong></span> <span class='ocrx_word' id='word_1_612' title='bbox 645 5311 913 5386; x_wconf 33' lang='lat' dir='ltr'><strong>annual.</strong></span> <span class='ocrx_word' id='word_1_613' title='bbox 941 5334 1020 5378; x_wconf 85' lang='lat' dir='ltr'><strong>Ill,</strong></span> <span class='ocrx_word' id='word_1_614' title='bbox 1048 5335 1162 5386; x_wconf 91' lang='lat' dir='ltr'><strong>cap.</strong></span> <span class='ocrx_word' id='word_1_615' title='bbox 1190 5320 1243 5384; x_wconf 88' lang='lat'><strong>6,</strong></span> <span class='ocrx_word' id='word_1_616' title='bbox 1272 5336 1337 5376; x_wconf 78' lang='lat' dir='ltr'><strong>ex</strong></span> <span class='ocrx_word' id='word_1_617' title='bbox 1359 5322 1549 5377; x_wconf 63' lang='lat' dir='ltr'><strong>Posuit.</strong></span> <span class='ocrx_word' id='word_1_618' title='bbox 1577 5326 1773 5381; x_wconf 85' lang='lat' dir='ltr'><strong>Theod.</strong></span> <span class='ocrx_word' id='word_1_619' title='bbox 1793 5329 1866 5384; x_wconf 88' lang='lat' dir='ltr'><strong>De</strong></span> 
     </span>
    </p>
   </div>
   <div class='ocr_carea' id='block_1_89' title="bbox 342 5379 1867 5457">
    <p class='ocr_par' dir='ltr' id='par_1_89' title="bbox 342 5379 1867 5457">
     <span class='ocr_line' id='line_1_89' title="bbox 342 5379 1867 5457; baseline 0.013 -27"><span class='ocrx_word' id='word_1_620' title='bbox 342 5379 449 5456; x_wconf 74' lang='lat' dir='ltr'><strong>hac</strong></span> <span class='ocrx_word' id='word_1_621' title='bbox 474 5379 784 5457; x_wconf 67' lang='lat' dir='ltr'><strong>probatione</strong></span> <span class='ocrx_word' id='word_1_622' title='bbox 823 5384 939 5443; x_wconf 81' lang='lat' dir='ltr'><strong>vide</strong></span> <span class='ocrx_word' id='word_1_623' title='bbox 961 5379 1241 5457; x_wconf 57' lang='lat' dir='ltr'><strong>egregium</strong></span> <span class='ocrx_word' id='word_1_624' title='bbox 1274 5392 1564 5457; x_wconf 82' lang='lat' dir='ltr'><strong>exemplum</strong></span> <span class='ocrx_word' id='word_1_625' title='bbox 1606 5379 1867 5457; x_wconf 6' lang='lat' dir='ltr'><strong>apud—liii:</strong></span> 
     </span>
    </p>
   </div>
   <div class='ocr_carea' id='block_1_90' title="bbox 344 5443 1865 5531">
    <p class='ocr_par' dir='ltr' id='par_1_90' title="bbox 344 5443 1865 5531">
     <span class='ocr_line' id='line_1_90' title="bbox 344 5443 1865 5531; baseline 0.004 -25"><span class='ocrx_word' id='word_1_626' title='bbox 344 5443 603 5531; x_wconf 58' lang='lat' dir='ltr'><strong>mfiﬁum,</strong></span> <span class='ocrx_word' id='word_1_627' title='bbox 629 5443 665 5518; x_wconf 59' lang='lat' dir='ltr'><strong>lg</strong></span> <span class='ocrx_word' id='word_1_628' title='bbox 686 5447 821 5531; x_wconf 54' lang='lat' dir='ltr'><strong>y-De</strong></span> <span class='ocrx_word' id='word_1_629' title='bbox 847 5443 1359 5531; x_wconf 43' lang='lat' dir='ltr'><strong>gestisvﬂraneprum,</strong></span> 
     </span>
    </p>
   </div>
   <div class='ocr_carea' id='block_1_91' title="bbox 344 5510 1861 5594">
    <p class='ocr_par' dir='ltr' id='par_1_91' title="bbox 344 5510 1861 5594">
     <span class='ocr_line' id='line_1_91' title="bbox 344 5510 1861 5594; baseline 0.018 -30"><span class='ocrx_word' id='word_1_630' title='bbox 344 5511 438 5594; x_wconf 61' lang='lat' dir='ltr'><strong>lib.</strong></span> <span class='ocrx_word' id='word_1_631' title='bbox 472 5525 523 5594; x_wconf 60' lang='grc' dir='ltr'><strong>ξι</strong></span> <span class='ocrx_word' id='word_1_632' title='bbox 545 5548 560 5573; x_wconf 84' lang='grc'>,</span> <span class='ocrx_word' id='word_1_633' title='bbox 586 5525 641 5594; x_wconf 49' lang='grc' dir='ltr'><strong>ει</strong></span> <span class='ocrx_word' id='word_1_634' title='bbox 659 5510 771 5576; x_wconf 68' lang='lat'><strong>&#39;43;</strong></span> <span class='ocrx_word' id='word_1_635' title='bbox 810 5510 1127 5594; x_wconf 49' lang='lat' dir='ltr'><strong>ciconcilio</strong></span> <span class='ocrx_word' id='word_1_636' title='bbox 1165 5510 1581 5589; x_wconf 19' lang='lat' dir='ltr'><strong>Mogun&#39;ciaeensi’</strong></span> <span class='ocrx_word' id='word_1_637' title='bbox 1607 5510 1861 5594; x_wconf 47' lang='lat' dir='ltr'><strong>animi</strong></span> 
     </span>
    </p>
   </div>
   <div class='ocr_carea' id='block_1_92' title="bbox 344 5577 919 5641">
    <p class='ocr_par' dir='ltr' id='par_1_92' title="bbox 344 5577 919 5641">
     <span class='ocr_line' id='line_1_92' title="bbox 344 5577 919 5641; baseline 0.009 -12"><span class='ocrx_word' id='word_1_638' title='bbox 344 5577 560 5633; x_wconf 84' lang='lat' dir='ltr'><strong>Burch.,</strong></span> <span class='ocrx_word' id='word_1_639' title='bbox 586 5577 677 5631; x_wconf 88' lang='lat' dir='ltr'><strong>lib.</strong></span> <span class='ocrx_word' id='word_1_640' title='bbox 693 5594 764 5641; x_wconf 75' lang='lat' dir='ltr'><strong>vr,</strong></span> <span class='ocrx_word' id='word_1_641' title='bbox 794 5595 839 5633; x_wconf 92' lang='lat' dir='ltr'><strong>c.</strong></span> <span class='ocrx_word' id='word_1_642' title='bbox 870 5581 919 5634; x_wconf 89' lang='lat'><strong>7.</strong></span> 
     </span>
    </p>
   </div>
   <div class='ocr_carea' id='block_1_93' title="bbox 418 5643 1860 5730">
    <p class='ocr_par' dir='ltr' id='par_1_93' title="bbox 418 5643 1860 5730">
     <span class='ocr_line' id='line_1_93' title="bbox 418 5643 1860 5730; baseline 0.019 -39"><span class='ocrx_word' id='word_1_643' title='bbox 418 5643 618 5730; x_wconf 41' lang='grc' dir='ltr'><strong>(νὲςὲ</strong></span> <span class='ocrx_word' id='word_1_644' title='bbox 646 5647 796 5730; x_wconf 59' lang='lat' dir='ltr'><strong>epist.</strong></span> <span class='ocrx_word' id='word_1_645' title='bbox 825 5646 1125 5730; x_wconf 49' lang='lat' dir='ltr'><strong>Rabaninad</strong></span> <span class='ocrx_word' id='word_1_646' title='bbox 1154 5653 1354 5730; x_wconf 75' lang='lat' dir='ltr'><strong>llerib.,</strong></span> <span class='ocrx_word' id='word_1_647' title='bbox 1390 5672 1437 5711; x_wconf 93' lang='lat' dir='ltr'><strong>c.</strong></span> <span class='ocrx_word' id='word_1_648' title='bbox 1464 5659 1561 5723; x_wconf 73' lang='lat'><strong>29;</strong></span> <span class='ocrx_word' id='word_1_649' title='bbox 1592 5661 1741 5730; x_wconf 72' lang='lat' dir='ltr'><strong>Reg.,</strong></span> <span class='ocrx_word' id='word_1_650' title='bbox 1771 5662 1860 5718; x_wconf 88' lang='lat' dir='ltr'><strong>lib.</strong></span> 
     </span>
    </p>
   </div>
   <div class='ocr_carea' id='block_1_94' title="bbox 346 5708 1245 5782">
    <p class='ocr_par' dir='ltr' id='par_1_94' title="bbox 346 5708 1245 5782">
     <span class='ocr_line' id='line_1_94' title="bbox 346 5708 1245 5782; baseline 0.009 -18"><span class='ocrx_word' id='word_1_651' title='bbox 346 5727 407 5775; x_wconf 86' lang='lat' dir='ltr'><strong>It,</strong></span> <span class='ocrx_word' id='word_1_652' title='bbox 435 5726 484 5765; x_wconf 88' lang='lat' dir='ltr'><strong>c.</strong></span> <span class='ocrx_word' id='word_1_653' title='bbox 513 5708 635 5772; x_wconf 61' lang='lat'><strong>2-52,</strong></span> <span class='ocrx_word' id='word_1_654' title='bbox 670 5708 795 5764; x_wconf 67' lang='lat' dir='ltr'><strong>citat</strong></span> <span class='ocrx_word' id='word_1_655' title='bbox 822 5730 883 5767; x_wconf 72' lang='lat' dir='ltr'><strong>ex</strong></span> <span class='ocrx_word' id='word_1_656' title='bbox 913 5732 993 5782; x_wconf 81' lang='lat' dir='ltr'><strong>ep.</strong></span> <span class='ocrx_word' id='word_1_657' title='bbox 1030 5717 1245 5774; x_wconf 79' lang='lat' dir='ltr'><strong>Rabani.</strong></span> 
     </span>
    </p>
   </div>
   <div class='ocr_carea' id='block_1_95' title="bbox 1980 3329 3509 3404">
    <p class='ocr_par' dir='ltr' id='par_1_95' title="bbox 1980 3329 3509 3404">
     <span class='ocr_line' id='line_1_95' title="bbox 1980 3329 3509 3404; baseline 0.007 -23"><span class='ocrx_word' id='word_1_658' title='bbox 1980 3329 2169 3392; x_wconf 90' lang='lat' dir='ltr'><strong>niteat;</strong></span> <span class='ocrx_word' id='word_1_659' title='bbox 2199 3330 2244 3382; x_wconf 87' lang='lat' dir='ltr'><strong>si</strong></span> <span class='ocrx_word' id='word_1_660' title='bbox 2275 3343 2441 3397; x_wconf 86' lang='lat' dir='ltr'><strong>usque</strong></span> <span class='ocrx_word' id='word_1_661' title='bbox 2462 3330 2526 3382; x_wconf 89' lang='lat' dir='ltr'><strong>ad</strong></span> <span class='ocrx_word' id='word_1_662' title='bbox 2553 3332 2780 3394; x_wconf 89' lang='lat' dir='ltr'><strong>tertiam,</strong></span> <span class='ocrx_word' id='word_1_663' title='bbox 2805 3347 2991 3386; x_wconf 90' lang='lat' dir='ltr'><strong>novem</strong></span> <span class='ocrx_word' id='word_1_664' title='bbox 3010 3334 3159 3398; x_wconf 81' lang='lat' dir='ltr'><strong>&#39;dies;</strong></span> <span class='ocrx_word' id='word_1_665' title='bbox 3185 3338 3229 3389; x_wconf 90' lang='lat' dir='ltr'><strong>si</strong></span> <span class='ocrx_word' id='word_1_666' title='bbox 3256 3352 3420 3404; x_wconf 90' lang='lat' dir='ltr'><strong>usque</strong></span> <span class='ocrx_word' id='word_1_667' title='bbox 3442 3339 3509 3392; x_wconf 83' lang='lat' dir='ltr'><strong>ad</strong></span> 
     </span>
    </p>
   </div>
   <div class='ocr_carea' id='block_1_96' title="bbox 1979 3417 3510 3493">
    <p class='ocr_par' dir='ltr' id='par_1_96' title="bbox 1979 3417 3510 3493">
     <span class='ocr_line' id='line_1_96' title="bbox 1979 3417 3510 3493; baseline 0.007 -25"><span class='ocrx_word' id='word_1_668' title='bbox 1979 3423 2216 3484; x_wconf 88' lang='lat' dir='ltr'><strong>quartam</strong></span> <span class='ocrx_word' id='word_1_669' title='bbox 2234 3455 2248 3478; x_wconf 92' lang='lat'><strong>,</strong></span> <span class='ocrx_word' id='word_1_670' title='bbox 2277 3417 2572 3493; x_wconf 74' lang='lat' dir='ltr'><strong>quindecim</strong></span> <span class='ocrx_word' id='word_1_671' title='bbox 2600 3418 2732 3471; x_wconf 86' lang='lat' dir='ltr'><strong>dies.</strong></span> <span class='ocrx_word' id='word_1_672' title='bbox 2770 3417 2835 3472; x_wconf 88' lang='lat' dir='ltr'><strong>Et</strong></span> <span class='ocrx_word' id='word_1_673' title='bbox 2856 3419 3155 3474; x_wconf 87' lang='lat' dir='ltr'><strong>linteamina</strong></span> <span class='ocrx_word' id='word_1_674' title='bbox 3181 3437 3298 3489; x_wconf 63' lang='lat' dir='ltr'><strong>qum</strong></span> <span class='ocrx_word' id='word_1_675' title='bbox 3328 3425 3510 3492; x_wconf 81' lang='lat' dir='ltr'><strong>tetige-</strong></span> 
     </span>
    </p>
   </div>
   <div class='ocr_carea' id='block_1_97' title="bbox 1979 3504 3510 3573">
    <p class='ocr_par' dir='ltr' id='par_1_97' title="bbox 1979 3504 3510 3573">
     <span class='ocr_line' id='line_1_97' title="bbox 1979 3504 3510 3573; baseline 0.006 -18"><span class='ocrx_word' id='word_1_676' title='bbox 1979 3512 2101 3556; x_wconf 88' lang='lat' dir='ltr'><strong>runt</strong></span> <span class='ocrx_word' id='word_1_677' title='bbox 2150 3504 2343 3557; x_wconf 89' lang='lat' dir='ltr'><strong>stillam</strong></span> <span class='ocrx_word' id='word_1_678' title='bbox 2388 3504 2553 3557; x_wconf 90' lang='lat' dir='ltr'><strong>tribus</strong></span> <span class='ocrx_word' id='word_1_679' title='bbox 2598 3505 2838 3559; x_wconf 86' lang='lat' dir='ltr'><strong>minister</strong></span> <span class='ocrx_word' id='word_1_680' title='bbox 2881 3508 3056 3562; x_wconf 89' lang='lat' dir='ltr'><strong>abluat</strong></span> <span class='ocrx_word' id='word_1_681' title='bbox 3104 3510 3304 3563; x_wconf 86' lang='lat' dir='ltr'><strong>vicibus</strong></span> <span class='ocrx_word' id='word_1_682' title='bbox 3344 3512 3510 3573; x_wconf 88' lang='lat' dir='ltr'><strong>calice</strong></span> 
     </span>
    </p>
   </div>
   <div class='ocr_carea' id='block_1_98' title="bbox 1979 3592 3508 3666">
    <p class='ocr_par' dir='ltr' id='par_1_98' title="bbox 1979 3592 3508 3666">
     <span class='ocr_line' id='line_1_98' title="bbox 1979 3592 3508 3666; baseline 0.006 -24"><span class='ocrx_word' id='word_1_683' title='bbox 1979 3592 2161 3644; x_wconf 90' lang='lat' dir='ltr'><strong>subtus</strong></span> <span class='ocrx_word' id='word_1_684' title='bbox 2189 3592 2389 3658; x_wconf 90' lang='lat' dir='ltr'><strong>posito,</strong></span> <span class='ocrx_word' id='word_1_685' title='bbox 2422 3600 2474 3644; x_wconf 91' lang='lat' dir='ltr'><strong>et</strong></span> <span class='ocrx_word' id='word_1_686' title='bbox 2505 3606 2638 3658; x_wconf 87' lang='lat' dir='ltr'><strong>aqua</strong></span> <span class='ocrx_word' id='word_1_687' title='bbox 2675 3592 2954 3648; x_wconf 87' lang='lat' dir='ltr'><strong>ablutionis</strong></span> <span class='ocrx_word' id='word_1_688' title='bbox 2991 3603 3246 3660; x_wconf 88' lang='lat' dir='ltr'><strong>sumatur,</strong></span> <span class='ocrx_word' id='word_1_689' title='bbox 3281 3604 3335 3651; x_wconf 86' lang='lat' dir='ltr'><strong>et</strong></span> <span class='ocrx_word' id='word_1_690' title='bbox 3356 3598 3508 3666; x_wconf 82' lang='lat' dir='ltr'><strong>juxta</strong></span> 
     </span>
    </p>
   </div>
   <div class='ocr_carea' id='block_1_99' title="bbox 1979 3676 2500 3741">
    <p class='ocr_par' dir='ltr' id='par_1_99' title="bbox 1979 3676 2500 3741">
     <span class='ocr_line' id='line_1_99' title="bbox 1979 3676 2500 3741; baseline 0 -14"><span class='ocrx_word' id='word_1_691' title='bbox 1979 3676 2141 3729; x_wconf 89' lang='lat' dir='ltr'><strong>altare</strong></span> <span class='ocrx_word' id='word_1_692' title='bbox 2174 3678 2500 3741; x_wconf 80' lang='lat' dir='ltr'><strong>recondatur.</strong></span> 
     </span>
    </p>
   </div>
   <div class='ocr_carea' id='block_1_100' title="bbox 2480 3761 2999 3819">
    <p class='ocr_par' dir='ltr' id='par_1_100' title="bbox 2480 3761 2999 3819">
     <span class='ocr_line' id='line_1_100' title="bbox 2480 3761 2999 3819; baseline 0.012 -6"><span class='ocrx_word' id='word_1_693' title='bbox 2480 3761 2861 3818; x_wconf 79' lang='lat' dir='ltr'><strong>CAPITULUM</strong></span> <span class='ocrx_word' id='word_1_694' title='bbox 2898 3764 2999 3819; x_wconf 87' lang='lat' dir='ltr'><strong>LII.</strong></span> 
     </span>
    </p>
   </div>
   <div class='ocr_carea' id='block_1_101' title="bbox 1976 3845 3499 3927">
    <p class='ocr_par' dir='ltr' id='par_1_101' title="bbox 1976 3845 3499 3927">
     <span class='ocr_line' id='line_1_101' title="bbox 1976 3845 3499 3927; baseline 0.008 -31"><span class='ocrx_word' id='word_1_695' title='bbox 1976 3845 2052 3897; x_wconf 89' lang='lat' dir='ltr'><strong>De</strong></span> <span class='ocrx_word' id='word_1_696' title='bbox 2093 3845 2179 3898; x_wconf 86' lang='lat' dir='ltr'><strong>illo</strong></span> <span class='ocrx_word' id='word_1_697' title='bbox 2205 3848 2290 3915; x_wconf 88' lang='lat' dir='ltr'><strong>qui</strong></span> <span class='ocrx_word' id='word_1_698' title='bbox 2334 3849 2510 3900; x_wconf 76' lang='lat' dir='ltr'><strong>evomit</strong></span> <span class='ocrx_word' id='word_1_699' title='bbox 2556 3850 2885 3927; x_wconf 68' lang='lat' dir='ltr'><strong>sacriﬁcium,</strong></span> <span class='ocrx_word' id='word_1_700' title='bbox 2915 3860 2961 3903; x_wconf 85' lang='lat' dir='ltr'><strong>et</strong></span> <span class='ocrx_word' id='word_1_701' title='bbox 3002 3869 3033 3903; x_wconf 92' lang='lat' dir='ltr'><strong>a</strong></span> <span class='ocrx_word' id='word_1_702' title='bbox 3062 3853 3274 3907; x_wconf 84' lang='lat' dir='ltr'><strong>canibus</strong></span> <span class='ocrx_word' id='word_1_703' title='bbox 3315 3871 3499 3908; x_wconf 87' lang='lat' dir='ltr'><strong>consu-</strong></span> 
     </span>
    </p>
   </div>
   <div class='ocr_carea' id='block_1_102' title="bbox 2651 3927 2849 3970">
    <p class='ocr_par' dir='ltr' id='par_1_102' title="bbox 2651 3927 2849 3970">
     <span class='ocr_line' id='line_1_102' title="bbox 2651 3927 2849 3970; baseline 0.015 -3"><span class='ocrx_word' id='word_1_704' title='bbox 2651 3927 2849 3970; x_wconf 85' lang='lat' dir='ltr'><strong>mttur..</strong></span> 
     </span>
    </p>
   </div>
   <div class='ocr_carea' id='block_1_103' title="bbox 2047 3999 3501 4067">
    <p class='ocr_par' dir='ltr' id='par_1_103' title="bbox 2047 3999 3501 4067">
     <span class='ocr_line' id='line_1_103' title="bbox 2047 3999 3501 4067; baseline 0.007 -16"><span class='ocrx_word' id='word_1_705' title='bbox 2047 4000 2072 4038; x_wconf 71' lang='grc' dir='ltr'><strong>ιι</strong></span> <span class='ocrx_word' id='word_1_706' title='bbox 2098 3999 2196 4064; x_wconf 87' lang='lat' dir='ltr'><strong>Qui</strong></span> <span class='ocrx_word' id='word_1_707' title='bbox 2220 4003 2527 4055; x_wconf 87' lang='lat' dir='ltr'><strong>evomuerit</strong></span> <span class='ocrx_word' id='word_1_708' title='bbox 2561 4004 2894 4067; x_wconf 90' lang='lat' dir='ltr'><strong>sacriﬁcium,</strong></span> <span class='ocrx_word' id='word_1_709' title='bbox 2924 4015 2977 4057; x_wconf 88' lang='lat' dir='ltr'><strong>et</strong></span> <span class='ocrx_word' id='word_1_710' title='bbox 3005 4020 3032 4057; x_wconf 88' lang='lat' dir='ltr'><strong>a</strong></span> <span class='ocrx_word' id='word_1_711' title='bbox 3063 4009 3281 4061; x_wconf 88' lang='lat' dir='ltr'><strong>canibus</strong></span> <span class='ocrx_word' id='word_1_712' title='bbox 3306 4023 3501 4063; x_wconf 89' lang='lat' dir='ltr'><strong>consu-</strong></span> 
     </span>
    </p>
   </div>
   <div class='ocr_carea' id='block_1_104' title="bbox 1974 4087 3498 4162">
    <p class='ocr_par' dir='ltr' id='par_1_104' title="bbox 1974 4087 3498 4162">
     <span class='ocr_line' id='line_1_104' title="bbox 1974 4087 3498 4162; baseline 0.007 -24"><span class='ocrx_word' id='word_1_713' title='bbox 1974 4087 2154 4149; x_wconf 71' lang='lat' dir='ltr'><strong>mitur,</strong></span> <span class='ocrx_word' id='word_1_714' title='bbox 2181 4102 2375 4140; x_wconf 88' lang='lat' dir='ltr'><strong>annum</strong></span> <span class='ocrx_word' id='word_1_715' title='bbox 2403 4104 2563 4142; x_wconf 89' lang='lat' dir='ltr'><strong>unum</strong></span> <span class='ocrx_word' id='word_1_716' title='bbox 2607 4090 2875 4157; x_wconf 73' lang='lat' dir='ltr'><strong>pteniteat.</strong></span> <span class='ocrx_word' id='word_1_717' title='bbox 2905 4090 2997 4145; x_wconf 90' lang='lat' dir='ltr'><strong>Sin</strong></span> <span class='ocrx_word' id='word_1_718' title='bbox 3028 4102 3232 4158; x_wconf 89' lang='lat' dir='ltr'><strong>autem,</strong></span> <span class='ocrx_word' id='word_1_719' title='bbox 3264 4096 3498 4162; x_wconf 89' lang='lat' dir='ltr'><strong>quadra-</strong></span> 
     </span>
    </p>
   </div>
   <div class='ocr_carea' id='block_1_105' title="bbox 1974 4176 3475 4247">
    <p class='ocr_par' dir='ltr' id='par_1_105' title="bbox 1974 4176 3475 4247">
     <span class='ocr_line' id='line_1_105' title="bbox 1974 4176 3475 4247; baseline 0.006 -20"><span class='ocrx_word' id='word_1_720' title='bbox 1974 4176 2115 4244; x_wconf 75' lang='lat' dir='ltr'><strong>ginta</strong></span> <span class='ocrx_word' id='word_1_721' title='bbox 2142 4176 2252 4229; x_wconf 91' lang='lat' dir='ltr'><strong>dies</strong></span> <span class='ocrx_word' id='word_1_722' title='bbox 2276 4178 2546 4243; x_wconf 73' lang='lat' dir='ltr'><strong>pmniteat.</strong></span> <span class='ocrx_word' id='word_1_723' title='bbox 2579 4177 2633 4230; x_wconf 92' lang='lat' dir='ltr'><strong>Si</strong></span> <span class='ocrx_word' id='word_1_724' title='bbox 2657 4180 2710 4231; x_wconf 91' lang='lat' dir='ltr'><strong>in</strong></span> <span class='ocrx_word' id='word_1_725' title='bbox 2733 4180 2816 4232; x_wconf 91' lang='lat' dir='ltr'><strong>die</strong></span> <span class='ocrx_word' id='word_1_726' title='bbox 2841 4183 3048 4247; x_wconf 83' lang='lat' dir='ltr'><strong>quando</strong></span> <span class='ocrx_word' id='word_1_727' title='bbox 3074 4184 3475 4237; x_wconf 82' lang='lat' dir='ltr'><strong>communicave</strong></span> 
     </span>
    </p>
   </div>
   <div class='ocr_carea' id='block_1_106' title="bbox 1975 4252 3491 4334">
    <p class='ocr_par' dir='ltr' id='par_1_106' title="bbox 1975 4252 3491 4334">
     <span class='ocr_line' id='line_1_106' title="bbox 1975 4252 3491 4334; baseline 0.005 -20"><span class='ocrx_word' id='word_1_728' title='bbox 1975 4261 2064 4323; x_wconf 90' lang='lat' dir='ltr'><strong>rit,</strong></span> <span class='ocrx_word' id='word_1_729' title='bbox 2107 4252 2751 4326; x_wconf 41' lang='lat' dir='ltr'><strong>sacriﬁcium&#39;evomuerit,</strong></span> <span class='ocrx_word' id='word_1_730' title='bbox 2787 4266 2829 4317; x_wconf 91' lang='lat' dir='ltr'><strong>si</strong></span> <span class='ocrx_word' id='word_1_731' title='bbox 2862 4274 2982 4318; x_wconf 89' lang='lat' dir='ltr'><strong>ante</strong></span> <span class='ocrx_word' id='word_1_732' title='bbox 3010 4267 3233 4334; x_wconf 75' lang='lat' dir='ltr'><strong>mediam</strong></span> <span class='ocrx_word' id='word_1_733' title='bbox 3262 4276 3491 4331; x_wconf 86' lang='lat' dir='ltr'><strong>noctem,</strong></span> 
     </span>
    </p>
   </div>
   <div class='ocr_carea' id='block_1_107' title="bbox 1974 4349 3495 4419">
    <p class='ocr_par' dir='ltr' id='par_1_107' title="bbox 1974 4349 3495 4419">
     <span class='ocr_line' id='line_1_107' title="bbox 1974 4349 3495 4419; baseline 0.006 -19"><span class='ocrx_word' id='word_1_734' title='bbox 1974 4356 2084 4400; x_wconf 88' lang='lat' dir='ltr'><strong>tres</strong></span> <span class='ocrx_word' id='word_1_735' title='bbox 2107 4350 2549 4414; x_wconf 88' lang='lat' dir='ltr'><strong>superpositiones</strong></span> <span class='ocrx_word' id='word_1_736' title='bbox 2582 4349 2766 4414; x_wconf 80' lang='lat' dir='ltr'><strong>faciat;</strong></span> <span class='ocrx_word' id='word_1_737' title='bbox 2794 4354 2837 4405; x_wconf 89' lang='lat' dir='ltr'><strong>si</strong></span> <span class='ocrx_word' id='word_1_738' title='bbox 2865 4360 2983 4419; x_wconf 84' lang='lat' dir='ltr'><strong>post</strong></span> <span class='ocrx_word' id='word_1_739' title='bbox 3014 4355 3237 4407; x_wconf 87' lang='lat' dir='ltr'><strong>mediam</strong></span> <span class='ocrx_word' id='word_1_740' title='bbox 3264 4365 3495 4418; x_wconf 88' lang='lat' dir='ltr'><strong>noctem,</strong></span> 
     </span>
    </p>
   </div>
   <div class='ocr_carea' id='block_1_108' title="bbox 1977 4432 2883 4502">
    <p class='ocr_par' dir='ltr' id='par_1_108' title="bbox 1977 4432 2883 4502">
     <span class='ocr_line' id='line_1_108' title="bbox 1977 4432 2883 4502; baseline 0.004 -16"><span class='ocrx_word' id='word_1_741' title='bbox 1977 4432 2137 4499; x_wconf 87' lang='lat' dir='ltr'><strong>duas;</strong></span> <span class='ocrx_word' id='word_1_742' title='bbox 2165 4434 2210 4486; x_wconf 90' lang='lat' dir='ltr'><strong>si</strong></span> <span class='ocrx_word' id='word_1_743' title='bbox 2237 4443 2355 4502; x_wconf 92' lang='lat' dir='ltr'><strong>post</strong></span> <span class='ocrx_word' id='word_1_744' title='bbox 2377 4436 2677 4499; x_wconf 88' lang='lat' dir='ltr'><strong>matutinas,</strong></span> <span class='ocrx_word' id='word_1_745' title='bbox 2707 4453 2883 4490; x_wconf 90' lang='lat' dir='ltr'><strong>unam.</strong></span> 
     </span>
    </p>
   </div>
   <div class='ocr_carea' id='block_1_109' title="bbox 2462 4538 3011 4596">
    <p class='ocr_par' dir='ltr' id='par_1_109' title="bbox 2462 4538 3011 4596">
     <span class='ocr_line' id='line_1_109' title="bbox 2462 4538 3011 4596; baseline 0.002 -2"><span class='ocrx_word' id='word_1_746' title='bbox 2462 4538 2849 4596; x_wconf 81' lang='lat' dir='ltr'><strong>CAPITULUM</strong></span> <span class='ocrx_word' id='word_1_747' title='bbox 2886 4542 3011 4596; x_wconf 85' lang='lat' dir='ltr'><strong>LIII.</strong></span> 
     </span>
    </p>
   </div>
   <div class='ocr_carea' id='block_1_110' title="bbox 2580 4625 2881 4681">
    <p class='ocr_par' dir='ltr' id='par_1_110' title="bbox 2580 4625 2881 4681">
     <span class='ocr_line' id='line_1_110' title="bbox 2580 4625 2881 4681; baseline 0.007 -3"><span class='ocrx_word' id='word_1_748' title='bbox 2580 4625 2656 4679; x_wconf 87' lang='lat' dir='ltr'><strong>De</strong></span> <span class='ocrx_word' id='word_1_749' title='bbox 2687 4628 2881 4681; x_wconf 85' lang='lat' dir='ltr'><strong>eodem.</strong></span> 
     </span>
    </p>
   </div>
   <div class='ocr_carea' id='block_1_111' title="bbox 2048 4710 3498 4788">
    <p class='ocr_par' dir='ltr' id='par_1_111' title="bbox 2048 4710 3498 4788">
     <span class='ocr_line' id='line_1_111' title="bbox 2048 4710 3498 4788; baseline 0.008 -24"><span class='ocrx_word' id='word_1_750' title='bbox 2048 4710 2066 4749; x_wconf 80' lang='grc' dir='ltr'>ι</span> <span class='ocrx_word' id='word_1_751' title='bbox 2093 4710 2161 4779; x_wconf 35' lang='lat' dir='ltr'><strong>Si.</strong></span> <span class='ocrx_word' id='word_1_752' title='bbox 2176 4727 2301 4767; x_wconf 90' lang='lat' dir='ltr'><strong>vero</strong></span> <span class='ocrx_word' id='word_1_753' title='bbox 2334 4713 2650 4769; x_wconf 89' lang='lat' dir='ltr'><strong>sacriﬁcium</strong></span> <span class='ocrx_word' id='word_1_754' title='bbox 2681 4718 2989 4783; x_wconf 87' lang='lat' dir='ltr'><strong>evomuerit,</strong></span> <span class='ocrx_word' id='word_1_755' title='bbox 3021 4720 3363 4788; x_wconf 74' lang='lat' dir='ltr'><strong>quadraginta</strong></span> <span class='ocrx_word' id='word_1_756' title='bbox 3388 4721 3498 4776; x_wconf 90' lang='lat' dir='ltr'><strong>dies</strong></span> 
     </span>
    </p>
   </div>
   <div class='ocr_carea' id='block_1_112' title="bbox 1970 4799 3497 4872">
    <p class='ocr_par' dir='ltr' id='par_1_112' title="bbox 1970 4799 3497 4872">
     <span class='ocr_line' id='line_1_112' title="bbox 1970 4799 3497 4872; baseline 0.005 -18"><span class='ocrx_word' id='word_1_757' title='bbox 1970 4800 2241 4865; x_wconf 71' lang='lat' dir='ltr'><strong>pmniteat.</strong></span> <span class='ocrx_word' id='word_1_758' title='bbox 2287 4799 2342 4853; x_wconf 91' lang='lat' dir='ltr'><strong>Si</strong></span> <span class='ocrx_word' id='word_1_759' title='bbox 2382 4801 2700 4855; x_wconf 89' lang='lat' dir='ltr'><strong>inﬁrmitatis</strong></span> <span class='ocrx_word' id='word_1_760' title='bbox 2736 4818 2924 4867; x_wconf 90' lang='lat' dir='ltr'><strong>causa,</strong></span> <span class='ocrx_word' id='word_1_761' title='bbox 2968 4813 3164 4872; x_wconf 87' lang='lat' dir='ltr'><strong>septem</strong></span> <span class='ocrx_word' id='word_1_762' title='bbox 3196 4807 3325 4860; x_wconf 82' lang='lat' dir='ltr'><strong>dies;</strong></span> <span class='ocrx_word' id='word_1_763' title='bbox 3354 4805 3410 4861; x_wconf 84' lang='lat' dir='ltr'><strong>Si</strong></span> <span class='ocrx_word' id='word_1_764' title='bbox 3443 4808 3497 4862; x_wconf 90' lang='lat' dir='ltr'><strong>in</strong></span> 
     </span>
    </p>
   </div>
   <div class='ocr_carea' id='block_1_113' title="bbox 1984 4929 3489 5006">
    <p class='ocr_par' dir='ltr' id='par_1_113' title="bbox 1984 4929 3489 5006">
     <span class='ocr_line' id='line_1_113' title="bbox 1984 4929 3489 5006; baseline 0.008 -26"><span class='ocrx_word' id='word_1_765' title='bbox 1984 4975 1993 4980; x_wconf 90' lang='lat'><strong>-</strong></span> <span class='ocrx_word' id='word_1_766' title='bbox 2025 4929 2064 5006; x_wconf 72' lang='lat' dir='ltr'><strong>_f</strong></span> <span class='ocrx_word' id='word_1_767' title='bbox 2104 4930 2235 5006; x_wconf 47' lang='lat' dir='ltr'><strong>fide</strong></span> <span class='ocrx_word' id='word_1_768' title='bbox 2253 4944 2408 5006; x_wconf 81' lang='lat' dir='ltr'><strong>supra</strong></span> <span class='ocrx_word' id='word_1_769' title='bbox 2432 4944 2547 5006; x_wconf 81' lang='lat' dir='ltr'><strong>cap.</strong></span> <span class='ocrx_word' id='word_1_770' title='bbox 2577 4932 2860 5006; x_wconf 39' lang='lat' dir='ltr'><strong>Iluvcteris</strong></span> <span class='ocrx_word' id='word_1_771' title='bbox 2893 4933 3008 4987; x_wconf 87' lang='lat' dir='ltr'><strong>cod.</strong></span> <span class='ocrx_word' id='word_1_772' title='bbox 3040 4932 3328 5006; x_wconf 70' lang='lat' dir='ltr'><strong>P_aznit_._De</strong></span> <span class='ocrx_word' id='word_1_773' title='bbox 3350 4952 3489 5006; x_wconf 72' lang='lat' dir='ltr'><strong>qum-</strong></span> 
     </span>
    </p>
   </div>
   <div class='ocr_carea' id='block_1_114' title="bbox 1969 4997 3283 5118">
    <p class='ocr_par' dir='ltr' id='par_1_114' title="bbox 1969 4997 3283 5118">
     <span class='ocr_line' id='line_1_114' title="bbox 1969 4997 3283 5063; baseline 0.002 -14"><span class='ocrx_word' id='word_1_774' title='bbox 1969 4997 2217 5050; x_wconf 80' lang='lat' dir='ltr'><strong>stionibus</strong></span> <span class='ocrx_word' id='word_1_775' title='bbox 2239 4997 2607 5062; x_wconf 73' lang='lat' dir='ltr'><strong>con&#39;ugiorum.</strong></span> <span class='ocrx_word' id='word_1_776' title='bbox 2626 5000 2790 5063; x_wconf 12' lang='lat' dir='ltr'><strong>‘Conc.</strong></span> <span class='ocrx_word' id='word_1_777' title='bbox 2818 5000 2941 5052; x_wconf 86' lang='lat' dir='ltr'><strong>Com</strong></span> <span class='ocrx_word' id='word_1_778' title='bbox 2983 5001 3099 5051; x_wconf 78' lang='lat' dir='ltr'><strong>end.</strong></span> <span class='ocrx_word' id='word_1_779' title='bbox 3127 5016 3173 5052; x_wconf 91' lang='lat' dir='ltr'><strong>c.</strong></span> <span class='ocrx_word' id='word_1_780' title='bbox 3203 5002 3283 5051; x_wconf 88' lang='lat' dir='ltr'><strong>I7.</strong></span> 
     </span>
     <span class='ocr_line' id='line_1_115' title="bbox 2039 5016 3283 5118; baseline 0.002 -3"><span class='ocrx_word' id='word_1_781' title='bbox 2039 5066 2063 5102; x_wconf 74' lang='grc' dir='ltr'>ε</span> <span class='ocrx_word' id='word_1_782' title='bbox 2098 5064 2286 5117; x_wconf 59' lang='lat' dir='ltr'><strong>Posuit.</strong></span> <span class='ocrx_word' id='word_1_783' title='bbox 2314 5016 2513 5116; x_wconf 55' lang='grc' dir='ltr'><strong>άπιδηὶ</strong></span> <span class='ocrx_word' id='word_1_784' title='bbox 2541 5080 2589 5117; x_wconf 91' lang='lat' dir='ltr'><strong>c.</strong></span> <span class='ocrx_word' id='word_1_785' title='bbox 2618 5066 2676 5118; x_wconf 82' lang='lat' dir='ltr'><strong>I:</strong></span> <span class='ocrx_word' id='word_1_786' title='bbox 2707 5065 2918 5118; x_wconf 85' lang='lat' dir='ltr'><strong>Bureh..</strong></span> <span class='ocrx_word' id='word_1_787' title='bbox 2947 5016 3036 5118; x_wconf 55' lang='lat' dir='ltr'><strong>fit).</strong></span> <span class='ocrx_word' id='word_1_788' title='bbox 3067 5080 3174 5118; x_wconf 72' lang='lat' dir='ltr'><strong>xIx.</strong></span> <span class='ocrx_word' id='word_1_789' title='bbox 3206 5083 3252 5118; x_wconf 91' lang='lat' dir='ltr'><strong>c.</strong></span> <span class='ocrx_word' id='word_1_790' title='bbox 3278 5086 3283 5098; x_wconf 67' lang='grc' dir='ltr'><strong><em>λ</em></strong></span> 
     </span>
    </p>
   </div>
   <div class='ocr_carea' id='block_1_115' title="bbox 2039 5064 3492 5132">
    <p class='ocr_par' dir='ltr' id='par_1_115' title="bbox 2039 5064 3492 5132">
     <span class='ocr_line' id='line_1_116' title="bbox 2039 5064 3492 5132; baseline 0.005 -16"><span class='ocrx_word' id='word_1_791' title='bbox 2039 5066 2063 5102; x_wconf 73' lang='grc' dir='ltr'>ε</span> <span class='ocrx_word' id='word_1_792' title='bbox 2098 5064 2286 5132; x_wconf 68' lang='lat' dir='ltr'><strong>Pmnit.</strong></span> <span class='ocrx_word' id='word_1_793' title='bbox 2314 5064 2589 5132; x_wconf 71' lang='lat' dir='ltr'><strong>Babanic.</strong></span> <span class='ocrx_word' id='word_1_794' title='bbox 2618 5066 2676 5127; x_wconf 83' lang='lat' dir='ltr'><strong>I;</strong></span> <span class='ocrx_word' id='word_1_795' title='bbox 2707 5065 2918 5128; x_wconf 85' lang='lat' dir='ltr'><strong>Bureh.,</strong></span> <span class='ocrx_word' id='word_1_796' title='bbox 2948 5064 3036 5118; x_wconf 88' lang='lat' dir='ltr'><strong>lib.</strong></span> <span class='ocrx_word' id='word_1_797' title='bbox 3067 5080 3174 5124; x_wconf 72' lang='lat' dir='ltr'><strong>xIx,</strong></span> <span class='ocrx_word' id='word_1_798' title='bbox 3206 5083 3252 5120; x_wconf 92' lang='lat' dir='ltr'><strong>c.</strong></span> <span class='ocrx_word' id='word_1_799' title='bbox 3278 5068 3492 5132; x_wconf 82' lang='lat' dir='ltr'><strong>I50;ex</strong></span> 
     </span>
    </p>
   </div>
   <div class='ocr_carea' id='block_1_116' title="bbox 1968 5130 3493 5203">
    <p class='ocr_par' dir='ltr' id='par_1_116' title="bbox 1968 5130 3493 5203">
     <span class='ocr_line' id='line_1_117' title="bbox 1968 5130 3493 5203; baseline 0.005 -20"><span class='ocrx_word' id='word_1_800' title='bbox 1968 5130 2187 5203; x_wconf 71' lang='lat' dir='ltr'><strong>concilio</strong></span> <span class='ocrx_word' id='word_1_801' title='bbox 2214 5130 2489 5193; x_wconf 87' lang='lat' dir='ltr'><strong>llerdensi,</strong></span> <span class='ocrx_word' id='word_1_802' title='bbox 2518 5130 2599 5203; x_wconf 58' lang='lat' dir='ltr'><strong>in</strong></span> <span class='ocrx_word' id='word_1_803' title='bbox 2618 5147 2721 5199; x_wconf 91' lang='lat' dir='ltr'><strong>quo</strong></span> <span class='ocrx_word' id='word_1_804' title='bbox 2750 5141 2925 5187; x_wconf 89' lang='lat' dir='ltr'><strong>tamen</strong></span> <span class='ocrx_word' id='word_1_805' title='bbox 2955 5148 3056 5189; x_wconf 89' lang='lat' dir='ltr'><strong>non</strong></span> <span class='ocrx_word' id='word_1_806' title='bbox 3082 5133 3272 5203; x_wconf 79' lang='lat' dir='ltr'><strong>legitur</strong></span> <span class='ocrx_word' id='word_1_807' title='bbox 3292 5136 3379 5189; x_wconf 92' lang='lat' dir='ltr'><strong>hic</strong></span> <span class='ocrx_word' id='word_1_808' title='bbox 3397 5130 3493 5191; x_wconf 81' lang='lat' dir='ltr'><strong>ca-</strong></span> 
     </span>
    </p>
   </div>
   <div class='ocr_carea' id='block_1_117' title="bbox 1966 5196 2624 5266">
    <p class='ocr_par' dir='ltr' id='par_1_117' title="bbox 1966 5196 2624 5266">
     <span class='ocr_line' id='line_1_118' title="bbox 1966 5196 2624 5266; baseline 0.005 -19"><span class='ocrx_word' id='word_1_809' title='bbox 1966 5196 2220 5266; x_wconf 33' lang='lat' dir='ltr'><strong>nonalvo,</strong></span> <span class='ocrx_word' id='word_1_810' title='bbox 2248 5213 2299 5266; x_wconf 84' lang='lat' dir='ltr'><strong>p.</strong></span> <span class='ocrx_word' id='word_1_811' title='bbox 2329 5213 2399 5266; x_wconf 83' lang='lat' dir='ltr'><strong>v_l,</strong></span> <span class='ocrx_word' id='word_1_812' title='bbox 2428 5214 2473 5251; x_wconf 90' lang='lat' dir='ltr'><strong>e.</strong></span> <span class='ocrx_word' id='word_1_813' title='bbox 2505 5197 2624 5266; x_wconf 68' lang='grc'><strong>400.</strong></span> 
     </span>
    </p>
   </div>
   <div class='ocr_carea' id='block_1_118' title="bbox 2034 5263 3555 5337">
    <p class='ocr_par' dir='ltr' id='par_1_118' title="bbox 2034 5263 3555 5337">
     <span class='ocr_line' id='line_1_119' title="bbox 2034 5263 3555 5337; baseline 0.004 -20"><span class='ocrx_word' id='word_1_814' title='bbox 2034 5264 2058 5301; x_wconf 73' lang='lat' dir='ltr'><strong>h</strong></span> <span class='ocrx_word' id='word_1_815' title='bbox 2092 5265 2220 5318; x_wconf 82' lang='lat' dir='ltr'><strong>Vide</strong></span> <span class='ocrx_word' id='word_1_816' title='bbox 2241 5263 2325 5333; x_wconf 79' lang='lat' dir='ltr'><strong>ep.</strong></span> <span class='ocrx_word' id='word_1_817' title='bbox 2347 5263 2529 5318; x_wconf 90' lang='lat' dir='ltr'><strong>Isidori</strong></span> <span class='ocrx_word' id='word_1_818' title='bbox 2556 5264 2873 5332; x_wconf 84' lang='lat' dir='ltr'><strong>llispalensis</strong></span> <span class='ocrx_word' id='word_1_819' title='bbox 2894 5267 2957 5321; x_wconf 86' lang='lat' dir='ltr'><strong>ad</strong></span> <span class='ocrx_word' id='word_1_820' title='bbox 2983 5266 3276 5322; x_wconf 78' lang='lat' dir='ltr'><strong>Massonem</strong></span> <span class='ocrx_word' id='word_1_821' title='bbox 3290 5268 3491 5337; x_wconf 82' lang='lat' dir='ltr'><strong>episco-</strong></span> <span class='ocrx_word' id='word_1_822' title='bbox 3543 5309 3555 5322; x_wconf 94' lang='lat'><strong>.</strong></span> 
     </span>
    </p>
   </div>
   <div class='ocr_carea' id='block_1_119' title="bbox 1964 5343 3485 5517">
    <p class='ocr_par' dir='ltr' id='par_1_119' title="bbox 1964 5343 3485 5517">
     <span class='ocr_line' id='line_1_120' title="bbox 1964 5343 3485 5517; baseline 0.011 -79"><span class='ocrx_word' id='word_1_823' title='bbox 1964 5343 2319 5517; x_wconf 43' lang='grc' dir='ltr'><strong>ἓζῗιιίεῑῗὲ,</strong></span> <span class='ocrx_word' id='word_1_824' title='bbox 2345 5398 2437 5452; x_wconf 89' lang='lat' dir='ltr'><strong>lib.</strong></span> <span class='ocrx_word' id='word_1_825' title='bbox 2469 5412 2485 5450; x_wconf 88' lang='grc' dir='ltr'><strong><em>ι</em></strong></span> <span class='ocrx_word' id='word_1_826' title='bbox 2512 5398 2575 5452; x_wconf 88' lang='lat' dir='ltr'><strong>de</strong></span> <span class='ocrx_word' id='word_1_827' title='bbox 2600 5398 2741 5454; x_wconf 87' lang='lat' dir='ltr'><strong>Eccl.</strong></span> <span class='ocrx_word' id='word_1_828' title='bbox 2773 5400 2939 5467; x_wconf 90' lang='lat' dir='ltr'><strong>Disc.,</strong></span> <span class='ocrx_word' id='word_1_829' title='bbox 2964 5418 3077 5473; x_wconf 87' lang='lat' dir='ltr'><strong>cap.</strong></span> <span class='ocrx_word' id='word_1_830' title='bbox 3110 5403 3238 5465; x_wconf 79' lang='lat' dir='ltr'><strong>M9;</strong></span> <span class='ocrx_word' id='word_1_831' title='bbox 3267 5401 3485 5466; x_wconf 58' lang='lat' dir='ltr'><strong>Ituran,</strong></span> 
     </span>
    </p>
   </div>
   <div class='ocr_carea' id='block_1_120' title="bbox 1986 5478 2316 5523">
    <p class='ocr_par' dir='ltr' id='par_1_120' title="bbox 1986 5478 2316 5523">
     <span class='ocr_line' id='line_1_121' title="bbox 1986 5478 2316 5523; baseline 0.015 -10"><span class='ocrx_word' id='word_1_832' title='bbox 1986 5478 2057 5515; x_wconf 84' lang='grc' dir='ltr'><strong>ιι).</strong></span> <span class='ocrx_word' id='word_1_833' title='bbox 2080 5479 2131 5523; x_wconf 78' lang='grc' dir='ltr'><strong>ν,</strong></span> <span class='ocrx_word' id='word_1_834' title='bbox 2158 5480 2204 5517; x_wconf 82' lang='lat' dir='ltr'><strong>C.</strong></span> <span class='ocrx_word' id='word_1_835' title='bbox 2229 5478 2316 5518; x_wconf 69' lang='grc'><strong>46.</strong></span> 
     </span>
    </p>
   </div>
   <div class='ocr_carea' id='block_1_121' title="bbox 2034 5528 3009 5602">
    <p class='ocr_par' dir='ltr' id='par_1_121' title="bbox 2034 5528 3009 5602">
     <span class='ocr_line' id='line_1_122' title="bbox 2034 5528 3009 5602; baseline 0.008 -21"><span class='ocrx_word' id='word_1_836' title='bbox 2034 5528 2048 5602; x_wconf 80' lang='lat' dir='ltr'><strong>_i</strong></span> <span class='ocrx_word' id='word_1_837' title='bbox 2092 5531 2223 5602; x_wconf 63' lang='lat' dir='ltr'><strong>Yide</strong></span> <span class='ocrx_word' id='word_1_838' title='bbox 2248 5531 2448 5586; x_wconf 71' lang='lat' dir='ltr'><strong>Iudicia</strong></span> <span class='ocrx_word' id='word_1_839' title='bbox 2470 5532 2708 5602; x_wconf 67' lang='lat' dir='ltr'><strong>§_regorii</strong></span> <span class='ocrx_word' id='word_1_840' title='bbox 2733 5533 2821 5600; x_wconf 84' lang='lat' dir='ltr'><strong>III,</strong></span> <span class='ocrx_word' id='word_1_841' title='bbox 2847 5551 2893 5591; x_wconf 91' lang='lat' dir='ltr'><strong>e.</strong></span> <span class='ocrx_word' id='word_1_842' title='bbox 2924 5536 3009 5591; x_wconf 74' lang='lat'><strong>28.</strong></span> 
     </span>
    </p>
   </div>
   <div class='ocr_carea' id='block_1_122' title="bbox 2034 5597 2551 5678">
    <p class='ocr_par' dir='ltr' id='par_1_122' title="bbox 2034 5597 2551 5678">
     <span class='ocr_line' id='line_1_123' title="bbox 2034 5597 2551 5678; baseline 0.004 -29"><span class='ocrx_word' id='word_1_843' title='bbox 2034 5597 2059 5678; x_wconf 64' lang='grc' dir='ltr'><strong><em>ξ</em></strong></span> <span class='ocrx_word' id='word_1_844' title='bbox 2094 5597 2201 5678; x_wconf 51' lang='lat' dir='ltr'><strong>ch,</strong></span> <span class='ocrx_word' id='word_1_845' title='bbox 2227 5614 2279 5678; x_wconf 69' lang='grc' dir='ltr'><strong>ρ.</strong></span> <span class='ocrx_word' id='word_1_846' title='bbox 2307 5615 2367 5678; x_wconf 58' lang='lat' dir='ltr'><strong>ll,</strong></span> <span class='ocrx_word' id='word_1_847' title='bbox 2395 5614 2441 5652; x_wconf 94' lang='lat' dir='ltr'><strong>c.</strong></span> <span class='ocrx_word' id='word_1_848' title='bbox 2468 5598 2551 5678; x_wconf 60' lang='lat'><strong>57.</strong></span> 
     </span>
    </p>
   </div>
   <div class='ocr_carea' id='block_1_123' title="bbox 2036 5662 3477 5737">
    <p class='ocr_par' dir='ltr' id='par_1_123' title="bbox 2036 5662 3477 5737">
     <span class='ocr_line' id='line_1_124' title="bbox 2036 5662 3477 5737; baseline 0.006 -22"><span class='ocrx_word' id='word_1_849' title='bbox 2036 5662 2052 5700; x_wconf 81' lang='grc' dir='ltr'>ι</span> <span class='ocrx_word' id='word_1_850' title='bbox 2094 5662 2280 5718; x_wconf 76' lang='lat' dir='ltr'><strong>Pcenit.</strong></span> <span class='ocrx_word' id='word_1_851' title='bbox 2316 5668 2488 5737; x_wconf 45' lang='lat' dir='ltr'><strong>Rom”</strong></span> <span class='ocrx_word' id='word_1_852' title='bbox 2511 5668 2594 5720; x_wconf 89' lang='lat' dir='ltr'><strong>tit.</strong></span> <span class='ocrx_word' id='word_1_853' title='bbox 2622 5667 2674 5734; x_wconf 73' lang='grc' dir='ltr'><strong>ὕ,</strong></span> <span class='ocrx_word' id='word_1_854' title='bbox 2700 5683 2749 5723; x_wconf 88' lang='lat' dir='ltr'><strong>e.</strong></span> <span class='ocrx_word' id='word_1_855' title='bbox 2777 5670 2840 5734; x_wconf 90' lang='lat'><strong>8;</strong></span> <span class='ocrx_word' id='word_1_856' title='bbox 2867 5669 3082 5737; x_wconf 85' lang='lat' dir='ltr'><strong>Burch.,</strong></span> <span class='ocrx_word' id='word_1_857' title='bbox 3108 5672 3201 5727; x_wconf 87' lang='lat' dir='ltr'><strong>lib.</strong></span> <span class='ocrx_word' id='word_1_858' title='bbox 3232 5686 3285 5736; x_wconf 84' lang='lat' dir='ltr'><strong>v,</strong></span> <span class='ocrx_word' id='word_1_859' title='bbox 3311 5684 3359 5726; x_wconf 90' lang='lat' dir='ltr'><strong>c.</strong></span> <span class='ocrx_word' id='word_1_860' title='bbox 3378 5669 3477 5734; x_wconf 68' lang='lat'><strong>49;</strong></span> 
     </span>
    </p>
   </div>
   <div class='ocr_carea' id='block_1_124' title="bbox 1961 5731 2425 5799">
    <p class='ocr_par' dir='ltr' id='par_1_124' title="bbox 1961 5731 2425 5799">
     <span class='ocr_line' id='line_1_125' title="bbox 1961 5731 2425 5799; baseline 0.004 -17"><span class='ocrx_word' id='word_1_861' title='bbox 1961 5731 2069 5793; x_wconf 88' lang='lat' dir='ltr'><strong>Ivo,</strong></span> <span class='ocrx_word' id='word_1_862' title='bbox 2098 5747 2149 5799; x_wconf 87' lang='lat' dir='ltr'><strong>p.</strong></span> <span class='ocrx_word' id='word_1_863' title='bbox 2178 5747 2236 5797; x_wconf 83' lang='lat' dir='ltr'><strong>tt,</strong></span> <span class='ocrx_word' id='word_1_864' title='bbox 2262 5748 2308 5783; x_wconf 89' lang='lat' dir='ltr'><strong>c.</strong></span> <span class='ocrx_word' id='word_1_865' title='bbox 2341 5732 2425 5786; x_wconf 82' lang='lat'><strong>58.</strong></span> 
     </span>
    </p>
   </div>
  </div>
