4110 6562
807 421 899 481 95!

1728 422 2065 479 THEODORI
2099 422 2406 475 ARCHiEP.
2445 418 2975 475 CANTUARIE‘NSIS

3814 418 3929 473 952

801 534 971 603 ignem
993 531 1229 601 projecit,
1250 540 1454 587 centum
1477 533 1702 601 psalmos
1720 542 1908 588 cantet.
1928 534 1985 588 Si
2006 549 2127 588 vero
2145 548 2301 587 canes
2328 536 2367 589 Δ
2397 531 2651 583 buratur:
2680 537 2733 582 et
2762 530 2912 592 cinis,
2948 537 3005 582 ut
3037 526 3212 595 supra,
3240 531 3568 593 recondatur,
3589 539 3645 584 et
3674 540 3934 586 urentes

804 620 1113 673 lambuerint
1152 621 1307 673 talem
1333 621 1603 703 vomitum,
1632 628 1839 675 centum
1866 621 1978 676 dies
2000 623 2088 689 qui
2115 623 2304 675 evomit

803 708 1069 771 pmniteat.

1279 793 1659 850 CAPI-TULUM
1693 796 1820 851 LW.

867 881 940 936 De
968 882 1287 937 Eucharistia
1316 885 1585 937 inveterata
1610 901 1700 953 per
1719 886 2081 954 quinquaginta
2111 886 2236 937 dies.

868 1001 891 1028 α
914 989 1079 1043 Omne
1117 990 1429 1045 sacriﬁcium
1470 991 1679 1045 sordida
1716 998 1975 1045 vetustate
2015 992 2307 1058 perditum,

800 1076 917 1143 igne
948 1077 1353 1131 comburendum
1397 1086 1507 1143 est,
1536 1087 1589 1131 et
1630 1078 1761 1132 cinis
1783 1079 1931 1148 juxta
1968 1078 2133 1131 altare
2164 1091 2313 1143 sepe-

796 1161 1018 1217 liendus.

1295 1251 1675 1307 CAPITULUM
1708 1253 1793 1306 LV

798 1335 874 1389 De
896 1336 996 1390 illis
1019 1338 1106 1406 qui
1129 1353 1231 1391 non
1252 1338 1713 1457 benecugodierint
1739 1355 1918 1408 corpus
1943 1348 1987 1391 et
2015 1340 2309 1408 sanguinem

1503 1422 1676 1457 omnn.

1503 1422 1676 1458 omtm.

864 1510 893 1550 δ
916 1511 1014 1575 Qui
1036 1526 1138 1565 non
1165 1511 1297 1565 bene
1323 1512 1629 1565 custodierit
1653 1511 1981 1574 sacriﬁcium,
2009 1520 2063 1566 et
2087 1527 2203 1566 mus
2227 1513 2307 1565 vel

799 1600 1008 1668 aliquod
1036 1601 1223 1653 animal
1274 1601 1406 1654 aliud
1446 1604 1617 1653 Ione?
1668 1606 1726 1651 "t
1771 1601 1925 1664 illud,
1971 1600 2311 1669 quadraginta

800 1689 911 1741 dies
930 1688 1194 1756 pceniteat.
1221 1688 1317 1751 Qui
1346 1706 1425 1741 .lUl
1450 1704 1517 1741 :m
1536 1691 1679 1756 perdi
1706 1690 1822 1742 ‘crit
1843 1689 1966 1741 illud
1991 1689 2043 1740 in
2069 1689 2308 1749 ecclesia,

802 1784 890 1828 aut
910 1791 1031 1845 pars
1053 1775 1165 1843 ejus
1191 1777 1451 1840 ceciderit,
1478 1786 1528 1828 et
1555 1792 1655 1829 non
1686 1778 1892 1829 inventa
1926 1774 2105 1838 fuerit,
2130 1775 2309 1841 viginti

799 1865 912 1918 dies
943 1864 1210 1931 poeniteat.
1260 1863 1583 1917 Profundens
1617 1864 1811 1931 aliquid
1853 1878 2010 1932 snper
2044 1864 2208 1915 altare
2251 1864 2313 1915 dc

802 1951 993 2012 calice,
1038 1949 1243 2018 quando
1286 1951 1519 2014 otl‘er'ar,
1560 1965 1650 2003 sex
1685 1951 1794 2003 dies
1835 1950 2115 2017 paeniteat;
2146 1955 2237 2001 aut
2268 1950 2312 2001 si

799 2035 1163 2101 abundantius,
1201 2044 1325 2104 sept:
1351 2052 1396 2087 :n
1428 2037 1536 2089 Jies
1564 2038 1832 2103 prniteat.
1861 2034 1959 2099 Qui
1988 2045 2171 2088 autem.
2195 2050 2315 2102 per-

801 2122 969 2176 fundit
1002 2123 1245 2187 calicem,
1284 2124 1405 2175 dum
1438 2123 1739 2177 ..ol..-mnitas
1782 2124 1955 2175 missae
1999 2122 2312 2182 celebratur,

799 2214 1139 2282 quadraginta
1161 2215 1271 2268 dies
1294 2216 1558 2282 poeniteat.
1590 2215 1651 2266 Et
1694 2213 1783 2282 qui
1806 2213 2066 2280 acceperit
2108 2210 2313 2264 sacriﬁ-
2398 2202 2405 2209 ’

801 2303 939 2354 cium
981 2301 1206 2370 pollutus
1234 2311 1488 2356 nocturno
1523 2314 1774 2370 tempore,
1802 2309 2000 2367 septem
2047 2299 2312 2366 paeniteat.

804 2387 1059 2441 Diaconus
1071 2388 1379 2443 obliviscens
1398 2389 1709 2442 oblaticncm
1729 2387 1936 2449 offerre,
1950 2387 2114 2440 donec
2131 2384 2318 2439 oﬁ‘era-

806 2485 895 2532 tur
913 2478 1210 2542 linteamen,
1225 2478 1429 2543 quando
1440 2476 1725 2528 recitantur
1741 2474 1949 2527 nomina
1964 2472 2312 2540 pausantium,

805 2563 1043 2619 similiter
1060 2565 1326 2633 pmniteat.
1346 2564 1443 2628 Qui
1463 2562 1830 2631 negligentiam
1854 2574 1975 2627 erga
2005 2557 2317 2612 sacriﬁcium

806 2653 1005 2718 fecerit,
1031 2660 1090 2707 ut
1120 2652 1384 2707 vermibus
1422 2657 1780 2717 consumptum
1809 2648 1874 2702 ad
1910 2646 2129 2701 nihilum
2163 2647 2315 2700 deve-

806 2743 958 2807 nerit,
990 2751 1011 2779 α
1045 2748 1151 2794 tres
1189 2738 1609 2808 quadragesimas
1651 2739 1705 2791 in
1750 2752 1882 2805 pane
1909 2744 1961 2790 et
1993 2750 2123 2803 aqua
2155 2735 2319 2801 paeni-

808 2835 931 2882 teat.
955 2826 1008 2882 Si
1031 2826 1286 2896 integrum
1315 2826 1579 2879 inventum
1608 2824 1783 2885 fuerit,
1811 2825 1862 2875 in
1884 2837 1945 2876 eo
1968 2823 2160 2875 vermis
2180 2837 2320 2876 com-

809 2918 1043 2978 buratur,
1066 2922 1119 2968 et
1142 2911 1273 2967 cinis
1298 2913 1393 2966 sub
1415 2911 1563 2965 altari
1590 2911 1859 2965 condatur.

1293 3018 1672 3075 CAPITULUM
1707 3019 1833 3071 LVI.

1381 3107 1453 3161 De
1481 3107 1655 3159 eadem
1684 3123 1753 3159 re.

877 3217 904 3256 ἀ
932 3215 988 3270 Si
1033 3216 1279 3270 ceciderit
1321 3216 1631 3270 sacriﬁcium
1676 3217 1737 3269 de
1780 3217 2018 3269 manibus
2062 3214 2325 3269 offerentis

815 3315 952 3360 terra
969 3311 1136 3366 tenus,
1162 3312 1329 3357 etnon
1354 3305 1668 3366 inveniatur,
1695 3288 1848 3357 omne
1878 3304 2221 3371 quodcunque
2251 3307 2327 3355 in-

813 3399 1021 3446 ventum
1048 3390 1207 3447 fuerit
1240 3391 1292 3442 in
1331 3391 1443 3443 loco
1470 3390 1521 3442 in
1547 3406 1648 3456 quo
1670 3390 1937 3452 ceciderit,
1961 3393 2323 3451 comburatur;

811 3486 868 3533 et
888 3479 1034 3539 cinis,
1059 3486 1117 3530 ut
1140 3491 1313 3545 supra,
1344 3478 1711 3540 abscondatur;
1746 3484 1796 3528 et
1822 3478 1902 3528 cui
1931 3476 2209 3538 acciderat,
2244 3475 2329 3529 ille

812 3565 1039 3621 medium
1066 3579 1256 3617 annum
1280 3566 1544 3632 poeniteat.
1579 3562 1634 3615 Si
1664 3575 1785 3613 vero
1810 3560 2122 3614 sacriﬁcium
2151 3563 2329 3613 inven-

819 3664 926 3706 tum
960 3651 1137 3715 fuerit,
1166 3651 1311 3705 locus
1339 3650 1508 3717 scopis
1545 3649 1841 3712 mandetur,
1874 3656 1927 3700 ut
1965 3663 2138 3716 supra,
2184 3664 2298 3702 com

1078 3732 1086 3753 ἱ

889 3778 1057 3848 -__lvo,
1106 3795 1159 3848 p.
1207 3796 1278 3842 ιι,
1306 3795 1353 3834 c.
1395 3778 1496 3840 59;
1538 3793 1602 3831 ex
1651 3777 1868 3831 concilio
1917 3778 2199 3831 Arelatensi
2248 3795 2325 3837 m.

823 3865 871 3984 ὲ.
892 3845 1038 3968 b5.lvo
1065 3931 1118 3984 p.
1150 3930 1218 3979 ιι,
1246 3930 1295 3969 e.
1336 3913 1429 3978 60;
1462 3914 1526 3968 de
1569 3911 1867 3968 Consecrat.
1908 3916 2027 3967 dist.
2063 3915 2127 3975 2,
2159 3928 2205 3965 c.
2235 3913 2333 3976 Qui

824 3982 942 4033 bene
969 3982 1087 4035 non.
1148 4002 1151 4005 ·

895 4060 919 4118 *ξ
950 4048 1183 4118 Gregorii
1211 4049 1273 4102 ΙΙΙ
1294 4049 1518 4118 Judicia,
1543 4065 1588 4105 c.
1614 4050 1703 4106 28.

898 4114 923 4150 ά
956 4114 1080 4182 lvo,'
1095 4130 1146 4182 p.
1171 4132 1231 4177 ιι,
1259 4131 1306 4169 c.
1335 4116 1420 4168 60.

900 4191 923 4217 ε
959 4180 1194 4250 Gregorii
1217 4183 1279 4237 lll
1303 4181 1523 4248 Iudicia,
1548 4199 1595 4237 c.
1618 4182 1706 4239 28.

2400 618 2580 686 viginti
2614 618 2723 670 dies
2746 617 3012 685 paeniteat.

2875 703 3255 759 CAPITULUM
3293 704 3442 758 LVII.

2972 792 3047 844 De
3070 792 3250 845 eadem
3276 808 3347 844 re.
3396 795 3399 797 “

2472 880 2527 932 Si
2551 880 2667 947 quis
2685 879 3067 932 Eucharistiam
3093 878 3418 947 negligentia
3437 893 3592 932 causa
3616 880 3933 947 perdiderit,

2404 982 2563 1019 unum
2598 980 2788 1019 annum
2819 968 3088 1033 poeniteat,
3114 967 3195 1018 vel
3219 975 3326 1019 tres
3359 965 3808 1034 quadragesimas,
3833 980 3939 1023 seu

2403 1053 2748 1122 quadraginta
2772 1053 2899 1107 dies.
2929 1053 2983 1107 Si
3012 1052 3322 1107 sacriﬁcium
3346 1053 3400 1105 in
3441 1061 3582 1105 terra
3609 1054 3932 1119 perdiderit,

2405 1140 2729 1209 negligentiae
2754 1155 2932 1203 causa,
2962 1140 3306 1208 quadraginta
3345 1139 3575 1206 psalmos
3599 1148 3789 1193 cantet.
3828 1137 3935 1202 Qui

2406 1227 2693 1295 neglexerit
2716 1226 3049 1288 sacriﬁcium,
3079 1234 3137 1279 ut
3166 1239 3373 1279 vermes
3401 1227 3453 1278 in
3476 1240 3540 1279 eo
3567 1227 3692 1288 sint,
3713 1234 3765 1278 et
3793 1237 3820 1263 ο
3844 1240 3941 1279 co-

2407 1311 2567 1365 lorem
2590 1326 2696 1364 non
2716 1313 2905 1366 habeat
2925 1326 3286 1381 saporemque,
3306 1312 3490 1380 viginti
3510 1312 3593 1365 vel
3618 1313 3831 1381 triginta
3852 1316 3938 1367 vel

2407 1398 2747 1467 quadraginta
2775 1400 2885 1456 dies
2905 1400 3173 1468 preniteat.
3244 1404 3247 1407 '

2874 1506 3258 1562 CAPITULUM
3286 1505 3460 1561 LVIII.

2412 1572 2477 1625 Ut
2507 1574 2675 1628 nullus
2698 1575 2917 1642 injustas
2944 1591 3225 1643 mensuras,
3249 1583 3296 1627 et
3322 1574 3547 1643 pondera
3567 1574 3781 1642 injuste,
3802 1574 3946 1628 lucri

2848 1658 3004 1695 causa
3037 1642 3160 1694 dare
3186 1642 3481 1711 prasuntat.

2480 1728 2498 1767 ί
2528 1728 2597 1782 Ut
2622 1743 2877 1782 mensura:
2899 1736 2953 1783 et
2977 1729 3206 1798 pondera
3231 1727 3371 1795 justa
3418 1727 3567 1793 ﬁant,
3593 1728 3731 1782 sicut
3761 1730 3816 1782 in
3856 1728 3937 1781 di-

2343 1819 2385 1876 Β
2411 1815 2545 1868 vinis
2570 1815 2769 1881 legibus
2793 1815 3050 1869 sancitum
3081 1822 3190 1878 est;
3219 1826 3345 1884 ergo
3371 1814 3649 1869 statuimus
3671 1815 3740 1868 ab
3762 1815 3938 1869 omni—

2406 1900 2503 1952 bus
2527 1902 2626 1954 hoc
2652 1900 3054 1953 observandum.
3086 1900 3153 1953 Et
3175 1900 3219 1954 si
3247 1902 3368 1967 quis
3388 1898 3560 1967 justas
3584 1914 3862 1955 mensuras
3886 1910 3940 1955 et

2401 1985 2541 2065 justa
2572 1987 2800 2054 pondera
2842 1986 2974 2039 lucri
2999 2001 3157 2040 causa
3200 1974 3405 2039 mutare
3438 1987 3854 2057 praesumpserit,
3881 1988 3937 2041 in

2406 2085 2542 2138 pane
2565 2080 2619 2124 et
2641 2086 2775 2138 aqua
2799 2071 2979 2138 viginti
3001 2072 3113 2124 dies
3134 2071 3407 2140 pmniteat.

2892 2177 3275 2232 CAPITULUM
3312 2178 3441 2233 LIX.

2414 2246 2485 2300 De
2508 2256 2667 2300 matre
2688 2263 2800 2316 qua'
2820 2245 3065 2316 infantem
3090 2262 3236 2316 suum
3254 2246 3409 2313 juxta
3429 2248 3595 2315 ignem
3620 2248 3869 2314 posuerit,
3887 2258 3935 2300 et

2784 2312 2886 2366 sua
2900 2312 3198 2381 negligentia
3223 2312 3572 2388 niortnuslest.

2483 2406 2507 2443 ε
2544 2402 2725 2463 Mater,
2753 2400 2794 2452 si
2820 2399 2969 2469 juxta
3006 2398 3176 2452 focum
3207 2399 3455 2453 infantem
3493 2415 3644 2454 suum
3674 2401 3931 2469 posuerit.

2482 2491 2639 2542 homo
2658 2503 2846 2555 aquam
2871 2487 2925 2540 in
2947 2485 3232 2540 caldarium
3252 2486 3475 2551 miserit,
3492 2496 3545 2539 et
3563 2487 3781 2541 ebullita
3805 2503 3950 2555 aqua.

2415 2578 2584 2632 infans
2619 2560 2929 2644 superfusus
2964 2584 3202 2629 mortuus
3249 2574 3437 2640 fuerit,
3483 2590 3579 2643 pro
3627 2577 3938 2646 negligentia

2415 2671 2581 2717 mater
2605 2662 2892 2730 pmniteat:
2919 2668 2973 2714 et
2996 2660 3082 2713 ille
3102 2661 3257 2713 homo
3276 2675 3496 2715 securus
3518 2661 3607 2714 sit.
3708 2650 3715 2657 ’

2914 2767 3299 2823 CAPITULUM
3336 2768 3445 2821 LX.

2507 2860 2577 2911 De
2606 2861 2722 2912 viris
2743 2858 3012 2919 ordinatis,
3036 2872 3247 2926 quorum
3272 2866 3475 2923 peccata
3500 2856 3699 2909 occulta
3718 2865 3857 2909 sunt.

2489 2950 2511 2986 δ
2542 2949 2613 3001 De
2644 2948 2772 2999 viris
2814 2946 3085 3009 ordinatis,
3112 2960 3335 3014 quorum
3359 2953 3572 3013 peccata
3612 2943 3819 2998 occulta
3850 2959 3947 2997 nec

2423 3033 2696 3088 manifeste
2746 3035 2810 3088 ab
2858 3034 3033 3101 aliquo
3078 3033 3226 3101 argui
3273 3040 3520 3101 possunt,
3572 3032 3616 3085 si
3666 3031 3944 3084 salubriter

2355 3108 2396 3169 α
2425 3122 2719 3190 cnmpuncti
2760 3137 2852 3189 pro
2879 3122 3109 3189 peccatis
3143 3120 3524 3174 confessionem
3554 3119 3803 3187 episcopo
3842 3121 3945 3173 sive

2425 3211 2729 3278 presbytero
2770 3209 2976 3261 occulte
3019 3207 3235 3270 faciunt,
3261 3208 3455 3261 bonum
3491 3207 3620 3261 mihi
3665 3209 3870 3261 videtur
3893 3216 3947 3260 ut

2427 3299 2710 3352 secundum
2736 3299 2795 3350 id
2833 3298 2970 3364 quod
3011 3297 3276 3351 decretum
3303 3297 3459 3351 fuerit
3486 3298 3552 3351 ab
3585 3298 3833 3365 episcopo
3870 3297 3947 3349 vel

2428 3389 2750 3456 presbytero.
2775 3387 3131 3453 paenitentiam
3152 3394 3307 3455 agant
3328 3401 3429 3437 non
3453 3384 3647 3452 tepide,
3671 3399 3770 3437 nec
3789 3386 3945 3447 tarde,

2432 3475 2517 3527 sed
2538 3476 2798 3528 ferventer
2809 3482 2862 3527 et
2881 3474 3128 3536 sollicite;
3147 3487 3210 3525 ac
3223 3473 3297 3525 sic
3311 3487 3368 3525 se.
3388 3472 3592 3525 veniam
3617 3480 3942 3538 peccatorum

2430 3579 2461 3615 a
2487 3565 2704 3618 Domino
2731 3570 3084 3632 percepturos,
3110 3570 3163 3616 et
3181 3562 3396 3631 gradum
3425 3575 3481 3615 se
3510 3570 3806 3615 retenturos
3831 3574 3945 3613 con-

2446 3652 2608 3703 iisut.

2507 3781 2524 3817 τ
2567 3778 2862 3849 ttapitulare
2890 3777 3341 3849 A_quisgranense,
3359 3794 3410 3849 c.
3454 3777 3550 3841 7-1;
3579 3791 3727 3832 conc.
3762 3777 3948 3831 Arelat.

2445 3864 2479 3899 ri
2534 3866 2559 3897 ι’
2614 3848 2703 3906 li;
2736 3862 2883 3899 conc.
2912 3846 3108 3901 Turon.
3140 3863 3217 3909 nt,
3247 3862 3293 3899 c.
3324 3846 3405 3898 45.

2518 3926 2719 3995 inpone.
2798 3914 3123 3968 S'.iburiense
3183 3922 3412 3983 tempore
3472 3915 3713 3969 Formosi
3780 3926 3945 3981 panic.

2436 3998 2482 4035 (ἷ.

2523 4002 2751 4102 "iam-
2784 4049 2938 4113 ain,
2976 4064 3022 4117 c.
3066 4050 3113 4102 ι.
3155 4050 3270 4103 Vid.
3302 4049 3483 4103 Isidor.
3511 4048 3734 4117 llispal.,
3779 4062 3857 4115 ep.
3885 4047 3953 4100 ad.

2439 4116 2541 4168 Mas
2566 4131 2725 4169 .anenv
2756 4121 2917 4181 episr.
2976 4114 2984 4125 '

2398 4319 2543 4329 —.—-

1012 4396 1507 4475 CAPITULA
1558 4399 2045 4473 PATRIBUS
2097 4396 2537 4473 CONCILII
2596 4396 3326 4475 HERUDFORDLE
3377 4401 3762 4476 OBLATA

992 4514 1009 4529 λ
1708 4522 1759 4593 Α
1805 4517 2342 4595 THEODORO
2400 4519 3065 4612 PBABSIDENTE,

1287 4626 1523 4687 Collata
1549 4646 1683 4687 cum
1714 4629 1908 4688 tribus
1942 4627 2249 4688 codicibus
2276 4643 2414 4685 mss.
2447 4620 2738 4687 Historiis
2769 4629 3102 4705 Anglorum
3135 4630 3271 4690 Ven.
3316 4631 3508 4693 Beda’.

909 4850 1126 4918 Quibus,
1152 4849 1318 4918 inquit
1344 4848 1667 4913 Theodorus,
1700 4850 1875 4903 statim
1901 4848 2089 4916 protuli
2114 4846 2351 4901 eumdem
2374 4845 2427 4904 D
2451 4860 2719 4902 servemus
2755 4850 3020 4905 Dominica
3060 4860 3177 4919 post
3218 4852 3470 4907 decimam
3515 4862 3755 4919 quartam
3789 4855 3949 4910 lunam

844 4938 1034 4993 librum
1058 4950 1335 4998 canonum,
1359 4943 1412 4989 et
1438 4949 1502 4988 ex
1526 4935 1706 4990 eodem
1733 4935 1866 4989 libro
1889 4935 2064 4988 decem
2104 4932 2348 5001 capitula,

847 5039 965 5096 qua:
996 5038 1092 5093 per
1132 5022 1245 5077 loca
1284 5030 1622 5076 notaveram:
1659 5023 1781 5091 quia
1820 5023 2042 5076 maxime
2073 5021 2221 5075 nobis
2257 5034 2350 5073 ne-

850 5116 1076 5172 cessaria
1099 5112 1348 5178 sciebam,
1393 5113 1496 5167 illis
1539 5127 1715 5167 coram
1737 5114 1961 5176 ostendi,
1989 5121 2044 5166 et
2062 5121 2122 5165 ut
2148 5113 2261 5166 hate
2282 5110 2354 5162 di-

852 5202 1098 5273 ligentius
1118 5202 1184 5254 ab
1207 5201 1447 5256 omnibus
1473 5201 1875 5268 susciperentur,
1903 5202 2101 5272 rogavi.

1410 5287 1448 5339 Ῑ.
1483 5287 1558 5342 De
1585 5287 1808 5342 Pascha.

2454 4933 2607 4999 primi
2636 4937 2844 4989 mensis.

2991 5076 3049 5129 ll.
3079 5077 3152 5129 De
3177 5078 3433 5147 episcopis-

2530 5196 2555 5232 ι»
2586 5195 2652 5247 Ut
2677 5194 2846 5247 nullus
2879 5196 3236 5265 episcoporum
3264 5200 3563 5265 parochiam
3588 5199 3801 5255 alterius
3821 5205 3945 5254 inta-

2461 5285 2574 5347 dat,
2618 5285 2707 5339 sed
2756 5294 3030 5340 contentus
3076 5287 3144 5339 sit
3190 5287 3563 5355 gubernatione
3613 5290 3821 5343 creditae
3864 5287 3947 5343 sibi

825 5362 831 5369 ’
928 5389 953 5416 ι
982 5377 1052 5431 Ut
1082 5381 1315 5430 sanctum
1359 5375 1497 5430 diem
1534 5376 1749 5432 Pascbze
1774 5378 1828 5431 in
1867 5391 2141 5432 commune
2185 5394 2364 5434 omnes
2460 5372 2640 5439 plebiS-

932 5510 957 5537 ι
982 5496 1428 5572 Qonc_._Arel._r,__c_.
1450 5498 1472 5552 l
1493 5499 1959 5572 Ldecretumconc.
1984 5503 2194 5556 Nicaeni.
2218 5504 2364 5571 Apud
2465 5507 2525 5558 de
2542 5503 2786 5572 Synodis:
2814 5504 3192 5565 Theodoret.,l.
3221 5519 3232 5554 I
3265 5503 3479 5565 llist.,c.
3506 5507 3565 5567 8;
3598 5505 3706 5562 Vici.
3737 5522 3843 5561 can.
3866 5506 3946 5560 sub

867 5564 1077 5631 Euseb,
1099 5565 1185 5620 lib.
1207 5580 1264 5618 ιιι
1281 5566 1344 5619 de
1355 5567 1465 5620 Vita
1489 5566 1829 5633 Constantini,
1846 5585 1957 5638 cap.
1987 5572 2048 5625 18
2062 5587 2075 5634 ;
2091 5564 2338 5625 Athanas.
2353 5611 2365 5634 ,

2466 5575 2672 5638 nomine
2701 5581 2864 5638 apost.
2892 5573 2944 5623 7.

2542 5640 2566 5675 ι’
2604 5636 2753 5692 Cone.
2786 5638 3048 5703 Antioch,
3071 5654 3117 5691 c.
3145 5640 3178 5692 3
