  <div class='ocr_page' id='page_1' title='image "/cluster/home/n/w/nwhite01/storage/ocr_20150623/99-100/uc1.31175006946845/486.png"; bbox 0 0 4110 6414; ppageno 0'>
   <div class='ocr_carea' id='block_1_1' title="bbox 151 416 252 472">
    <p class='ocr_par' dir='ltr' id='par_1_1' title="bbox 151 416 252 472">
     <span class='ocr_line' id='line_1_1' title="bbox 151 416 252 472; baseline -0.04 0"><span class='ocrx_word' id='word_1_1' title='bbox 151 416 252 472; x_wconf 75' lang='lat'><strong>955</strong></span> 
     </span>
    </p>
   </div>
   <div class='ocr_carea' id='block_1_2' title="bbox 627 525 1183 580">
    <p class='ocr_par' dir='ltr' id='par_1_2' title="bbox 627 525 1183 580">
     <span class='ocr_line' id='line_1_2' title="bbox 627 525 1183 580; baseline -0.004 0"><span class='ocrx_word' id='word_1_2' title='bbox 627 528 709 580; x_wconf 94' lang='lat' dir='ltr'><strong>III.</strong></span> <span class='ocrx_word' id='word_1_3' title='bbox 751 525 823 578; x_wconf 82' lang='lat' dir='ltr'><strong>De</strong></span> <span class='ocrx_word' id='word_1_4' title='bbox 851 528 1183 578; x_wconf 70' lang='lat' dir='ltr'><strong>monasteriis.</strong></span> 
     </span>
    </p>
   </div>
   <div class='ocr_carea' id='block_1_3' title="bbox 214 614 1665 686">
    <p class='ocr_par' dir='ltr' id='par_1_3' title="bbox 214 614 1665 686">
     <span class='ocr_line' id='line_1_3' title="bbox 214 614 1665 686; baseline -0.005 -14"><span class='ocrx_word' id='word_1_5' title='bbox 214 633 238 658; x_wconf 74' lang='grc' dir='ltr'><strong>ι</strong></span> <span class='ocrx_word' id='word_1_6' title='bbox 266 619 333 672; x_wconf 87' lang='lat' dir='ltr'><strong>Ut</strong></span> <span class='ocrx_word' id='word_1_7' title='bbox 355 632 575 686; x_wconf 72' lang='lat' dir='ltr'><strong>qumque</strong></span> <span class='ocrx_word' id='word_1_8' title='bbox 603 615 917 669; x_wconf 81' lang='lat' dir='ltr'><strong>monasteria</strong></span> <span class='ocrx_word' id='word_1_9' title='bbox 946 614 1052 667; x_wconf 86' lang='lat' dir='ltr'><strong>Deo</strong></span> <span class='ocrx_word' id='word_1_10' title='bbox 1075 625 1374 667; x_wconf 88' lang='lat' dir='ltr'><strong>consecrata</strong></span> <span class='ocrx_word' id='word_1_11' title='bbox 1410 615 1533 666; x_wconf 83' lang='lat' dir='ltr'><strong>nulli</strong></span> <span class='ocrx_word' id='word_1_12' title='bbox 1559 617 1665 681; x_wconf 87' lang='lat' dir='ltr'><strong>epi-</strong></span> 
     </span>
    </p>
   </div>
   <div class='ocr_carea' id='block_1_4' title="bbox 146 700 1666 772">
    <p class='ocr_par' dir='ltr' id='par_1_4' title="bbox 146 700 1666 772">
     <span class='ocr_line' id='line_1_4' title="bbox 146 700 1666 772; baseline -0.005 -13"><span class='ocrx_word' id='word_1_13' title='bbox 146 720 422 772; x_wconf 78' lang='lat' dir='ltr'><strong>scoporum</strong></span> <span class='ocrx_word' id='word_1_14' title='bbox 463 705 615 756; x_wconf 86' lang='lat' dir='ltr'><strong>liceat</strong></span> <span class='ocrx_word' id='word_1_15' title='bbox 639 717 699 755; x_wconf 86' lang='lat' dir='ltr'><strong>ea</strong></span> <span class='ocrx_word' id='word_1_16' title='bbox 731 703 783 754; x_wconf 93' lang='lat' dir='ltr'><strong>in</strong></span> <span class='ocrx_word' id='word_1_17' title='bbox 825 700 996 767; x_wconf 89' lang='lat' dir='ltr'><strong>aliquo</strong></span> <span class='ocrx_word' id='word_1_18' title='bbox 1033 701 1338 766; x_wconf 82' lang='lat' dir='ltr'><strong>inquietare,</strong></span> <span class='ocrx_word' id='word_1_19' title='bbox 1381 715 1475 752; x_wconf 87' lang='lat' dir='ltr'><strong>nec</strong></span> <span class='ocrx_word' id='word_1_20' title='bbox 1515 700 1666 765; x_wconf 85' lang='lat' dir='ltr'><strong>quid-</strong></span> 
     </span>
    </p>
   </div>
   <div class='ocr_carea' id='block_1_5' title="bbox 145 790 1462 864">
    <p class='ocr_par' dir='ltr' id='par_1_5' title="bbox 145 790 1462 864">
     <span class='ocr_line' id='line_1_5' title="bbox 145 790 1462 864; baseline -0.006 -18"><span class='ocrx_word' id='word_1_21' title='bbox 145 809 303 864; x_wconf 80' lang='lat' dir='ltr'><strong>quam</strong></span> <span class='ocrx_word' id='word_1_22' title='bbox 326 793 390 846; x_wconf 90' lang='lat' dir='ltr'><strong>de</strong></span> <span class='ocrx_word' id='word_1_23' title='bbox 415 808 596 846; x_wconf 89' lang='lat' dir='ltr'><strong>eorum</strong></span> <span class='ocrx_word' id='word_1_24' title='bbox 627 793 781 844; x_wconf 86' lang='lat' dir='ltr'><strong>rebus</strong></span> <span class='ocrx_word' id='word_1_25' title='bbox 802 790 1054 843; x_wconf 71' lang='lat' dir='ltr'><strong>violenter</strong></span> <span class='ocrx_word' id='word_1_26' title='bbox 1079 790 1396 842; x_wconf 77' lang='lat' dir='ltr'><strong>abstrahere.</strong></span> <span class='ocrx_word' id='word_1_27' title='bbox 1455 820 1462 826; x_wconf 69' lang='grc' dir='ltr'><strong>ι</strong></span> 
     </span>
    </p>
   </div>
   <div class='ocr_carea' id='block_1_6' title="bbox 656 879 1154 934">
    <p class='ocr_par' dir='ltr' id='par_1_6' title="bbox 656 879 1154 934">
     <span class='ocr_line' id='line_1_6' title="bbox 656 879 1154 934; baseline -0.006 -2"><span class='ocrx_word' id='word_1_28' title='bbox 656 879 741 934; x_wconf 76' lang='lat' dir='ltr'><strong>IV.</strong></span> <span class='ocrx_word' id='word_1_29' title='bbox 775 879 849 931; x_wconf 86' lang='lat' dir='ltr'><strong>De</strong></span> <span class='ocrx_word' id='word_1_30' title='bbox 876 880 1154 930; x_wconf 73' lang='lat' dir='ltr'><strong>monachis.</strong></span> 
     </span>
    </p>
   </div>
   <div class='ocr_carea' id='block_1_7' title="bbox 169 967 1670 1034">
    <p class='ocr_par' dir='ltr' id='par_1_7' title="bbox 169 967 1670 1034">
     <span class='ocr_line' id='line_1_7' title="bbox 169 967 1670 1034; baseline -0.005 -9"><span class='ocrx_word' id='word_1_31' title='bbox 169 984 172 986; x_wconf 74' lang='lat'><em>‘</em></span> <span class='ocrx_word' id='word_1_32' title='bbox 212 972 241 1010; x_wconf 67' lang='grc' dir='ltr'>δ</span> <span class='ocrx_word' id='word_1_33' title='bbox 265 971 335 1025; x_wconf 76' lang='lat' dir='ltr'><strong>Ut</strong></span> <span class='ocrx_word' id='word_1_34' title='bbox 360 969 600 1023; x_wconf 85' lang='lat' dir='ltr'><strong>monachi</strong></span> <span class='ocrx_word' id='word_1_35' title='bbox 627 979 647 1006; x_wconf 78' lang='grc' dir='ltr'><strong>ο</strong></span> <span class='ocrx_word' id='word_1_36' title='bbox 675 984 774 1021; x_wconf 90' lang='lat' dir='ltr'><strong>non</strong></span> <span class='ocrx_word' id='word_1_37' title='bbox 802 969 1023 1034; x_wconf 75' lang='lat' dir='ltr'><strong>migrent</strong></span> <span class='ocrx_word' id='word_1_38' title='bbox 1049 969 1110 1020; x_wconf 92' lang='lat' dir='ltr'><strong>de</strong></span> <span class='ocrx_word' id='word_1_39' title='bbox 1134 968 1245 1020; x_wconf 91' lang='lat' dir='ltr'><strong>loco</strong></span> <span class='ocrx_word' id='word_1_40' title='bbox 1268 967 1329 1018; x_wconf 83' lang='lat' dir='ltr'><strong>ad</strong></span> <span class='ocrx_word' id='word_1_41' title='bbox 1354 968 1544 1027; x_wconf 90' lang='lat' dir='ltr'><strong>locum,</strong></span> <span class='ocrx_word' id='word_1_42' title='bbox 1573 967 1670 1018; x_wconf 87' lang='lat' dir='ltr'><strong>hoc</strong></span> 
     </span>
    </p>
   </div>
   <div class='ocr_carea' id='block_1_8' title="bbox 145 1057 1670 1123">
    <p class='ocr_par' dir='ltr' id='par_1_8' title="bbox 145 1057 1670 1123">
     <span class='ocr_line' id='line_1_8' title="bbox 145 1057 1670 1123; baseline -0.003 -11"><span class='ocrx_word' id='word_1_43' title='bbox 145 1067 244 1123; x_wconf 77' lang='lat' dir='ltr'><strong>est,</strong></span> <span class='ocrx_word' id='word_1_44' title='bbox 274 1060 338 1112; x_wconf 87' lang='lat' dir='ltr'><strong>de</strong></span> <span class='ocrx_word' id='word_1_45' title='bbox 367 1058 682 1111; x_wconf 86' lang='lat' dir='ltr'><strong>monasterio</strong></span> <span class='ocrx_word' id='word_1_46' title='bbox 709 1059 774 1109; x_wconf 89' lang='lat' dir='ltr'><strong>ad</strong></span> <span class='ocrx_word' id='word_1_47' title='bbox 801 1057 1195 1117; x_wconf 79' lang='lat' dir='ltr'><strong>monasterium,</strong></span> <span class='ocrx_word' id='word_1_48' title='bbox 1230 1057 1328 1108; x_wconf 89' lang='lat' dir='ltr'><strong>nisi</strong></span> <span class='ocrx_word' id='word_1_49' title='bbox 1365 1073 1458 1123; x_wconf 86' lang='lat' dir='ltr'><strong>per</strong></span> <span class='ocrx_word' id='word_1_50' title='bbox 1494 1057 1670 1109; x_wconf 85' lang='lat' dir='ltr'><strong>dimis-</strong></span> 
     </span>
    </p>
   </div>
   <div class='ocr_carea' id='block_1_9' title="bbox 145 1145 1667 1213">
    <p class='ocr_par' dir='ltr' id='par_1_9' title="bbox 145 1145 1667 1213">
     <span class='ocr_line' id='line_1_9' title="bbox 145 1145 1667 1213; baseline -0.001 -14"><span class='ocrx_word' id='word_1_51' title='bbox 145 1148 345 1200; x_wconf 84' lang='lat' dir='ltr'><strong>sionem</strong></span> <span class='ocrx_word' id='word_1_52' title='bbox 379 1146 577 1213; x_wconf 84' lang='lat' dir='ltr'><strong>proprii</strong></span> <span class='ocrx_word' id='word_1_53' title='bbox 619 1145 842 1207; x_wconf 87' lang='lat' dir='ltr'><strong>abbatis,</strong></span> <span class='ocrx_word' id='word_1_54' title='bbox 868 1145 958 1197; x_wconf 91' lang='lat' dir='ltr'><strong>sed</strong></span> <span class='ocrx_word' id='word_1_55' title='bbox 994 1145 1044 1196; x_wconf 89' lang='lat' dir='ltr'><strong>in</strong></span> <span class='ocrx_word' id='word_1_56' title='bbox 1073 1159 1132 1197; x_wconf 88' lang='lat' dir='ltr'><strong>ea</strong></span> <span class='ocrx_word' id='word_1_57' title='bbox 1168 1153 1507 1212; x_wconf 81' lang='lat' dir='ltr'><strong>permaneant</strong></span> <span class='ocrx_word' id='word_1_58' title='bbox 1543 1146 1667 1197; x_wconf 89' lang='lat' dir='ltr'><strong>obe-</strong></span> 
     </span>
    </p>
   </div>
   <div class='ocr_carea' id='block_1_10' title="bbox 142 1216 1668 1302">
    <p class='ocr_par' dir='ltr' id='par_1_10' title="bbox 142 1216 1668 1302">
     <span class='ocr_line' id='line_1_10' title="bbox 142 1216 1668 1302; baseline -0.003 -15"><span class='ocrx_word' id='word_1_59' title='bbox 142 1234 373 1296; x_wconf 87' lang='lat' dir='ltr'><strong>dientia,</strong></span> <span class='ocrx_word' id='word_1_60' title='bbox 407 1248 562 1302; x_wconf 88' lang='lat' dir='ltr'><strong>quam</strong></span> <span class='ocrx_word' id='word_1_61' title='bbox 608 1241 840 1299; x_wconf 85' lang='lat' dir='ltr'><strong>tempore</strong></span> <span class='ocrx_word' id='word_1_62' title='bbox 881 1247 988 1286; x_wconf 69' lang='lat' dir='ltr'><strong>sum</strong></span> <span class='ocrx_word' id='word_1_63' title='bbox 1027 1234 1381 1285; x_wconf 83' lang='lat' dir='ltr'><strong>conversionis</strong></span> <span class='ocrx_word' id='word_1_64' title='bbox 1399 1216 1668 1299; x_wconf 63' lang='lat' dir='ltr'><strong>&#39;promise-</strong></span> 
     </span>
    </p>
   </div>
   <div class='ocr_carea' id='block_1_11' title="bbox 143 1329 292 1377">
    <p class='ocr_par' dir='ltr' id='par_1_11' title="bbox 143 1329 292 1377">
     <span class='ocr_line' id='line_1_11' title="bbox 143 1329 292 1377; baseline -0.034 0"><span class='ocrx_word' id='word_1_65' title='bbox 143 1329 292 1377; x_wconf 86' lang='lat' dir='ltr'><strong>runt.</strong></span> 
     </span>
    </p>
   </div>
   <div class='ocr_carea' id='block_1_12' title="bbox 698 1407 1115 1460">
    <p class='ocr_par' dir='ltr' id='par_1_12' title="bbox 698 1407 1115 1460">
     <span class='ocr_line' id='line_1_12' title="bbox 698 1407 1115 1460; baseline -0.005 0"><span class='ocrx_word' id='word_1_66' title='bbox 698 1409 754 1460; x_wconf 82' lang='lat' dir='ltr'><strong>V.</strong></span> <span class='ocrx_word' id='word_1_67' title='bbox 800 1407 872 1460; x_wconf 84' lang='lat' dir='ltr'><strong>De</strong></span> <span class='ocrx_word' id='word_1_68' title='bbox 900 1407 1115 1460; x_wconf 76' lang='lat' dir='ltr'><strong>clericis.</strong></span> 
     </span>
    </p>
   </div>
   <div class='ocr_carea' id='block_1_13' title="bbox 205 1510 1668 1579">
    <p class='ocr_par' dir='ltr' id='par_1_13' title="bbox 205 1510 1668 1579">
     <span class='ocr_line' id='line_1_13' title="bbox 205 1510 1668 1579; baseline -0.005 -11"><span class='ocrx_word' id='word_1_69' title='bbox 205 1515 233 1554; x_wconf 75' lang='grc' dir='ltr'><strong>ιι</strong></span> <span class='ocrx_word' id='word_1_70' title='bbox 263 1515 332 1569; x_wconf 91' lang='lat' dir='ltr'><strong>Ut</strong></span> <span class='ocrx_word' id='word_1_71' title='bbox 374 1514 546 1567; x_wconf 86' lang='lat' dir='ltr'><strong>nullus</strong></span> <span class='ocrx_word' id='word_1_72' title='bbox 585 1513 892 1566; x_wconf 89' lang='lat' dir='ltr'><strong>clericorum</strong></span> <span class='ocrx_word' id='word_1_73' title='bbox 930 1511 1229 1578; x_wconf 88' lang='lat' dir='ltr'><strong>relinquens</strong></span> <span class='ocrx_word' id='word_1_74' title='bbox 1261 1511 1526 1579; x_wconf 90' lang='lat' dir='ltr'><strong>proprium</strong></span> <span class='ocrx_word' id='word_1_75' title='bbox 1557 1510 1668 1575; x_wconf 87' lang='lat' dir='ltr'><strong>epi-</strong></span> 
     </span>
    </p>
   </div>
   <div class='ocr_carea' id='block_1_14' title="bbox 139 1595 1668 1668">
    <p class='ocr_par' dir='ltr' id='par_1_14' title="bbox 139 1595 1668 1668">
     <span class='ocr_line' id='line_1_14' title="bbox 139 1595 1668 1668; baseline -0.006 -14"><span class='ocrx_word' id='word_1_76' title='bbox 139 1614 388 1668; x_wconf 79' lang='lat' dir='ltr'><strong>scopum,</strong></span> <span class='ocrx_word' id='word_1_77' title='bbox 434 1601 628 1668; x_wconf 86' lang='lat' dir='ltr'><strong>passim</strong></span> <span class='ocrx_word' id='word_1_78' title='bbox 668 1599 899 1666; x_wconf 87' lang='lat' dir='ltr'><strong>quolibet</strong></span> <span class='ocrx_word' id='word_1_79' title='bbox 939 1599 1234 1652; x_wconf 82' lang='lat' dir='ltr'><strong>discurrat:</strong></span> <span class='ocrx_word' id='word_1_80' title='bbox 1273 1611 1442 1663; x_wconf 86' lang='lat' dir='ltr'><strong>neque</strong></span> <span class='ocrx_word' id='word_1_81' title='bbox 1481 1595 1668 1647; x_wconf 83' lang='lat' dir='ltr'><strong>alicubi</strong></span> 
     </span>
    </p>
   </div>
   <div class='ocr_carea' id='block_1_15' title="bbox 141 1684 1668 1755">
    <p class='ocr_par' dir='ltr' id='par_1_15' title="bbox 141 1684 1668 1755">
     <span class='ocr_line' id='line_1_15' title="bbox 141 1684 1668 1755; baseline -0.004 -13"><span class='ocrx_word' id='word_1_82' title='bbox 141 1691 356 1744; x_wconf 82' lang='lat' dir='ltr'><strong>veniens</strong></span> <span class='ocrx_word' id='word_1_83' title='bbox 398 1691 593 1755; x_wconf 92' lang='lat' dir='ltr'><strong>absque</strong></span> <span class='ocrx_word' id='word_1_84' title='bbox 636 1687 1076 1741; x_wconf 89' lang='lat' dir='ltr'><strong>commendatitiis</strong></span> <span class='ocrx_word' id='word_1_85' title='bbox 1104 1686 1292 1738; x_wconf 85' lang='lat' dir='ltr'><strong>litteris</strong></span> <span class='ocrx_word' id='word_1_86' title='bbox 1318 1686 1397 1738; x_wconf 91' lang='lat' dir='ltr'><strong>sui</strong></span> <span class='ocrx_word' id='word_1_87' title='bbox 1430 1684 1668 1751; x_wconf 84' lang='lat' dir='ltr'><strong>praesulis</strong></span> 
     </span>
    </p>
   </div>
   <div class='ocr_carea' id='block_1_16' title="bbox 138 1771 1666 1842">
    <p class='ocr_par' dir='ltr' id='par_1_16' title="bbox 138 1771 1666 1842">
     <span class='ocr_line' id='line_1_16' title="bbox 138 1771 1666 1842; baseline -0.005 -14"><span class='ocrx_word' id='word_1_88' title='bbox 138 1776 470 1842; x_wconf 81' lang='lat' dir='ltr'><strong>suscipiatur.</strong></span> <span class='ocrx_word' id='word_1_89' title='bbox 512 1774 658 1840; x_wconf 87' lang='lat' dir='ltr'><strong>Quod</strong></span> <span class='ocrx_word' id='word_1_90' title='bbox 700 1775 742 1827; x_wconf 88' lang='lat' dir='ltr'><strong>si</strong></span> <span class='ocrx_word' id='word_1_91' title='bbox 784 1774 944 1826; x_wconf 86' lang='lat' dir='ltr'><strong>semel</strong></span> <span class='ocrx_word' id='word_1_92' title='bbox 986 1781 1258 1839; x_wconf 83' lang='lat' dir='ltr'><strong>susceptus</strong></span> <span class='ocrx_word' id='word_1_93' title='bbox 1281 1779 1390 1834; x_wconf 90' lang='lat' dir='ltr'><strong>est,</strong></span> <span class='ocrx_word' id='word_1_94' title='bbox 1420 1780 1472 1823; x_wconf 88' lang='lat' dir='ltr'><strong>et</strong></span> <span class='ocrx_word' id='word_1_95' title='bbox 1503 1771 1666 1823; x_wconf 87' lang='lat' dir='ltr'><strong>noluit</strong></span> 
     </span>
    </p>
   </div>
   <div class='ocr_carea' id='block_1_17' title="bbox 139 1861 1665 1928">
    <p class='ocr_par' dir='ltr' id='par_1_17' title="bbox 139 1861 1665 1928">
     <span class='ocr_line' id='line_1_17' title="bbox 139 1861 1665 1928; baseline 0 -16"><span class='ocrx_word' id='word_1_96' title='bbox 139 1861 392 1914; x_wconf 75' lang='lat' dir='ltr'><strong>invitatus</strong></span> <span class='ocrx_word' id='word_1_97' title='bbox 428 1862 622 1923; x_wconf 86' lang='lat' dir='ltr'><strong>redire,</strong></span> <span class='ocrx_word' id='word_1_98' title='bbox 650 1869 704 1915; x_wconf 90' lang='lat' dir='ltr'><strong>et</strong></span> <span class='ocrx_word' id='word_1_99' title='bbox 754 1869 1044 1928; x_wconf 81' lang='lat' dir='ltr'><strong>susceptor,</strong></span> <span class='ocrx_word' id='word_1_100' title='bbox 1073 1868 1127 1914; x_wconf 84' lang='lat' dir='ltr'><strong>et</strong></span> <span class='ocrx_word' id='word_1_101' title='bbox 1171 1861 1215 1912; x_wconf 91' lang='lat' dir='ltr'><strong>is</strong></span> <span class='ocrx_word' id='word_1_102' title='bbox 1258 1861 1347 1927; x_wconf 89' lang='lat' dir='ltr'><strong>qui</strong></span> <span class='ocrx_word' id='word_1_103' title='bbox 1394 1868 1665 1927; x_wconf 89' lang='lat' dir='ltr'><strong>susceptus</strong></span> 
     </span>
    </p>
   </div>
   <div class='ocr_carea' id='block_1_18' title="bbox 139 1951 1102 2018">
    <p class='ocr_par' dir='ltr' id='par_1_18' title="bbox 139 1951 1102 2018">
     <span class='ocr_line' id='line_1_18' title="bbox 139 1951 1102 2018; baseline -0.004 -14"><span class='ocrx_word' id='word_1_104' title='bbox 139 1957 221 2004; x_wconf 72' lang='lat' dir='ltr'><strong>est</strong></span> <span class='ocrx_word' id='word_1_105' title='bbox 239 1951 768 2006; x_wconf 79' lang='lat' dir='ltr'><strong>excommunicationi</strong></span> <span class='ocrx_word' id='word_1_106' title='bbox 796 1951 1102 2018; x_wconf 87' lang='lat' dir='ltr'><strong>subjacebit.</strong></span> 
     </span>
    </p>
   </div>
   <div class='ocr_carea' id='block_1_19' title="bbox 371 2057 1437 2128">
    <p class='ocr_par' dir='ltr' id='par_1_19' title="bbox 371 2057 1437 2128">
     <span class='ocr_line' id='line_1_19' title="bbox 371 2057 1437 2128; baseline -0.005 -16"><span class='ocrx_word' id='word_1_107' title='bbox 371 2059 450 2112; x_wconf 82' lang='lat' dir='ltr'><strong>VI.</strong></span> <span class='ocrx_word' id='word_1_108' title='bbox 481 2060 555 2111; x_wconf 86' lang='lat' dir='ltr'><strong>De</strong></span> <span class='ocrx_word' id='word_1_109' title='bbox 581 2060 824 2128; x_wconf 77' lang='lat' dir='ltr'><strong>episcopis</strong></span> <span class='ocrx_word' id='word_1_110' title='bbox 852 2069 896 2111; x_wconf 86' lang='lat' dir='ltr'><strong>et</strong></span> <span class='ocrx_word' id='word_1_111' title='bbox 923 2057 1118 2111; x_wconf 75' lang='lat' dir='ltr'><strong>clericis</strong></span> <span class='ocrx_word' id='word_1_112' title='bbox 1144 2057 1437 2126; x_wconf 79' lang='lat' dir='ltr'><strong>peregrinis.</strong></span> 
     </span>
    </p>
   </div>
   <div class='ocr_carea' id='block_1_20' title="bbox 209 2164 1668 2235">
    <p class='ocr_par' dir='ltr' id='par_1_20' title="bbox 209 2164 1668 2235">
     <span class='ocr_line' id='line_1_20' title="bbox 209 2164 1668 2235; baseline -0.005 -14"><span class='ocrx_word' id='word_1_113' title='bbox 209 2179 232 2207; x_wconf 80' lang='grc' dir='ltr'><strong>ο</strong></span> <span class='ocrx_word' id='word_1_114' title='bbox 263 2167 335 2221; x_wconf 88' lang='lat' dir='ltr'><strong>Ut</strong></span> <span class='ocrx_word' id='word_1_115' title='bbox 369 2168 599 2235; x_wconf 89' lang='lat' dir='ltr'><strong>episcopi</strong></span> <span class='ocrx_word' id='word_1_116' title='bbox 629 2174 784 2233; x_wconf 89' lang='lat' dir='ltr'><strong>atque</strong></span> <span class='ocrx_word' id='word_1_117' title='bbox 808 2167 982 2219; x_wconf 83' lang='lat' dir='ltr'><strong>clerici</strong></span> <span class='ocrx_word' id='word_1_118' title='bbox 1021 2166 1279 2232; x_wconf 84' lang='lat' dir='ltr'><strong>peregrini</strong></span> <span class='ocrx_word' id='word_1_119' title='bbox 1307 2164 1534 2217; x_wconf 90' lang='lat' dir='ltr'><strong>contenti</strong></span> <span class='ocrx_word' id='word_1_120' title='bbox 1563 2164 1668 2215; x_wconf 85' lang='lat' dir='ltr'><strong>sint</strong></span> 
     </span>
    </p>
   </div>
   <div class='ocr_carea' id='block_1_21' title="bbox 137 2251 1666 2324">
    <p class='ocr_par' dir='ltr' id='par_1_21' title="bbox 137 2251 1666 2324">
     <span class='ocr_line' id='line_1_21' title="bbox 137 2251 1666 2324; baseline -0.007 -14"><span class='ocrx_word' id='word_1_121' title='bbox 137 2255 507 2324; x_wconf 80' lang='lat' dir='ltr'><strong>hospitalitatis</strong></span> <span class='ocrx_word' id='word_1_122' title='bbox 549 2268 765 2308; x_wconf 86' lang='lat' dir='ltr'><strong>munere</strong></span> <span class='ocrx_word' id='word_1_123' title='bbox 801 2255 995 2316; x_wconf 73' lang='lat' dir='ltr'><strong>ablato,</strong></span> <span class='ocrx_word' id='word_1_124' title='bbox 1033 2253 1263 2319; x_wconf 88' lang='lat' dir='ltr'><strong>nullique</strong></span> <span class='ocrx_word' id='word_1_125' title='bbox 1288 2267 1469 2304; x_wconf 89' lang='lat' dir='ltr'><strong>eorum</strong></span> <span class='ocrx_word' id='word_1_126' title='bbox 1516 2251 1666 2303; x_wconf 88' lang='lat' dir='ltr'><strong>liceat</strong></span> 
     </span>
    </p>
   </div>
   <div class='ocr_carea' id='block_1_22' title="bbox 137 2340 1661 2410">
    <p class='ocr_par' dir='ltr' id='par_1_22' title="bbox 137 2340 1661 2410">
     <span class='ocr_line' id='line_1_22' title="bbox 137 2340 1661 2410; baseline -0.005 -12"><span class='ocrx_word' id='word_1_127' title='bbox 137 2347 296 2398; x_wconf 82' lang='lat' dir='ltr'><strong>unum</strong></span> <span class='ocrx_word' id='word_1_128' title='bbox 322 2343 548 2398; x_wconf 71' lang='lat' dir='ltr'><strong>ndicium</strong></span> <span class='ocrx_word' id='word_1_129' title='bbox 587 2343 909 2397; x_wconf 88' lang='lat' dir='ltr'><strong>sacerdotale</strong></span> <span class='ocrx_word' id='word_1_130' title='bbox 939 2345 1134 2410; x_wconf 84' lang='lat' dir='ltr'><strong>absque</strong></span> <span class='ocrx_word' id='word_1_131' title='bbox 1157 2341 1414 2408; x_wconf 90' lang='lat' dir='ltr'><strong>permissu</strong></span> <span class='ocrx_word' id='word_1_132' title='bbox 1437 2340 1661 2405; x_wconf 88' lang='lat' dir='ltr'><strong>episcopi</strong></span> 
     </span>
    </p>
   </div>
   <div class='ocr_carea' id='block_1_23' title="bbox 137 2430 1355 2500">
    <p class='ocr_par' dir='ltr' id='par_1_23' title="bbox 137 2430 1355 2500">
     <span class='ocr_line' id='line_1_23' title="bbox 137 2430 1355 2500; baseline -0.006 -15"><span class='ocrx_word' id='word_1_133' title='bbox 137 2435 188 2485; x_wconf 81' lang='lat' dir='ltr'><strong>in</strong></span> <span class='ocrx_word' id='word_1_134' title='bbox 213 2431 363 2500; x_wconf 86' lang='lat' dir='ltr'><strong>cujus</strong></span> <span class='ocrx_word' id='word_1_135' title='bbox 388 2431 635 2498; x_wconf 87' lang='lat' dir='ltr'><strong>parocbia</strong></span> <span class='ocrx_word' id='word_1_136' title='bbox 659 2443 775 2484; x_wconf 88' lang='lat' dir='ltr'><strong>esse</strong></span> <span class='ocrx_word' id='word_1_137' title='bbox 803 2430 1154 2498; x_wconf 74' lang='lat' dir='ltr'><strong>cognoscitur,</strong></span> <span class='ocrx_word' id='word_1_138' title='bbox 1183 2441 1355 2497; x_wconf 83' lang='lat' dir='ltr'><strong>agere.</strong></span> 
     </span>
    </p>
   </div>
   <div class='ocr_carea' id='block_1_24' title="bbox 658 2534 1129 2603">
    <p class='ocr_par' dir='ltr' id='par_1_24' title="bbox 658 2534 1129 2603">
     <span class='ocr_line' id='line_1_24' title="bbox 658 2534 1129 2603; baseline -0.008 -14"><span class='ocrx_word' id='word_1_139' title='bbox 658 2535 763 2589; x_wconf 80' lang='lat' dir='ltr'><strong>VII.</strong></span> <span class='ocrx_word' id='word_1_140' title='bbox 803 2534 880 2587; x_wconf 80' lang='lat' dir='ltr'><strong>De</strong></span> <span class='ocrx_word' id='word_1_141' title='bbox 903 2535 1129 2603; x_wconf 77' lang='lat' dir='ltr'><strong>synodis.</strong></span> 
     </span>
    </p>
   </div>
   <div class='ocr_carea' id='block_1_25' title="bbox 205 2625 1662 2694">
    <p class='ocr_par' dir='ltr' id='par_1_25' title="bbox 205 2625 1662 2694">
     <span class='ocr_line' id='line_1_25' title="bbox 205 2625 1662 2694; baseline -0.002 -13"><span class='ocrx_word' id='word_1_142' title='bbox 205 2625 225 2664; x_wconf 69' lang='grc' dir='ltr'>ί</span> <span class='ocrx_word' id='word_1_143' title='bbox 266 2625 339 2681; x_wconf 84' lang='lat' dir='ltr'><strong>Ut</strong></span> <span class='ocrx_word' id='word_1_144' title='bbox 360 2626 443 2679; x_wconf 79' lang='lat' dir='ltr'><strong>bis</strong></span> <span class='ocrx_word' id='word_1_145' title='bbox 484 2626 536 2678; x_wconf 92' lang='lat' dir='ltr'><strong>in</strong></span> <span class='ocrx_word' id='word_1_146' title='bbox 567 2640 706 2678; x_wconf 90' lang='lat' dir='ltr'><strong>anno</strong></span> <span class='ocrx_word' id='word_1_147' title='bbox 745 2625 974 2694; x_wconf 81' lang='lat' dir='ltr'><strong>synodus</strong></span> <span class='ocrx_word' id='word_1_148' title='bbox 1010 2633 1389 2694; x_wconf 73' lang='lat' dir='ltr'><strong>congregetur:</strong></span> <span class='ocrx_word' id='word_1_149' title='bbox 1422 2627 1512 2680; x_wconf 88' lang='lat' dir='ltr'><strong>sed</strong></span> <span class='ocrx_word' id='word_1_150' title='bbox 1542 2627 1662 2693; x_wconf 86' lang='lat' dir='ltr'><strong>quia</strong></span> 
     </span>
    </p>
   </div>
   <div class='ocr_carea' id='block_1_26' title="bbox 133 2713 1661 2781">
    <p class='ocr_par' dir='ltr' id='par_1_26' title="bbox 133 2713 1661 2781">
     <span class='ocr_line' id='line_1_26' title="bbox 133 2713 1661 2781; baseline 0.001 -14"><span class='ocrx_word' id='word_1_151' title='bbox 133 2715 354 2767; x_wconf 61' lang='lat' dir='ltr'><strong>diversa</strong></span> <span class='ocrx_word' id='word_1_152' title='bbox 379 2728 552 2767; x_wconf 66' lang='lat' dir='ltr'><strong>causae</strong></span> <span class='ocrx_word' id='word_1_153' title='bbox 587 2714 895 2780; x_wconf 87' lang='lat' dir='ltr'><strong>impediunt,</strong></span> <span class='ocrx_word' id='word_1_154' title='bbox 925 2713 1119 2781; x_wconf 83' lang='lat' dir='ltr'><strong>placuit</strong></span> <span class='ocrx_word' id='word_1_155' title='bbox 1155 2713 1394 2766; x_wconf 91' lang='lat' dir='ltr'><strong>omnibus</strong></span> <span class='ocrx_word' id='word_1_156' title='bbox 1425 2713 1476 2765; x_wconf 92' lang='lat' dir='ltr'><strong>in</strong></span> <span class='ocrx_word' id='word_1_157' title='bbox 1517 2729 1661 2768; x_wconf 86' lang='lat' dir='ltr'><strong>com—</strong></span> 
     </span>
    </p>
   </div>
   <div class='ocr_carea' id='block_1_27' title="bbox 133 2801 1663 2872">
    <p class='ocr_par' dir='ltr' id='par_1_27' title="bbox 133 2801 1663 2872">
     <span class='ocr_line' id='line_1_27' title="bbox 133 2801 1663 2872; baseline -0.001 -17"><span class='ocrx_word' id='word_1_158' title='bbox 133 2814 310 2866; x_wconf 81' lang='lat' dir='ltr'><strong>mune,</strong></span> <span class='ocrx_word' id='word_1_159' title='bbox 334 2810 393 2854; x_wconf 91' lang='lat' dir='ltr'><strong>ut</strong></span> <span class='ocrx_word' id='word_1_160' title='bbox 415 2801 659 2872; x_wconf 80' lang='lat' dir='ltr'><strong>Kalendis</strong></span> <span class='ocrx_word' id='word_1_161' title='bbox 678 2801 895 2870; x_wconf 75' lang='lat' dir='ltr'><strong>Augusti</strong></span> <span class='ocrx_word' id='word_1_162' title='bbox 916 2802 968 2854; x_wconf 92' lang='lat' dir='ltr'><strong>in</strong></span> <span class='ocrx_word' id='word_1_163' title='bbox 992 2801 1106 2855; x_wconf 91' lang='lat' dir='ltr'><strong>loco</strong></span> <span class='ocrx_word' id='word_1_164' title='bbox 1127 2802 1215 2868; x_wconf 91' lang='lat' dir='ltr'><strong>qui</strong></span> <span class='ocrx_word' id='word_1_165' title='bbox 1244 2802 1532 2869; x_wconf 83' lang='lat' dir='ltr'><strong>appellatur</strong></span> <span class='ocrx_word' id='word_1_166' title='bbox 1553 2801 1663 2854; x_wconf 87' lang='lat' dir='ltr'><strong>Clo-</strong></span> 
     </span>
    </p>
   </div>
   <div class='ocr_carea' id='block_1_28' title="bbox 132 2888 1182 2962">
    <p class='ocr_par' dir='ltr' id='par_1_28' title="bbox 132 2888 1182 2962">
     <span class='ocr_line' id='line_1_28' title="bbox 132 2888 1182 2962; baseline 0 -18"><span class='ocrx_word' id='word_1_167' title='bbox 132 2888 377 2945; x_wconf 73' lang='lat' dir='ltr'><strong>losllootb</strong></span> <span class='ocrx_word' id='word_1_168' title='bbox 402 2891 564 2945; x_wconf 86' lang='lat' dir='ltr'><strong>semel</strong></span> <span class='ocrx_word' id='word_1_169' title='bbox 586 2893 637 2944; x_wconf 91' lang='lat' dir='ltr'><strong>in</strong></span> <span class='ocrx_word' id='word_1_170' title='bbox 663 2907 799 2946; x_wconf 84' lang='lat' dir='ltr'><strong>anno</strong></span> <span class='ocrx_word' id='word_1_171' title='bbox 821 2900 1182 2962; x_wconf 78' lang='lat' dir='ltr'><strong>congregetur.</strong></span> 
     </span>
    </p>
   </div>
   <div class='ocr_carea' id='block_1_29' title="bbox 468 2978 1327 3047">
    <p class='ocr_par' dir='ltr' id='par_1_29' title="bbox 468 2978 1327 3047">
     <span class='ocr_line' id='line_1_29' title="bbox 468 2978 1327 3047; baseline -0.002 -14"><span class='ocrx_word' id='word_1_172' title='bbox 468 2978 588 3034; x_wconf 76' lang='lat' dir='ltr'><strong>VIII.</strong></span> <span class='ocrx_word' id='word_1_173' title='bbox 618 2978 695 3032; x_wconf 80' lang='lat' dir='ltr'><strong>De</strong></span> <span class='ocrx_word' id='word_1_174' title='bbox 721 2981 1066 3047; x_wconf 81' lang='lat' dir='ltr'><strong>episcoporum</strong></span> <span class='ocrx_word' id='word_1_175' title='bbox 1091 2982 1327 3045; x_wconf 78' lang='lat' dir='ltr'><strong>primatu.</strong></span> 
     </span>
    </p>
   </div>
   <div class='ocr_carea' id='block_1_30' title="bbox 1203 407 2238 466">
    <p class='ocr_par' dir='ltr' id='par_1_30' title="bbox 1203 407 2238 466">
     <span class='ocr_line' id='line_1_30' title="bbox 1203 407 2238 466; baseline 0.002 -6"><span class='ocrx_word' id='word_1_176' title='bbox 1203 407 1746 463; x_wconf 68' lang='grc' dir='ltr'><strong>ΡοεΝιτΕΝΤιΑιΕ.</strong></span> <span class='ocrx_word' id='word_1_177' title='bbox 1787 441 1851 449; x_wconf 88' lang='lat'><em>——</em></span> <span class='ocrx_word' id='word_1_178' title='bbox 1892 411 2238 466; x_wconf 61' lang='lat' dir='ltr'><strong>CAPI&#39;I&#39;ISIA.</strong></span> 
     </span>
    </p>
   </div>
   <div class='ocr_carea' id='block_1_31' title="bbox 1695 527 3287 598">
    <p class='ocr_par' dir='ltr' id='par_1_31' title="bbox 1695 527 3287 598">
     <span class='ocr_line' id='line_1_31' title="bbox 1695 527 3287 598; baseline 0.003 -20"><span class='ocrx_word' id='word_1_179' title='bbox 1695 530 1739 585; x_wconf 79' lang='grc' dir='ltr'>Α</span> <span class='ocrx_word' id='word_1_180' title='bbox 1767 527 2011 582; x_wconf 82' lang='lat' dir='ltr'><strong>bitionem</strong></span> <span class='ocrx_word' id='word_1_181' title='bbox 2037 547 2049 578; x_wconf 78' lang='grc' dir='ltr'><strong><em>τ</em></strong></span> <span class='ocrx_word' id='word_1_182' title='bbox 2083 545 2262 582; x_wconf 87' lang='lat' dir='ltr'><strong>omnes</strong></span> <span class='ocrx_word' id='word_1_183' title='bbox 2294 537 2573 598; x_wconf 84' lang='lat' dir='ltr'><strong>agnoscant</strong></span> <span class='ocrx_word' id='word_1_184' title='bbox 2605 538 2805 595; x_wconf 87' lang='lat' dir='ltr'><strong>tempus</strong></span> <span class='ocrx_word' id='word_1_185' title='bbox 2832 536 2882 580; x_wconf 89' lang='lat' dir='ltr'><strong>et</strong></span> <span class='ocrx_word' id='word_1_186' title='bbox 2905 529 3137 582; x_wconf 86' lang='lat' dir='ltr'><strong>ordinem</strong></span> <span class='ocrx_word' id='word_1_187' title='bbox 3166 545 3287 582; x_wconf 85' lang='lat' dir='ltr'><strong>con-</strong></span> 
     </span>
    </p>
   </div>
   <div class='ocr_carea' id='block_1_32' title="bbox 3190 417 3289 469">
    <p class='ocr_par' dir='ltr' id='par_1_32' title="bbox 3190 417 3289 469">
     <span class='ocr_line' id='line_1_32' title="bbox 3190 417 3289 469; baseline -0.03 -1"><span class='ocrx_word' id='word_1_188' title='bbox 3190 417 3289 469; x_wconf 21' lang='lat'><strong>95.5</strong></span> 
     </span>
    </p>
   </div>
   <div class='ocr_carea' id='block_1_33' title="bbox 1767 614 2226 667">
    <p class='ocr_par' dir='ltr' id='par_1_33' title="bbox 1767 614 2226 667">
     <span class='ocr_line' id='line_1_33' title="bbox 1767 614 2226 667; baseline 0.009 -5"><span class='ocrx_word' id='word_1_189' title='bbox 1767 614 2074 666; x_wconf 85' lang='lat' dir='ltr'><strong>secrationis</strong></span> <span class='ocrx_word' id='word_1_190' title='bbox 2102 629 2226 667; x_wconf 67' lang='lat' dir='ltr'><strong>sum.</strong></span> 
     </span>
    </p>
   </div>
   <div class='ocr_carea' id='block_1_34' title="bbox 2115 702 2934 770">
    <p class='ocr_par' dir='ltr' id='par_1_34' title="bbox 2115 702 2934 770">
     <span class='ocr_line' id='line_1_34' title="bbox 2115 702 2934 770; baseline 0.004 -18"><span class='ocrx_word' id='word_1_191' title='bbox 2115 702 2201 753; x_wconf 82' lang='lat' dir='ltr'><strong>IX.</strong></span> <span class='ocrx_word' id='word_1_192' title='bbox 2248 703 2316 754; x_wconf 78' lang='lat' dir='ltr'><strong>De</strong></span> <span class='ocrx_word' id='word_1_193' title='bbox 2344 706 2687 770; x_wconf 79' lang='lat' dir='ltr'><strong>episcoporum</strong></span> <span class='ocrx_word' id='word_1_194' title='bbox 2713 721 2934 757; x_wconf 81' lang='lat' dir='ltr'><strong>numero.</strong></span> 
     </span>
    </p>
   </div>
   <div class='ocr_carea' id='block_1_35' title="bbox 1834 786 3292 861">
    <p class='ocr_par' dir='ltr' id='par_1_35' title="bbox 1834 786 3292 861">
     <span class='ocr_line' id='line_1_35' title="bbox 1834 786 3292 861; baseline 0.003 -23"><span class='ocrx_word' id='word_1_195' title='bbox 1834 787 1862 823; x_wconf 68' lang='grc' dir='ltr'>δ</span> <span class='ocrx_word' id='word_1_196' title='bbox 1901 786 1955 838; x_wconf 84' lang='grc' dir='ltr'><strong>ιιι</strong></span> <span class='ocrx_word' id='word_1_197' title='bbox 1996 802 2276 841; x_wconf 85' lang='lat' dir='ltr'><strong>commune</strong></span> <span class='ocrx_word' id='word_1_198' title='bbox 2317 797 2597 842; x_wconf 89' lang='lat' dir='ltr'><strong>tractatum</strong></span> <span class='ocrx_word' id='word_1_199' title='bbox 2641 799 2722 843; x_wconf 92' lang='lat' dir='ltr'><strong>est</strong></span> <span class='ocrx_word' id='word_1_200' title='bbox 2759 801 2813 843; x_wconf 90' lang='lat' dir='ltr'><strong>ut</strong></span> <span class='ocrx_word' id='word_1_201' title='bbox 2857 793 3028 859; x_wconf 87' lang='lat' dir='ltr'><strong>plures</strong></span> <span class='ocrx_word' id='word_1_202' title='bbox 3065 793 3292 861; x_wconf 80' lang='lat' dir='ltr'><strong>episc0pi</strong></span> 
     </span>
    </p>
   </div>
   <div class='ocr_carea' id='block_1_36' title="bbox 1767 875 3291 944">
    <p class='ocr_par' dir='ltr' id='par_1_36' title="bbox 1767 875 3291 944">
     <span class='ocr_line' id='line_1_36' title="bbox 1767 875 3291 944; baseline 0.003 -19"><span class='ocrx_word' id='word_1_203' title='bbox 1767 880 2033 927; x_wconf 84' lang='lat' dir='ltr'><strong>crescente</strong></span> <span class='ocrx_word' id='word_1_204' title='bbox 2055 889 2272 928; x_wconf 87' lang='lat' dir='ltr'><strong>numero</strong></span> <span class='ocrx_word' id='word_1_205' title='bbox 2299 875 2524 928; x_wconf 85' lang='lat' dir='ltr'><strong>ﬁdelium</strong></span> <span class='ocrx_word' id='word_1_206' title='bbox 2548 885 2885 944; x_wconf 84' lang='lat' dir='ltr'><strong>augerentur;</strong></span> <span class='ocrx_word' id='word_1_207' title='bbox 2913 879 3003 932; x_wconf 78' lang='lat' dir='ltr'><strong>sed</strong></span> <span class='ocrx_word' id='word_1_208' title='bbox 3025 879 3085 930; x_wconf 86' lang='lat' dir='ltr'><strong>dc</strong></span> <span class='ocrx_word' id='word_1_209' title='bbox 3113 880 3208 930; x_wconf 86' lang='lat' dir='ltr'><strong>hac</strong></span> <span class='ocrx_word' id='word_1_210' title='bbox 3241 895 3291 930; x_wconf 82' lang='lat' dir='ltr'><strong>re</strong></span> 
     </span>
    </p>
   </div>
   <div class='ocr_carea' id='block_1_37' title="bbox 1767 959 2332 1025">
    <p class='ocr_par' dir='ltr' id='par_1_37' title="bbox 1767 959 2332 1025">
     <span class='ocr_line' id='line_1_37' title="bbox 1767 959 2332 1025; baseline 0.009 -15"><span class='ocrx_word' id='word_1_211' title='bbox 1767 959 1829 1010; x_wconf 85' lang='lat' dir='ltr'><strong>ad</strong></span> <span class='ocrx_word' id='word_1_212' title='bbox 1854 976 2083 1025; x_wconf 69' lang='lat' dir='ltr'><strong>praesens</strong></span> <span class='ocrx_word' id='word_1_213' title='bbox 2105 963 2332 1015; x_wconf 89' lang='lat' dir='ltr'><strong>silemus.</strong></span> 
     </span>
    </p>
   </div>
   <div class='ocr_carea' id='block_1_38' title="bbox 2281 1071 2738 1139">
    <p class='ocr_par' dir='ltr' id='par_1_38' title="bbox 2281 1071 2738 1139">
     <span class='ocr_line' id='line_1_38' title="bbox 2281 1071 2738 1139; baseline -0.002 -16"><span class='ocrx_word' id='word_1_214' title='bbox 2281 1071 2347 1123; x_wconf 80' lang='grc' dir='ltr'><strong>Χ.</strong></span> <span class='ocrx_word' id='word_1_215' title='bbox 2383 1071 2456 1123; x_wconf 84' lang='lat' dir='ltr'><strong>De</strong></span> <span class='ocrx_word' id='word_1_216' title='bbox 2485 1072 2738 1139; x_wconf 79' lang='lat' dir='ltr'><strong>conjugio.</strong></span> 
     </span>
    </p>
   </div>
   <div class='ocr_carea' id='block_1_39' title="bbox 1842 1157 3288 1228">
    <p class='ocr_par' dir='ltr' id='par_1_39' title="bbox 1842 1157 3288 1228">
     <span class='ocr_line' id='line_1_39' title="bbox 1842 1157 3288 1228; baseline 0.001 -20"><span class='ocrx_word' id='word_1_217' title='bbox 1842 1161 1853 1196; x_wconf 75' lang='grc' dir='ltr'><strong>ί</strong></span> <span class='ocrx_word' id='word_1_218' title='bbox 1893 1158 1991 1210; x_wconf 85' lang='lat' dir='ltr'><strong>Pro</strong></span> <span class='ocrx_word' id='word_1_219' title='bbox 2019 1157 2288 1225; x_wconf 86' lang='lat' dir='ltr'><strong>conjugiis,</strong></span> <span class='ocrx_word' id='word_1_220' title='bbox 2313 1166 2371 1210; x_wconf 91' lang='lat' dir='ltr'><strong>ut</strong></span> <span class='ocrx_word' id='word_1_221' title='bbox 2395 1159 2520 1210; x_wconf 89' lang='lat' dir='ltr'><strong>nulli</strong></span> <span class='ocrx_word' id='word_1_222' title='bbox 2552 1160 2703 1211; x_wconf 83' lang='lat' dir='ltr'><strong>liceat</strong></span> <span class='ocrx_word' id='word_1_223' title='bbox 2737 1160 2834 1210; x_wconf 90' lang='lat' dir='ltr'><strong>nisi</strong></span> <span class='ocrx_word' id='word_1_224' title='bbox 2863 1159 3150 1228; x_wconf 77' lang='lat' dir='ltr'><strong>legitimum</strong></span> <span class='ocrx_word' id='word_1_225' title='bbox 3195 1165 3288 1212; x_wconf 76' lang='lat' dir='ltr'><strong>lia-</strong></span> 
     </span>
    </p>
   </div>
   <div class='ocr_carea' id='block_1_40' title="bbox 1765 1243 3290 1300">
    <p class='ocr_par' dir='ltr' id='par_1_40' title="bbox 1765 1243 3290 1300">
     <span class='ocr_line' id='line_1_40' title="bbox 1765 1243 3290 1300; baseline 0.003 -6"><span class='ocrx_word' id='word_1_226' title='bbox 1765 1243 1887 1295; x_wconf 87' lang='lat' dir='ltr'><strong>bere</strong></span> <span class='ocrx_word' id='word_1_227' title='bbox 1912 1245 2245 1296; x_wconf 88' lang='lat' dir='ltr'><strong>connubium.</strong></span> <span class='ocrx_word' id='word_1_228' title='bbox 2265 1243 2444 1296; x_wconf 81' lang='lat' dir='ltr'><strong>Nullus</strong></span> <span class='ocrx_word' id='word_1_229' title='bbox 2471 1250 2727 1297; x_wconf 80' lang='lat' dir='ltr'><strong>incestum</strong></span> <span class='ocrx_word' id='word_1_230' title='bbox 2758 1243 2932 1297; x_wconf 81' lang='lat' dir='ltr'><strong>faciat.</strong></span> <span class='ocrx_word' id='word_1_231' title='bbox 2964 1246 3144 1300; x_wconf 83' lang='lat' dir='ltr'><strong>Nullus</strong></span> <span class='ocrx_word' id='word_1_232' title='bbox 3167 1264 3290 1299; x_wconf 22' lang='lat' dir='ltr'><strong>cons</strong></span> 
     </span>
    </p>
   </div>
   <div class='ocr_carea' id='block_1_41' title="bbox 1759 1328 3286 1398">
    <p class='ocr_par' dir='ltr' id='par_1_41' title="bbox 1759 1328 3286 1398">
     <span class='ocr_line' id='line_1_41' title="bbox 1759 1328 3286 1398; baseline 0.004 -18"><span class='ocrx_word' id='word_1_233' title='bbox 1759 1328 1933 1398; x_wconf 86' lang='lat' dir='ltr'><strong>jugem</strong></span> <span class='ocrx_word' id='word_1_234' title='bbox 1958 1331 2244 1396; x_wconf 85' lang='lat' dir='ltr'><strong>propriam,</strong></span> <span class='ocrx_word' id='word_1_235' title='bbox 2267 1331 2389 1391; x_wconf 89' lang='lat' dir='ltr'><strong>nisi,</strong></span> <span class='ocrx_word' id='word_1_236' title='bbox 2417 1339 2474 1382; x_wconf 90' lang='lat' dir='ltr'><strong>ut</strong></span> <span class='ocrx_word' id='word_1_237' title='bbox 2497 1339 2732 1383; x_wconf 87' lang='lat' dir='ltr'><strong>sanctum</strong></span> <span class='ocrx_word' id='word_1_238' title='bbox 2755 1331 3090 1398; x_wconf 86' lang='lat' dir='ltr'><strong>Evangelium</strong></span> <span class='ocrx_word' id='word_1_239' title='bbox 3119 1335 3286 1396; x_wconf 85' lang='lat' dir='ltr'><strong>docet,</strong></span> 
     </span>
    </p>
   </div>
   <div class='ocr_carea' id='block_1_42' title="bbox 1765 1417 3291 1488">
    <p class='ocr_par' dir='ltr' id='par_1_42' title="bbox 1765 1417 3291 1488">
     <span class='ocr_line' id='line_1_42' title="bbox 1765 1417 3291 1488; baseline 0.003 -19"><span class='ocrx_word' id='word_1_240' title='bbox 1765 1417 2123 1472; x_wconf 83' lang='lat' dir='ltr'><strong>fornicationis</strong></span> <span class='ocrx_word' id='word_1_241' title='bbox 2148 1435 2303 1472; x_wconf 91' lang='lat' dir='ltr'><strong>causa</strong></span> <span class='ocrx_word' id='word_1_242' title='bbox 2333 1419 2609 1486; x_wconf 87' lang='lat' dir='ltr'><strong>relinquat.</strong></span> <span class='ocrx_word' id='word_1_243' title='bbox 2635 1419 2780 1482; x_wconf 87' lang='lat' dir='ltr'><strong>Quod</strong></span> <span class='ocrx_word' id='word_1_244' title='bbox 2809 1420 2850 1472; x_wconf 87' lang='lat' dir='ltr'><strong>si</strong></span> <span class='ocrx_word' id='word_1_245' title='bbox 2877 1420 3146 1488; x_wconf 87' lang='lat' dir='ltr'><strong>quisquam</strong></span> <span class='ocrx_word' id='word_1_246' title='bbox 3175 1437 3291 1488; x_wconf 90' lang='lat' dir='ltr'><strong>pro-</strong></span> 
     </span>
    </p>
   </div>
   <div class='ocr_carea' id='block_1_43' title="bbox 1763 1507 3295 1576">
    <p class='ocr_par' dir='ltr' id='par_1_43' title="bbox 1763 1507 3295 1576">
     <span class='ocr_line' id='line_1_43' title="bbox 1763 1507 3295 1576; baseline 0.002 -16"><span class='ocrx_word' id='word_1_247' title='bbox 1763 1509 1931 1575; x_wconf 91' lang='lat' dir='ltr'><strong>priam</strong></span> <span class='ocrx_word' id='word_1_248' title='bbox 1977 1509 2234 1576; x_wconf 71' lang='lat' dir='ltr'><strong>expulerit</strong></span> <span class='ocrx_word' id='word_1_249' title='bbox 2276 1507 2547 1574; x_wconf 73' lang='lat' dir='ltr'><strong>coniugem</strong></span> <span class='ocrx_word' id='word_1_250' title='bbox 2576 1508 2810 1575; x_wconf 86' lang='lat' dir='ltr'><strong>legitimo</strong></span> <span class='ocrx_word' id='word_1_251' title='bbox 2839 1508 2935 1561; x_wconf 86' lang='lat' dir='ltr'><strong>sibi</strong></span> <span class='ocrx_word' id='word_1_252' title='bbox 2966 1511 3295 1565; x_wconf 87' lang='lat' dir='ltr'><strong>matrimonio</strong></span> 
     </span>
    </p>
   </div>
   <div class='ocr_carea' id='block_1_44' title="bbox 1763 1595 3294 1660">
    <p class='ocr_par' dir='ltr' id='par_1_44' title="bbox 1763 1595 3294 1660">
     <span class='ocr_line' id='line_1_44' title="bbox 1763 1595 3294 1660; baseline 0.002 -13"><span class='ocrx_word' id='word_1_253' title='bbox 1763 1597 2113 1660; x_wconf 88' lang='lat' dir='ltr'><strong>conjunctam,</strong></span> <span class='ocrx_word' id='word_1_254' title='bbox 2151 1596 2194 1648; x_wconf 88' lang='lat' dir='ltr'><strong>si</strong></span> <span class='ocrx_word' id='word_1_255' title='bbox 2223 1595 2550 1648; x_wconf 87' lang='lat' dir='ltr'><strong>Christianus</strong></span> <span class='ocrx_word' id='word_1_256' title='bbox 2578 1610 2693 1648; x_wconf 84' lang='lat' dir='ltr'><strong>esse</strong></span> <span class='ocrx_word' id='word_1_257' title='bbox 2724 1604 2866 1648; x_wconf 88' lang='lat' dir='ltr'><strong>recte</strong></span> <span class='ocrx_word' id='word_1_258' title='bbox 2895 1596 3138 1658; x_wconf 88' lang='lat' dir='ltr'><strong>voluerit,</strong></span> <span class='ocrx_word' id='word_1_259' title='bbox 3167 1599 3294 1650; x_wconf 90' lang='lat' dir='ltr'><strong>nulli</strong></span> 
     </span>
    </p>
   </div>
   <div class='ocr_carea' id='block_1_45' title="bbox 1764 1681 3298 1753">
    <p class='ocr_par' dir='ltr' id='par_1_45' title="bbox 1764 1681 3298 1753">
     <span class='ocr_line' id='line_1_45' title="bbox 1764 1681 3298 1753; baseline 0.003 -20"><span class='ocrx_word' id='word_1_260' title='bbox 1764 1681 1914 1734; x_wconf 88' lang='lat' dir='ltr'><strong>alteri</strong></span> <span class='ocrx_word' id='word_1_261' title='bbox 1958 1682 2258 1747; x_wconf 80' lang='lat' dir='ltr'><strong>copuletur;</strong></span> <span class='ocrx_word' id='word_1_262' title='bbox 2292 1683 2382 1736; x_wconf 88' lang='lat' dir='ltr'><strong>sed</strong></span> <span class='ocrx_word' id='word_1_263' title='bbox 2406 1684 2475 1735; x_wconf 88' lang='lat' dir='ltr'><strong>ita</strong></span> <span class='ocrx_word' id='word_1_264' title='bbox 2503 1691 2824 1750; x_wconf 86' lang='lat' dir='ltr'><strong>permaneat,</strong></span> <span class='ocrx_word' id='word_1_265' title='bbox 2855 1694 2943 1736; x_wconf 90' lang='lat' dir='ltr'><strong>aut</strong></span> <span class='ocrx_word' id='word_1_266' title='bbox 2971 1687 3191 1753; x_wconf 77' lang='lat' dir='ltr'><strong>pr0pria:</strong></span> <span class='ocrx_word' id='word_1_267' title='bbox 3218 1703 3298 1738; x_wconf 88' lang='lat' dir='ltr'><strong>re-</strong></span> 
     </span>
    </p>
   </div>
   <div class='ocr_carea' id='block_1_46' title="bbox 1766 1768 2266 1826">
    <p class='ocr_par' dir='ltr' id='par_1_46' title="bbox 1766 1768 2266 1826">
     <span class='ocr_line' id='line_1_46' title="bbox 1766 1768 2266 1826; baseline 0 -7"><span class='ocrx_word' id='word_1_268' title='bbox 1766 1768 2073 1826; x_wconf 80' lang='lat' dir='ltr'><strong>concilietur</strong></span> <span class='ocrx_word' id='word_1_269' title='bbox 2095 1769 2266 1822; x_wconf 82' lang='lat' dir='ltr'><strong>uxori.</strong></span> 
     </span>
    </p>
   </div>
   <div class='ocr_carea' id='block_1_47' title="bbox 1697 1817 3293 1926">
    <p class='ocr_par' dir='ltr' id='par_1_47' title="bbox 1697 1817 3293 1926">
     <span class='ocr_line' id='line_1_47' title="bbox 1697 1817 3293 1926; baseline 0.001 -18"><span class='ocrx_word' id='word_1_270' title='bbox 1697 1817 1739 1875; x_wconf 74' lang='lat' dir='ltr'><strong>B</strong></span> <span class='ocrx_word' id='word_1_271' title='bbox 1831 1856 1922 1909; x_wconf 81' lang='lat' dir='ltr'><strong>His</strong></span> <span class='ocrx_word' id='word_1_272' title='bbox 1953 1817 2128 1923; x_wconf 77' lang='lat' dir='ltr'><strong>itaque</strong></span> <span class='ocrx_word' id='word_1_273' title='bbox 2171 1856 2432 1922; x_wconf 89' lang='lat' dir='ltr'><strong>capitulis,</strong></span> <span class='ocrx_word' id='word_1_274' title='bbox 2455 1865 2513 1910; x_wconf 87' lang='lat' dir='ltr'><strong>ut</strong></span> <span class='ocrx_word' id='word_1_275' title='bbox 2539 1860 2870 1926; x_wconf 88' lang='lat' dir='ltr'><strong>persequitur</strong></span> <span class='ocrx_word' id='word_1_276' title='bbox 2890 1859 3212 1921; x_wconf 87' lang='lat' dir='ltr'><strong>Theodorus,</strong></span> <span class='ocrx_word' id='word_1_277' title='bbox 3243 1860 3293 1911; x_wconf 84' lang='lat' dir='ltr'><strong>in</strong></span> 
     </span>
    </p>
   </div>
   <div class='ocr_carea' id='block_1_48' title="bbox 1764 1944 3296 2014">
    <p class='ocr_par' dir='ltr' id='par_1_48' title="bbox 1764 1944 3296 2014">
     <span class='ocr_line' id='line_1_48' title="bbox 1764 1944 3296 2014; baseline 0 -16"><span class='ocrx_word' id='word_1_278' title='bbox 1764 1957 2038 1998; x_wconf 87' lang='lat' dir='ltr'><strong>commune</strong></span> <span class='ocrx_word' id='word_1_279' title='bbox 2080 1944 2318 1996; x_wconf 90' lang='lat' dir='ltr'><strong>tractatis</strong></span> <span class='ocrx_word' id='word_1_280' title='bbox 2347 1959 2408 1998; x_wconf 90' lang='lat' dir='ltr'><strong>ac</strong></span> <span class='ocrx_word' id='word_1_281' title='bbox 2449 1944 2702 2009; x_wconf 82' lang='lat' dir='ltr'><strong>diﬂinitis,</strong></span> <span class='ocrx_word' id='word_1_282' title='bbox 2731 1954 2787 1999; x_wconf 91' lang='lat' dir='ltr'><strong>ut</strong></span> <span class='ocrx_word' id='word_1_283' title='bbox 2816 1946 3012 1998; x_wconf 92' lang='lat' dir='ltr'><strong>nullum</strong></span> <span class='ocrx_word' id='word_1_284' title='bbox 3054 1946 3296 2014; x_wconf 83' lang='lat' dir='ltr'><strong>deinceps</strong></span> 
     </span>
    </p>
   </div>
   <div class='ocr_carea' id='block_1_49' title="bbox 1767 2031 3292 2097">
    <p class='ocr_par' dir='ltr' id='par_1_49' title="bbox 1767 2031 3292 2097">
     <span class='ocr_line' id='line_1_49' title="bbox 1767 2031 3292 2097; baseline 0.002 -15"><span class='ocrx_word' id='word_1_285' title='bbox 1767 2033 1832 2083; x_wconf 87' lang='lat' dir='ltr'><strong>ab</strong></span> <span class='ocrx_word' id='word_1_286' title='bbox 1880 2031 2054 2097; x_wconf 88' lang='lat' dir='ltr'><strong>aliquo</strong></span> <span class='ocrx_word' id='word_1_287' title='bbox 2081 2038 2318 2082; x_wconf 87' lang='lat' dir='ltr'><strong>nostrum</strong></span> <span class='ocrx_word' id='word_1_288' title='bbox 2359 2033 2559 2084; x_wconf 89' lang='lat' dir='ltr'><strong>oriatur</strong></span> <span class='ocrx_word' id='word_1_289' title='bbox 2588 2033 2935 2086; x_wconf 89' lang='lat' dir='ltr'><strong>contentionis</strong></span> <span class='ocrx_word' id='word_1_290' title='bbox 2972 2032 3292 2092; x_wconf 89' lang='lat' dir='ltr'><strong>scandalum,</strong></span> 
     </span>
    </p>
   </div>
   <div class='ocr_carea' id='block_1_50' title="bbox 1766 2117 3294 2187">
    <p class='ocr_par' dir='ltr' id='par_1_50' title="bbox 1766 2117 3294 2187">
     <span class='ocr_line' id='line_1_50' title="bbox 1766 2117 3294 2187; baseline 0.003 -17"><span class='ocrx_word' id='word_1_291' title='bbox 1766 2126 1856 2170; x_wconf 87' lang='lat' dir='ltr'><strong>aut</strong></span> <span class='ocrx_word' id='word_1_292' title='bbox 1881 2118 1979 2168; x_wconf 89' lang='lat' dir='ltr'><strong>alia</strong></span> <span class='ocrx_word' id='word_1_293' title='bbox 2021 2133 2128 2184; x_wconf 72' lang='lat' dir='ltr'><strong>pra:</strong></span> <span class='ocrx_word' id='word_1_294' title='bbox 2167 2117 2283 2170; x_wconf 86' lang='lat' dir='ltr'><strong>aliis</strong></span> <span class='ocrx_word' id='word_1_295' title='bbox 2309 2118 2719 2186; x_wconf 76' lang='lat' dir='ltr'><strong>divulgarentur,</strong></span> <span class='ocrx_word' id='word_1_296' title='bbox 2749 2121 2942 2187; x_wconf 86' lang='lat' dir='ltr'><strong>placuit</strong></span> <span class='ocrx_word' id='word_1_297' title='bbox 2981 2131 3036 2172; x_wconf 91' lang='lat' dir='ltr'><strong>ut</strong></span> <span class='ocrx_word' id='word_1_298' title='bbox 3077 2136 3294 2187; x_wconf 58' lang='lat' dir='ltr'><strong>quaeque</strong></span> 
     </span>
    </p>
   </div>
   <div class='ocr_carea' id='block_1_51' title="bbox 1763 2201 3292 2273">
    <p class='ocr_par' dir='ltr' id='par_1_51' title="bbox 1763 2201 3292 2273">
     <span class='ocr_line' id='line_1_51' title="bbox 1763 2201 3292 2273; baseline 0.003 -17"><span class='ocrx_word' id='word_1_299' title='bbox 1763 2201 1980 2256; x_wconf 78' lang='lat' dir='ltr'><strong>diﬂinita</strong></span> <span class='ocrx_word' id='word_1_300' title='bbox 2025 2213 2165 2266; x_wconf 90' lang='lat' dir='ltr'><strong>sunt,</strong></span> <span class='ocrx_word' id='word_1_301' title='bbox 2196 2204 2554 2270; x_wconf 87' lang='lat' dir='ltr'><strong>unusquisque</strong></span> <span class='ocrx_word' id='word_1_302' title='bbox 2584 2214 2818 2258; x_wconf 85' lang='lat' dir='ltr'><strong>nostrum</strong></span> <span class='ocrx_word' id='word_1_303' title='bbox 2855 2221 3039 2259; x_wconf 90' lang='lat' dir='ltr'><strong>manus</strong></span> <span class='ocrx_word' id='word_1_304' title='bbox 3071 2208 3292 2273; x_wconf 81' lang='lat' dir='ltr'><strong>propriae</strong></span> 
     </span>
    </p>
   </div>
   <div class='ocr_carea' id='block_1_52' title="bbox 1761 2288 3292 2356">
    <p class='ocr_par' dir='ltr' id='par_1_52' title="bbox 1761 2288 3292 2356">
     <span class='ocr_line' id='line_1_52' title="bbox 1761 2288 3292 2356; baseline 0.003 -16"><span class='ocrx_word' id='word_1_305' title='bbox 1761 2288 2141 2356; x_wconf 88' lang='lat' dir='ltr'><strong>subscriptione</strong></span> <span class='ocrx_word' id='word_1_306' title='bbox 2187 2289 2537 2342; x_wconf 82' lang='lat' dir='ltr'><strong>continuaret.</strong></span> <span class='ocrx_word' id='word_1_307' title='bbox 2566 2289 2730 2354; x_wconf 82' lang='lat' dir='ltr'><strong>Quam</strong></span> <span class='ocrx_word' id='word_1_308' title='bbox 2760 2291 3070 2343; x_wconf 87' lang='lat' dir='ltr'><strong>sententiam</strong></span> <span class='ocrx_word' id='word_1_309' title='bbox 3100 2289 3292 2344; x_wconf 79' lang='lat' dir='ltr'><strong>difﬁni-</strong></span> 
     </span>
    </p>
   </div>
   <div class='ocr_carea' id='block_1_53' title="bbox 1759 2378 3293 2435">
    <p class='ocr_par' dir='ltr' id='par_1_53' title="bbox 1759 2378 3293 2435">
     <span class='ocr_line' id='line_1_53' title="bbox 1759 2378 3293 2435; baseline 0.003 -4"><span class='ocrx_word' id='word_1_310' title='bbox 1759 2380 1914 2431; x_wconf 89' lang='lat' dir='ltr'><strong>tionis</strong></span> <span class='ocrx_word' id='word_1_311' title='bbox 1940 2378 2115 2430; x_wconf 90' lang='lat' dir='ltr'><strong>Titillo</strong></span> <span class='ocrx_word' id='word_1_312' title='bbox 2158 2380 2361 2432; x_wconf 84' lang='lat' dir='ltr'><strong>notario</strong></span> <span class='ocrx_word' id='word_1_313' title='bbox 2403 2380 2734 2433; x_wconf 88' lang='lat' dir='ltr'><strong>scribendam</strong></span> <span class='ocrx_word' id='word_1_314' title='bbox 2775 2381 2984 2434; x_wconf 87' lang='lat' dir='ltr'><strong>dictavi.</strong></span> <span class='ocrx_word' id='word_1_315' title='bbox 3015 2382 3202 2435; x_wconf 80' lang='lat' dir='ltr'><strong>Actum</strong></span> <span class='ocrx_word' id='word_1_316' title='bbox 3243 2382 3293 2435; x_wconf 81' lang='lat' dir='ltr'><strong>in</strong></span> 
     </span>
    </p>
   </div>
   <div class='ocr_carea' id='block_1_54' title="bbox 1759 2464 3355 2537">
    <p class='ocr_par' dir='ltr' id='par_1_54' title="bbox 1759 2464 3355 2537">
     <span class='ocr_line' id='line_1_54' title="bbox 1759 2464 3355 2537; baseline 0.003 -20"><span class='ocrx_word' id='word_1_317' title='bbox 1759 2479 1937 2518; x_wconf 90' lang='lat' dir='ltr'><strong>mense</strong></span> <span class='ocrx_word' id='word_1_318' title='bbox 1983 2473 2035 2518; x_wconf 89' lang='lat' dir='ltr'><strong>et</strong></span> <span class='ocrx_word' id='word_1_319' title='bbox 2081 2464 2364 2518; x_wconf 85' lang='lat' dir='ltr'><strong>indictione</strong></span> <span class='ocrx_word' id='word_1_320' title='bbox 2412 2468 2798 2534; x_wconf 87' lang='lat' dir='ltr'><strong>suprascriptis.</strong></span> <span class='ocrx_word' id='word_1_321' title='bbox 2827 2467 3076 2534; x_wconf 87' lang='lat' dir='ltr'><strong>Quisquis</strong></span> <span class='ocrx_word' id='word_1_322' title='bbox 3128 2467 3290 2537; x_wconf 78' lang='lat' dir='ltr'><strong>igitur</strong></span> <span class='ocrx_word' id='word_1_323' title='bbox 3352 2484 3355 2487; x_wconf 87' lang='grc'><strong>·</strong></span> 
     </span>
    </p>
   </div>
   <div class='ocr_carea' id='block_1_55' title="bbox 1762 2551 3286 2619">
    <p class='ocr_par' dir='ltr' id='par_1_55' title="bbox 1762 2551 3286 2619">
     <span class='ocr_line' id='line_1_55' title="bbox 1762 2551 3286 2619; baseline 0.001 -15"><span class='ocrx_word' id='word_1_324' title='bbox 1762 2560 1945 2605; x_wconf 88' lang='lat' dir='ltr'><strong>contra</strong></span> <span class='ocrx_word' id='word_1_325' title='bbox 1992 2553 2126 2604; x_wconf 86' lang='lat' dir='ltr'><strong>hanc</strong></span> <span class='ocrx_word' id='word_1_326' title='bbox 2181 2551 2492 2604; x_wconf 89' lang='lat' dir='ltr'><strong>sententiam</strong></span> <span class='ocrx_word' id='word_1_327' title='bbox 2541 2552 2690 2619; x_wconf 81' lang='lat' dir='ltr'><strong>juxta</strong></span> <span class='ocrx_word' id='word_1_328' title='bbox 2736 2553 2942 2606; x_wconf 87' lang='lat' dir='ltr'><strong>decreta</strong></span> <span class='ocrx_word' id='word_1_329' title='bbox 2997 2568 3286 2616; x_wconf 88' lang='lat' dir='ltr'><strong>canonum,</strong></span> 
     </span>
    </p>
   </div>
   <div class='ocr_carea' id='block_1_56' title="bbox 1761 2637 3295 2707">
    <p class='ocr_par' dir='ltr' id='par_1_56' title="bbox 1761 2637 3295 2707">
     <span class='ocr_line' id='line_1_56' title="bbox 1761 2637 3295 2707; baseline 0.003 -18"><span class='ocrx_word' id='word_1_330' title='bbox 1761 2644 1941 2689; x_wconf 89' lang='lat' dir='ltr'><strong>nostra</strong></span> <span class='ocrx_word' id='word_1_331' title='bbox 1982 2637 2141 2688; x_wconf 90' lang='lat' dir='ltr'><strong>etiam</strong></span> <span class='ocrx_word' id='word_1_332' title='bbox 2194 2637 2536 2690; x_wconf 86' lang='lat' dir='ltr'><strong>consensione</strong></span> <span class='ocrx_word' id='word_1_333' title='bbox 2580 2652 2639 2690; x_wconf 89' lang='lat' dir='ltr'><strong>ac</strong></span> <span class='ocrx_word' id='word_1_334' title='bbox 2681 2639 3063 2707; x_wconf 86' lang='lat' dir='ltr'><strong>subscriptione</strong></span> <span class='ocrx_word' id='word_1_335' title='bbox 3108 2655 3295 2694; x_wconf 86' lang='lat' dir='ltr'><strong>manus</strong></span> 
     </span>
    </p>
   </div>
   <div class='ocr_carea' id='block_1_57' title="bbox 1759 2723 3292 2795">
    <p class='ocr_par' dir='ltr' id='par_1_57' title="bbox 1759 2723 3292 2795">
     <span class='ocr_line' id='line_1_57' title="bbox 1759 2723 3292 2795; baseline 0.002 -17"><span class='ocrx_word' id='word_1_336' title='bbox 1759 2734 1956 2779; x_wconf 73' lang='lat' dir='ltr'><strong>nostrae</strong></span> <span class='ocrx_word' id='word_1_337' title='bbox 2002 2724 2365 2778; x_wconf 75' lang='lat' dir='ltr'><strong>confirmatam</strong></span> <span class='ocrx_word' id='word_1_338' title='bbox 2416 2740 2624 2794; x_wconf 85' lang='lat' dir='ltr'><strong>quoquo</strong></span> <span class='ocrx_word' id='word_1_339' title='bbox 2670 2723 2821 2780; x_wconf 87' lang='lat' dir='ltr'><strong>modo</strong></span> <span class='ocrx_word' id='word_1_340' title='bbox 2861 2729 3042 2780; x_wconf 87' lang='lat' dir='ltr'><strong>venire</strong></span> <span class='ocrx_word' id='word_1_341' title='bbox 3075 2741 3292 2795; x_wconf 87' lang='lat' dir='ltr'><strong>eamque</strong></span> 
     </span>
    </p>
   </div>
   <div class='ocr_carea' id='block_1_58' title="bbox 1761 2813 3293 2881">
    <p class='ocr_par' dir='ltr' id='par_1_58' title="bbox 1761 2813 3293 2881">
     <span class='ocr_line' id='line_1_58' title="bbox 1761 2813 3293 2881; baseline 0.002 -14"><span class='ocrx_word' id='word_1_342' title='bbox 1761 2813 2041 2881; x_wconf 71' lang='lat' dir='ltr'><strong>infringere</strong></span> <span class='ocrx_word' id='word_1_343' title='bbox 2072 2815 2369 2876; x_wconf 84' lang='lat' dir='ltr'><strong>tentaverit,</strong></span> <span class='ocrx_word' id='word_1_344' title='bbox 2406 2815 2610 2868; x_wconf 89' lang='lat' dir='ltr'><strong>noverit</strong></span> <span class='ocrx_word' id='word_1_345' title='bbox 2635 2829 2692 2867; x_wconf 88' lang='lat' dir='ltr'><strong>se</strong></span> <span class='ocrx_word' id='word_1_346' title='bbox 2721 2816 2788 2868; x_wconf 90' lang='lat' dir='ltr'><strong>ab</strong></span> <span class='ocrx_word' id='word_1_347' title='bbox 2815 2817 2956 2868; x_wconf 91' lang='lat' dir='ltr'><strong>omni</strong></span> <span class='ocrx_word' id='word_1_348' title='bbox 3002 2816 3171 2870; x_wconf 79' lang='lat' dir='ltr'><strong>oilicio</strong></span> <span class='ocrx_word' id='word_1_349' title='bbox 3211 2831 3293 2870; x_wconf 83' lang='lat' dir='ltr'><strong>sa-</strong></span> 
     </span>
    </p>
   </div>
   <div class='ocr_carea' id='block_1_59' title="bbox 1760 2902 3288 2968">
    <p class='ocr_par' dir='ltr' id='par_1_59' title="bbox 1760 2902 3288 2968">
     <span class='ocr_line' id='line_1_59' title="bbox 1760 2902 3288 2968; baseline 0.001 -12"><span class='ocrx_word' id='word_1_350' title='bbox 1760 2902 2005 2956; x_wconf 88' lang='lat' dir='ltr'><strong>cerdotali</strong></span> <span class='ocrx_word' id='word_1_351' title='bbox 2033 2910 2084 2953; x_wconf 90' lang='lat' dir='ltr'><strong>et</strong></span> <span class='ocrx_word' id='word_1_352' title='bbox 2112 2909 2292 2954; x_wconf 89' lang='lat' dir='ltr'><strong>nostra</strong></span> <span class='ocrx_word' id='word_1_353' title='bbox 2321 2903 2568 2955; x_wconf 89' lang='lat' dir='ltr'><strong>societate</strong></span> <span class='ocrx_word' id='word_1_354' title='bbox 2595 2903 2956 2968; x_wconf 87' lang='lat' dir='ltr'><strong>separandum.</strong></span> <span class='ocrx_word' id='word_1_355' title='bbox 2984 2902 3166 2957; x_wconf 63' lang='lat' dir='ltr'><strong>[rivina</strong></span> <span class='ocrx_word' id='word_1_356' title='bbox 3196 2919 3288 2958; x_wconf 81' lang='lat' dir='ltr'><strong>vos</strong></span> 
     </span>
    </p>
   </div>
   <div class='ocr_carea' id='block_1_60' title="bbox 1759 2988 3291 3058">
    <p class='ocr_par' dir='ltr' id='par_1_60' title="bbox 1759 2988 3291 3058">
     <span class='ocr_line' id='line_1_60' title="bbox 1759 2988 3291 3058; baseline 0.003 -18"><span class='ocrx_word' id='word_1_357' title='bbox 1759 2991 1924 3058; x_wconf 85' lang='lat' dir='ltr'><strong>gratia</strong></span> <span class='ocrx_word' id='word_1_358' title='bbox 1951 2989 2002 3040; x_wconf 91' lang='lat' dir='ltr'><strong>in</strong></span> <span class='ocrx_word' id='word_1_359' title='bbox 2027 2988 2224 3040; x_wconf 87' lang='lat' dir='ltr'><strong>unitate</strong></span> <span class='ocrx_word' id='word_1_360' title='bbox 2249 2998 2441 3042; x_wconf 82' lang='lat' dir='ltr'><strong>sanctae</strong></span> <span class='ocrx_word' id='word_1_361' title='bbox 2464 2988 2710 3042; x_wconf 69' lang='lat' dir='ltr'><strong>Ecclesia:</strong></span> <span class='ocrx_word' id='word_1_362' title='bbox 2736 3003 2841 3042; x_wconf 71' lang='lat' dir='ltr'><strong>suae</strong></span> <span class='ocrx_word' id='word_1_363' title='bbox 2865 2989 3098 3043; x_wconf 80' lang='lat' dir='ltr'><strong>viventes</strong></span> <span class='ocrx_word' id='word_1_364' title='bbox 3116 2998 3291 3044; x_wconf 89' lang='lat' dir='ltr'><strong>custo-</strong></span> 
     </span>
    </p>
   </div>
   <div class='ocr_carea' id='block_1_61' title="bbox 203 3066 2206 3168">
    <p class='ocr_par' dir='ltr' id='par_1_61' title="bbox 203 3066 2206 3168">
     <span class='ocr_line' id='line_1_61' title="bbox 203 3066 2206 3168; baseline 0 -43"><span class='ocrx_word' id='word_1_365' title='bbox 203 3072 228 3110; x_wconf 76' lang='grc' dir='ltr'><strong>ι</strong></span> <span class='ocrx_word' id='word_1_366' title='bbox 250 3068 321 3126; x_wconf 84' lang='lat' dir='ltr'><strong>Ut</strong></span> <span class='ocrx_word' id='word_1_367' title='bbox 345 3069 520 3124; x_wconf 79' lang='lat' dir='ltr'><strong>nullus</strong></span> <span class='ocrx_word' id='word_1_368' title='bbox 541 3070 902 3138; x_wconf 87' lang='lat' dir='ltr'><strong>episcoporum</strong></span> <span class='ocrx_word' id='word_1_369' title='bbox 923 3083 980 3122; x_wconf 89' lang='lat' dir='ltr'><strong>se</strong></span> <span class='ocrx_word' id='word_1_370' title='bbox 1002 3066 1244 3135; x_wconf 81' lang='lat' dir='ltr'><strong>praeferat</strong></span> <span class='ocrx_word' id='word_1_371' title='bbox 1269 3067 1416 3120; x_wconf 89' lang='lat' dir='ltr'><strong>alteri</strong></span> <span class='ocrx_word' id='word_1_372' title='bbox 1438 3083 1530 3134; x_wconf 89' lang='lat' dir='ltr'><strong>per</strong></span> <span class='ocrx_word' id='word_1_373' title='bbox 1551 3083 1659 3120; x_wconf 88' lang='lat' dir='ltr'><strong>am-</strong></span> <span class='ocrx_word' id='word_1_374' title='bbox 1686 3108 1729 3168; x_wconf 62' lang='grc' dir='ltr'>Ο</span> <span class='ocrx_word' id='word_1_375' title='bbox 1762 3075 1872 3127; x_wconf 91' lang='lat' dir='ltr'><strong>diat</strong></span> <span class='ocrx_word' id='word_1_376' title='bbox 1901 3073 2206 3127; x_wconf 88' lang='lat' dir='ltr'><strong>incolumes.</strong></span> 
     </span>
    </p>
   </div>
   <div class='ocr_carea' id='block_1_62' title="bbox 200 3194 787 3259">
    <p class='ocr_par' dir='ltr' id='par_1_62' title="bbox 200 3194 787 3259">
     <span class='ocr_line' id='line_1_62' title="bbox 200 3194 787 3259; baseline -0.002 -11"><span class='ocrx_word' id='word_1_377' title='bbox 200 3207 227 3234; x_wconf 82' lang='grc' dir='ltr'><strong>ι</strong></span> <span class='ocrx_word' id='word_1_378' title='bbox 264 3194 427 3248; x_wconf 84' lang='lat' dir='ltr'><strong>Cone.</strong></span> <span class='ocrx_word' id='word_1_379' title='bbox 457 3195 634 3259; x_wconf 87' lang='lat' dir='ltr'><strong>Ilerd.,</strong></span> <span class='ocrx_word' id='word_1_380' title='bbox 659 3210 705 3249; x_wconf 91' lang='lat' dir='ltr'><strong>c.</strong></span> <span class='ocrx_word' id='word_1_381' title='bbox 734 3197 787 3249; x_wconf 81' lang='lat'><strong>&#39;5.</strong></span> 
     </span>
    </p>
   </div>
   <div class='ocr_carea' id='block_1_63' title="bbox 202 3261 1655 3330">
    <p class='ocr_par' dir='ltr' id='par_1_63' title="bbox 202 3261 1655 3330">
     <span class='ocr_line' id='line_1_63' title="bbox 202 3261 1655 3330; baseline 0.002 -14"><span class='ocrx_word' id='word_1_382' title='bbox 202 3263 230 3300; x_wconf 74' lang='grc' dir='ltr'>δ</span> <span class='ocrx_word' id='word_1_383' title='bbox 257 3262 458 3316; x_wconf 89' lang='lat' dir='ltr'><strong>Concil.</strong></span> <span class='ocrx_word' id='word_1_384' title='bbox 484 3263 753 3324; x_wconf 86' lang='lat' dir='ltr'><strong>Chalced.,</strong></span> <span class='ocrx_word' id='word_1_385' title='bbox 781 3278 828 3314; x_wconf 93' lang='lat' dir='ltr'><strong>c.</strong></span> <span class='ocrx_word' id='word_1_386' title='bbox 852 3261 911 3323; x_wconf 74' lang='lat'><strong>4;</strong></span> <span class='ocrx_word' id='word_1_387' title='bbox 935 3275 1082 3314; x_wconf 87' lang='lat' dir='ltr'><strong>conc.</strong></span> <span class='ocrx_word' id='word_1_388' title='bbox 1107 3261 1498 3330; x_wconf 83' lang='lat' dir='ltr'><strong>Andegavense,</strong></span> <span class='ocrx_word' id='word_1_389' title='bbox 1524 3279 1569 3317; x_wconf 90' lang='lat' dir='ltr'><strong>c.</strong></span> <span class='ocrx_word' id='word_1_390' title='bbox 1592 3267 1655 3327; x_wconf 81' lang='lat'><strong>8;</strong></span> 
     </span>
    </p>
   </div>
   <div class='ocr_carea' id='block_1_64' title="bbox 131 3330 1654 3397">
    <p class='ocr_par' dir='ltr' id='par_1_64' title="bbox 131 3330 1654 3397">
     <span class='ocr_line' id='line_1_64' title="bbox 131 3330 1654 3397; baseline 0.001 -13"><span class='ocrx_word' id='word_1_391' title='bbox 131 3343 282 3384; x_wconf 79' lang='lat' dir='ltr'><strong>conc.</strong></span> <span class='ocrx_word' id='word_1_392' title='bbox 313 3330 640 3393; x_wconf 77' lang='lat' dir='ltr'><strong>Veneticum,</strong></span> <span class='ocrx_word' id='word_1_393' title='bbox 668 3345 714 3383; x_wconf 93' lang='lat' dir='ltr'><strong>c.</strong></span> <span class='ocrx_word' id='word_1_394' title='bbox 747 3331 805 3393; x_wconf 86' lang='lat'><strong>6;</strong></span> <span class='ocrx_word' id='word_1_395' title='bbox 845 3337 992 3382; x_wconf 89' lang='lat' dir='ltr'><strong>conc.</strong></span> <span class='ocrx_word' id='word_1_396' title='bbox 1021 3330 1334 3397; x_wconf 80' lang='lat' dir='ltr'><strong>Agathense,</strong></span> <span class='ocrx_word' id='word_1_397' title='bbox 1367 3347 1412 3382; x_wconf 64' lang='grc' dir='ltr'><strong>(ι.</strong></span> <span class='ocrx_word' id='word_1_398' title='bbox 1439 3332 1522 3394; x_wconf 76' lang='grc'><strong>27,</strong></span> <span class='ocrx_word' id='word_1_399' title='bbox 1561 3334 1654 3395; x_wconf 78' lang='grc'><strong>58;</strong></span> 
     </span>
    </p>
   </div>
   <div class='ocr_carea' id='block_1_65' title="bbox 130 3397 1415 3461">
    <p class='ocr_par' dir='ltr' id='par_1_65' title="bbox 130 3397 1415 3461">
     <span class='ocr_line' id='line_1_65' title="bbox 130 3397 1415 3461; baseline -0.003 -9"><span class='ocrx_word' id='word_1_400' title='bbox 130 3412 280 3452; x_wconf 82' lang='lat' dir='ltr'><strong>conc.</strong></span> <span class='ocrx_word' id='word_1_401' title='bbox 311 3398 486 3450; x_wconf 81' lang='lat' dir='ltr'><strong>Aurel.</strong></span> <span class='ocrx_word' id='word_1_402' title='bbox 510 3413 549 3460; x_wconf 93' lang='grc' dir='ltr'><strong>ι,</strong></span> <span class='ocrx_word' id='word_1_403' title='bbox 575 3415 622 3451; x_wconf 95' lang='lat' dir='ltr'><strong>c.</strong></span> <span class='ocrx_word' id='word_1_404' title='bbox 651 3399 740 3461; x_wconf 80' lang='lat' dir='ltr'><strong>I9;</strong></span> <span class='ocrx_word' id='word_1_405' title='bbox 772 3413 918 3450; x_wconf 88' lang='lat' dir='ltr'><strong>conc.</strong></span> <span class='ocrx_word' id='word_1_406' title='bbox 948 3397 1139 3448; x_wconf 87' lang='lat' dir='ltr'><strong>Turon.</strong></span> <span class='ocrx_word' id='word_1_407' title='bbox 1174 3413 1232 3458; x_wconf 93' lang='grc' dir='ltr'><strong>ιι,</strong></span> <span class='ocrx_word' id='word_1_408' title='bbox 1258 3415 1302 3450; x_wconf 92' lang='lat' dir='ltr'><strong>c.</strong></span> 
     </span>
    </p>
   </div>
   <div class='ocr_carea' id='block_1_66' title="bbox 203 3463 1657 3534">
    <p class='ocr_par' dir='ltr' id='par_1_66' title="bbox 203 3463 1657 3534">
     <span class='ocr_line' id='line_1_66' title="bbox 203 3463 1657 3534; baseline -0.001 -17"><span class='ocrx_word' id='word_1_409' title='bbox 203 3474 226 3503; x_wconf 75' lang='grc' dir='ltr'><strong>ο</strong></span> <span class='ocrx_word' id='word_1_410' title='bbox 260 3465 357 3534; x_wconf 76' lang='lat' dir='ltr'><strong>Hic</strong></span> <span class='ocrx_word' id='word_1_411' title='bbox 381 3466 533 3532; x_wconf 84' lang='lat' dir='ltr'><strong>vulgo</strong></span> <span class='ocrx_word' id='word_1_412' title='bbox 563 3466 750 3534; x_wconf 84' lang='lat' dir='ltr'><strong>legitur</strong></span> <span class='ocrx_word' id='word_1_413' title='bbox 794 3467 844 3534; x_wconf 85' lang='lat' dir='ltr'><strong>in</strong></span> <span class='ocrx_word' id='word_1_414' title='bbox 873 3465 1029 3534; x_wconf 79' lang='lat' dir='ltr'><strong>editis</strong></span> <span class='ocrx_word' id='word_1_415' title='bbox 1063 3463 1369 3534; x_wconf 12' lang='lat' dir='ltr'><strong>Utiepiscopi</strong></span> <span class='ocrx_word' id='word_1_416' title='bbox 1406 3468 1657 3518; x_wconf 76' lang='lat' dir='ltr'><strong>monac/ii.</strong></span> 
     </span>
    </p>
   </div>
   <div class='ocr_carea' id='block_1_67' title="bbox 129 3530 1661 3599">
    <p class='ocr_par' dir='ltr' id='par_1_67' title="bbox 129 3530 1661 3599">
     <span class='ocr_line' id='line_1_67' title="bbox 129 3530 1661 3599; baseline 0.001 -14"><span class='ocrx_word' id='word_1_417' title='bbox 129 3530 282 3596; x_wconf 81' lang='lat' dir='ltr'><strong>Quod</strong></span> <span class='ocrx_word' id='word_1_418' title='bbox 329 3530 521 3586; x_wconf 79' lang='lat' dir='ltr'><strong>rectius</strong></span> <span class='ocrx_word' id='word_1_419' title='bbox 567 3530 716 3585; x_wconf 74' lang='lat' dir='ltr'><strong>abest</strong></span> <span class='ocrx_word' id='word_1_420' title='bbox 743 3547 771 3584; x_wconf 88' lang='lat' dir='ltr'><strong>a</strong></span> <span class='ocrx_word' id='word_1_421' title='bbox 801 3532 1000 3599; x_wconf 84' lang='lat' dir='ltr'><strong>duobus</strong></span> <span class='ocrx_word' id='word_1_422' title='bbox 1048 3530 1548 3599; x_wconf 43' lang='lat' dir='ltr'><strong>codiéibus&#39;optimis</strong></span> <span class='ocrx_word' id='word_1_423' title='bbox 1584 3535 1661 3586; x_wconf 92' lang='lat' dir='ltr'><strong>bi-</strong></span> 
     </span>
    </p>
   </div>
   <div class='ocr_carea' id='block_1_68' title="bbox 132 3598 1660 3666">
    <p class='ocr_par' dir='ltr' id='par_1_68' title="bbox 132 3598 1660 3666">
     <span class='ocr_line' id='line_1_68' title="bbox 132 3598 1660 3666; baseline -0.001 -14"><span class='ocrx_word' id='word_1_424' title='bbox 132 3600 407 3653; x_wconf 59' lang='lat' dir='ltr'><strong>bliotheca</strong></span> <span class='ocrx_word' id='word_1_425' title='bbox 435 3601 682 3657; x_wconf 72' lang='lat' dir='ltr'><strong>Thuanre.</strong></span> <span class='ocrx_word' id='word_1_426' title='bbox 713 3608 767 3651; x_wconf 91' lang='lat' dir='ltr'><strong>et</strong></span> <span class='ocrx_word' id='word_1_427' title='bbox 812 3599 876 3650; x_wconf 85' lang='lat' dir='ltr'><strong>ab</strong></span> <span class='ocrx_word' id='word_1_428' title='bbox 903 3598 1066 3666; x_wconf 73' lang='lat' dir='ltr'><strong>altero</strong></span> <span class='ocrx_word' id='word_1_429' title='bbox 1099 3598 1461 3664; x_wconf 82' lang='lat' dir='ltr'><strong>antiquissimo</strong></span> <span class='ocrx_word' id='word_1_430' title='bbox 1507 3615 1660 3666; x_wconf 86' lang='lat' dir='ltr'><strong>quem</strong></span> 
     </span>
    </p>
   </div>
   <div class='ocr_carea' id='block_1_69' title="bbox 131 3664 1666 3721">
    <p class='ocr_par' dir='ltr' id='par_1_69' title="bbox 131 3664 1666 3721">
     <span class='ocr_line' id='line_1_69' title="bbox 131 3664 1666 3721; baseline 0.001 -5"><span class='ocrx_word' id='word_1_431' title='bbox 131 3669 213 3718; x_wconf 85' lang='lat' dir='ltr'><strong>vir</strong></span> <span class='ocrx_word' id='word_1_432' title='bbox 241 3667 574 3721; x_wconf 87' lang='lat' dir='ltr'><strong>doctissimus</strong></span> <span class='ocrx_word' id='word_1_433' title='bbox 601 3666 886 3720; x_wconf 83' lang='lat' dir='ltr'><strong>Chillletius</strong></span> <span class='ocrx_word' id='word_1_434' title='bbox 914 3664 967 3720; x_wconf 89' lang='lat' dir='ltr'><strong>S.</strong></span> <span class='ocrx_word' id='word_1_435' title='bbox 999 3664 1045 3716; x_wconf 81' lang='lat' dir='ltr'><strong>.l.</strong></span> <span class='ocrx_word' id='word_1_436' title='bbox 1079 3681 1281 3717; x_wconf 86' lang='lat' dir='ltr'><strong>mecum</strong></span> <span class='ocrx_word' id='word_1_437' title='bbox 1313 3664 1666 3718; x_wconf 82' lang='lat' dir='ltr'><strong>communica-</strong></span> 
     </span>
    </p>
   </div>
   <div class='ocr_carea' id='block_1_70' title="bbox 133 3733 1659 3802">
    <p class='ocr_par' dir='ltr' id='par_1_70' title="bbox 133 3733 1659 3802">
     <span class='ocr_line' id='line_1_70' title="bbox 133 3733 1659 3802; baseline 0.001 -19"><span class='ocrx_word' id='word_1_438' title='bbox 133 3736 228 3802; x_wconf 80' lang='lat' dir='ltr'><strong>vit,</strong></span> <span class='ocrx_word' id='word_1_439' title='bbox 250 3742 407 3802; x_wconf 85' lang='lat' dir='ltr'><strong>atque</strong></span> <span class='ocrx_word' id='word_1_440' title='bbox 428 3735 584 3786; x_wconf 84' lang='lat' dir='ltr'><strong>etiam</strong></span> <span class='ocrx_word' id='word_1_441' title='bbox 608 3734 672 3786; x_wconf 87' lang='lat' dir='ltr'><strong>ab</strong></span> <span class='ocrx_word' id='word_1_442' title='bbox 693 3735 950 3799; x_wconf 74' lang='lat' dir='ltr'><strong>execrptis</strong></span> <span class='ocrx_word' id='word_1_443' title='bbox 971 3733 1177 3802; x_wconf 76' lang='lat' dir='ltr'><strong>Egberti</strong></span> <span class='ocrx_word' id='word_1_444' title='bbox 1197 3734 1352 3802; x_wconf 78' lang='lat' dir='ltr'><strong>Ebur.</strong></span> <span class='ocrx_word' id='word_1_445' title='bbox 1379 3735 1519 3786; x_wconf 79' lang='lat' dir='ltr'><strong>arcli.</strong></span> <span class='ocrx_word' id='word_1_446' title='bbox 1547 3749 1659 3799; x_wconf 85' lang='lat' dir='ltr'><strong>cap.</strong></span> 
     </span>
    </p>
   </div>
   <div class='ocr_carea' id='block_1_71' title="bbox 131 3799 1662 3868">
    <p class='ocr_par' dir='ltr' id='par_1_71' title="bbox 131 3799 1662 3868">
     <span class='ocr_line' id='line_1_71' title="bbox 131 3799 1662 3868; baseline -0.001 -15"><span class='ocrx_word' id='word_1_447' title='bbox 131 3800 223 3863; x_wconf 82' lang='grc'><strong>66,</strong></span> <span class='ocrx_word' id='word_1_448' title='bbox 248 3799 347 3868; x_wconf 75' lang='lat' dir='ltr'><strong>ubi</strong></span> <span class='ocrx_word' id='word_1_449' title='bbox 369 3803 443 3853; x_wconf 86' lang='lat' dir='ltr'><strong>sic</strong></span> <span class='ocrx_word' id='word_1_450' title='bbox 469 3819 480 3851; x_wconf 92' lang='lat'><strong>:</strong></span> <span class='ocrx_word' id='word_1_451' title='bbox 517 3801 808 3852; x_wconf 83' lang='lat' dir='ltr'><strong>Theodorus</strong></span> <span class='ocrx_word' id='word_1_452' title='bbox 853 3802 974 3851; x_wconf 79' lang='lat' dir='ltr'><strong>dicit</strong></span> <span class='ocrx_word' id='word_1_453' title='bbox 1000 3815 1015 3848; x_wconf 87' lang='lat'><strong><em>:</em></strong></span> <span class='ocrx_word' id='word_1_454' title='bbox 1050 3799 1284 3868; x_wconf 77' lang='lat' dir='ltr'><strong>Monac/ti</strong></span> <span class='ocrx_word' id='word_1_455' title='bbox 1314 3817 1410 3851; x_wconf 83' lang='lat' dir='ltr'><strong>non</strong></span> <span class='ocrx_word' id='word_1_456' title='bbox 1451 3803 1662 3868; x_wconf 84' lang='lat' dir='ltr'><strong>migrent</strong></span> 
     </span>
    </p>
   </div>
   <div class='ocr_carea' id='block_1_72' title="bbox 131 3867 1662 3934">
    <p class='ocr_par' dir='ltr' id='par_1_72' title="bbox 131 3867 1662 3934">
     <span class='ocr_line' id='line_1_72' title="bbox 131 3867 1662 3934; baseline 0 -16"><span class='ocrx_word' id='word_1_457' title='bbox 131 3869 195 3919; x_wconf 86' lang='lat' dir='ltr'><strong>de</strong></span> <span class='ocrx_word' id='word_1_458' title='bbox 239 3867 372 3928; x_wconf 81' lang='lat' dir='ltr'><strong>loco,</strong></span> <span class='ocrx_word' id='word_1_459' title='bbox 398 3876 499 3920; x_wconf 82' lang='lat' dir='ltr'><strong>etc.</strong></span> <span class='ocrx_word' id='word_1_460' title='bbox 542 3869 744 3920; x_wconf 89' lang='lat' dir='ltr'><strong>Etenim</strong></span> <span class='ocrx_word' id='word_1_461' title='bbox 794 3868 1050 3934; x_wconf 86' lang='lat' dir='ltr'><strong>alioquin,</strong></span> <span class='ocrx_word' id='word_1_462' title='bbox 1090 3867 1186 3918; x_wconf 87' lang='lat' dir='ltr'><strong>hoc</strong></span> <span class='ocrx_word' id='word_1_463' title='bbox 1215 3868 1498 3934; x_wconf 86' lang='lat' dir='ltr'><strong>capitulum</strong></span> <span class='ocrx_word' id='word_1_464' title='bbox 1529 3867 1662 3919; x_wconf 82' lang='lat' dir='ltr'><strong>cum</strong></span> 
     </span>
    </p>
   </div>
   <div class='ocr_carea' id='block_1_73' title="bbox 132 3934 1660 4001">
    <p class='ocr_par' dir='ltr' id='par_1_73' title="bbox 132 3934 1660 4001">
     <span class='ocr_line' id='line_1_73' title="bbox 132 3934 1660 4001; baseline 0 -15"><span class='ocrx_word' id='word_1_465' title='bbox 132 3934 277 3986; x_wconf 87' lang='lat' dir='ltr'><strong>nullo</strong></span> <span class='ocrx_word' id='word_1_466' title='bbox 301 3949 500 3988; x_wconf 85' lang='lat' dir='ltr'><strong>canone</strong></span> <span class='ocrx_word' id='word_1_467' title='bbox 526 3937 832 4000; x_wconf 87' lang='lat' dir='ltr'><strong>cujusquam</strong></span> <span class='ocrx_word' id='word_1_468' title='bbox 860 3935 1040 4001; x_wconf 71' lang='lat' dir='ltr'><strong>synodi</strong></span> <span class='ocrx_word' id='word_1_469' title='bbox 1073 3936 1414 4000; x_wconf 70' lang='lat' dir='ltr'><strong>prmeedentis</strong></span> <span class='ocrx_word' id='word_1_470' title='bbox 1440 3950 1660 3987; x_wconf 87' lang='lat' dir='ltr'><strong>consen-</strong></span> 
     </span>
    </p>
   </div>
   <div class='ocr_carea' id='block_1_74' title="bbox 132 4002 280 4055">
    <p class='ocr_par' dir='ltr' id='par_1_74' title="bbox 132 4002 280 4055">
     <span class='ocr_line' id='line_1_74' title="bbox 132 4002 280 4055; baseline 0.007 -3"><span class='ocrx_word' id='word_1_471' title='bbox 132 4002 280 4055; x_wconf 89' lang='lat' dir='ltr'><strong>tiret.</strong></span> 
     </span>
    </p>
   </div>
   <div class='ocr_carea' id='block_1_75' title="bbox 202 4068 1657 4132">
    <p class='ocr_par' dir='ltr' id='par_1_75' title="bbox 202 4068 1657 4132">
     <span class='ocr_line' id='line_1_75' title="bbox 202 4068 1657 4132; baseline -0.001 -11"><span class='ocrx_word' id='word_1_472' title='bbox 202 4069 226 4107; x_wconf 75' lang='grc' dir='ltr'>ἀ</span> <span class='ocrx_word' id='word_1_473' title='bbox 265 4069 426 4122; x_wconf 87' lang='lat' dir='ltr'><strong>Cone.</strong></span> <span class='ocrx_word' id='word_1_474' title='bbox 457 4069 652 4121; x_wconf 79' lang='lat' dir='ltr'><strong>Arelat.</strong></span> <span class='ocrx_word' id='word_1_475' title='bbox 702 4085 739 4128; x_wconf 91' lang='grc' dir='ltr'><strong>ι,</strong></span> <span class='ocrx_word' id='word_1_476' title='bbox 768 4084 814 4122; x_wconf 87' lang='lat' dir='ltr'><strong>c.</strong></span> <span class='ocrx_word' id='word_1_477' title='bbox 843 4069 940 4132; x_wconf 78' lang='lat' dir='ltr'><strong>‘ZI;</strong></span> <span class='ocrx_word' id='word_1_478' title='bbox 974 4082 1120 4121; x_wconf 88' lang='lat' dir='ltr'><strong>conc.</strong></span> <span class='ocrx_word' id='word_1_479' title='bbox 1168 4068 1468 4132; x_wconf 62' lang='lat' dir='ltr'><strong>Nicmnum,</strong></span> <span class='ocrx_word' id='word_1_480' title='bbox 1493 4084 1541 4120; x_wconf 92' lang='lat' dir='ltr'><strong>c.</strong></span> <span class='ocrx_word' id='word_1_481' title='bbox 1572 4071 1657 4131; x_wconf 66' lang='lat' dir='ltr'><strong>iii,</strong></span> 
     </span>
    </p>
   </div>
   <div class='ocr_carea' id='block_1_76' title="bbox 139 4136 1657 4198">
    <p class='ocr_par' dir='ltr' id='par_1_76' title="bbox 139 4136 1657 4198">
     <span class='ocr_line' id='line_1_76' title="bbox 139 4136 1657 4198; baseline 0.003 -13"><span class='ocrx_word' id='word_1_482' title='bbox 139 4136 229 4198; x_wconf 72' lang='lat'><strong>16;</strong></span> <span class='ocrx_word' id='word_1_483' title='bbox 259 4151 409 4188; x_wconf 92' lang='lat' dir='ltr'><strong>conc.</strong></span> <span class='ocrx_word' id='word_1_484' title='bbox 438 4137 839 4196; x_wconf 85' lang='lat' dir='ltr'><strong>Antiochenum,</strong></span> <span class='ocrx_word' id='word_1_485' title='bbox 875 4151 922 4188; x_wconf 90' lang='lat' dir='ltr'><strong>c.</strong></span> <span class='ocrx_word' id='word_1_486' title='bbox 954 4138 1012 4198; x_wconf 73' lang='grc' dir='ltr'><strong>ὃς</strong></span> <span class='ocrx_word' id='word_1_487' title='bbox 1052 4151 1199 4188; x_wconf 89' lang='lat' dir='ltr'><strong>conc.</strong></span> <span class='ocrx_word' id='word_1_488' title='bbox 1227 4136 1462 4196; x_wconf 83' lang='lat' dir='ltr'><strong>Laodic.,</strong></span> <span class='ocrx_word' id='word_1_489' title='bbox 1490 4152 1537 4188; x_wconf 91' lang='lat' dir='ltr'><strong>c.</strong></span> <span class='ocrx_word' id='word_1_490' title='bbox 1569 4138 1657 4197; x_wconf 72' lang='grc' dir='ltr'>Μ,</span> 
     </span>
    </p>
   </div>
   <div class='ocr_carea' id='block_1_77' title="bbox 136 4202 1742 4270">
    <p class='ocr_par' dir='ltr' id='par_1_77' title="bbox 136 4202 1742 4270">
     <span class='ocr_line' id='line_1_77' title="bbox 136 4202 1742 4270; baseline -0.001 -17"><span class='ocrx_word' id='word_1_491' title='bbox 136 4202 233 4264; x_wconf 69' lang='grc' dir='ltr'>ιὶς</span> <span class='ocrx_word' id='word_1_492' title='bbox 264 4217 381 4255; x_wconf 88' lang='lat' dir='ltr'><strong>can.</strong></span> <span class='ocrx_word' id='word_1_493' title='bbox 425 4206 522 4256; x_wconf 88' lang='lat' dir='ltr'><strong>sub</strong></span> <span class='ocrx_word' id='word_1_494' title='bbox 556 4205 764 4256; x_wconf 91' lang='lat' dir='ltr'><strong>nomine</strong></span> <span class='ocrx_word' id='word_1_495' title='bbox 801 4209 966 4268; x_wconf 84' lang='lat' dir='ltr'><strong>apost.</strong></span> <span class='ocrx_word' id='word_1_496' title='bbox 1013 4203 1103 4262; x_wconf 80' lang='lat' dir='ltr'><strong>M;</strong></span> <span class='ocrx_word' id='word_1_497' title='bbox 1148 4218 1296 4255; x_wconf 90' lang='lat' dir='ltr'><strong>conc.</strong></span> <span class='ocrx_word' id='word_1_498' title='bbox 1356 4204 1536 4255; x_wconf 86' lang='lat' dir='ltr'><strong>Carth.</strong></span> <span class='ocrx_word' id='word_1_499' title='bbox 1592 4218 1664 4264; x_wconf 82' lang='lat' dir='ltr'><strong>IV,</strong></span> <span class='ocrx_word' id='word_1_500' title='bbox 1697 4213 1742 4270; x_wconf 83' lang='grc' dir='ltr'>υ</span> 
     </span>
    </p>
   </div>
   <div class='ocr_carea' id='block_1_78' title="bbox 1762 3202 3285 3270">
    <p class='ocr_par' dir='ltr' id='par_1_78' title="bbox 1762 3202 3285 3270">
     <span class='ocr_line' id='line_1_78' title="bbox 1762 3202 3285 3270; baseline 0.003 -14"><span class='ocrx_word' id='word_1_501' title='bbox 1762 3219 1809 3256; x_wconf 93' lang='lat' dir='ltr'><strong>c.</strong></span> <span class='ocrx_word' id='word_1_502' title='bbox 1835 3203 1896 3266; x_wconf 85' lang='lat'><strong>5-;</strong></span> <span class='ocrx_word' id='word_1_503' title='bbox 1915 3205 2030 3256; x_wconf 89' lang='lat' dir='ltr'><strong>cod.</strong></span> <span class='ocrx_word' id='word_1_504' title='bbox 2051 3203 2251 3256; x_wconf 85' lang='lat' dir='ltr'><strong>Eccles.</strong></span> <span class='ocrx_word' id='word_1_505' title='bbox 2275 3202 2525 3266; x_wconf 83' lang='lat' dir='ltr'><strong>Afric.,c.</strong></span> <span class='ocrx_word' id='word_1_506' title='bbox 2557 3205 2647 3266; x_wconf 85' lang='lat' dir='ltr'><strong>7i;</strong></span> <span class='ocrx_word' id='word_1_507' title='bbox 2673 3218 2820 3262; x_wconf 89' lang='lat' dir='ltr'><strong>conc.</strong></span> <span class='ocrx_word' id='word_1_508' title='bbox 2850 3205 3209 3270; x_wconf 81' lang='lat' dir='ltr'><strong>Toletanunn,</strong></span> <span class='ocrx_word' id='word_1_509' title='bbox 3237 3223 3285 3261; x_wconf 92' lang='lat' dir='ltr'><strong>c.</strong></span> 
     </span>
    </p>
   </div>
   <div class='ocr_carea' id='block_1_79' title="bbox 1765 3271 3284 3340">
    <p class='ocr_par' dir='ltr' id='par_1_79' title="bbox 1765 3271 3284 3340">
     <span class='ocr_line' id='line_1_79' title="bbox 1765 3271 3284 3340; baseline 0.002 -18"><span class='ocrx_word' id='word_1_510' title='bbox 1765 3272 1857 3333; x_wconf 62' lang='grc' dir='ltr'><strong>ως</strong></span> <span class='ocrx_word' id='word_1_511' title='bbox 1899 3286 2049 3323; x_wconf 85' lang='lat' dir='ltr'><strong>conc.</strong></span> <span class='ocrx_word' id='word_1_512' title='bbox 2092 3271 2482 3340; x_wconf 82' lang='lat' dir='ltr'><strong>Andegavense,</strong></span> <span class='ocrx_word' id='word_1_513' title='bbox 2515 3287 2560 3323; x_wconf 90' lang='lat' dir='ltr'><strong>c.</strong></span> <span class='ocrx_word' id='word_1_514' title='bbox 2593 3273 2650 3331; x_wconf 74' lang='lat'><strong>1;</strong></span> <span class='ocrx_word' id='word_1_515' title='bbox 2688 3286 2834 3340; x_wconf 83' lang='lat' dir='ltr'><strong>conc.</strong></span> <span class='ocrx_word' id='word_1_516' title='bbox 2881 3273 3207 3338; x_wconf 82' lang='lat' dir='ltr'><strong>Epaonensc,</strong></span> <span class='ocrx_word' id='word_1_517' title='bbox 3237 3291 3284 3328; x_wconf 92' lang='lat' dir='ltr'><strong>c.</strong></span> 
     </span>
    </p>
   </div>
   <div class='ocr_carea' id='block_1_80' title="bbox 1763 3338 3015 3400">
    <p class='ocr_par' dir='ltr' id='par_1_80' title="bbox 1763 3338 3015 3400">
     <span class='ocr_line' id='line_1_80' title="bbox 1763 3338 3015 3400; baseline -0.001 -9"><span class='ocrx_word' id='word_1_518' title='bbox 1763 3340 1826 3400; x_wconf 86' lang='lat'><strong>6;</strong></span> <span class='ocrx_word' id='word_1_519' title='bbox 1851 3353 1999 3391; x_wconf 91' lang='lat' dir='ltr'><strong>conc.</strong></span> <span class='ocrx_word' id='word_1_520' title='bbox 2025 3338 2261 3399; x_wconf 41' lang='lat' dir='ltr'><strong>Valent;</strong></span> <span class='ocrx_word' id='word_1_521' title='bbox 2279 3355 2325 3392; x_wconf 90' lang='lat' dir='ltr'><strong>c.</strong></span> <span class='ocrx_word' id='word_1_522' title='bbox 2351 3340 2411 3399; x_wconf 68' lang='grc' dir='ltr'><strong>ὗς</strong></span> <span class='ocrx_word' id='word_1_523' title='bbox 2438 3355 2586 3391; x_wconf 90' lang='lat' dir='ltr'><strong>conc.</strong></span> <span class='ocrx_word' id='word_1_524' title='bbox 2616 3338 2781 3390; x_wconf 86' lang='lat' dir='ltr'><strong>Tolet.</strong></span> <span class='ocrx_word' id='word_1_525' title='bbox 2807 3355 2865 3400; x_wconf 88' lang='grc' dir='ltr'><strong>ιι,</strong></span> <span class='ocrx_word' id='word_1_526' title='bbox 2891 3355 2938 3391; x_wconf 92' lang='lat' dir='ltr'><strong>c.</strong></span> <span class='ocrx_word' id='word_1_527' title='bbox 2965 3341 3015 3390; x_wconf 71' lang='lat'><strong>‘2.</strong></span> 
     </span>
    </p>
   </div>
   <div class='ocr_carea' id='block_1_81' title="bbox 1837 3405 3286 3525">
    <p class='ocr_par' dir='ltr' id='par_1_81' title="bbox 1837 3405 3286 3525">
     <span class='ocr_line' id='line_1_81' title="bbox 1837 3405 3286 3525; baseline 0.003 -69"><span class='ocrx_word' id='word_1_528' title='bbox 1837 3405 2139 3525; x_wconf 58' lang='lat' dir='ltr'><strong>§6Synodus</strong></span> <span class='ocrx_word' id='word_1_529' title='bbox 2171 3407 2224 3458; x_wconf 90' lang='lat' dir='ltr'><strong>S.</strong></span> <span class='ocrx_word' id='word_1_530' title='bbox 2255 3406 2485 3467; x_wconf 75' lang='lat' dir='ltr'><strong>Patrieii,</strong></span> <span class='ocrx_word' id='word_1_531' title='bbox 2515 3422 2562 3458; x_wconf 84' lang='lat' dir='ltr'><strong>c.</strong></span> <span class='ocrx_word' id='word_1_532' title='bbox 2596 3408 2681 3459; x_wconf 79' lang='grc'><strong>50.</strong></span> <span class='ocrx_word' id='word_1_533' title='bbox 2712 3407 2868 3458; x_wconf 86' lang='lat' dir='ltr'><strong>Citat.</strong></span> <span class='ocrx_word' id='word_1_534' title='bbox 2894 3408 3114 3474; x_wconf 72' lang='lat' dir='ltr'><strong>(lapitul.</strong></span> <span class='ocrx_word' id='word_1_535' title='bbox 3147 3408 3181 3460; x_wconf 92' lang='lat' dir='ltr'><strong>l.</strong></span> <span class='ocrx_word' id='word_1_536' title='bbox 3213 3423 3286 3468; x_wconf 82' lang='lat' dir='ltr'><strong>vi,</strong></span> 
     </span>
    </p>
   </div>
   <div class='ocr_carea' id='block_1_82' title="bbox 1767 3489 1921 3526">
    <p class='ocr_par' dir='ltr' id='par_1_82' title="bbox 1767 3489 1921 3526">
     <span class='ocr_line' id='line_1_82' title="bbox 1767 3489 1921 3526; baseline -0.006 0"><span class='ocrx_word' id='word_1_537' title='bbox 1767 3489 1812 3526; x_wconf 82' lang='lat' dir='ltr'><strong>C.</strong></span> <span class='ocrx_word' id='word_1_538' title='bbox 1838 3489 1921 3525; x_wconf 78' lang='grc' dir='ltr'><strong>δυ.</strong></span> 
     </span>
    </p>
   </div>
   <div class='ocr_carea' id='block_1_83' title="bbox 1841 3539 3288 3607">
    <p class='ocr_par' dir='ltr' id='par_1_83' title="bbox 1841 3539 3288 3607">
     <span class='ocr_line' id='line_1_83' title="bbox 1841 3539 3288 3607; baseline 0.001 -14"><span class='ocrx_word' id='word_1_539' title='bbox 1841 3541 1857 3578; x_wconf 72' lang='grc' dir='ltr'>ί</span> <span class='ocrx_word' id='word_1_540' title='bbox 1901 3540 2060 3593; x_wconf 82' lang='lat' dir='ltr'><strong>Cone.</strong></span> <span class='ocrx_word' id='word_1_541' title='bbox 2102 3540 2389 3603; x_wconf 73' lang='lat' dir='ltr'><strong>Nicrenum,</strong></span> <span class='ocrx_word' id='word_1_542' title='bbox 2413 3556 2458 3593; x_wconf 93' lang='lat' dir='ltr'><strong>c.</strong></span> <span class='ocrx_word' id='word_1_543' title='bbox 2487 3541 2540 3602; x_wconf 87' lang='lat'><strong>5,</strong></span> <span class='ocrx_word' id='word_1_544' title='bbox 2569 3547 2622 3592; x_wconf 92' lang='lat' dir='ltr'><strong>et</strong></span> <span class='ocrx_word' id='word_1_545' title='bbox 2651 3540 2827 3607; x_wconf 86' lang='lat' dir='ltr'><strong>plures</strong></span> <span class='ocrx_word' id='word_1_546' title='bbox 2853 3539 2942 3592; x_wconf 81' lang='lat' dir='ltr'><strong>alii</strong></span> <span class='ocrx_word' id='word_1_547' title='bbox 2971 3541 3198 3593; x_wconf 81' lang='lat' dir='ltr'><strong>canones</strong></span> <span class='ocrx_word' id='word_1_548' title='bbox 3224 3557 3288 3595; x_wconf 78' lang='lat' dir='ltr'><strong>ex</strong></span> 
     </span>
    </p>
   </div>
   <div class='ocr_carea' id='block_1_84' title="bbox 1760 3608 2168 3660">
    <p class='ocr_par' dir='ltr' id='par_1_84' title="bbox 1760 3608 2168 3660">
     <span class='ocr_line' id='line_1_84' title="bbox 1760 3608 2168 3660; baseline -0.007 0"><span class='ocrx_word' id='word_1_549' title='bbox 1760 3623 1907 3660; x_wconf 85' lang='lat' dir='ltr'><strong>conc.</strong></span> <span class='ocrx_word' id='word_1_550' title='bbox 1942 3608 2168 3659; x_wconf 73' lang='lat' dir='ltr'><strong>Nicreno.</strong></span> 
     </span>
    </p>
   </div>
   <div class='ocr_carea' id='block_1_85' title="bbox 1833 3673 3288 3741">
    <p class='ocr_par' dir='ltr' id='par_1_85' title="bbox 1833 3673 3288 3741">
     <span class='ocr_line' id='line_1_85' title="bbox 1833 3673 3288 3741; baseline 0.002 -16"><span class='ocrx_word' id='word_1_551' title='bbox 1833 3679 1854 3713; x_wconf 66' lang='grc' dir='ltr'>Β</span> <span class='ocrx_word' id='word_1_552' title='bbox 1893 3674 2088 3726; x_wconf 84' lang='lat' dir='ltr'><strong>Concil.</strong></span> <span class='ocrx_word' id='word_1_553' title='bbox 2121 3674 2329 3726; x_wconf 65' lang='lat' dir='ltr'><strong>)Iilevit.</strong></span> <span class='ocrx_word' id='word_1_554' title='bbox 2357 3689 2426 3735; x_wconf 83' lang='lat' dir='ltr'><strong>ll,</strong></span> <span class='ocrx_word' id='word_1_555' title='bbox 2458 3689 2503 3726; x_wconf 91' lang='lat' dir='ltr'><strong>c.</strong></span> <span class='ocrx_word' id='word_1_556' title='bbox 2545 3673 2620 3735; x_wconf 81' lang='grc'><strong>15,</strong></span> <span class='ocrx_word' id='word_1_557' title='bbox 2649 3675 2739 3736; x_wconf 76' lang='lat' dir='ltr'><strong>N;</strong></span> <span class='ocrx_word' id='word_1_558' title='bbox 2776 3675 2826 3726; x_wconf 88' lang='lat' dir='ltr'><strong>in</strong></span> <span class='ocrx_word' id='word_1_559' title='bbox 2867 3675 3070 3741; x_wconf 75' lang='lat' dir='ltr'><strong>integro</strong></span> <span class='ocrx_word' id='word_1_560' title='bbox 3111 3677 3288 3728; x_wconf 81' lang='lat' dir='ltr'><strong>codice</strong></span> 
     </span>
    </p>
   </div>
   <div class='ocr_carea' id='block_1_86' title="bbox 1759 3741 3280 3802">
    <p class='ocr_par' dir='ltr' id='par_1_86' title="bbox 1759 3741 3280 3802">
     <span class='ocr_line' id='line_1_86' title="bbox 1759 3741 3280 3802; baseline 0 -8"><span class='ocrx_word' id='word_1_561' title='bbox 1759 3741 2005 3794; x_wconf 67' lang='lat' dir='ltr'><strong>Ecclesiae</strong></span> <span class='ocrx_word' id='word_1_562' title='bbox 2057 3741 2336 3802; x_wconf 64' lang='lat' dir='ltr'><strong>Africanae,</strong></span> <span class='ocrx_word' id='word_1_563' title='bbox 2375 3756 2421 3794; x_wconf 92' lang='lat' dir='ltr'><strong>c.</strong></span> <span class='ocrx_word' id='word_1_564' title='bbox 2463 3741 2554 3802; x_wconf 84' lang='lat'><strong>86;</strong></span> <span class='ocrx_word' id='word_1_565' title='bbox 2592 3756 2653 3793; x_wconf 86' lang='lat' dir='ltr'><strong>ex</strong></span> <span class='ocrx_word' id='word_1_566' title='bbox 2693 3757 2839 3795; x_wconf 88' lang='lat' dir='ltr'><strong>conc.</strong></span> <span class='ocrx_word' id='word_1_567' title='bbox 2872 3741 3058 3802; x_wconf 58' lang='lat' dir='ltr'><strong>Afris,</strong></span> <span class='ocrx_word' id='word_1_568' title='bbox 3098 3758 3143 3794; x_wconf 89' lang='lat' dir='ltr'><strong>c.</strong></span> <span class='ocrx_word' id='word_1_569' title='bbox 3185 3743 3280 3802; x_wconf 76' lang='lat'><strong>55;</strong></span> 
     </span>
    </p>
   </div>
   <div class='ocr_carea' id='block_1_87' title="bbox 1758 3810 3288 3877">
    <p class='ocr_par' dir='ltr' id='par_1_87' title="bbox 1758 3810 3288 3877">
     <span class='ocr_line' id='line_1_87' title="bbox 1758 3810 3288 3877; baseline 0.001 -16"><span class='ocrx_word' id='word_1_570' title='bbox 1758 3825 1904 3861; x_wconf 88' lang='lat' dir='ltr'><strong>conc.</strong></span> <span class='ocrx_word' id='word_1_571' title='bbox 1929 3810 2130 3877; x_wconf 74' lang='lat' dir='ltr'><strong>Cartb.,</strong></span> <span class='ocrx_word' id='word_1_572' title='bbox 2156 3824 2208 3859; x_wconf 84' lang='grc' dir='ltr'>ιι.</span> <span class='ocrx_word' id='word_1_573' title='bbox 2231 3810 2316 3871; x_wconf 83' lang='grc'><strong>19,</strong></span> <span class='ocrx_word' id='word_1_574' title='bbox 2338 3810 2432 3861; x_wconf 90' lang='lat' dir='ltr'><strong>sub</strong></span> <span class='ocrx_word' id='word_1_575' title='bbox 2448 3810 2661 3874; x_wconf 74' lang='lat' dir='ltr'><strong>Aurelio</strong></span> <span class='ocrx_word' id='word_1_576' title='bbox 2682 3811 2956 3877; x_wconf 88' lang='lat' dir='ltr'><strong>episcopo;</strong></span> <span class='ocrx_word' id='word_1_577' title='bbox 2981 3824 3126 3861; x_wconf 86' lang='lat' dir='ltr'><strong>conc.</strong></span> <span class='ocrx_word' id='word_1_578' title='bbox 3151 3810 3288 3876; x_wconf 79' lang='lat' dir='ltr'><strong>Aga-</strong></span> 
     </span>
    </p>
   </div>
   <div class='ocr_carea' id='block_1_88' title="bbox 1761 3875 2154 3936">
    <p class='ocr_par' dir='ltr' id='par_1_88' title="bbox 1761 3875 2154 3936">
     <span class='ocr_line' id='line_1_88' title="bbox 1761 3875 2154 3936; baseline -0.005 -9"><span class='ocrx_word' id='word_1_579' title='bbox 1761 3878 1965 3936; x_wconf 87' lang='lat' dir='ltr'><strong>thense,</strong></span> <span class='ocrx_word' id='word_1_580' title='bbox 1993 3889 2041 3926; x_wconf 91' lang='lat' dir='ltr'><strong>c.</strong></span> <span class='ocrx_word' id='word_1_581' title='bbox 2069 3875 2154 3926; x_wconf 71' lang='lat'><strong>25.</strong></span> 
     </span>
    </p>
   </div>
   <div class='ocr_carea' id='block_1_89' title="bbox 1831 3941 2510 4002">
    <p class='ocr_par' dir='ltr' id='par_1_89' title="bbox 1831 3941 2510 4002">
     <span class='ocr_line' id='line_1_89' title="bbox 1831 3941 2510 4002; baseline -0.001 -8"><span class='ocrx_word' id='word_1_582' title='bbox 1831 3944 1855 3980; x_wconf 71' lang='grc' dir='ltr'><strong>ιι</strong></span> <span class='ocrx_word' id='word_1_583' title='bbox 1896 3941 2054 3994; x_wconf 89' lang='lat' dir='ltr'><strong>Cone.</strong></span> <span class='ocrx_word' id='word_1_584' title='bbox 2083 3941 2261 3994; x_wconf 86' lang='lat' dir='ltr'><strong>Carth.</strong></span> <span class='ocrx_word' id='word_1_585' title='bbox 2294 3956 2352 4002; x_wconf 90' lang='grc' dir='ltr'><strong>ιι,</strong></span> <span class='ocrx_word' id='word_1_586' title='bbox 2380 3957 2425 3994; x_wconf 90' lang='lat' dir='ltr'><strong>c.</strong></span> <span class='ocrx_word' id='word_1_587' title='bbox 2459 3941 2510 3993; x_wconf 85' lang='lat'><strong>5.</strong></span> 
     </span>
    </p>
   </div>
   <div class='ocr_carea' id='block_1_90' title="bbox 1838 4008 3284 4078">
    <p class='ocr_par' dir='ltr' id='par_1_90' title="bbox 1838 4008 3284 4078">
     <span class='ocr_line' id='line_1_90' title="bbox 1838 4008 3284 4078; baseline 0 -17"><span class='ocrx_word' id='word_1_588' title='bbox 1838 4012 1867 4078; x_wconf 3' lang='grc' dir='ltr'>ί,</span> <span class='ocrx_word' id='word_1_589' title='bbox 1897 4008 2319 4078; x_wconf 39' lang='grc' dir='ltr'><strong>ΟοηοτΜὶιθνὶιη</strong></span> <span class='ocrx_word' id='word_1_590' title='bbox 2366 4025 2411 4061; x_wconf 92' lang='lat' dir='ltr'><strong>c.</strong></span> <span class='ocrx_word' id='word_1_591' title='bbox 2455 4009 2548 4078; x_wconf 70' lang='lat' dir='ltr'><strong>I7;</strong></span> <span class='ocrx_word' id='word_1_592' title='bbox 2579 4008 2997 4078; x_wconf 83' lang='lat' dir='ltr'><strong>Innocent.lep.</strong></span> <span class='ocrx_word' id='word_1_593' title='bbox 3041 4011 3103 4062; x_wconf 88' lang='lat' dir='ltr'><strong>ad</strong></span> <span class='ocrx_word' id='word_1_594' title='bbox 3150 4011 3284 4061; x_wconf 78' lang='lat' dir='ltr'><strong>Exu-</strong></span> 
     </span>
    </p>
   </div>
   <div class='ocr_carea' id='block_1_91' title="bbox 1762 4076 3283 4195">
    <p class='ocr_par' dir='ltr' id='par_1_91' title="bbox 1762 4076 3283 4195">
     <span class='ocr_line' id='line_1_91' title="bbox 1762 4076 3283 4195; baseline 0.001 -67"><span class='ocrx_word' id='word_1_595' title='bbox 1762 4077 1965 4195; x_wconf 40' lang='lat' dir='ltr'><strong>peréignn</strong></span> <span class='ocrx_word' id='word_1_596' title='bbox 1993 4077 2326 4144; x_wconf 74' lang='lat' dir='ltr'><strong>episcopum,</strong></span> <span class='ocrx_word' id='word_1_597' title='bbox 2361 4090 2408 4126; x_wconf 91' lang='lat' dir='ltr'><strong>c.</strong></span> <span class='ocrx_word' id='word_1_598' title='bbox 2448 4076 2494 4127; x_wconf 88' lang='lat'><strong>6.</strong></span> <span class='ocrx_word' id='word_1_599' title='bbox 2522 4105 2590 4114; x_wconf 90' lang='lat'><strong>-—</strong></span> <span class='ocrx_word' id='word_1_600' title='bbox 2618 4079 2772 4130; x_wconf 87' lang='lat' dir='ltr'><strong>Citat.</strong></span> <span class='ocrx_word' id='word_1_601' title='bbox 2816 4079 2905 4132; x_wconf 90' lang='lat' dir='ltr'><strong>lib.</strong></span> <span class='ocrx_word' id='word_1_602' title='bbox 2943 4076 2993 4130; x_wconf 74' lang='lat' dir='ltr'><strong>vi</strong></span> <span class='ocrx_word' id='word_1_603' title='bbox 3037 4078 3283 4144; x_wconf 90' lang='lat' dir='ltr'><strong>Capitul.,</strong></span> 
     </span>
     <span class='ocr_line' id='line_1_92' title="bbox 1763 4160 1918 4195; baseline -0.006 0"><span class='ocrx_word' id='word_1_604' title='bbox 1763 4160 1810 4195; x_wconf 89' lang='lat' dir='ltr'><strong>e.</strong></span> <span class='ocrx_word' id='word_1_605' title='bbox 1907 4181 1918 4194; x_wconf 93' lang='lat'><strong>.</strong></span> 
     </span>
    </p>
   </div>
   <div class='ocr_carea' id='block_1_92' title="bbox 1763 4160 1918 4196">
    <p class='ocr_par' dir='ltr' id='par_1_92' title="bbox 1763 4160 1918 4196">
     <span class='ocr_line' id='line_1_93' title="bbox 1763 4160 1918 4196; baseline -0.019 0"><span class='ocrx_word' id='word_1_606' title='bbox 1763 4160 1918 4196; x_wconf 69' lang='lat'><strong>(3.51.</strong></span> 
     </span>
    </p>
   </div>
   <div class='ocr_carea' id='block_1_93' title="bbox 830 4437 2592 4526">
    <p class='ocr_par' dir='ltr' id='par_1_93' title="bbox 830 4437 2592 4526">
     <span class='ocr_line' id='line_1_94' title="bbox 830 4437 2592 4526; baseline -0.002 -27"><span class='ocrx_word' id='word_1_607' title='bbox 830 4440 1013 4500; x_wconf 64' lang='grc' dir='ltr'><strong>ΛΕΜ</strong></span> <span class='ocrx_word' id='word_1_608' title='bbox 1057 4440 1438 4499; x_wconf 84' lang='lat' dir='ltr'><strong>CAPITULA</strong></span> <span class='ocrx_word' id='word_1_609' title='bbox 1482 4437 1883 4497; x_wconf 78' lang='lat' dir='ltr'><strong>COLLECTA</strong></span> <span class='ocrx_word' id='word_1_610' title='bbox 1925 4438 2033 4497; x_wconf 83' lang='grc' dir='ltr'><strong>ΕΧ</strong></span> <span class='ocrx_word' id='word_1_611' title='bbox 2075 4438 2592 4526; x_wconf 78' lang='lat' dir='ltr'><strong>FR_AGMENTIS.</strong></span> 
     </span>
    </p>
   </div>
   <div class='ocr_carea' id='block_1_94' title="bbox 393 4571 3024 4650">
    <p class='ocr_par' dir='ltr' id='par_1_94' title="bbox 393 4571 3024 4650">
     <span class='ocr_line' id='line_1_95' title="bbox 393 4571 3024 4650; baseline 0.003 -18"><span class='ocrx_word' id='word_1_612' title='bbox 393 4575 754 4648; x_wconf 83' lang='lat' dir='ltr'><strong>Fragmenta</strong></span> <span class='ocrx_word' id='word_1_613' title='bbox 791 4590 865 4632; x_wconf 79' lang='lat' dir='ltr'><strong>ex</strong></span> <span class='ocrx_word' id='word_1_614' title='bbox 901 4572 1250 4648; x_wconf 72' lang='lat' dir='ltr'><strong>capitulis‘a</strong></span> <span class='ocrx_word' id='word_1_615' title='bbox 1288 4590 1412 4632; x_wconf 88' lang='lat' dir='ltr'><strong>rev.</strong></span> <span class='ocrx_word' id='word_1_616' title='bbox 1450 4575 1524 4633; x_wconf 94' lang='lat' dir='ltr'><strong>D.</strong></span> <span class='ocrx_word' id='word_1_617' title='bbox 1557 4573 1718 4632; x_wconf 83' lang='lat' dir='ltr'><strong>Luca</strong></span> <span class='ocrx_word' id='word_1_618' title='bbox 1753 4571 2015 4632; x_wconf 84' lang='lat' dir='ltr'><strong>Acherio</strong></span> <span class='ocrx_word' id='word_1_619' title='bbox 2059 4572 2241 4630; x_wconf 88' lang='lat' dir='ltr'><strong>editis</strong></span> <span class='ocrx_word' id='word_1_620' title='bbox 2286 4571 2345 4629; x_wconf 91' lang='lat' dir='ltr'><strong>in</strong></span> <span class='ocrx_word' id='word_1_621' title='bbox 2379 4572 2690 4650; x_wconf 81' lang='lat' dir='ltr'><strong>Spicilegii</strong></span> <span class='ocrx_word' id='word_1_622' title='bbox 2721 4583 2887 4640; x_wconf 88' lang='lat' dir='ltr'><strong>tomo</strong></span> <span class='ocrx_word' id='word_1_623' title='bbox 2917 4582 3024 4641; x_wconf 77' lang='lat' dir='ltr'><strong>IX.</strong></span> 
     </span>
    </p>
   </div>
   <div class='ocr_carea' id='block_1_95' title="bbox 486 4761 2938 4841">
    <p class='ocr_par' dir='ltr' id='par_1_95' title="bbox 486 4761 2938 4841">
     <span class='ocr_line' id='line_1_96' title="bbox 486 4761 2938 4841; baseline 0.002 -19"><span class='ocrx_word' id='word_1_624' title='bbox 486 4763 601 4822; x_wconf 82' lang='lat' dir='ltr'><strong>Hic</strong></span> <span class='ocrx_word' id='word_1_625' title='bbox 649 4761 1202 4837; x_wconf 76' lang='lat' dir='ltr'><strong>prwtermittuntur</strong></span> <span class='ocrx_word' id='word_1_626' title='bbox 1245 4783 1370 4841; x_wconf 76' lang='lat' dir='ltr'><strong>qua:</strong></span> <span class='ocrx_word' id='word_1_627' title='bbox 1410 4780 1599 4838; x_wconf 81' lang='lat' dir='ltr'><strong>supra</strong></span> <span class='ocrx_word' id='word_1_628' title='bbox 1641 4766 1851 4818; x_wconf 79' lang='lat' dir='ltr'><strong>notata</strong></span> <span class='ocrx_word' id='word_1_629' title='bbox 1887 4769 2025 4819; x_wconf 80' lang='lat' dir='ltr'><strong>sunt</strong></span> <span class='ocrx_word' id='word_1_630' title='bbox 2059 4761 2137 4819; x_wconf 84' lang='lat' dir='ltr'><strong>ad</strong></span> <span class='ocrx_word' id='word_1_631' title='bbox 2171 4761 2580 4823; x_wconf 72' lang='lat' dir='ltr'><strong>Paenitentiale</strong></span> <span class='ocrx_word' id='word_1_632' title='bbox 2622 4767 2938 4827; x_wconf 82' lang='lat' dir='ltr'><strong>Theodori.</strong></span> 
     </span>
    </p>
   </div>
   <div class='ocr_carea' id='block_1_96' title="bbox 803 4944 1014 4984">
    <p class='ocr_par' dir='ltr' id='par_1_96' title="bbox 803 4944 1014 4984">
     <span class='ocr_line' id='line_1_97' title="bbox 803 4944 1014 4984; baseline -0.005 -1"><span class='ocrx_word' id='word_1_633' title='bbox 803 4946 915 4984; x_wconf 76' lang='lat' dir='ltr'><strong>CAP.</strong></span> <span class='ocrx_word' id='word_1_634' title='bbox 944 4944 1014 4984; x_wconf 75' lang='grc' dir='ltr'><strong>νι.</strong></span> 
     </span>
    </p>
   </div>
   <div class='ocr_carea' id='block_1_97' title="bbox 206 5015 1665 5085">
    <p class='ocr_par' dir='ltr' id='par_1_97' title="bbox 206 5015 1665 5085">
     <span class='ocr_line' id='line_1_98' title="bbox 206 5015 1665 5085; baseline -0.003 -14"><span class='ocrx_word' id='word_1_635' title='bbox 206 5034 231 5061; x_wconf 78' lang='grc' dir='ltr'><strong>ι</strong></span> <span class='ocrx_word' id='word_1_636' title='bbox 261 5020 361 5085; x_wconf 88' lang='lat' dir='ltr'><strong>Qui</strong></span> <span class='ocrx_word' id='word_1_637' title='bbox 393 5017 477 5072; x_wconf 88' lang='lat' dir='ltr'><strong>bis</strong></span> <span class='ocrx_word' id='word_1_638' title='bbox 502 5018 749 5085; x_wconf 84' lang='lat' dir='ltr'><strong>baptizati</strong></span> <span class='ocrx_word' id='word_1_639' title='bbox 787 5023 908 5070; x_wconf 87' lang='lat' dir='ltr'><strong>sunt</strong></span> <span class='ocrx_word' id='word_1_640' title='bbox 950 5015 1271 5084; x_wconf 85' lang='lat' dir='ltr'><strong>ignorantes,</strong></span> <span class='ocrx_word' id='word_1_641' title='bbox 1301 5029 1404 5067; x_wconf 89' lang='lat' dir='ltr'><strong>non</strong></span> <span class='ocrx_word' id='word_1_642' title='bbox 1435 5015 1665 5081; x_wconf 83' lang='lat' dir='ltr'><strong>indigent</strong></span> 
     </span>
    </p>
   </div>
   <div class='ocr_carea' id='block_1_98' title="bbox 138 5103 1659 5175">
    <p class='ocr_par' dir='ltr' id='par_1_98' title="bbox 138 5103 1659 5175">
     <span class='ocr_line' id='line_1_99' title="bbox 138 5103 1659 5175; baseline -0.005 -13"><span class='ocrx_word' id='word_1_643' title='bbox 138 5108 470 5175; x_wconf 65' lang='lat' dir='ltr'><strong>paenitentia,</strong></span> <span class='ocrx_word' id='word_1_644' title='bbox 501 5105 600 5158; x_wconf 90' lang='lat' dir='ltr'><strong>nisi</strong></span> <span class='ocrx_word' id='word_1_645' title='bbox 647 5105 784 5171; x_wconf 89' lang='lat' dir='ltr'><strong>quod</strong></span> <span class='ocrx_word' id='word_1_646' title='bbox 815 5103 1098 5156; x_wconf 89' lang='lat' dir='ltr'><strong>secundum</strong></span> <span class='ocrx_word' id='word_1_647' title='bbox 1139 5116 1367 5156; x_wconf 82' lang='lat' dir='ltr'><strong>canones</strong></span> <span class='ocrx_word' id='word_1_648' title='bbox 1394 5116 1495 5154; x_wconf 89' lang='lat' dir='ltr'><strong>non</strong></span> <span class='ocrx_word' id='word_1_649' title='bbox 1539 5116 1659 5168; x_wconf 86' lang='lat' dir='ltr'><strong>pos-</strong></span> 
     </span>
    </p>
   </div>
   <div class='ocr_carea' id='block_1_99' title="bbox 139 5190 1660 5261">
    <p class='ocr_par' dir='ltr' id='par_1_99' title="bbox 139 5190 1660 5261">
     <span class='ocr_line' id='line_1_100' title="bbox 139 5190 1660 5261; baseline -0.007 -10"><span class='ocrx_word' id='word_1_650' title='bbox 139 5204 261 5251; x_wconf 84' lang='lat' dir='ltr'><strong>sunt</strong></span> <span class='ocrx_word' id='word_1_651' title='bbox 283 5195 540 5258; x_wconf 77' lang='lat' dir='ltr'><strong>ordinari,</strong></span> <span class='ocrx_word' id='word_1_652' title='bbox 577 5193 673 5246; x_wconf 91' lang='lat' dir='ltr'><strong>nisi</strong></span> <span class='ocrx_word' id='word_1_653' title='bbox 699 5207 796 5261; x_wconf 92' lang='lat' dir='ltr'><strong>pro</strong></span> <span class='ocrx_word' id='word_1_654' title='bbox 823 5207 1007 5259; x_wconf 87' lang='lat' dir='ltr'><strong>magna</strong></span> <span class='ocrx_word' id='word_1_655' title='bbox 1045 5191 1371 5244; x_wconf 88' lang='lat' dir='ltr'><strong>necessitate.</strong></span> <span class='ocrx_word' id='word_1_656' title='bbox 1411 5190 1509 5254; x_wconf 92' lang='lat' dir='ltr'><strong>Qui</strong></span> <span class='ocrx_word' id='word_1_657' title='bbox 1537 5204 1660 5241; x_wconf 89' lang='lat' dir='ltr'><strong>vero</strong></span> 
     </span>
    </p>
   </div>
   <div class='ocr_carea' id='block_1_100' title="bbox 142 5277 1654 5354">
    <p class='ocr_par' dir='ltr' id='par_1_100' title="bbox 142 5277 1654 5354">
     <span class='ocr_line' id='line_1_101' title="bbox 142 5277 1654 5354; baseline -0.009 -15"><span class='ocrx_word' id='word_1_658' title='bbox 142 5301 241 5340; x_wconf 78' lang='lat' dir='ltr'><strong>non</strong></span> <span class='ocrx_word' id='word_1_659' title='bbox 285 5285 548 5354; x_wconf 84' lang='lat' dir='ltr'><strong>ignorant,</strong></span> <span class='ocrx_word' id='word_1_660' title='bbox 579 5281 726 5349; x_wconf 88' lang='lat' dir='ltr'><strong>quasi</strong></span> <span class='ocrx_word' id='word_1_661' title='bbox 753 5281 940 5332; x_wconf 88' lang='lat' dir='ltr'><strong>iterum</strong></span> <span class='ocrx_word' id='word_1_662' title='bbox 976 5279 1238 5332; x_wconf 88' lang='lat' dir='ltr'><strong>Christum</strong></span> <span class='ocrx_word' id='word_1_663' title='bbox 1267 5277 1654 5337; x_wconf 80' lang='lat' dir='ltr'><strong>cruciﬁxerunt,</strong></span> 
     </span>
    </p>
   </div>
   <div class='ocr_carea' id='block_1_101' title="bbox 141 5362 1651 5436">
    <p class='ocr_par' dir='ltr' id='par_1_101' title="bbox 141 5362 1651 5436">
     <span class='ocr_line' id='line_1_102' title="bbox 141 5362 1651 5436; baseline -0.007 -12"><span class='ocrx_word' id='word_1_664' title='bbox 141 5372 432 5436; x_wconf 69' lang='lat' dir='ltr'><strong>pteniteant</strong></span> <span class='ocrx_word' id='word_1_665' title='bbox 458 5375 652 5434; x_wconf 83' lang='lat' dir='ltr'><strong>septem</strong></span> <span class='ocrx_word' id='word_1_666' title='bbox 669 5365 849 5427; x_wconf 64' lang='lat' dir='ltr'><strong>annis,</strong></span> <span class='ocrx_word' id='word_1_667' title='bbox 880 5374 1062 5431; x_wconf 82' lang='lat' dir='ltr'><strong>quarta</strong></span> <span class='ocrx_word' id='word_1_668' title='bbox 1091 5363 1239 5424; x_wconf 86' lang='lat' dir='ltr'><strong>feria,</strong></span> <span class='ocrx_word' id='word_1_669' title='bbox 1263 5371 1313 5415; x_wconf 89' lang='lat' dir='ltr'><strong>et</strong></span> <span class='ocrx_word' id='word_1_670' title='bbox 1338 5371 1482 5415; x_wconf 79' lang='lat' dir='ltr'><strong>sexta</strong></span> <span class='ocrx_word' id='word_1_671' title='bbox 1505 5362 1651 5425; x_wconf 88' lang='lat' dir='ltr'><strong>feria,</strong></span> 
     </span>
    </p>
   </div>
   <div class='ocr_carea' id='block_1_102' title="bbox 143 5454 846 5528">
    <p class='ocr_par' dir='ltr' id='par_1_102' title="bbox 143 5454 846 5528">
     <span class='ocr_line' id='line_1_103' title="bbox 143 5454 846 5528; baseline 0 -21"><span class='ocrx_word' id='word_1_672' title='bbox 143 5466 194 5509; x_wconf 85' lang='lat' dir='ltr'><strong>et</strong></span> <span class='ocrx_word' id='word_1_673' title='bbox 219 5459 392 5510; x_wconf 88' lang='lat' dir='ltr'><strong>tribus</strong></span> <span class='ocrx_word' id='word_1_674' title='bbox 419 5454 846 5528; x_wconf 81' lang='lat' dir='ltr'><strong>quadragesimis.</strong></span> 
     </span>
    </p>
   </div>
   <div class='ocr_carea' id='block_1_103' title="bbox 211 5558 1653 5629">
    <p class='ocr_par' dir='ltr' id='par_1_103' title="bbox 211 5558 1653 5629">
     <span class='ocr_line' id='line_1_104' title="bbox 211 5558 1653 5629; baseline -0.003 -12"><span class='ocrx_word' id='word_1_675' title='bbox 211 5576 233 5603; x_wconf 69' lang='grc' dir='ltr'><strong>ο</strong></span> <span class='ocrx_word' id='word_1_676' title='bbox 265 5565 485 5623; x_wconf 82' lang='lat' dir='ltr'><strong>Burcli.,</strong></span> <span class='ocrx_word' id='word_1_677' title='bbox 514 5563 544 5614; x_wconf 90' lang='grc' dir='ltr'><strong>Ι.</strong></span> <span class='ocrx_word' id='word_1_678' title='bbox 589 5579 658 5623; x_wconf 79' lang='lat' dir='ltr'><strong>tv,</strong></span> <span class='ocrx_word' id='word_1_679' title='bbox 703 5578 748 5615; x_wconf 87' lang='lat' dir='ltr'><strong>c.</strong></span> <span class='ocrx_word' id='word_1_680' title='bbox 777 5562 869 5616; x_wconf 82' lang='lat'><strong>5|:</strong></span> <span class='ocrx_word' id='word_1_681' title='bbox 902 5563 1008 5623; x_wconf 81' lang='lat' dir='ltr'><strong>Im,</strong></span> <span class='ocrx_word' id='word_1_682' title='bbox 1049 5577 1092 5629; x_wconf 85' lang='lat' dir='ltr'><strong>p.</strong></span> <span class='ocrx_word' id='word_1_683' title='bbox 1128 5577 1165 5624; x_wconf 83' lang='grc' dir='ltr'><strong>ι,</strong></span> <span class='ocrx_word' id='word_1_684' title='bbox 1204 5575 1247 5611; x_wconf 81' lang='lat' dir='ltr'><strong>c.</strong></span> <span class='ocrx_word' id='word_1_685' title='bbox 1303 5559 1422 5621; x_wconf 71' lang='lat' dir='ltr'><strong>Hii;</strong></span> <span class='ocrx_word' id='word_1_686' title='bbox 1459 5558 1547 5612; x_wconf 83' lang='lat' dir='ltr'><strong>Gr.</strong></span> <span class='ocrx_word' id='word_1_687' title='bbox 1593 5561 1653 5612; x_wconf 83' lang='lat' dir='ltr'><strong>dc</strong></span> 
     </span>
    </p>
   </div>
   <div class='ocr_carea' id='block_1_104' title="bbox 149 5630 837 5695">
    <p class='ocr_par' dir='ltr' id='par_1_104' title="bbox 149 5630 837 5695">
     <span class='ocr_line' id='line_1_105' title="bbox 149 5630 837 5695; baseline 0.004 -18"><span class='ocrx_word' id='word_1_688' title='bbox 149 5631 301 5685; x_wconf 74' lang='lat' dir='ltr'><strong>Cuns.</strong></span> <span class='ocrx_word' id='word_1_689' title='bbox 317 5671 329 5695; x_wconf 91' lang='lat'><strong>,</strong></span> <span class='ocrx_word' id='word_1_690' title='bbox 349 5632 467 5683; x_wconf 68' lang='lat' dir='ltr'><strong>«list.</strong></span> <span class='ocrx_word' id='word_1_691' title='bbox 497 5631 546 5694; x_wconf 66' lang='grc' dir='ltr'>ὦ,</span> <span class='ocrx_word' id='word_1_692' title='bbox 565 5647 608 5679; x_wconf 77' lang='lat' dir='ltr'><strong>c.</strong></span> <span class='ocrx_word' id='word_1_693' title='bbox 630 5630 837 5693; x_wconf 70' lang='lat' dir='ltr'><strong>Quibus.</strong></span> 
     </span>
    </p>
   </div>
   <div class='ocr_carea' id='block_1_105' title="bbox 2354 4946 2687 4985">
    <p class='ocr_par' dir='ltr' id='par_1_105' title="bbox 2354 4946 2687 4985">
     <span class='ocr_line' id='line_1_106' title="bbox 2354 4946 2687 4985; baseline 0.009 -3"><span class='ocrx_word' id='word_1_694' title='bbox 2354 4946 2418 4982; x_wconf 75' lang='lat' dir='ltr'><strong>sx</strong></span> <span class='ocrx_word' id='word_1_695' title='bbox 2454 4947 2565 4984; x_wconf 77' lang='lat' dir='ltr'><strong>CAP.</strong></span> <span class='ocrx_word' id='word_1_696' title='bbox 2598 4949 2687 4985; x_wconf 79' lang='grc' dir='ltr'>νιι.</span> 
     </span>
    </p>
   </div>
   <div class='ocr_carea' id='block_1_106' title="bbox 1835 5013 3282 5098">
    <p class='ocr_par' dir='ltr' id='par_1_106' title="bbox 1835 5013 3282 5098">
     <span class='ocr_line' id='line_1_107' title="bbox 1835 5013 3282 5098; baseline 0.016 -36"><span class='ocrx_word' id='word_1_697' title='bbox 1835 5014 1860 5051; x_wconf 71' lang='grc' dir='ltr'>δ</span> <span class='ocrx_word' id='word_1_698' title='bbox 1891 5013 1986 5075; x_wconf 90' lang='lat' dir='ltr'><strong>Qui</strong></span> <span class='ocrx_word' id='word_1_699' title='bbox 2027 5025 2306 5081; x_wconf 89' lang='lat' dir='ltr'><strong>operantur</strong></span> <span class='ocrx_word' id='word_1_700' title='bbox 2351 5018 2401 5068; x_wconf 89' lang='lat' dir='ltr'><strong>in</strong></span> <span class='ocrx_word' id='word_1_701' title='bbox 2440 5017 2524 5067; x_wconf 84' lang='lat' dir='ltr'><strong>die</strong></span> <span class='ocrx_word' id='word_1_702' title='bbox 2563 5018 2866 5089; x_wconf 88' lang='lat' dir='ltr'><strong>Dominico,</strong></span> <span class='ocrx_word' id='word_1_703' title='bbox 2907 5025 3074 5082; x_wconf 62' lang='grc' dir='ltr'><strong>ϐῖκοι</strong></span> <span class='ocrx_word' id='word_1_704' title='bbox 3118 5033 3282 5098; x_wconf 87' lang='lat' dir='ltr'><strong>prima</strong></span> 
     </span>
    </p>
   </div>
   <div class='ocr_carea' id='block_1_107' title="bbox 1739 5095 3283 5176">
    <p class='ocr_par' dir='ltr' id='par_1_107' title="bbox 1739 5095 3283 5176">
     <span class='ocr_line' id='line_1_108' title="bbox 1739 5095 3283 5176; baseline 0.013 -26"><span class='ocrx_word' id='word_1_705' title='bbox 1739 5095 1876 5152; x_wconf 61' lang='lat' dir='ltr'><strong>&quot;vice</strong></span> <span class='ocrx_word' id='word_1_706' title='bbox 1913 5110 2158 5168; x_wconf 88' lang='lat' dir='ltr'><strong>arguunt,</strong></span> <span class='ocrx_word' id='word_1_707' title='bbox 2202 5106 2425 5157; x_wconf 88' lang='lat' dir='ltr'><strong>secunda</strong></span> <span class='ocrx_word' id='word_1_708' title='bbox 2466 5107 2651 5160; x_wconf 88' lang='lat' dir='ltr'><strong>tollunt</strong></span> <span class='ocrx_word' id='word_1_709' title='bbox 2705 5111 2926 5176; x_wconf 89' lang='lat' dir='ltr'><strong>aliquid,</strong></span> <span class='ocrx_word' id='word_1_710' title='bbox 2972 5095 3131 5167; x_wconf 78' lang='lat' dir='ltr'><strong>tertia</strong></span> <span class='ocrx_word' id='word_1_711' title='bbox 3173 5119 3283 5171; x_wconf 86' lang='lat' dir='ltr'><strong>vice</strong></span> 
     </span>
    </p>
   </div>
   <div class='ocr_carea' id='block_1_108' title="bbox 1764 5187 3282 5270">
    <p class='ocr_par' dir='ltr' id='par_1_108' title="bbox 1764 5187 3282 5270">
     <span class='ocr_line' id='line_1_109' title="bbox 1764 5187 3282 5270; baseline 0.013 -32"><span class='ocrx_word' id='word_1_712' title='bbox 1764 5187 1967 5240; x_wconf 87' lang='lat' dir='ltr'><strong>tertiam</strong></span> <span class='ocrx_word' id='word_1_713' title='bbox 2012 5193 2215 5254; x_wconf 86' lang='lat' dir='ltr'><strong>partem</strong></span> <span class='ocrx_word' id='word_1_714' title='bbox 2253 5191 2316 5242; x_wconf 86' lang='lat' dir='ltr'><strong>de</strong></span> <span class='ocrx_word' id='word_1_715' title='bbox 2358 5193 2540 5255; x_wconf 87' lang='lat' dir='ltr'><strong>rebus,</strong></span> <span class='ocrx_word' id='word_1_716' title='bbox 2567 5203 2620 5246; x_wconf 92' lang='lat' dir='ltr'><strong>et</strong></span> <span class='ocrx_word' id='word_1_717' title='bbox 2665 5198 2940 5264; x_wconf 88' lang='lat' dir='ltr'><strong>vapulant,</strong></span> <span class='ocrx_word' id='word_1_718' title='bbox 2969 5200 3050 5252; x_wconf 90' lang='lat' dir='ltr'><strong>vel</strong></span> <span class='ocrx_word' id='word_1_719' title='bbox 3084 5213 3282 5270; x_wconf 86' lang='lat' dir='ltr'><strong>septem</strong></span> 
     </span>
    </p>
   </div>
   <div class='ocr_carea' id='block_1_109' title="bbox 1762 5275 2270 5342">
    <p class='ocr_par' dir='ltr' id='par_1_109' title="bbox 1762 5275 2270 5342">
     <span class='ocr_line' id='line_1_110' title="bbox 1762 5275 2270 5342; baseline 0.008 -17"><span class='ocrx_word' id='word_1_720' title='bbox 1762 5275 1943 5327; x_wconf 88' lang='lat' dir='ltr'><strong>diebus</strong></span> <span class='ocrx_word' id='word_1_721' title='bbox 1966 5279 2270 5342; x_wconf 65' lang='lat' dir='ltr'><strong>poeniteant.</strong></span> 
     </span>
    </p>
   </div>
   <div class='ocr_carea' id='block_1_110' title="bbox 2362 5383 2678 5424">
    <p class='ocr_par' dir='ltr' id='par_1_110' title="bbox 2362 5383 2678 5424">
     <span class='ocr_line' id='line_1_111' title="bbox 2362 5383 2678 5424; baseline 0.013 -6"><span class='ocrx_word' id='word_1_722' title='bbox 2362 5383 2428 5420; x_wconf 74' lang='lat' dir='ltr'><strong>EX</strong></span> <span class='ocrx_word' id='word_1_723' title='bbox 2462 5383 2572 5423; x_wconf 70' lang='lat' dir='ltr'><strong>CAP.</strong></span> <span class='ocrx_word' id='word_1_724' title='bbox 2609 5388 2678 5424; x_wconf 73' lang='lat' dir='ltr'><strong>IX.</strong></span> 
     </span>
    </p>
   </div>
   <div class='ocr_carea' id='block_1_111' title="bbox 1831 5448 3256 5522">
    <p class='ocr_par' dir='ltr' id='par_1_111' title="bbox 1831 5448 3256 5522">
     <span class='ocr_line' id='line_1_112' title="bbox 1831 5448 3256 5522; baseline 0.015 -22"><span class='ocrx_word' id='word_1_725' title='bbox 1831 5448 2114 5505; x_wconf 82' lang='lat' dir='ltr'><strong>Ecclesiam</strong></span> <span class='ocrx_word' id='word_1_726' title='bbox 2142 5453 2262 5505; x_wconf 90' lang='lat' dir='ltr'><strong>licet</strong></span> <span class='ocrx_word' id='word_1_727' title='bbox 2295 5469 2486 5520; x_wconf 88' lang='lat' dir='ltr'><strong>ponere</strong></span> <span class='ocrx_word' id='word_1_728' title='bbox 2520 5458 2568 5508; x_wconf 91' lang='lat' dir='ltr'><strong>in</strong></span> <span class='ocrx_word' id='word_1_729' title='bbox 2601 5459 2703 5511; x_wconf 91' lang='lat' dir='ltr'><strong>alio</strong></span> <span class='ocrx_word' id='word_1_730' title='bbox 2739 5459 2852 5514; x_wconf 84' lang='lat' dir='ltr'><strong>loco</strong></span> <span class='ocrx_word' id='word_1_731' title='bbox 2878 5463 2917 5514; x_wconf 91' lang='lat' dir='ltr'><strong>si</strong></span> <span class='ocrx_word' id='word_1_732' title='bbox 2947 5477 3158 5518; x_wconf 84' lang='lat' dir='ltr'><strong>necesse</strong></span> <span class='ocrx_word' id='word_1_733' title='bbox 3183 5469 3256 5522; x_wconf 85' lang='lat' dir='ltr'><strong>sit</strong></span> 
     </span>
    </p>
   </div>
   <div class='ocr_carea' id='block_1_112' title="bbox 1759 5556 3244 5674">
    <p class='ocr_par' dir='ltr' id='par_1_112' title="bbox 1759 5556 3244 5674">
     <span class='ocr_line' id='line_1_113' title="bbox 1759 5556 3244 5674; baseline -0.029 -3"><span class='ocrx_word' id='word_1_734' title='bbox 1759 5556 2007 5674; x_wconf 41' lang='lat' dir='ltr'><strong>diCIIltYrif-i.</strong></span> <span class='ocrx_word' id='word_1_735' title='bbox 2041 5567 2187 5613; x_wconf 61' lang='lat' dir='ltr'><strong>&quot;om</strong></span> <span class='ocrx_word' id='word_1_736' title='bbox 2215 5561 2280 5612; x_wconf 56' lang='lat' dir='ltr'><strong>ad</strong></span> <span class='ocrx_word' id='word_1_737' title='bbox 2311 5561 2492 5615; x_wconf 54' lang='lat' dir='ltr'><strong>mni&quot;</strong></span> <span class='ocrx_word' id='word_1_738' title='bbox 2527 5563 2648 5628; x_wconf 78' lang='grc' dir='ltr'>Τ¹¹·»</span> <span class='ocrx_word' id='word_1_739' title='bbox 2676 5569 2735 5621; x_wconf 66' lang='lat' dir='ltr'><strong>tle</strong></span> <span class='ocrx_word' id='word_1_740' title='bbox 2757 5583 2911 5634; x_wconf 70' lang='grc' dir='ltr'><strong>οιιοτο</strong></span> <span class='ocrx_word' id='word_1_741' title='bbox 2943 5570 3080 5634; x_wconf 76' lang='lat' dir='ltr'><strong>quod</strong></span> <span class='ocrx_word' id='word_1_742' title='bbox 3111 5571 3244 5628; x_wconf 77' lang='lat' dir='ltr'><strong>inter</strong></span> 
     </span>
    </p>
   </div>
  </div>
