4110 6442
700 481 799 535 935

696 686 829 739 aqua
857 673 1078 738 aspergi.

1321 778 1432 816 CAP.
1462 779 1555 816 ιιι.

761 842 927 896 αι’ωοὶ
949 845 1088 896 omni
1118 846 1381 900 Dominica
1413 849 1492 900 die
1532 851 1931 911 communicant,
1962 851 2069 902 sive
2103 850 2204 903 cle-

698 928 793 979 Iici
824 932 930 983 sive
960 932 1103 984 laici.
1148 944 1198 985 et
1226 936 1311 1001 qui
1342 937 1504 988 tribus
1531 936 1812 991 Dominicis
1844 954 1945 990 non
1974 954 2206 991 commu-

697 1013 1000 1078 nicaverint,
1025 1022 1554 1074 excommunicentur.
1576 1023 1793 1075 Romani
1816 1024 2050 1077 similiter
2072 1041 2207 1078 com-

698 1103 960 1154 municant
1003 1108 1086 1169 qui
1133 1109 1328 1170 volunt,
1358 1111 1444 1174 qui
1474 1119 1645 1163 autem
1675 1112 1954 1176 noluerint,
1993 1128 2092 1165 non
2121 1129 2206 1166 ex-

698 1193 1159 1247 communicentur.
1195 1209 1216 1234 α
1247 1197 1561 1252 Ρωιιίῑριιωε
1590 1214 1712 1251 vero
1741 1203 2019 1253 secundum
2049 1218 2206 1256 cano—

697 1289 789 1327 nes
816 1291 916 1332 non
949 1277 1133 1360 debent
1159 1286 1538 1338 communicare
1561 1296 1680 1338 ante
1712 1291 2208 1343 consummationem
2293 1340 2300 1346 .

700 1368 1033 1431 pcrnitcntiac.
1064 1369 1366 1423 Theodorus
1411 1371 1534 1424 dicit
1560 1390 1572 1421 :
1605 1371 1707 1424 Nos
1733 1389 1858 1426 vero
1891 1389 1984 1440 per
2012 1378 2209 1428 miscri-

700 1454 927 1505 cordiam
963 1463 1076 1520 post
1119 1470 1310 1508 annum
1337 1456 1418 1508 vel
1461 1471 1553 1507 sex
1587 1471 1790 1510 menses
1831 1457 2086 1511 licentiam
2121 1461 2212 1513 da—

702 1555 833 1591 mus.
868 1539 978 1592 Una
1019 1542 1320 1606 poenitentia
1352 1549 1432 1598 est
1457 1544 1621 1595 viduae
1644 1552 1695 1594 et
1721 1545 1931 1610 puellm;
1962 1549 2209 1614 majorem

702 1627 920 1687 meruit,
950 1641 1062 1692 qua:
1097 1627 1267 1681 virum
1311 1630 1495 1692 habet,
1535 1629 1578 1682 si
1621 1627 1973 1684 fornicationis
2012 1631 2211 1685 crimen

703 1715 1039 1768 commiserit.

1342 1817 1454 1856 CAP.
1485 1819 1572 1856 ςιν

771 1888 799 1924 b
829 1888 1070 1965 Bigamus
1105 1889 1354 1957 pmniteat
1388 1893 1554 1958 primo
1588 1906 1742 1953 anno,
1773 1899 1954 1959 quarta
1992 1891 2119 1946 feria
2157 1901 2211 1946 et
2239 1873 2282 1930 Β

706 1983 854 2026 sexta
881 1968 1031 2038 feria;
1061 1985 1110 2027 et
1138 1978 1187 2028 in
1215 1979 1623 2047 quadragesimis
1649 1978 1814 2034 tribus
1834 1979 2162 2037 abstineatse
2184 1994 2212 2032 a

707 2063 972 2127 carnibus,
997 2071 1048 2116 et
1077 2072 1364 2132 separetur.

1343 2167 1454 2204 CAP.
1480 2168 1586 2204 XVI.

774 2240 830 2294 In
852 2245 1020 2310 primo
1057 2246 1293 2313 conjugio
1319 2244 1472 2297 debet
1496 2245 1769 2313 presbyter
1795 2247 2008 2298 missam
2042 2261 2215 2313 agere,

707 2335 756 2380 et
785 2331 1088 2382 benedicere
1119 2331 1296 2383 ambos
1321 2349 1332 2381 :
1363 2340 1415 2383 et
1444 2340 1621 2396 postea
1647 2334 1935 2387 abstineant
1962 2347 2016 2386 se
2043 2334 2108 2386 ab
2134 2348 2219 2386 ec-

709 2416 866 2468 clesia
901 2418 1110 2483 triginta
1141 2419 1345 2478 diebus;
1377 2419 1564 2483 quibus
1596 2421 1818 2484 peractis
1845 2422 2130 2486 pmniteant
2161 2420 2221 2471 15

712 2501 909 2560 diebus,
936 2509 988 2553 et
1024 2512 1206 2557 vacent
1248 2503 1502 2568 orationi,
1533 2512 1583 2556 et
1619 2514 1798 2572 postea
1839 2506 2226 2559 communicent

715 2600 832 2639 cum
856 2589 1135 2642 oblatione.

1335 2691 1450 2730 CAP.
1481 2691 1608 2730 XVII.

777 2757 1037 2828 lngenuus
1063 2776 1179 2814 cum
1209 2763 1427 2830 ingenua
1456 2762 1694 2831 conjungi
1720 2762 1889 2817 debet.

1325 2863 1436 2900 CAP.
1465 2862 1593 2901 XVIII

789 2942 810 2968 ε
841 2931 896 2984 Si
924 2935 1039 3000 quis
1063 2935 1278 2988 maritus
1301 2944 1478 2990 votum
1502 2937 1719 2990 Domino
1742 2937 1896 2993 habet
1921 2936 2230 3003 virginitatis

721 3021 1012 3091 adjungitur
1039 3025 1215 3084 uxori,
1250 3034 1428 3091 postea
1456 3040 1559 3077 non
1597 3026 1823 3086 dimittat
1866 3041 2076 3079 uxorem
2097 3064 2110 3088 ,
2139 3026 2232 3080 sed

721 3111 967 3175 pteniteat
1004 3111 1165 3162 tribus
1190 3113 1356 3163 anuis.
1383 3112 1510 3164 Vota
1536 3113 1692 3164 stulta
1718 3112 1998 3180 frangenda
2027 3122 2146 3166 sunt
2179 3120 2230 3166 et

721 3197 1085 3264 importabilia.
1119 3197 1300 3250 Mulier
1335 3214 1437 3251 non
1468 3200 1622 3252 debet
1655 3215 1842 3253 vovere
1875 3203 1988 3254 sine
2025 3201 2234 3253 licentia

722 3285 819 3336 viri
847 3285 955 3348 sui;
985 3286 1078 3338 sed
1099 3287 1141 3338 si
1170 3288 1384 3350 voverit,
1408 3288 1598 3340 dimitti
1624 3296 1810 3356 potest.

1321 3391 1442 3448 ω.
1483 3411 1627 3448 1m.

789 3499 817 3539 ά
844 3501 1101 3554 Animalia
1125 3501 1260 3555 coitu
1285 3503 1583 3556 hominibus
1607 3504 1885 3556 commixta
1910 3503 2233 3568 occidantur,

724 3600 779 3644 et
812 3605 998 3642 carnes
1027 3591 1239 3644 canibus
1280 3592 1649 3661 proiiciantur;
1692 3602 1746 3651 et
1771 3596 1857 3648 ubi
1887 3595 2101 3650 dubium
2137 3602 2234 3656 est,

729 3691 832 3730 non
857 3678 1188 3730 comedenda.

1337 3783 1449 3822 CAP.
1488 3785 1652 3822 XXXII.

806 3883 830 3910 ε
858 3871 913 3926 In
941 3887 1045 3926 uno
1080 3873 1230 3926 altari
1277 3874 1405 3928 duas
1453 3874 1625 3929 facere
1663 3878 1852 3930 missas
1894 3879 2236 3932 conceditur:

735 3966 790 4011 et
818 3959 900 4011 ille
943 3961 1032 4026 qui
1077 3961 1221 4026 prius
1264 3963 1574 4016 manducare
1609 3965 1886 4032 probatur,
1917 3965 1982 4018 ad
2008 3965 2241 4018 osculum

738 4059 842 4100 non
861 4047 1195 4113 permittitur.

1328 4149 1440 4193 CAP.
1482 4152 1656 4191 ηιιν.

805 4237 1031 4293 Infantes
1079 4243 1377 4295 monasterii
1423 4243 1810 4309 quatuordecim
1849 4245 1998 4297 antris
2034 4258 2245 4298 carnem

740 4326 1072 4378 manducant.
1798 4329 1799 4332 “

1337 4429 1448 4465 CAP.
1477 4429 1632 4466 XXXV.
1664 4446 1668 4454 ν

812 4495 832 4533 ί
861 4493 1125 4549 Confessio
1146 4497 1253 4551 Deo
1277 4499 1389 4559 soli,
1415 4500 1459 4553 si
1487 4514 1699 4554 necesse
1728 4509 1826 4564 est,
1856 4503 1938 4570 agi
1966 4504 2104 4556 licet.

1379 4618 1491 4667 car.
1533 4620 1616 4658 ιι..

811 4707 838 4746 ε
861 4705 957 4770 Qui
985 4720 1102 4759 cum
1136 4722 1316 4762 sorore
1343 4709 1644 4774 fornicatur,
1673 4714 2065 4778 quatuordecim
2096 4714 2248 4767 annis

745 4793 1012 4860 pteniteat.

815 4970 843 5034 fl
1026 4961 1266 5034 Excerpt.
1293 4965 1500 5034 Egberti
1529 4968 1705 5029 Ebor.,
1731 4981 1777 5020 c.
1803 4968 1885 5020 59.

816 5024 992 5102 b-‘Vid.
1023 5024 1509 5102 conc._N_eocva3sar.,
1540 5024 1852 5102 c.77;'conc.
1881 5035 2068 5100 Laod.,
2111 5051 2160 5095 c.
2193 5037 2250 5102 1,;

753 5091 810 5146 S.
840 5091 1104 5163 BgsiLep.
1131 5097 1193 5148 ad
1221 5091 1556 5163 Amphihq'c.
1585 5101 1636 5150 4.

825 5169 847 5195 ο
869 5159 1069 5235 Potuit:
1090 5163 1260 5228 Rea,
1286 5159 1364 5217 tit.
1395 5164 1445 5226 8,
1475 5181 1586 5232 cap.
1617 5167 1709 5232 H;
1742 5165 1886 5221 Grat.
1917 5167 2034 5220 dist.
2064 5167 2150 5234 Ξῖ,
2181 5184 2254 5235 c.,

757 5224 815 5279 Si
836 5228 927 5280 vir.

822 5300 851 5334 α
878 5292 1099 5358 μυριιυι.
1129 5295 1220 5349 lib.
1245 5312 1319 5358 vi,
1341 5313 1385 5350 c.
1417 5297 1534 5349 206.

830 5370 851 5428 ς
876 5357 1024 5428 Prior
1051 5377 1171 5427 pars
1196 5379 1259 5416 ex
1287 5364 1471 5416 Pmnit.
1504 5367 1720 5428 Theod.,
1749 5369 1861 5420 cod.
1891 5368 1945 5420 S.
1974 5367 2150 5422 Germ.

830 5424 854 5502 ξ
880 5419 986 5502 Ilio,
1013 5419 1066 5502 p:
1093 5445 1206 5502 ξιιι,
1228 5445 1274 5482 c.
1308 5431 1440 5502 I353
1463 5431 1673 5502 Burch.,
1704 5419 1797 5488 lib.
1825 5419 1933 5499 XIX,
1956 5419 2004 5489 c.

831 5492 855 5560 β
883 5491 1066 5560 Posuit.
1100 5495 1269 5558 Rom.,
1296 5499 1377 5550 tit.
1405 5491 1457 5560 5,
1483 5514 1528 5553 c.
1557 5501 1640 5554 30.

828 5557 852 5594 Β
879 5556 1000 5624 Cap.
1031 5560 1097 5612 22
1126 5570 1178 5614 et
1204 5556 1288 5614 Ἦ.

838 5624 855 5663 ί
881 5623 978 5694 Ivo,
1010 5641 1060 5694 p.
1089 5644 1146 5693 ιι,
1179 5645 1224 5690 c.
1251 5629 1334 5692 45,
1360 5647 1424 5685 ex
1452 5634 1791 5704 Eutychiano.

1613 482 1944 537 THEODORI
1981 481 2284 535 ARCIIIEP.
2324 478 2848 534 CANTUARIENSIS

695 596 747 638 et
777 594 898 638 tunc
926 586 1074 638 debet
1102 587 1286 640 iterum
1324 589 1628 654 sacriﬁcari,
1656 607 1748 644 nec
1792 601 1992 644 tantum
2022 597 2198 643 sancta
2230 591 2271 644 A

3697 477 3791 527 956

2925 599 3036 634 CAP.
3065 598 3171 634 XLI.

2368 675 2390 711 ιλ
2423 672 2676 725 Sacerdos
2700 669 2953 736 tangendo
2999 668 3264 720 mulierem
3307 668 3690 734 coinquinatus,
3736 670 3795 720 40

2301 760 2481 812 diebus
2507 760 2770 826 poeniteat.

2846 841 2909 877 EX
2943 840 3054 877 CAP.
3084 839 3224 875 XLIV.

2371 911 2582 962 Maritus
2604 926 2701 963 non
2724 911 2872 964 debet
2898 925 3110 962 uxorem
3139 924 3285 962 suam
3312 910 3504 960 nudam
3530 909 3724 962 videre.

2946 1012 3056 1049 CAP.
3099 1013 3146 1047 L.

2379 1087 2392 1122 i
2428 1083 2522 1148 Qui
2554 1084 2810 1150 acceperit
2857 1083 3169 1136 sacriﬁcium
3209 1090 3326 1149 post
3372 1081 3561 1141 cibum,
3611 1087 3802 1147 septem

2304 1169 2483 1221 diebus
2518 1169 2566 1218 iu
2589 1168 2781 1234 judicio
2809 1169 3188 1235 episcoporum.

2945 1268 3055 1304 CAP.
3100 1267 3168 1303 LI.

2376 1349 2388 1386 ι
2424 1338 2517 1402 Qui
2547 1338 2796 1390 occiderit
2821 1339 3127 1390 monachum
3151 1336 3231 1388 vel
3267 1336 3509 1388 clericum
3551 1349 3698 1388 arma
3730 1351 3810 1388 re-

2306 1427 2521 1493 linquat,
2553 1434 2604 1478 et
2635 1425 2853 1477 Domino
2879 1426 3093 1487 serviat,
3141 1423 3224 1476 vel
3268 1431 3462 1489 septem
3512 1423 3660 1474 annis
3702 1439 3811 1491 ρω-

2305 1511 2481 1564 niteat.

2938 1590 3050 1628 CAP.
3091 1590 3184 1628 LII.

2377 1665 2401 1703 ι
2433 1665 2528 1728 Qui
2560 1665 2859 1732 episcopum
2884 1664 2966 1715 vel
3006 1663 3364 1731 presbyterum
3391 1661 3642 1716 occiderit
3668 1699 3684 1722 ,
3713 1662 3817 1727 regi

2308 1752 2646 1805 dimittendus
2673 1758 2755 1803 est
2781 1749 2846 1803 ad
2868 1749 3135 1818 judicium.

2939 1850 3050 1887 CAP.
3088 1849 3200 1887 LIII.

2385 1920 2400 1960 ι
2434 1921 2486 1975 Si
2517 1922 2678 1975 laicus
2724 1922 2943 1974 alterum
2971 1922 3072 1974 odii
3103 1920 3435 1973 meditatione
3477 1918 3749 1979 occiderit,
3778 1917 3820 1970 si

2311 2023 2412 2060 non
2468 2009 2576 2058 vult
2619 2021 2763 2059 arma
2817 2007 3107 2072 relinquere
3133 2044 3147 2067 ,
3173 2005 3422 2072 pmniteat
3448 2014 3648 2070 septem
3678 2003 3825 2054 annis

2311 2097 2422 2148 sine
2446 2109 2632 2156 cm-ne;
2685 2096 2726 2146 si
2763 2109 2855 2159 per
2893 2094 3025 2144 iram
3065 2092 3322 2152 subitam,
3355 2091 3521 2157 tribus
3562 2090 3750 2142 annis:
3782 2089 3825 2139 si

2314 2191 2483 2233 autem
2510 2195 2633 2232 casu
2665 2180 2744 2231 vel
2773 2187 2978 2241 eventu,
3010 2194 3112 2231 uno
3137 2193 3290 2231 anno.

2935 2281 3047 2317 CAP.
3088 2279 3190 2316 LIV.

2380 2363 2419 2389 ιιι
2455 2352 2676 2404 Pecunia
2721 2352 2952 2404 ecclesiae
2991 2351 3183 2410 furata,
3234 2351 3343 2402 sive
3371 2358 3552 2416 rapta,
3582 2348 3832 2402 reddatur

2316 2440 2685 2506 quadruplum;
2726 2439 2978 2505 populari,
3010 2437 3283 2504 dupliciter

2966 2540 3077 2576 CAP.
3121 2539 3203 2576 LV.

2389 2611 2442 2664 Si
2475 2614 2590 2680 quis
2631 2613 2965 2665 fornicaverit
3012 2628 3126 2664 eum
3169 2612 3391 2680 virgine,
3428 2625 3533 2663 uno
3559 2624 3697 2662 anno
3722 2623 3832 2678 pa:-

2320 2705 2484 2756 niteat
2513 2719 2526 2755 :
2555 2705 2610 2757 Si
2640 2719 2758 2755 cum
2785 2704 3037 2756 emaritata
3060 2741 3074 2765 ,
3104 2703 3274 2754 tribus
3304 2700 3486 2760 annis;
3515 2715 3678 2751 unum
3709 2699 3838 2749 inte-

2322 2807 2490 2859 grum,
2524 2792 2654 2844 duos
2682 2792 2809 2842 alios
2836 2790 2901 2841 40
2929 2791 3038 2843 dies
3065 2790 3330 2857 paeniteat.

2947 2893 3058 2930 CAP.
3090 2891 3214 2928 LVII.

2394 2973 2422 3001 υ
2451 2964 2630 3017 Mulier
2655 2980 2769 3032 quae
2805 2979 2860 3017 se
2902 2963 3257 3016 fornicationis
3298 2975 3474 3014 amore
3519 2962 3583 3013 ad
3624 2962 3838 3014 alteram

2328 3049 2671 3115 conjunxcrit,
2699 3060 2893 3118 septem
2923 3051 3074 3102 annis
3098 3049 3364 3116 poeniteat.
3399 3046 3484 3098 Sic
3509 3055 3562 3098 et
3589 3047 3690 3098 alia
3731 3061 3842 3112 qua:

2258 3154 2303 3215 ε
2334 3144 2356 3170 °
2387 3152 2563 3189 semen
2590 3139 2688 3190 viri
2719 3140 2798 3190 sui
2828 3139 3051 3189 miscens
3101 3137 3236 3194 cibo,
3291 3142 3348 3184 ut
3398 3133 3516 3184 inde
3566 3132 3684 3199 plus
3733 3131 3844 3197 ejus

2333 3241 2565 3280 amorem
2594 3228 2860 3294 suscipiat.

2926 3308 3039 3346 CAP.
3079 3307 3224 3344 LVIII.

2402 3380 2618 3434 Sacrata
2645 3383 2788 3450 virgo
2812 3381 3078 3434 fornicans
3095 3418 3108 3444 ,
3140 3387 3336 3446 septem
3367 3377 3516 3430 armis
3542 3378 3810 3445 paeniteat.

2962 3484 3075 3521 CAP.
3115 3483 3220 3519 LIX.

2401 3567 2429 3606 ι’
2458 3557 2554 3622 Qui
2579 3556 2917 3609 homicidium
2947 3555 3027 3608 vel
3055 3554 3250 3608 furtum
3277 3556 3594 3610 commiserit
3623 3593 3638 3618 ,
3668 3563 3723 3607 et
3747 3567 3848 3606 non

2335 3645 2625 3711 composuit
2675 3643 2777 3695 illis
2829 3643 3016 3709 quibus
3067 3643 3278 3705 nocuit,
3331 3643 3541 3709 quando
3579 3641 3853 3694 confessus

2335 3727 2493 3780 fuerit
2517 3730 2774 3796 episcopis
2799 3729 2880 3780 vel
2924 3728 3228 3796 presbytero
3276 3737 3488 3795 peccata
3538 3741 3633 3779 sua
3659 3764 3672 3787 ,
3702 3726 3853 3778 debet

2336 3813 2437 3867 illis
2484 3822 2574 3865 aut
2614 3815 2822 3880 prepria
2870 3814 3085 3866 reddere
3115 3853 3129 3877 ,
3159 3814 3242 3866 vel
3273 3829 3620 3881 componere;
3654 3814 3694 3866 si
3732 3827 3854 3864 vero

2337 3914 2440 3955 non
2475 3899 2718 3953 habuerit
2765 3897 3104 3951 substantiam
3130 3899 3265 3951 unde
3291 3913 3598 3966 componere
3637 3906 3809 3966 potest
3838 3935 3852 3957 ,

2337 3985 2421 4039 vel
2443 3987 2688 4039 nescierit
2715 3976 2902 4051 quibus
2930 3986 3122 4047 nocuit,
3144 3985 3447 4053 paenitentia
3469 3986 3586 4053 plus
3617 3993 3850 4052 augetur.

2983 4087 3094 4124 CAP:
3132 4087 3214 4124 LX.

2407 4169 2432 4206 (ι
2462 4159 2560 4223 Qui
2589 4159 2759 4210 cibum
2787 4157 3108 4210 immolatum
3145 4157 3430 4211 comederit
3458 4196 3473 4221 ,
3503 4157 3692 4211 deinde
3728 4171 3855 4211 con-

2342 4247 2510 4304 fessus
2535 4248 2692 4300 fuerit
2717 4287 2731 4310 ,
2763 4246 3003 4300 sacerdos
3028 4247 3324 4300 consideret
3357 4261 3656 4314 personam,
3679 4246 3731 4297 in
3756 4259 3857 4309 qua

2343 4341 2494 4386 aetate
2525 4335 2768 4400 contigit;
2813 4342 2865 4385 et
2912 4334 2982 4385 ita
3034 4334 3317 4385 auctoritas
3346 4332 3684 4385 sacerdotalis
3719 4333 3859 4385 circa

2269 4437 2322 4495 ι)
2348 4419 2611 4472 inﬁrmum
2641 4419 2958 4471 moderetur.

2976 4500 3089 4539 CAP.
3121 4500 3226 4538 LXI.

2422 4580 2442 4606 τ
2474 4569 2655 4623 Mulier
2699 4587 2812 4638 quae
2861 4571 3090 4625 sobolem
3133 4571 3436 4635 necaverit,
3468 4580 3667 4640 septem
3711 4572 3860 4624 annis

2347 4657 2616 4724 poeniteat.

2963 4737 3076 4775 CAP.
3115 4737 3242 4776 LXII.

2418 4808 2681 4883 Laicus_si
2710 4809 2774 4861 de
2801 4809 3115 4861 monasterio
3149 4809 3520 4862 monachorum
3553 4807 3734 4860 furtim
3761 4807 3861 4861 dis-

2425 4974 2437 5022 i
2475 4976 2633 5037 Beda,
2662 4978 2724 5044 de
2750 4977 2958 5044 Remed.
2989 4985 3211 5044 peccat.,
3234 4975 3419 5044 e._15;
3451 4974 3508 5030 C.
3540 4975 3606 5027 Μ.
3636 4975 3858 5044 Capitul.

2352 5041 2444 5094 lib.
2471 5058 2545 5102 γι,
2576 5059 2620 5094 c.
2646 5043 2710 5108 79;
2742 5043 2886 5096 Grat.
2917 5041 3004 5108 17,
3031 5058 3083 5108 q.
3111 5042 3162 5104 4,
3195 5057 3242 5094 c.
3271 5041 3390 5103 Qui.

2427 5110 2451 5147 ιι
2483 5110 2598 5161 Vid.
2627 5107 2783 5170 Greg.
2815 5109 2876 5161 lll
2913 5107 3134 5170 Judicia,
3167 5123 3213 5160 c.
3252 5109 3299 5160 1.

2429 5175 2446 5213 ι
2481 5175 2629 5236 Bed.,
2658 5175 2722 5227 de
2740 5175 2964 5229 Remed.
2991 5183 3211 5241 peceat.,
3235 5190 3282 5227 c.
3311 5175 3390 5226 15.

2422 5253 2464 5285 In
2493 5241 2651 5301 Beda,
2678 5242 2741 5293 de
2765 5241 2910 5293 Rem.
2941 5257 3108 5307 pecc.,
3127 5257 3173 5294 c.
3200 5243 3252 5294 2.

2428 5318 2454 5344 ιι
2485 5307 2674 5360 Pcenit.
2710 5308 2859 5361 Rom.
2907 5306 2985 5360 tit.
3031 5310 3094 5370 '5,
3130 5323 3176 5361 c.
3221 5307 3322 5369 45;
3376 5306 3498 5359 Bed.
3544 5307 3609 5362 de
3648 5307 3856 5359 Remed-

2358 5389 2526 5442 pecc.;
2551 5375 2740 5427 Burch.
2774 5375 2861 5427 lib.
2891 5389 3018 5437 xvu,
3049 5390 3096 5427 c.
3119 5374 3215 5436 27;
3244 5375 3348 5437 lvo,
3375 5387 3427 5440 ι).
3449 5373 3502 5438 9,
3528 5389 3578 5430 ο.
3607 5373 3716 5429 85..

2433 5449 2455 5474 °
2487 5442 2675 5493 Burch.
2704 5441 2792 5492 lib.
2824 5455 2933 5494 XIX.
2962 5455 3008 5492 c.
3039 5441 3124 5494 91.

2529 5457 2675 5493 ιιιεῐι.
2705 5457 2792 5492 ιιι).
2824 5457 2933 5501 χιχ,
2962 5457 3008 5492 C.
3039 5457 3124 5494 υι.

2430 5518 2456 5555 r
2481 5506 2538 5558 C.
2569 5507 2632 5558 Μ.
2671 5506 2889 5568 Capitol.
2919 5507 3010 5558 lib.
3040 5521 3119 5568 ιιι,
3151 5519 3199 5558 c.
3228 5505 3317 5560 20.

2431 5585 2454 5621 η
2485 5573 2703 5639 Capita].
2727 5573 2816 5636 68,
2845 5574 2932 5626 lib.
2963 5587 3013 5622 v.

2438 5650 2456 5674 τ
2485 5637 2669 5693 Poenit.
2705 5640 2875 5704 Rom.,
2902 5639 2980 5690 tit.
3013 5640 3062 5701 1,
3085 5652 3133 5690 c.
3161 5637 3247 5692 26.
