4110 6462
198 520 305 573 957

206 724 303 769 aut
326 716 609 767 humanum
640 711 823 764 subeat
850 723 894 762 δ.

526 788 532 793 ”
826 813 941 850 (ιιι).
981 813 1098 850 va.

278 891 309 929 ιδ
336 889 434 955 Qui
474 903 573 958 per
610 888 898 953 iussionem
940 884 1134 938 domini
1163 884 1242 937 sui
1270 882 1519 937 occiderit
1564 880 1731 933 homi—

208 994 357 1043 nem,
385 979 497 1032 dies
523 977 592 1029 40
612 975 833 1045 jejunet.

262 1064 265 1065 ⁷
821 1078 932 1116 αλιι.
970 1078 1109 1115 um.
1692 1126 1693 1129 η

276 1157 414 1209 Ante
462 1152 687 1207 natalem
715 1152 918 1205 Domini
949 1151 1114 1207 nostri
1141 1148 1262 1205 Iesu
1300 1150 1526 1214 Christi,
1564 1148 1729 1203 Gmci

207 1260 333 1301 sera
360 1253 414 1299 et
438 1243 612 1299 Latini
639 1257 775 1296 nona
801 1243 929 1295 hora
952 1242 1140 1295 missas
1164 1239 1447 1296 celebrant.

835 1345 949 1384 CAP.
986 1345 1105 1382 LXX.

277 1418 375 1482 Qui
403 1418 677 1485 pecuniam
700 1416 749 1466 in
776 1415 1004 1481 prcedam
1031 1415 1258 1476 duxerit,
1287 1412 1491 1465 tertiam
1526 1421 1729 1480 partem

207 1513 427 1573 eroget,
455 1510 505 1557 et
533 1501 601 1554 40
629 1502 739 1556 dies
757 1501 975 1569 jejunet.

805 1602 917 1641 car.
958 1602 1140 1649 Lxxiu.
1410 1647 1415 1653 _

281 1689 303 1717 ε
332 1677 433 1743 Qui
461 1676 715 1731 dimiserit
750 1688 968 1728 uxorem
998 1688 1147 1727 suam
1199 1672 1352 1727 alteri
1394 1670 1731 1742 coniungens,

210 1774 419 1835 septem
443 1765 595 1818 annis
618 1763 885 1833 pmniteat.
908 1802 913 1807 .

820 1865 935 1904 CAP.
970 1862 1104 1902 LXXV

278 1959 421 2013 Patri
447 1967 504 2015 et
523 1959 629 2015 ﬁlio
651 1967 871 2014 matrem
898 1966 951 2013 et
976 1958 1135 2011 ﬁliam
1164 1957 1285 2011 licet
1314 1958 1366 2010 in
1395 1957 1727 2013 matrimonio

207 2048 424 2103 habere.

805 2148 916 2186 CAP.
954 2149 1147 2186 LXXVII.

277 2220 305 2259 ἀ
329 2220 513 2275 Mulier
538 2210 721 2290 sponte
757 2222 982 2293 perdens
1003 2231 1210 2290 partum
1233 2236 1382 2275 suum
1406 2260 1419 2285 ,
1455 2226 1498 2275 si
1522 2229 1641 2275 ante
1666 2221 1732 2277 40

206 2311 322 2365 dies
343 2312 909 2379 conceptionis,annum
921 2327 1079 2364 unum
1108 2313 1380 2379 pmniteat,
1393 2313 1436 2366 si
1457 2327 1581 2366 vero
1592 2320 1728 2381 post,

208 2405 321 2454 tres
343 2413 507 2453 annos
530 2399 800 2468 poeniteat.

761 2504 830 2541 EX
867 2503 981 2547 CAP.
1022 2503 1181 2543 LXXX.

217 2636 238 2666 ι
281 2576 533 2631 Similiter
561 2592 677 2646 quae
715 2577 781 2629 ab
824 2576 954 2647 ipsis
999 2577 1313 2646 supradictis
1348 2583 1685 2631 consecratur
1714 2613 1731 2641 ,

211 2664 347 2735 aqua
375 2667 672 2725 exercizata
700 2672 1045 2734 aspergantur
1065 2704 1081 2730 ,
1126 2672 1181 2719 et
1217 2664 1390 2731 aliqua
1426 2664 1734 2721 collectione

208 2754 606 2810 conﬁrmentur.
1412 2757 1416 2761 '

770 2837 885 2877 CAP.
921 2836 1174 2880 LXXXVIII.

278 2933 564 3003 Presbyter
586 2935 632 2989 si
655 2936 793 2988 viam
822 2933 1185 2993 ambulaverit,
1208 2940 1265 2985 et
1288 2944 1572 2986 occurrens
1616 2947 1734 2985 mu-

209 3022 310 3077 lier
334 3036 524 3092 rogans
544 3036 664 3076 eum
685 3021 847 3076 ﬁlium
871 3037 1021 3079 suum
1046 3021 1309 3077 inﬁrmum
1328 3021 1600 3093 baptizari,
1624 3020 1737 3089 ipse

208 3124 308 3177 pro
335 3109 540 3162 itineris
580 3110 661 3163 sui
702 3108 1032 3165 festinatione
1077 3109 1395 3176 neglexerit;
1442 3109 1736 3178 quicunque

887 512 1420 568 PCENITENTIALE.
1461 544 1529 553 —
1563 509 1889 568 CAPITULA
1927 507 2271 564 COLLECTA
2308 508 2397 562 EX
2435 508 2685 561 FRAGM.

200 626 430 681 cesserit
456 664 471 688 ,
514 633 602 678 aut
637 625 796 676 intret
831 624 1206 677 monasterium
1234 622 1454 675 Domino
1483 620 1680 673 servire
1711 657 1725 681 ,
1753 619 1803 675 Δ

3244 513 3346 569 958

2186 674 2190 679 λ
2444 626 2557 663 cur.
2590 626 2722 663 xcrv.

1901 703 1925 740 ⁸
1957 700 2012 755 Si
2043 701 2160 768 quis
2185 700 2463 768 episc0pus
2495 699 2574 750 vel
2602 700 2874 767 presbyter
2899 698 3062 752 fracta
3088 699 3351 755 oblatione

1827 801 1929 840 non
1976 787 2476 848 communicaverit,
2525 785 2662 839 dicat
2700 785 3059 839 rationabilem
3100 801 3349 851 causam,

1829 876 1909 929 sin
1943 874 2104 939 aliud,
2137 875 2446 940 deponatur.

2446 977 2558 1013 CAP.
2601 977 2718 1013 XCV.

1895 1051 1922 1090 h
1951 1048 2144 1103 Omnes
2182 1050 2363 1102 ﬁdeles
2414 1063 2498 1114 qm
2552 1048 2912 1115 ingrediuntur
2965 1048 3241 1102 ecclesiam
3289 1065 3353 1104 ac

1828 1142 2059 1190 sanctam
2082 1134 2398 1189 oblationem
2427 1148 2526 1184 non
2552 1142 2893 1200 prresumunt,
2933 1148 3029 1185 nec
3063 1135 3357 1205 percipiunt

1827 1223 2142 1277 sacriﬁcium
2169 1262 2182 1286 ,
2211 1236 2329 1275 cum
2356 1223 2600 1273 convenit
2622 1221 2818 1290 privari
2844 1222 3227 1274 communione.

2447 1325 2560 1360 CAP.
2602 1324 2740 1360 XCVI.

1896 1400 2184 1466 Episcopus
2206 1412 2307 1448 non
2333 1407 2484 1451 exeat
2512 1396 2575 1446 ad
2601 1395 2757 1447 aliam
2787 1396 3107 1462 parochiam,
3135 1405 3188 1448 et
3208 1411 3355 1449 suam
3416 1421 3419 1424 ν

1829 1486 2105 1554 relinquat;
2124 1488 2223 1539 nisi
2245 1486 2517 1553 episcopus
2533 1486 2815 1539 multorum
2828 1483 3025 1551 judicio
3045 1492 3099 1538 et
3134 1487 3359 1539 maxime

1828 1574 2207 1642 supplicatione
2238 1573 2479 1642 perﬁciat
2508 1576 2551 1625 ί.

2428 1675 2542 1713 CAP.
2588 1676 2747 1714 XCVII.

1899 1744 1913 1795 i
1950 1746 2231 1800 Eunuchus
2274 1746 2317 1799 si
2350 1760 2445 1814 per
2471 1747 2689 1803 insidias
2731 1749 2998 1802 hominum
3028 1747 3198 1801 factus
3225 1756 3347 1814 est,

1828 1836 1910 1890 vel
1935 1837 1976 1890 si
2004 1837 2055 1889 in
2082 1837 2443 1905 persecutione
2468 1836 2581 1903 eius
2618 1845 2881 1927 amputata
2905 1845 3027 1890 sunt
3054 1837 3247 1900 virilia,
3272 1837 3355 1890 vel

1757 1917 1804 1978 Β
1828 1928 1873 1981 si
1896 1928 1970 1984 ita
1990 1926 2158 1981 factus
2178 1936 2257 1981 est
2273 1936 2442 1989 natus,
2466 1936 2520 1980 et
2547 1933 2628 1980 est
2651 1917 2854 1994 dignus,
2881 1924 3134 1978 efﬁciatur
3153 1926 3356 1992 episco-

1829 2034 1946 2087 pus.
1982 2017 2037 2071 Si
2057 2017 2174 2085 quis
2199 2016 2547 2085 amputaverit
2566 2016 2905 2085 sibimetipsis
2925 2015 3111 2077 virilia,
3141 2014 3353 2067 omnino

1828 2120 1931 2158 non
1957 2112 2129 2173 potest
2160 2119 2277 2157 esse
2301 2104 2545 2157 clericus.
2577 2104 2631 2155 Si
2654 2104 2773 2172 quis
2798 2109 2917 2170 post
2941 2101 3158 2172 gradum
3180 2116 3360 2170 ampu—

1830 2190 2022 2243 taverit
2040 2182 2228 2253 virilia,
2248 2191 2461 2242 omnino
2486 2190 2777 2242 damnetur.
2803 2187 2857 2241 Si
2886 2190 3004 2255 quis
3025 2188 3356 2257 semetipsum

1830 2278 2130 2343 absciderit,
2160 2278 2327 2331 tribus
2353 2278 2505 2332 annis
2528 2276 2891 2331 communione
2912 2275 3158 2346 privetur.

2445 2381 2558 2418 CAP.
2600 2350 2738 2416 XCIX.

1900 2451 1928 2490 ιι
1955 2448 2138 2503 Nullus
2160 2464 2257 2518 per
2280 2450 2554 2519 pecuniam
2577 2448 2811 2515 obtineat
2834 2438 3081 2517 gradum:
3107 2447 3185 2500 sin
3208 2459 3350 2508 vero,

1829 2543 1885 2589 et
1909 2535 2040 2604 ipse,
2076 2543 2128 2588 et
2173 2534 2443 2588 ordinator
2465 2534 2846 2602 ejus’omnibns
2875 2534 3043 2588 modis
3070 2549 3100 2587 a
3128 2548 3359 2588 commuo

1829 2623 1986 2677 nione
2013 2622 2393 2701 projicientur._

2482 2704 2594 2743 CAP.
2633 2703 2704 2742 CI.

1903 2778 2001 2843 Qui
2039 2792 2226 2831 carnes
2275 2778 2572 2831 immundae
2624 2774 3086 2837 manducavermt,
3133 2780 3189 2827 et
3216 2771 3357 2827 olera

1835 2880 2099 2935 qum,cnm
2134 2879 2295 2919 carne
2327 2870 2622 2933 coquuntur
2643 2901 2658 2926 ,
2689 2876 2897 2916 cessare
2934 2867 3141 2931 oportet
3176 2875 3209 2913 a
3256 2860 3359 2915 mi-

1833 2953 2080 3017 nisterio.

2483 3034 2597 3073 CAP.
2627 3033 2728 3074 CVI.

1907 3105 1926 3148 ι
1954 3106 2245 3175 Episcopus
2268 3144 2284 3170 ,
2310 3106 2588 3175 presbyter
2609 3145 2624 3170 ,
2661 3107 2911 3161 diaconus
2938 3101 3180 3159 conﬁteri
3204 3100 3357 3155 debet

177 3214 185 3223 ’
209 3197 369 3252 etiam
416 3199 804 3267 praesumpserit
840 3197 891 3251 in
926 3197 1193 3267 provincia
1235 3211 1329 3249 sua
1357 3197 1566 3265 propria
1589 3235 1602 3261 ,
1646 3202 1739 3250 aut
1760 3212 1808 3276 ο
1835 3202 2109 3263 peccatum
2132 3207 2304 3245 suum.
2334 3192 2605 3252 Confessio
2632 3191 2739 3247 Deo
2765 3191 2862 3246 soli
2888 3231 2904 3255 ,
2959 3191 3006 3245 si
3042 3202 3255 3244 necesse
3281 3194 3359 3240 est

210 3284 402 3348 aliena,
429 3284 512 3338 vel
539 3286 833 3353 ubicunque
856 3285 1066 3338 inventa
1092 3282 1252 3336 fuerit
1293 3283 1383 3352 qui
1402 3284 1739 3348 commcnda-

209 3377 325 3424 tum
352 3370 451 3424 sibi
477 3370 740 3423 inﬁrmum
764 3384 883 3425 non
921 3368 1031 3422 vult
1070 3370 1340 3437 baptizare
1364 3408 1378 3431 ,
1421 3377 1477 3423 et
1511 3370 1587 3423 sic
1624 3371 1738 3425 sine

210 3458 473 3529 baptismo
498 3460 752 3514 morietur
775 3498 791 3524 ,
825 3460 1129 3528 deponatur.
1183 3457 1437 3512 Similiter
1480 3465 1655 3513 autem
1692 3458 1738 3513 si

213 3550 480 3603 hominem
504 3548 774 3613 occiderit,
803 3556 897 3605 aut
918 3546 1314 3602 fornicationem
1352 3546 1553 3611 fecerit,
1578 3547 1738 3619 depo-

211 3644 389 3689 natur.

841 3717 957 3756 CAP.
980 3717 1086 3755 XCI.

284 3801 309 3827 υ
341 3789 440 3854 Qui
467 3788 673 3843 duxerit
695 3780 915 3843 viduam
932 3789 985 3842 in
1010 3802 1228 3842 uxorem
1255 3788 1353 3842 sibi
1382 3788 1464 3842 vel
1482 3793 1601 3856 post
1639 3787 1734 3840 ba-

210 3875 463 3944 ptismum
486 3913 505 3940 ,
548 3875 659 3930 sive
698 3883 821 3930 ante
860 3876 1179 3947 baptismum
1199 3913 1218 3941 ,
1266 3890 1371 3937 non
1415 3881 1590 3944 potest
1620 3887 1737 3934 esse

110 4033 119 4047 ο
213 3961 510 4031 presbyter.

837 4046 950 4083 CAP.
988 4045 1112 4082 XCII.

291 4117 309 4156 ί
343 4116 453 4171 Non
478 4117 827 4171 communicet
858 4117 937 4168 vir
964 4130 1082 4169 eum
1123 4129 1287 4168 uxore
1323 4130 1413 4168 sua
1461 4114 1693 4170 adultera
1719 4154 1733 4178 ,

213 4204 459 4259 similiter
479 4211 532 4256 et
552 4218 685 4258 uxor
709 4218 828 4257 cum
856 4202 1088 4258 adultero
1127 4204 1241 4257 viro
1266 4219 1368 4256 non
1391 4204 1532 4259 ineat
1554 4219 1736 4273 pacem

212 4288 720 4345 communicationis.

287 4427 313 4455 ι
342 4414 501 4469 Deest
521 4415 608 4469 hic
631 4413 856 4485 aliquid;
879 4412 1105 4493 suppleri
1128 4422 1303 4484 potest
1318 4430 1386 4472 ex
1409 4392 1745 4487 Capitulﬁl,

213 4483 307 4536 lib.
341 4495 409 4533 tv.

286 4551 312 4589 ι’
334 4548 522 4603 Ρωιιίι.
550 4549 727 4613 Rom.,
748 4549 832 4603 tit.
858 4550 907 4613 I,
931 4565 977 4604 c.
1012 4550 1094 4603 l7.

286 4628 307 4655 ε
342 4615 619 4674 Pmnilent.
649 4617 823 4680 Rom,
847 4619 926 4670 tit.
949 4619 1002 4680 3,
1025 4632 1073 4671 c.
1097 4617 1182 4670 20.

284 4683 311 4723 (ι
342 4683 498 4752 Beda,
525 4685 591 4743 de
618 4684 830 4740 Remed.
853 4698 1024 4752 pecc.,
1055 4700 1103 4739 c.
1122 4686 1174 4740 5.

290 4762 314 4820 9
348 4750 475 4820 ζει).
504 4752 724 4820 Excerp.
751 4753 839 4820 51.

290 4817 311 4855 ί
351 4817 563 4886 Summa
582 4817 718 4883 esto',‘
732 4819 776 4871 si
796 4818 914 4886 quis
936 4819 1022 4879 52,
1045 4833 1099 4886 q.
1131 4818 1182 4884 I,
1210 4833 1277 4874 ex
1301 4817 1506 4874 Theod.
1538 4822 1729 4877 Posuit.

272 4887 314 4936 ,δ
341 4884 470 4943 Cati.
500 4886 597 4939 sub
621 4884 833 4939 nomine
865 4900 949 4952 ap.
980 4886 1031 4941 9.
1062 4884 1080 4886 ”
1366 4948 1367 4951 η

285 4952 327 5024 δᾼ
342 4951 471 5011 Can.
498 4952 759 5024 subponi.
791 4951 980 5022 apoSt.,
1029 4967 1076 5007 e.
1096 4953 1216 5024 di;
1244 4956 1430 5015 concil.
1464 4954 1733 5024 Antioch,

220 5035 267 5075 c.
296 5018 368 5082 2;
390 5021 580 5074 concil.
602 5018 959 5081 Braeharense
988 5035 1046 5084 ιι,
1074 5018 1121 5074 c.
1145 5022 1230 5076 85.

953 5331 993 5375 ι.

226 5432 305 5487 Ex
348 5427 643 5495 ιειιιιυηίιηιεΔ
667 5444 699 5480 a
731 5424 915 5481 σωρεία
962 5427 1147 5483 Lomsa
1195 5430 1415 5495 collectis
1456 5434 1547 5493 sub
1589 5435 1735 5491 titulo

606 5491 944 5555 Conciliomm
968 5494 1009 5548 Τ
1012 5496 1344 5552 eletanorum.

288 5588 415 5642 CAP.
437 5603 562 5641 xvn.
588 5614 656 5627 —
679 5597 702 5625 ι
727 5585 801 5639 De
827 5587 910 5643 bis
939 5588 1095 5643 etiam
1117 5602 1272 5657 super
1297 5591 1486 5658 quibus
1511 5592 1737 5646 interrm

291 5705 313 5731 ι
345 5692 563 5761 Regina,
593 5692 626 5745 ι.
656 5709 724 5757 ιι,
755 5707 798 5748 c.
830 5691 960 5759 362;
988 5695 1203 5762 Burch.,
1230 5696 1315 5753 lib.
1343 5714 1450 5763 nx,
1474 5713 1519 5752 ρ.
1552 5698 1665 5753 l52.

1466 5900 1471 5927 ι

1836 3281 1921 3350 agi
1950 3280 2093 3334 licet.

2463 3362 2577 3401 cui.
2616 3361 2741 3400 cvu.

1899 3444 1938 3473 ω
1956 3433 2278 3487 Dmmonium
2307 3433 2582 3487 sustinenti
2604 3433 2726 3487 licet
2738 3439 2914 3501 petras
2937 3437 2989 3484 et
3003 3429 3146 3485 olera
3165 3428 3363 3484 habere

1832 3522 1946 3577 sine
1973 3523 2344 3577 incantatione.

2444 3605 2557 3643 CAP.
2596 3604 2743 3643 CVIII.

1903 3693 1929 3721 ¹³
1957 3679 2203 3749 Periures
2227 3680 2399 3734 tribus
2424 3682 2575 3734 annis
2609 3680 2916 3749 pmniteant.
2948 3674 3233 3733 Sodomita
3269 3690 3361 3733 se-

1830 3775 1973 3836 ptem
1997 3768 2180 3831 annis;
2210 3766 2394 3844 molles
2420 3782 2525 3820 uno
2553 3781 2710 3820 anno.

2447 3868 2561 3909 CAP.
2599 3868 2740 3907 CXIV.

1903 3950 1928 3979 °
1957 3942 2154 3998 Stando
2182 3943 2435 3998 orandum
2463 3959 2560 4013 pro
2591 3945 2882 4003 reverentia
2908 3944 3021 3998 Dei.

2363 4043 2432 4082 ει
2463 4047 2576 4084 CAP.
2612 4047 2711 4084 UL‘I‘
2720 4045 2828 4083 mo.

1903 4130 1931 4168 ι»
1957 4118 2180 4172 Basilius
2204 4119 2458 4186 judicavit
2481 4120 2658 4188 pueris
2698 4119 2963 4173 licentiam
2991 4119 3191 4173 nubere
3237 4125 3359 4171 ante

1835 4208 2096 4265 sexdecim
2127 4222 2323 4269 annos,
2352 4208 2399 4261 si
2436 4209 2703 4262 abstinere
2728 4223 2831 4262 non
2863 4208 3146 4276 potuerint,
3171 4221 3358 4276 quam-

1833 4293 1913 4347 vis
1938 4293 2180 4347 monachi
2207 4291 2449 4347 fuissent.

1907 4423 1925 4489 ξ
1964 4422 2227 4489 Pro/iciat.
2261 4422 2377 4477 Vid.
2411 4424 2597 4477 concil.
2624 4424 2893 4485 Antioch,
2923 4438 2970 4477 c.
2999 4425 3052 4477 3.

1759 4510 1814 4579 ι)
1834 4487 2158 4620 Ni;
2190 4492 2286 4545 sub
2305 4492 2515 4550 nomine
2539 4505 2649 4560 ap.,
2672 4506 2720 4545 c.
2743 4491 2830 4557 2i,
2851 4491 2940 4555 22,
2964 4490 3053 4556 25,
3071 4487 3141 4543 24
3165 4505 3179 4555 ;
3203 4503 3355 4545 conc.

1902 4624 1931 4693 ἕ
1954 4624 2081 4693 Can.
2113 4626 2209 4679 sub
2237 4627 2447 4693 nomine
2472 4642 2556 4693 ap.
2583 4626 2669 4682 50.

1906 4691 1924 4731 ι
1961 4692 2199 4763 Gregorii
2232 4694 2293 4748 Ill
2334 4691 2554 4763 Iudicia,
2577 4709 2625 4763 e.
2654 4693 2741 4763 30.

1902 4759 2161 4833 In_Ivo,'_p.
2181 4777 2263 4833 ξι,
2294 4776 2341 4814 c.
2371 4760 2455 4833 75,
2483 4775 2548 4833 ex
2577 4762 2731 4833 dictis
2760 4759 3083 4829 Hieronymi.

1854 4856 1858 4861 λ
1904 4835 1931 4864 ι
1958 4826 2149 4879 Ροειιὶῐ.
2181 4826 2358 4891 Rom.,
2387 4829 2467 4880 tit.
2495 4826 2550 4891 2,
2572 4844 2619 4883 c.
2648 4829 2699 4881 4.

1904 4901 1928 4929 ο
1954 4893 2069 4947 Vid.
2098 4895 2267 4958 Tert.,
2295 4890 2357 4948 de
2384 4890 2586 4949 Corona
2612 4896 2742 4957 mil.,
2769 4910 2817 4949 c.
2846 4894 2899 4959 9,
2920 4898 2974 4948 et
2996 4894 3088 4948 lib.
3117 4893 3181 4947 de
3205 4890 3354 4948 Orat.

1901 4962 2084 5032 P_Vid_._
2107 4962 2257 5031 Reg.,
2274 4963 2532 5032 interrog.
2560 4963 2613 5028 ’7,
2636 4971 2690 5017 et
2715 4964 2782 5017 ad
2794 4965 2953 5017 inter.
2975 4961 3057 5031 1‘5,
3088 4961 3141 5015 in
3167 4962 3360 5031 regulis

1844 5028 2010 5083 fusius
2038 5028 2334 5097 disputatis.

1213 5205 1705 5304 resonante
1736 5209 1851 5270 13x
1896 5208 2350 5271 canonmus.

1836 5326 1991 5398 gasti,
2019 5326 2119 5380 hoc
2140 5334 2243 5389 est,
2272 5327 2337 5381 de
2360 5326 2446 5380 illa
2468 5327 2661 5382 femina
2686 5366 2701 5393 ,
2742 5343 2859 5397 quae
2881 5340 3205 5382 menstruum
3231 5343 3353 5382 san-

1834 5415 2044 5486 guinem
2076 5429 2229 5470 suum
2269 5415 2552 5471 immiscuit
2583 5416 2703 5471 cibo
2748 5416 2830 5471 vel
2886 5417 3070 5484 potui,
3121 5424 3174 5471 et
3214 5418 3358 5469 dedit

1834 5500 1949 5555 viro
1975 5514 2069 5554 suo
2095 5512 2153 5554 ut
2177 5502 2494 5565 comederet,
2516 5510 2573 5557 et
2600 5503 2666 5556 de
2690 5502 2777 5555 illa
2805 5517 2921 5570 quae
2947 5515 3123 5556 semen
3152 5502 3252 5555 viri
3274 5502 3358 5555 sui

1839 5588 1893 5642 in
1920 5596 2045 5658 potu
2072 5589 2223 5654 bibit,
2249 5600 2302 5645 et
2328 5589 2389 5644 de
2412 5605 2473 5647 ea
2503 5606 2619 5662 quae
2649 5598 2835 5646 testam
2861 5591 3088 5647 hominis
3114 5589 3365 5652 00th
