4110 6484
852 468 951 521 959

1782 477 2113 532 THEODORI
2153 477 2456 555 ARCHIEP.
2499 483 2672 536 CANT
2684 487 3030 541 L’AKIENSIS

3878 498 3980 552 960

848 575 917 627 sit
958 575 1082 641 igni,
1125 584 1177 627 et
1225 578 1332 629 viro
1361 594 1454 631 suo
1483 580 1624 632 dedit
1653 598 1743 648 pro
1776 585 2074 638 inﬁrmitate
2102 589 2308 639 vitanda
2342 628 2355 649 ,
2388 592 2427 645 Λ
2457 599 2605 654 grcnt
2642 592 2703 644 de
2729 594 2843 645 loco
2873 597 2934 647 ad
2966 597 3129 649 locum
3156 616 3168 661 ;
3209 602 3297 655 sed
3324 619 3372 654 In
3403 618 3460 656 ea
3488 620 3826 671 permaneant
3854 613 3979 664 obe-

848 660 986 728 quali
1019 663 1320 729 paenitentia
1353 667 1456 717 sint
1485 667 1766 733 plectendas
1803 688 1812 720 :
1854 680 1910 722 ut
1937 673 2086 725 nobis
2116 675 2319 726 videtur
2342 715 2355 737 ,

845 748 934 801 tali
963 751 1215 803 sententia
1243 760 1362 803 sunt
1383 753 1644 816 feriendm,
1671 757 1802 808 sicut
1829 761 1962 826 magi
1986 768 2037 812 et
2058 747 2356 827 arioli,quia

847 835 1098 904 magicam
1132 848 1298 892 artem
1326 843 1620 895 exercuisse
1659 853 1959 898 noscuntur.
2013 847 2141 899 Nam
2180 849 2243 901 de
2277 850 2358 902 his

842 924 928 990 qui
955 926 1207 995 magicam
1235 937 1400 982 artem
1429 931 1725 984 exercuisse
1758 943 2060 998 noscuntur,
2111 945 2163 987 et
2199 951 2358 1004 augu—

840 1013 916 1064 ria
944 1011 1217 1065 attendunt
1237 1055 1249 1077 ,
1276 1025 1328 1067 et
1355 1016 1701 1068 divinationes
1747 1021 2026 1072 observant
2054 1060 2068 1084 ,
2097 1021 2352 1075 Theodori

839 1098 1212 1166 archiepiscOpi
1244 1103 1413 1167 gentis
1459 1103 1743 1168 Anglorum
1771 1108 2167 1162 constitutiones
2192 1110 2353 1163 habe-

837 1199 972 1244 mus,
1003 1186 1052 1237 in
1079 1187 1266 1253 quibus
1293 1189 1542 1255 scriptum
1569 1199 1664 1244 est.
1697 1205 1718 1230 α
1750 1192 1844 1256 Qui
1896 1194 2129 1247 immolat
2161 1196 2353 1249 daemo-

839 1270 938 1322 niis
963 1271 1013 1322 in
1038 1274 1285 1336 minimis,
1317 1291 1474 1328 unum
1505 1293 1695 1330 annum
1726 1282 1991 1346 pceniteat.
2023 1283 2119 1347 Qui
2153 1299 2276 1337 vero
2300 1286 2352 1337 in

835 1361 1057 1426 magnis,
1079 1361 1254 1414 decem
1286 1366 1434 1416 annis
1455 1368 1726 1432 pteniteat.
1765 1367 2003 1422 Rabanus
2029 1372 2202 1424 eadem
2231 1375 2352 1425 citat

833 1460 895 1496 ea:
923 1448 1363 1501 constitutionibus
1397 1451 1662 1516 Theodori,
1688 1457 1772 1505 sed
1809 1472 1921 1522 quw
1952 1458 2143 1526 integra
2174 1461 2246 1512 sic
2276 1477 2350 1513 rc—

831 1545 1099 1601 prwsentat
1129 1539 1181 1589 in
1207 1540 1414 1606 epistola
1444 1541 1509 1592 ad
1539 1541 1885 1596 Heribaldunt.

905 1620 1160 1674 Theodori
1197 1627 1569 1696 archiepiscopi
1612 1633 1779 1696 gentis
1829 1634 2109 1700 Anglorum
2155 1639 2348 1691 consti—

831 1710 1057 1765 tutiones
1085 1713 1353 1778 habemus,
1380 1717 1429 1768 in
1455 1720 1642 1785 quibus
1670 1722 1920 1789 scriptum
1956 1732 2036 1775 est
2073 1743 2083 1776 :
2124 1725 2220 1791 Qui
2252 1727 2348 1779 im-

828 1795 988 1849 molat
1018 1798 1286 1853 dznmoniis
1320 1803 1371 1853 in
1418 1804 1646 1857 minimis
1673 1822 1830 1858 unum
1860 1824 2051 1862 annum
2074 1814 2341 1878 paeniteat.

829 1879 929 1946 Qui
956 1897 1083 1937 vero.
1108 1885 1157 1936 in
1185 1889 1407 1954 magnis,
1431 1889 1606 1943 decem
1631 1907 1792 1946 annos
1815 1896 2080 1960 paeniteat.
2107 1898 2133 1936 ιι
2161 1899 2344 1953 Mulier

827 1967 872 2019 si
901 1983 1000 2035 qua
1029 1973 1173 2039 ponit
1201 1971 1356 2026 filiam
1384 1991 1529 2028 suam
1556 1993 1710 2045 supra
1739 1988 1931 2034 tectum
1971 1983 2050 2036 vel
2082 1985 2132 2036 in
2163 1985 2340 2040 forna-

826 2071 939 2118 cem
985 2072 1080 2127 pro
1133 2062 1356 2123 sanitate
1402 2063 1596 2126 febris,
1632 2077 1828 2134 septem
1863 2086 2026 2125 annos
2069 2075 2338 2141 poeniteat.

825 2155 846 2180 ο
878 2143 976 2209 Qui
1002 2148 1185 2201 ardere
1210 2148 1331 2202 fecit
1359 2167 1518 2218 grana
1552 2155 1638 2208 ubi
1682 2165 1920 2212 mortuus
1953 2169 2034 2213 est
2061 2163 2219 2214 homo
2244 2178 2341 2229 pro

823 2233 1045 2285 sanitate
1070 2234 1349 2289 viventium
1374 2246 1429 2292 et
1451 2239 1634 2295 domus
1701 2245 1933 2312 quinque
1978 2259 2141 2300 annos
2177 2250 2342 2314 posui—

819 2325 944 2371 teat.
973 2319 1028 2372 Si
1052 2324 1236 2376 mulier
1262 2326 1641 2382 incantationes
1662 2331 1741 2382 vel
1767 2332 2110 2388 divinationes
2133 2336 2336 2401 fecerit,

818 2421 978 2458 unum
1006 2423 1195 2462 annum
1222 2413 1299 2467 vel
1319 2421 1423 2468 tres
1443 2418 1869 2485 quadragesimas
1891 2425 1967 2475 vel
1992 2426 2336 2495 quadraginta

816 2489 930 2544 dies
951 2493 1100 2560 juxta
1129 2499 1430 2564 qualitatem
1477 2505 1641 2572 culpa
1673 2509 1941 2574 pmuiteat.
1992 2489 2116 2564 Vide
2143 2489 2338 2582 quoque

817 2577 946 2632 Rab.
979 2581 1064 2634 lib.
1096 2601 1154 2636 ιιι
1182 2590 1243 2637 de
1275 2591 1616 2654 paenitentiam
1642 2595 2010 2662 satisfactione,
2042 2577 2265 2667 capi48:

1543 2677 1604 2732 Il.

813 2750 896 2807 Ea:
918 2759 1314 2826 excerptionibus
1360 2762 1564 2831 Egberti
1597 2767 1927 2824 Eboracensis
1952 2775 2330 2844 archiepiscopi.

878 2841 1002 2894 CAP.
1049 2861 1150 2898 Lvl.
1190 2878 1257 2886 —
1303 2849 1591 2907 Theodorus
1631 2857 1789 2909 dicit:
1822 2860 2083 2916 Statutum
2123 2841 2184 2917 ut
2223 2841 2335 2922 sine

812 2932 1119 2986 auctoritate
1145 2936 1223 2986 vel
1266 2951 1520 2994 consensu
1557 2944 1916 3010 episcoporum
1957 2952 2250 3020 presbyteri
2282 2955 2332 3009 in

808 3016 1122 3080 quibuslibet
1145 3022 1379 3077 ecclesiis
1401 3041 1502 3078 non
1533 3031 1934 3097 constituantur,
1975 3053 2070 3091 nec
2097 3016 2215 3096 inde
2243 3060 2335 3097 ex-

739 3151 742 3154 .
809 3103 1083 3170 pellantur,
1117 3115 1170 3159 et
1198 3110 1239 3161 si
1271 3112 1388 3178 quis
1417 3115 1514 3168 hoc
1540 3115 1711 3172 facere
1753 3127 2048 3190 tentaverit,
2097 3144 2122 3180 s

810 3195 1062 3246 sententia
1099 3195 1333 3252 feriatur.

874 3278 996 3332 Car.
1051 3299 1188 3337 uvr.
1249 3285 1538 3343 Theodorus
1597 3295 1737 3347 dicit.
1802 3297 2039 3356 Monachi
2086 3320 2188 3360 non
2233 3311 2330 3361 mi—

876 3421 899 3494 :
925 3410 1144 3494 ﬁegino,
1167 3415 1256 3468 lib.
1276 3433 1333 3494 ιι,
1359 3433 1401 3470 c.
1436 3420 1552 3494 369,
1582 3419 1672 3474 36l
1696 3441 1707 3486 ;
1734 3425 1950 3493 Burch.,
1972 3431 2060 3483 lib.
2089 3448 2138 3494 χ,
2162 3451 2208 3489 c.
2242 3438 2320 3489 15.

877 3477 900 3512 δ
921 3477 1072 3557 ἕθάῳ
1094 3496 1213 3557 (ξειιιΣ
1242 3485 1308 3536 ad
1324 3477 1558 3557 remedia
1587 3477 1922 3557 peccatorum,
1936 3477 1995 3551 vc.
2032 3501 2112 3553 Η.

875 3553 896 3580 ε
921 3543 1138 3616 Regino,
1162 3550 1249 3603 lib.
1271 3568 1328 3615 ιι,
1356 3570 1469 3621 cap.
1489 3543 1619 3620 357';
1649 3543 2198 3638 But'chv.,"libv.-x-,-eap.
2230 3573 2315 3625 24.

2457 675 2671 739 dieutia,
2718 694 2873 748 quam
2908 690 3140 749 tempore
3183 702 3288 740 sum
3330 694 3682 746 conversionis
3722 698 3979 763 promise-

2460 771 2601 812 runt.

3164 859 3244 912 Ill.

2500 934 2579 988 Ea;
2624 935 2741 990 Ven.
2766 939 2918 993 Beda:
2945 945 3220 998 canonibus
3245 949 3310 1000 ad
3341 952 3558 1004 remedia
3583 963 3922 1019 peccatorum.

2519 1023 2592 1074 Ex
2639 1040 2750 1077 exp.
2811 1042 2926 1079 vm.
2988 1029 3275 1084 Theodorus
3337 1037 3484 1088 dixit.
3551 1038 3835 1094 Monachus
3893 1042 3973 1094 fa-

2452 1111 2593 1163 ciens
2638 1112 2664 1150 ἀ
2709 1111 3132 1183 fornicationem,
3189 1131 3242 1174 et
3287 1139 3388 1176 non
3439 1126 3727 1190 inveniens,
3780 1144 3972 1184 annum

2452 1211 2609 1249 unum
2636 1202 2887 1265 poeniteat
2910 1214 2962 1258 et
2987 1206 3277 1263 dimidium.
3309 1211 3436 1266 Item
3463 1217 3747 1269 monachus
3777 1218 3977 1272 faciens

2449 1297 2566 1336 cum
2593 1287 2785 1353 puella,
2815 1305 2904 1344 sex
2930 1307 3096 1349 annos
3120 1299 3391 1364 poeniteat.

3163 1403 3248 1457 IV.

2448 1478 2544 1560 Esi
2575 1482 2808 1560 capit-alis
2850 1485 3052 1560 selectis
3083 1477 3332 1560 canonum
3381 1492 3802 1560 IIibernensium,
3862 1517 3974 1560 qua

2499 1518 2528 1530 ..ν
2575 1518 2808 1548 pay-cuii.
2850 1518 3043 1538 σωτιυο
3083 1518 3332 1542 numnum
3381 1518 3802 1560 ιιιυεηιεηδιιιιη,
3897 1518 3928 1550 It

2499 1546 2562 1597 li.
2591 1548 2656 1600 Β.
2685 1549 2847 1604 Lucas
2873 1554 3114 1607 Ach’erius
3141 1558 3297 1609 edidit
3321 1559 3372 1611 in
3399 1560 3636 1631 Spicileg.
3675 1573 3797 1616 tam.
3825 1518 3928 1618 11’.

2513 1652 2625 1707 Lm.
2669 1639 2763 1718 ιιι,
2803 1674 2916 1712 esp.
2951 1660 3034 1712 Η.
3063 1691 3131 1700 -—
3156 1663 3230 1716 De
3258 1668 3533 1721 morticinis
3577 1671 3772 1734 suibus,
3821 1681 3873 1724 et
3913 1675 3975 1726 de

2444 1740 2747 1794 animalibus
2795 1748 3089 1813 sanguinem
3131 1751 3405 1805 humanum
3443 1758 3776 1822 sumentibus,
3819 1769 3870 1812 et
3907 1761 3972 1814 de

2445 1827 2680 1879 carnibus
2711 1833 2940 1883 comestis
2964 1850 2994 1884 a
3025 1833 3156 1902 lupis
3179 1853 3196 1899 ;
3225 1837 3285 1889 de
3312 1839 3528 1904 piscibus
3565 1853 3610 1895 et
3632 1846 3969 1913 strangulatis

2442 1914 2744 1969 animalibus
2766 1934 2784 1980 ;
2806 1920 2868 1971 de
2899 1925 3127 1976 comestis
3152 1926 3214 1977 ab
3241 1929 3495 1994 accipitre,
3537 1941 3582 1982 et
3624 1931 3686 1984 de
3723 1949 3873 2002 equo.
3897 1964 3964 1973 —

2443 1998 2730 2054 Theodorus
2753 2007 3011 2074 episcopus
3031 2010 3186 2075 dicit:
3213 2012 3380 2065 Graeci
3403 2029 3611 2069 carnem
3633 1998 3963 2074 morticinam

2438 2102 2540 2156 non
2570 2090 2894 2159 dantporcis
2922 2097 3047 2150 suis.
3085 2109 3106 2136 θ
3136 2099 3305 2154 Pelles
3334 2117 3458 2155 vero
3481 2107 3877 2162 morticinorum
3901 2113 3965 2163 ad

2439 2177 2790 2233 calceamenta
2818 2191 2872 2235 et
2900 2176 3071 2238 lanam
3110 2196 3164 2240 et
3199 2203 3392 2243 cornua
3426 2193 3582 2246 licent
3613 2197 3819 2264 accipi;
3874 2201 3965 2252 sed

2438 2280 2540 2317 non
2570 2267 2621 2319 in
2655 2277 2891 2323 sanctum
2917 2273 3132 2340 aliquid.
3170 2276 3361 2330 Tamen
3390 2281 3434 2332 si
3461 2295 3584 2334 casu
3618 2284 3762 2350 porci
3789 2300 3964 2338 come-

2435 2351 2561 2405 dant
2582 2369 2792 2409 carnem
2821 2360 3238 2425 morticinorum,
3269 2371 3360 2417 aut
3384 2368 3685 2434 sanguinem
3711 2370 3961 2428 hominis.

2435 2453 2536 2492 non
2600 2441 2918 2508 abjiciendos
2975 2448 3272 2513 credimus;
3338 2465 3436 2505 nec
3498 2454 3716 2521 gallinas
3775 2459 4008 2525 aequali~

2434 2526 2606 2578 modo.
2651 2525 2910 2583 Animalia
2954 2546 3069 2599 qua:
3101 2550 3130 2588 a
3166 2536 3322 2605 lupis,
3367 2539 3476 2594 sive
3519 2543 3734 2597 canibus
3769 2559 3958 2599 consu-

2433 2623 2666 2680 muntur,
2707 2632 2808 2670 non
2834 2607 3169 2690 comedenda,
3201 2629 3299 2681 nisi
3327 2632 3503 2696 porcis
3540 2634 3889 2702 proiiciantur
3909 2646 3964 2690 et

2433 2702 2690 2768 canibus;
2737 2721 2834 2760 nec
2879 2722 3087 2775 cervus,
3135 2727 3233 2768 nec
3259 2730 3405 2783 aper,
3447 2719 3492 2772 si
3537 2722 3726 2773 mortui
3762 2724 3958 2776 inventi

2433 2785 2658 2852 fuerint;
2704 2793 2875 2858 pisces
2916 2804 3090 2851 autem
3136 2801 3331 2865 licent,
3375 2805 3462 2870 qui
3503 2806 3717 2862 alterius
3760 2818 3960 2865 naturae

2432 2882 2571 2928 sunt.
2620 2877 2756 2932 Aves
2778 2890 2829 2934 et
2857 2885 3100 2939 animalia
3139 2897 3345 2954 caetera,
3394 2893 3438 2945 si
3468 2892 3518 2945 in
3551 2894 3746 2950 retibus
3789 2907 3958 2950 stran-

2431 2963 2692 3031 gulentur,
2746 2985 2848 3022 non
2897 2982 3018 3025 sunt
3062 2978 3396 3031 comedenda.
3446 2978 3636 3037 Paulus
3667 2986 3808 3036 enim
3849 2987 3953 3039 ait:

2431 3053 2684 3108 Abstinetc
2708 3074 2790 3111 nos
2832 3077 2862 3111 a
2898 3063 3144 3128 su/focato
3173 3069 3445 3135 sanguine,
3488 3080 3534 3123 et
3573 3072 3636 3122 ab
3663 3072 3954 3126 idololatria

2124 3133 2328 3197 ynodali
2355 3163 2400 3223 ο
2433 3140 2566 3208 (Act.
2592 3157 2701 3206 χιιι,
2723 3145 2832 3214 25).
2861 3146 3112 3202 Similiter
3135 3152 3202 3204 ab
3225 3133 3475 3222 accipitre
3501 3168 3724 3211 mortua.
3761 3160 3955 3228 Equum

2431 3243 2534 3282 non
2581 3233 2892 3298 prohibent:
2944 3244 3113 3293 tamen
3167 3245 3485 3298 consuetudo
3525 3262 3626 3300 non
3673 3257 3755 3302 est
3783 3265 3954 3304 come-

2430 3317 2572 3369 dere.

2494 3447 2518 3484 ἀ
2553 3447 2815 3531 Qnttrens,
2863 3455 2914 3531 in
2943 3455 3134 3531 innuit.
3159 3458 3376 3531 antiquo
3412 3461 3633 3531 Andeg.,
3669 3474 3724 3519 et
3754 3467 3805 3520 in
3837 3469 3948 3522 cod.

2430 3531 2526 3568 ms.
2557 3518 2652 3569 viri
2679 3518 2743 3570 cl.
2772 3522 2893 3572 Ant.
2926 3523 3119 3575 domini
3142 3518 3469 3581 d’ﬂér'ouval.

2510 3595 2531 3620 ε
2554 3584 2659 3646 lvo,
2685 3601 2735 3653 p.
2765 3602 2867 3650 xiv,
2894 3604 2940 3640 c.
2965 3590 3050 3653 97,
3081 3607 3140 3644 ex
3168 3592 3356 3647 Posuit.
3391 3596 3488 3650 Th.

810 3686 3635 3749 MWW
3663 3741 3934 3753 __

1427 3866 1438 3872 η
1509 3793 1980 3854 FRAGMENTA
2026 3801 2128 3858 EX
2189 3804 2437 3864 LIBRlS
2497 3810 3249 3879 POENITENTIALIBUS.

2001 3948 2031 3959 ο-

1084 4119 1171 4172 ΕΧ
1199 4120 1700 4182 POENITENTIALI
1734 4131 2023 4190 ROMANO.

804 4244 919 4298 Τιτ.
949 4261 987 4309 ι,
1023 4261 1135 4300 csp.
1164 4265 1217 4300 χ.
1245 4251 1320 4329 De
1345 4252 1445 4331 illis
1470 4257 1557 4322 qui
1583 4274 1675 4323 pro
1697 4261 1916 4331 uindicta
1936 4276 2203 4331 parentum
2229 4271 2319 4320 lio-

1245 4320 1504 4373 micidium
1527 4320 1861 4382 committunt.

1188 4428 1284 4496 (Ex
1314 4430 1592 4487 Pcenitent.
1625 4436 1928 4511 Theodori.)

869 4539 892 4565 α
918 4528 1014 4593 Qui
1037 4546 1132 4599 pro
1163 4535 1388 4588 vindicta
1418 4537 1595 4594 fratris
1617 4581 1630 4604 ,
1671 4554 1759 4598 aut
1786 4545 2002 4601 aliorum
2043 4560 2316 4618 parentum

801 4614 1061 4670 hominem
1090 4622 1355 4688 occiderit,
1385 4626 1454 4679 ita
1473 4632 1724 4695 poeniteat
1745 4644 1800 4687 ut
1830 4621 2106 4692 homicidia
2132 4653 2318 4709 sponte

802 4704 1074 4757 commissa
1099 4723 1111 4757 :
1145 4723 1258 4762 cum
1289 4712 1398 4780 ipsa
1425 4716 1628 4771 Veritas
1653 4720 1826 4774 dicat:
1857 4723 1986 4777 Mihi
2013 4704 2314 4794 vindictam,

801 4797 846 4838 et
867 4803 954 4856 ego
974 4794 1264 4848 retribuam.

803 4889 922 4947 Τιτ.
950 4910 1011 4962 ιι,
1049 4914 1161 4952 car.
1190 4917 1258 4954 tv.
1289 4903 1363 4957 De
1389 4906 1486 4959 illis
1506 4911 1591 4977 qui
1617 4928 1668 4963 se
1695 4916 1904 4966 scienter
1928 4919 2309 4985 perjuraverint.

1161 5004 1256 5072 (Ex
1283 5009 1628 5068 Pmnitentiali
1659 5018 1956 5090 Theodori.)

872 5103 900 5142 ιι
929 5103 984 5157 Si
1027 5108 1141 5173 quis
1167 5114 1458 5180 suspicatur
1487 5123 1623 5185 quod
1657 5125 1719 5176 ad
1763 5127 2044 5192 periurium
2075 5133 2307 5195 ducatur,

804 5200 856 5243 et
881 5200 1049 5248 tamen
1074 5213 1138 5249 ex
1166 5215 1417 5256 consensu
1439 5205 1598 5272 jurat,
1648 5213 1988 5283 quadraginta
2014 5219 2124 5271 dies
2150 5223 2314 5287 paeni-

806 5291 928 5346 teat,
974 5293 1028 5337 et
1071 5298 1263 5354 septem
1310 5307 1582 5360 sequentes
1617 5315 1812 5363 annos,
1863 5316 1916 5358 et
1951 5323 2210 5376 nunquam
2246 5311 2313 5362 sit

806 5373 919 5422 sine
945 5373 1086 5438 gravi
1120 5379 1438 5440 pamitentia.

808 5599 840 5651 Γ
874 5531 913 5638 ιχ
933 5521 1146 5643 Regini),
1177 5528 1209 5579 l.
1241 5546 1299 5593 ιι,
1335 5548 1379 5585 c.
1407 5534 1500 5598 25;
1537 5537 1747 5600 Burch.,
1780 5541 1866 5592 lib.
1890 5558 1972 5606 ιι,
2006 5559 2050 5591 c.
2089 5545 2172 5608 32,
2203 5546 2306 5607 lvo,

849 5621 859 5632 .
926 5606 1010 5646 ,c.
1087 5613 1122 5646 ).

849 5621 859 5632 ο
891 5613 937 5646 λ,
964 5613 1010 5641 Co
1041 5613 1122 5646 Ἰυο

879 5655 902 5691 ι’
936 5656 1085 5714 Rab..
1110 5662 1159 5714 in
1183 5681 1260 5728 cp.
1291 5668 1352 5720 a'i
1381 5666 1661 5736 Heribald,
1686 5693 1726 5724 ‹“.
1771 5677 1858 5738 l8;
1889 5677 2102 5744 Regina,
2129 5681 2212 5730 li".
2249 5698 2305 5746 ιι,

2038 3950 2664 3974 _.._____._______

2425 4039 2541 4091 Tl'r.
2579 4057 2632 4093 ιιι
2696 4058 2808 4094 car.
2860 4060 2999 4096 xxiv.
3042 4046 3231 4115 peltis
3270 4049 3354 4115 qui
3380 4047 3616 4113 fornicati
3657 4063 3772 4104 sunt
3813 4056 3937 4105 sicut

3033 4112 3328 4165 Sodomittc.

2779 4198 2875 4266 (Ex
2908 4199 3254 4254 Paanitentiali
3277 4201 3578 4272 Theodori.)
3749 4218 3759 4245 τ

2491 4293 2512 4318 ε
2545 4281 2598 4335 Si
2625 4283 2743 4351 quis
2769 4283 3055 4341 fornicatus
3103 4287 3294 4351 fuerit,
3329 4291 3464 4345 sicut
3493 4291 3776 4350 Sodomita:
3803 4297 3939 4351 fece-

2419 4379 2563 4435 runt,
2602 4372 2644 4426 si
2670 4373 2962 4441 episcopus,
2994 4377 3176 4445 viginti
3204 4378 3434 4448 quinque
3462 4395 3626 4436 annos
3651 4385 3938 4450 pmniteat:

2348 4454 2396 4512 ι)
2420 4459 2648 4528 quinque
2672 4474 2736 4515 ex
2761 4462 2843 4516 his
2874 4463 2924 4516 in
2961 4479 3094 4531 pane
3124 4473 3176 4520 et
3200 4482 3357 4535 aqua,
3399 4485 3462 4522 ex
3491 4471 3630 4523 omni
3659 4471 3831 4527 oﬂicio
3853 4476 3942 4529 de-

2415 4555 2652 4613 ponatur,
2685 4551 3064 4620 peregrinando
3089 4552 3234 4606 ﬁniat
3265 4556 3377 4638 dies
3398 4555 3516 4609 vitae
3551 4571 3674 4610 sure.
3714 4558 3935 4630 Presby-

2415 4643 2495 4686 ter
2522 4636 2815 4702 quindecim
2859 4653 3024 4693 annos
3066 4636 3339 4707 pmniteat,
3386 4644 3614 4712 quinque
3657 4659 3720 4699 ex
3770 4649 3850 4702 his
3884 4651 3933 4703 in

2413 4736 2544 4789 pane
2573 4731 2624 4776 et
2651 4739 2804 4792 aqua,
2835 4719 3086 4793 superiori
3104 4729 3375 4783 .sententia
3412 4729 3718 4798 deponatur.
3754 4734 3933 4789 Diaco.

2412 4826 2508 4862 nus
2537 4820 2592 4864 et
2622 4813 2906 4865 monachus
2933 4814 3204 4868 duodecim
3247 4831 3431 4880 annos,
3477 4827 3587 4871 tres
3616 4819 3667 4871 in
3708 4835 3842 4887 pane
3881 4833 3929 4874 et

2411 4910 2562 4963 aqua,
2591 4904 2645 4948 et
2668 4898 2973 4963 deponatur.
3016 4900 3186 4951 Addit.
3215 4901 3380 4954 Ansel.
3411 4920 3421 4952 :
3462 4902 3516 4954 Si
3545 4911 3718 4956 autem
3748 4920 3925 4968 senex,

2410 4988 2498 5030 aut
2525 4996 2661 5049 mger
2685 4981 2872 5045 fuerit,
2914 4986 3212 5039 carceribus
3241 4989 3529 5042 tenebrosis
3558 4989 3793 5046 reclusus
3817 5007 3923 5059 pte-

2410 5067 2571 5120 niteat
2598 5069 2838 5122 omnibus
2863 5071 3044 5123 diebus
3070 5074 3189 5125 vita:
3223 5089 3347 5127 sure.

2478 5155 2594 5209 Τιτ.
2629 5173 2722 5221 ιιι,
2766 5173 2879 5210 (ιλιι.
2922 5175 3043 5211 xxv.
3099 5161 3173 5213 De
3208 5179 3264 5216 eo
3307 5166 3394 5234 qui
3437 5165 3683 5234 fornicari
3713 5170 3834 5232 vult,
3875 5183 3918 5224 et

3015 5245 3111 5280 non
3137 5241 3313 5297 potest.

2474 5311 2497 5347 ἀ
2535 5311 2587 5363 Si
2621 5313 2736 5380 quis
2776 5316 3142 5382 concupiscens
3169 5319 3436 5383 fornicari,
3463 5329 3514 5375 et
3541 5337 3641 5376 non
3670 5326 3914 5392 potuerit,

2411 5408 2494 5449 aut
2524 5399 2708 5453 mulier
2735 5416 2836 5454 non
2860 5407 3142 5472 susceperit
3163 5422 3300 5471 eum,
3329 5408 3373 5460 si
3399 5410 3689 5479 episcopus,
3722 5421 3911 5481 septem

2408 5563 2450 5598 ι’.
2481 5549 2580 5624 326
2605 5565 2617 5610 ;
2641 5549 2851 5624 limen,
2880 5550 2915 5602 l.’
2940 5568 3033 5615 xu,
3058 5570 3113 5624 ς,
3138 5554 3230 5618 H;
3275 5557 3379 5619 lvo,
3409 5574 3457 5624 p.
3491 5575 3618 5622 1.x",
3655 5577 3699 5612 c.
3742 5561 3822 5616 68.

2475 5627 2493 5650 π
2529 5617 2723 5677 Ansel.,
2751 5617 2838 5670 lib.
2873 5634 2946 5679 xl,
2981 5635 3026 5671 c.
3053 5621 3135 5672 97.

2473 5684 2494 5720 τι
2527 5684 2720 5746 Ansel.,
2752 5685 2782 5736 l.
2812 5701 2879 5747 ιιι,
2913 5701 2956 5736 r.
2993 5687 3099 5741 129.

1764 6433 1910 6438 μ-
1955 6429 2068 6436 ~——
2115 6431 2133 6433 μ
