4110 6488
3679 0 3877 8 ————-ﬁ

2997 13 3909 43 mm
4046 10 4047 41 ξ

3064 42 3071 43 ,
3932 34 3945 43 .

2940 32 2955 33 κ
3932 34 3935 43 .

581 13 3935 117 Mr

105 109 281 207 ,πυ

179 559 271 615 96!
838 544 1373 603 ΡοεΝιτεΝιιΑιιῖ.
1419 569 1481 579 -έ
1519 535 1709 591 CAPIT

1769 532 1846 584 LA
1886 529 2226 586 COLLECTA
2268 530 2356 583 EX
2393 527 2640 582 FRAGM.
3211 524 3330 581 962‘

178 681 346 722 annos
368 663 657 732 paeniteat;
702 659 990 727 presbyter,
1033 656 1299 722 quinque;
1346 652 1592 705 diaconus
1620 647 1698 698 vel
1729 645 1769 699 Α
1800 642 1948 693 uistri
1984 640 2134 705 juxta
2181 641 2413 694 ordinem
2454 640 2648 709 judicio
2697 639 2979 692 sacerdotis
3014 641 3315 707 pmniteant.

177 751 488 810 monachus,
514 755 622 799 tres
646 762 656 795 :
702 759 763 798 ex
788 743 870 795 bis
899 758 1057 795 unum
1087 744 1139 795 in
1168 755 1300 808 pane
1322 749 1375 793 et
1401 752 1532 805 aqua
1561 752 1573 799 ;
1604 736 1701 789 cle-

174 838 393 894 rici~vel
419 836 555 895 laici,
589 835 718 887 duos
745 846 909 885 annos
935 829 1241 898 poeniteant.

172 945 299 1003 Car.
343 960 489 999 xxix.
518 942 749 1008 Qualiter
787 942 1025 1009 paenitere
1048 939 1220 992 debeat
1249 951 1361 1004 quin
1397 932 1701 987 lenocinium

810 1016 1067 1076 operatur.

622 1163 627 1168 ν
783 1109 1100 1148 runononus.

242 1198 267 1227 ι
295 1185 590 1240 Exercuisti
618 1183 951 1244 lenocinium,
975 1188 1063 1233 aut
1085 1181 1137 1232 in
1161 1181 1343 1247 teipsa,
1375 1185 1465 1230 aut
1492 1177 1543 1230 in
1566 1174 1698 1237 aliis,

173 1275 244 1327 ita
285 1273 424 1336 dico,
472 1279 531 1330 ut
568 1280 659 1325 tuo
701 1270 997 1323 meretricio
1035 1282 1180 1323 more
1230 1268 1335 1320 tuis
1383 1265 1704 1319 amatoribus

171 1376 365 1429 corpus
405 1369 551 1413 tuum
593 1360 659 1413 ad
702 1358 1052 1439 tractandum,
1103 1365 1156 1411 et
1192 1357 1257 1409 ad
1305 1354 1701 1415 sordidandum,

172 1467 269 1519 pro
311 1450 483 1517 pretio
509 1449 765 1519 tradidisti
792 1468 803 1499 :
828 1464 942 1512 seu,
974 1448 1113 1516 quod
1140 1445 1400 1501 crudelius
1447 1453 1537 1498 aut
1564 1444 1704 1511 peri-

170 1538 422 1601 culosius,
469 1537 698 1590 alienum
739 1551 951 1603 corpus,
995 1535 1115 1588 ﬁlia:
1144 1533 1261 1588 dico
1289 1533 1368 1587 vel
1413 1531 1604 1598 neptis,
1649 1536 1703 1581 et

170 1624 395 1691 alicujus
430 1623 738 1678 Christiana:
766 1623 1086 1678 amatoribus
1110 1620 1407 1682 vendidisti,
1447 1618 1531 1672 vel
1573 1632 1702 1671 con-

169 1711 413 1773 cessisti,
462 1710 543 1763 vel
583 1710 900 1770 intemuntia
923 1708 1065 1762 fuisti
1087 1708 1169 1761 vel
1211 1706 1485 1761 consiliata
1515 1720 1604 1765 es,
1648 1710 1704 1756 ut

167 1809 410 1868 stuprum
434 1797 642 1867 aliquod
664 1798 763 1850 tali
788 1797 942 1850 modo
960 1802 1370 1864 perpetraretur,
1387 1795 1518 1847 duos
1538 1808 1704 1845 annos

166 1889 429 1957 pteniteas
451 1901 544 1955 per
571 1886 825 1953 legitimas
848 1883 1025 1937 ferias.
1055 1884 1249 1937 Tamen
1275 1882 1329 1935 in
1354 1881 1575 1936 concilio
1603 1881 1704 1933 Eli-

1803 729 1943 782 Laici
1988 730 2126 781 velut
2162 739 2279 780 vota
2322 744 2423 780 non
2459 729 2723 787 habentes,
2770 729 2810 780 si
2843 728 3189 793 inebriantur,
3232 747 3320 785 ar-

1804 825 2027 887 guantur
2062 833 2091 870 a
2138 818 2425 879 sacerdote,
2473 818 2609 885 quod
2635 818 2826 870 ebriosi
2851 832 3063 888 regnum
3091 820 3182 874 Dei
3217 836 3322 875 non

1802 905 2164 974 possidebunt,
2207 914 2257 959 et
2286 907 2526 959 interitus
2570 906 2638 958 sit
2675 907 2920 969 ebrietas,
2954 915 3007 960 et
3048 909 3324 977 compellat

1802 1008 1891 1047 eos
1916 993 2191 1061 paenitere.
2224 992 2322 1058 Qui
2350 993 2485 1060 cogit
2513 993 2776 1045 hominem
2804 1003 2859 1046 ut
2889 994 3193 1058 inebrietur,
3227 997 3324 1050 hu—

1804 1080 2070 1133 manitatis
2113 1080 2280 1145 gratia
2326 1080 2581 1131 acerrime
2617 1079 2969 1146 corripiatur,
3024 1087 3077 1133 et
3126 1090 3322 1150 septem

1803 1166 1912 1219 dies
1951 1167 2222 1233 pmniteat.
2280 1165 2334 1219 Si
2378 1181 2473 1233 per
2506 1174 2856 1234 contemptum
2882 1198 2903 1230 ,ι
2944 1168 3155 1235 triginta
3190 1168 3321 1222 dies.

1804 1252 1986 1304 Nullus
2028 1251 2355 1319 Christianus
2391 1254 2549 1305 alium
2591 1253 2708 1321 plus
2748 1255 2924 1307 bibere
2957 1262 3125 1322 cogat,
3170 1271 3324 1324 quam

1804 1347 2002 1393 natura:
2039 1338 2278 1393 sulliciat.
2329 1340 2475 1405 Quod
2521 1341 2564 1393 si
2607 1340 2808 1406 fecerit,
2834 1341 2983 1409 juxta
3011 1343 3060 1396 id
3104 1346 3242 1412 quod
3273 1346 3325 1396 in

1802 1426 2154 1482 Pmnitentiali
2178 1430 2414 1491 habetur,
2444 1428 2714 1495 pmniteat.

1803 1504 1922 1568 'rn'.
1968 1532 2061 1569 vn.
2088 1532 2201 1570 esp.
2248 1532 2369 1569 xxx.
2408 1516 2483 1569 De
2520 1516 2620 1569 illis
2646 1518 2731 1585 qui
2755 1518 3041 1570 Christiana
3078 1519 3326 1585 mancipia

2378 1606 2752 1672 captivaverint.
2779 1648 2797 1661 .

2156 1691 2251 1759 (Ex
2281 1690 2631 1743 Pmnitentiali
2665 1691 2968 1759 Theodori.)

1871 1779 1899 1818 Ιι
1927 1778 1983 1832 Si
2009 1780 2125 1846 quis
2153 1793 2513 1847 quemcunque
2543 1779 2807 1832 hominem
2851 1780 3084 1847 quolibet
3120 1780 3330 1850 ingenio

1804 1867 2183 1935 captivaverit,
2238 1876 2327 1920 aut
2374 1866 2760 1922 transmiserit.
2811 1875 2918 1920 tres
2958 1882 3124 1922 annos
3159 1869 3330 1936 paeni-

165 1940 390 2028 bertano
416 1940 801 2043 b'przeci'pitur,
831 1980 889 2025 ut
915 1972 1000 2024 illa
1025 1986 1140 2038 quae
1165 1970 1277 2023 inec
1300 1968 1701 2038 perpetraverit,
1740 1940 1780 1996 Β
1807 1960 1934 2005 teat-

166 2063 269 2116 nisi
299 2063 355 2116 in
381 2062 505 2124 fine,
535 2061 763 2130 accipiat
787 2059 1229 2113 communionem.

166 2149 290 2202 Τιτ.
318 2163 404 2211 tv,
436 2162 550 2201 cur.
596 2161 668 2200 tv.
718 2146 791 2198 De
833 2146 969 2214 furta
1010 2160 1101 2212 per
1144 2143 1487 2198 necessitatem
1531 2157 1706 2210 perpes

854 2222 1005 2265 trato.

776 2316 1012 2356 THEODOR
1020 2316 1097 2354 US.

237 2406 261 2434 ο
294 2393 349 2448 Si
390 2394 507 2458 quis
532 2405 626 2459 per
660 2390 1028 2444 necessitatem
1050 2388 1252 2451 furatus
1293 2389 1452 2443 fuerit
1482 2388 1702 2449 cibaria,

165 2483 246 2537 vel
272 2489 495 2544 vestem,
513 2488 604 2532 aut
620 2493 780 2548 pecus
799 2492 895 2546 per
921 2478 1134 2539 famem,
1164 2484 1255 2529 aut
1280 2491 1374 2544 per
1394 2475 1699 2549 tarditatem,

166 2570 421 2638 paeniteat
447 2568 801 2629 hebdomadas
840 2575 962 2627 tres.
1011 2566 1067 2618 Si
1095 2566 1397 2629 reddiderit,
1422 2580 1522 2617 non
1552 2579 1707 2632 coga—

166 2666 255 2712 tur
273 2654 535 2724 jejunare.

560 2741 684 2796 CAP.
722 2756 773 2793 v.
812 2739 888 2794 De
913 2740 1049 2807 {urIO
1083 2738 1312 2808 capitali.

232 2835 258 2872 δ
288 2835 345 2888 Si
398 2833 516 2901 quis
565 2831 762 2888 furtum
819 2831 1041 2899 capitale
1084 2830 1444 2893 commiserit,
1496 2830 1549 2884 id
1604 2838 1702 2893 est,

166 2921 530 2990 quadrupedia
559 2919 737 2973 tulerit
757 2918 840 2972 vel
875 2933 1027 2971 casas
1058 2916 1339 2986 effregerit,
1389 2926 1587 2989 septem
1615 2933 1708 2971 an-

167 3028 263 3066 nos
289 3012 567 3079 paeniteat,
613 3016 666 3062 et
697 3010 835 3076 quod
865 3007 1092 3060 furatum
1120 3016 1219 3070 est,
1246 3009 1448 3061 reddat.
1496 3007 1552 3060 Si
1589 3008 1708 3074 quis

166 3107 343 3153 autem
385 3097 451 3151 de
479 3097 767 3150 minoribus
796 3094 972 3156 semel,
1008 3102 1098 3148 aut
1139 3094 1221 3146 bis
1264 3094 1459 3148 furtum
1498 3093 1702 3158 fecerit,

166 3189 354 3261 reddat
380 3187 520 3255 quod
541 3186 677 3262 tulit,
703 3193 756 3239 et
779 3200 917 3239 anno
946 3201 1048 3238 uno
1069 3184 1342 3252 paeniteat.
1373 3183 1582 3235 Addunt
1606 3181 1707 3236 Re-

165 3276 282 3344 gina
325 3284 373 3327 et
420 3272 655 3325 Burch.:
701 3272 783 3325 vel
829 3273 871 3326 si
911 3273 1030 3340 quis
1069 3271 1365 3339 sepulcrum
1409 3270 1702 3336 violaverit,

164 3371 369 3431 septem
418 3374 584 3414 annos
626 3360 918 3428 paeniteat,
973 3366 1080 3411 tres
1132 3373 1197 3411 ex
1246 3358 1329 3411 his
1376 3358 1428 3415 in
1472 3372 1611 3425 pane
1654 3366 1709 3411 et

168 3464 329 3519 aqua.

164 3539 291 3591 Car.
319 3553 394 3590 xt.
428 3534 576 3603 Quod
595 3545 649 3589 ut
677 3534 953 3602 sacrilegus
964 3535 1280 3604 judicandus
1301 3544 1372 3589 est
1397 3534 1485 3604 qui
1510 3542 1703 3603 patrem

633 3603 707 3658 vel
735 3612 946 3656 matrem
968 3603 1239 3672 expulerit.

777 3707 1096 3746 THEODORUS.

240 3794 265 3824 ο
288 3782 347 3837 Si
373 3782 493 3851 quis
520 3788 721 3849 patrem
749 3778 830 3832 vel
852 3785 1074 3832 matrem
1114 3777 1396 3847 expulerit,
1425 3777 1617 3847 impius
1653 3785 1708 3831 et

167 3871 460 3939 sacrilegus
498 3867 811 3938 iudicandus
852 3875 951 3921 est.
1001 3865 1262 3920 Pceniteat
1302 3876 1474 3921 autem
1516 3867 1707 3936 aequali

169 3968 425 4030 tempore,
452 3955 683 4025 quandiu
719 3955 774 4009 in
802 3954 1070 4023 impietate
1093 3954 1182 4007 illa
1208 3956 1482 4011 exstiterit.

553 4053 557 4056 '
610 4043 735 4098 Car.
764 4059 858 4097 xu.
887 4042 963 4096 De
985 4044 1159 4097 eadem
1190 4060 1259 4101 re.

418 4194 425 4203 ί
511 4201 515 4205 ν
785 4145 1104 4189 rneononus.
1212 4178 1219 4185 .

247 4226 266 4265 ί
294 4220 608 4279 Maledixisti
632 4220 770 4289 patri
795 4219 874 4275 vel
896 4220 1051 4274 matri
1069 4228 1193 4284 tote,
1208 4220 1290 4289 vel
1306 4219 1572 4287 ﬂagellasti
1593 4236 1704 4287 eos,

167 4314 252 4370 vel
285 4314 341 4368 in
363 4311 540 4381 aliquo
572 4309 948 4373 debonestasti,
979 4310 1326 4379 quadraginta
1354 4312 1465 4364 dies
1501 4312 1552 4363 in
1574 4324 1709 4379 pane

169 4414 227 4459 et
266 4415 406 4469 aqua
450 4413 571 4455 cum
616 4405 813 4467 septem
853 4398 1190 4465 sequentibus
1236 4399 1389 4453 annis
1429 4403 1704 4467 pmniteas,

170 4491 297 4560 quia
327 4487 581 4542 Dominus
605 4485 772 4539 dixit:
818 4482 918 4548 Qui
946 4483 1268 4539 maledixerit
1303 4487 1441 4554 patri
1476 4503 1590 4552 suo,
1632 4486 1708 4540 vel

171 4578 349 4640 matri,
384 4583 546 4629 morte
566 4574 834 4628 moriatur.

189 4664 193 4670 ’
362 4663 483 4717 Tir.
513 4675 708 4730 νιωι».
735 4675 815 4715 ιιι.
841 4659 921 4714 οι
941 4660 1155 4730 crapula
1188 4671 1238 4716 et
1256 4664 1520 4719 ebrietate.

788 4763 1110 4804 τιιεοιιοιιυε.

246 4838 543 4898 “Sacerdos
566 4836 827 4908 quislibet,
845 4837 887 4892 si
910 4824 1200 4893 inebriatur
1219 4854 1315 4908 per
1339 4841 1709 4909 ignorantiam,

172 4941 375 5002 septem
402 4927 517 4982 dies
547 4926 800 4994 paeniteat
832 4926 885 4982 in
908 4939 1043 4995 pane
1066 4937 1120 4984 et
1144 4943 1297 4997 aqua.
1336 4929 1390 4983 Si
1416 4945 1511 4999 per
1548 4932 1712 4998 negti.

172 5017 428 5088 gentiam,
451 5012 749 5082 quindecim
773 5011 887 5066 dies
912 5028 926 5076 ;
978 5013 1022 5066 si
1048 5029 1143 5082 per
1162 5015 1538 5085 contemptum,
1583 5032 1714 5086 qua-

173 5104 418 5173 draginta
435 5100 569 5154 dies.
593 5097 871 5163 Diaconus,
896 5099 979 5153 vel
1006 5103 1292 5156 monachus
1317 5105 1601 5162 secundum
1625 5119 1715 5159 or—

175 5194 381 5254 dinem,
411 5197 470 5242 ut
495 5186 748 5255 scriptum
771 5195 880 5249 est,
910 5202 1002 5242 seu
1028 5195 1082 5241 ct
1110 5188 1296 5258 reliqui
1318 5191 1498 5246 clerici
1524 5199 1584 5245 ut
1611 5193 1710 5246 mi-

242 5335 270 5364 ι
299 5319 519 5381 Durch.,
543 5316 580 5369 l.
606 5331 715 5376 xtx,
740 5328 787 5367 c.
817 5314 936 5367 278.

245 5390 274 5430 ιι
302 5390 463 5444 Cone.
490 5385 749 5445 Eliberit.,
786 5397 832 5451 ς,
866 5383 947 5436 t2.

246 5468 270 5497 α
301 5450 580 5521 Burch.,l.
614 5468 689 5515 xi,
726 5449 904 5515 c.58;
934 5451 1044 5516 lvo,
1079 5468 1132 5521 p.
1168 5471 1286 5521 xui,
1315 5472 1362 5511 c.
1396 5457 1465 5521 4;
1503 5455 1705 5521 Ansel.,

180 5527 270 5580 lib.
303 5541 380 5587 x1,
410 5538 458 5576 c.
492 5519 608 5574 109.
804 5540 811 5545 υ

248 5591 274 5630 ἀ
303 5591 493 5659 Potuit.
519 5588 669 5659 Rom.
697 5590 763 5659 ab
791 5590 980 5659 Halitg.
1004 5591 1322 5659 exscriptum
1347 5606 1376 5646 e
1394 5592 1589 5647 scrinio
1616 5608 1707 5649 ec-

183 5669 355 5782 :tegtgm
379 5658 555 5718 item;
582 5658 798 5725 Regina,
821 5659 855 5711 l.
884 5658 948 5722 tt,
966 5674 1081 5727 cap.
1114 5658 1244 5725 268;
1268 5662 1484 5728 Burch.,
1509 5660 1598 5717 lib.
1632 5678 1706 5727 xi,

183 5739 231 5780 α.

306 5794 509 5866 Apscl.,
526 5793 617 5850 lib.
642 5808 714 5862 xt,
737 5808 784 5849 c.
811 5792 927 5848 112.

1947 2038 2074 2093 Car.
2115 2056 2260 2092 χχχι.
2290 2040 2365 2094 De
2400 2042 2838 2097 administratione
2862 2045 3181 2098 xenodochii.

2164 2126 2259 2195 (Ex
2288 2127 2640 2180 Ptenitentiali
2670 2131 2970 2199 Theodori.)
3135 2140 3137 2142 ’

1876 2208 1891 2246 ί
1925 2205 1981 2260 Si
2007 2207 2123 2274 quis
2161 2210 2484 2261 xenodochia
2528 2224 2813 2278 pauperum
2840 2215 3205 2280 administrat,
3252 2217 3337 2271 vel

1802 2291 2031 2346 decimas
2071 2294 2247 2361 populi
2281 2298 2596 2363 susceperit,
2643 2307 2696 2351 et
2722 2300 2909 2354 exinde
2933 2302 3015 2355 vel
3040 2303 3151 2357 suis
3172 2318 3338 2358 saecu-

1800 2379 1998 2433 laribus
2030 2381 2190 2436 lucris
2232 2385 2539 2439 sectandum
2574 2388 2769 2455 aliquid
2794 2391 3135 2454 subtraxerit,
3185 2395 3337 2459 quasi

1801 2486 1977 2526 rerum
2007 2474 2219 2527 invasor
2248 2490 2368 2529 reus
2397 2480 2646 2531 damnum
2676 2480 2939 2545 restituat,
2974 2490 3026 2534 et
3054 2483 3150 2537 sub
3178 2498 3341 2538 cano-

1801 2563 1921 2616 nico
1960 2561 2159 2628 judicio
2199 2564 2531 2628 reformetur,
2574 2576 2627 2619 et
2656 2579 2777 2635 agat
2822 2571 3182 2636 paenitentiam
3232 2582 3340 2627 tres

1801 2663 1986 2702 annos.
2021 2648 2282 2719 Scripzum
2318 2660 2401 2707 est
2427 2654 2603 2706 enim:
2635 2654 2810 2708 Talem
2843 2656 3094 2711 Dominus
3120 2660 3333 2728 dispen-

1801 2744 2031 2788 satorem
2058 2738 2264 2804 qumrit,
2293 2740 2379 2806 qui
2413 2741 2512 2793 sibi
2538 2743 2601 2794 de
2629 2743 2738 2797 suis
2768 2744 2897 2797 nihil
2930 2753 3165 2813 usurpet.

1803 2823 1923 2877 Trr.
1955 2838 2068 2887 vm,
2096 2839 2210 2877 CAP.
2237 2841 2317 2899 x1.
2361 2828 2617 2899 Habentes
2658 2842 2767 2899 post
2801 2842 2968 2886 votum
3007 2850 3108 2887 non
3131 2847 3248 2890 sunt
3274 2838 3336 2890 ab

2300 2896 2511 2947 invicem
2536 2896 2827 2965 separandi.

2408 3000 2726 3040 THEODORUS.

1873 3066 1929 3121 Si
1972 3068 2067 3121 vir
2116 3078 2294 3125 votum
2348 3071 2362 3120 ἱ
2422 3074 2742 3141 virginitatis
2791 3077 2991 3132 habens
3043 3061 3341 3151 adiungitur

1801 3155 1971 3217 uxori,
2003 3163 2185 3221 postea
2212 3171 2316 3210 non
2343 3158 2571 3213 dimittat
2597 3177 2835 3221 uxorem.
2868 3166 2956 3219 sed
2999 3167 3167 3222 tribus
3189 3168 3341 3222 annis

1730 3230 1776 3293 C
1805 3242 2075 3310 pteniteat.

2539 3338 2603 3394 Il.

2003 3421 2091 3474 ex
2114 3420 2608 3480 musarum
2638 3429 2883 3487 RABANI
2909 3422 3141 3492 motu.

2160 3527 2541 3580 Ακειιιιῖιηεεορι
2576 3534 2998 3578 υοδυκτικεκδιε.

1977 3593 2087 3649 ιω.
2118 3613 2197 3661 ιιι,
2226 3614 2339 3653 αλιι.
2371 3617 2449 3659 vi.
2474 3603 2547 3655 De
2570 3607 2873 3671 panitentiis
2894 3610 3160 3669 laicorum.

1872 3682 2080 3775 Ite—min
2104 3689 2409 3752 pmniteutia
2430 3729 2445 3754 ,
2476 3706 2631 3759 quam
2660 3696 2964 3755 Theodorus
2993 3706 3341 3775 archiepisco—

1804 3784 1903 3837 pus
1928 3769 2210 3859 Britannize
2246 3791 2366 3828 cum
2396 3781 2600 3835 caeteris
2640 3784 2900 3855 episcopis
2924 3769 3215 3859 constituit,
3264 3799 3337 3853 ita

1804 3858 2137 3912 continetur:
2166 3861 2222 3914 Si
2248 3863 2404 3931 homo
2439 3878 2658 3931 vexatus
2682 3880 2763 3941 est
2787 3889 2816 3927 a
2843 3872 3074 3944 diabdlo,
3098 3891 3151 3936 et
3176 3858 3344 3940 nescit

1803 3946 1999 4014 aliquid
2028 3949 2128 4002 nisi
2157 3951 2351 4021 ubique
2368 3954 2681 4024 discurram,
2709 3970 2765 4042 et
2784 3965 2974 4024 occidit
3001 3974 3340 4042 semetipsum

1805 4048 2117 4103 quacunque
2145 4050 2325 4103 causa,
2360 4042 2575 4108 prodest
2612 4054 2671 4096 ut
2709 4039 2889 4102 oretur
2911 4067 3005 4119 pro
3033 4069 3118 4121 eo,
3153 4039 3201 4112 si
3220 4070 3356 4117 ante.

1807 4122 2082 4191 religiosus
2106 4131 2218 4178 erat
2241 4142 2256 4190 ;
2302 4127 2347 4181 si
2371 4142 2467 4196 pro
2499 4130 2882 4202 desperatione,
2923 4149 3014 4194 aut
3037 4158 3131 4210 pro
3153 4146 3340 4203 timore

1805 4210 2003 4279 aliquo,
2047 4222 2137 4266 aut
2165 4228 2267 4289 pro
2301 4218 2477 4272 causis
2513 4220 2813 4292 incognitis,
2861 4226 2968 4283 Deo
2994 4231 3339 4301 relinquimus

1806 4304 1905 4359 hoc
1924 4303 2202 4372 judicium,
2230 4316 2283 4363 et
2314 4325 2417 4363 non
2451 4313 2566 4366 ausi
2609 4330 2791 4371 sumus
2831 4333 2928 4386 pro
2963 4336 3028 4375 eo
3050 4338 3219 4390 orare,
3248 4329 3340 4396 qui

1806 4393 2147 4459 semetipsum
2185 4396 2438 4451 occiderit
2479 4403 2687 4468 propria
2717 4419 2810 4458 sua
2839 4407 3121 4464 voluntate.
3154 4393 3340 4470 Missas

1806 4492 1902 4546 pro
1927 4492 1989 4532 eo
2027 4477 2203 4534 facere
2245 4496 2349 4545 non
2372 4482 2518 4549 licet,
2561 4486 2652 4540 sed
2683 4495 2883 4543 tantum
2911 4507 3084 4559 orare,
3126 4505 3181 4551 et
3202 4498 3340 4553 eice-

1734 4547 1785 4608 D
1811 4582 2056 4638 mosynas
2085 4569 2286 4640 largiri,
2332 4573 2376 4628 si
2404 4547 2535 4642 quis
2575 4576 2904 4636 Christianus
2948 4547 3337 4643 subitavte‘nta—

1812 4656 1954 4712 tione
1980 4668 2156 4714 mente
2194 4675 2288 4715 sua
2322 4664 2596 4729 exciderit,
2633 4668 2719 4722 vel
2742 4682 2837 4738 per
2861 4672 3119 4737 insaniam
3144 4686 3339 4734 semet-

1810 4743 1980 4812 ipsum
2027 4747 2311 4810 occiderit,
2357 4751 2570 4818 quidam
2613 4769 2708 4823 pro
2773 4772 2837 4812 eo
2881 4761 3072 4818 missas
3114 4764 3332 4821 faciunt.

1808 4830 1949 4925 item;
1974 4834 2027 4887 in
2054 4836 2237 4890 eodem
2264 4837 2399 4894 libro
2424 4858 2437 4893 :
2486 4840 2539 4895 Si
2566 4844 2683 4910 quis
2706 4860 2799 4912 pro
2823 4849 3020 4905 ultione
3056 4857 3334 4925 propinqui

1810 4920 2073 5013 hominem
2093 4925 2366 4992 occiderit,
2407 4932 2658 4995 paeniteat
2684 4934 2820 4988 sicut
2846 4937 3103 4995 homicida
3132 4920 3334 5013 septem

1805 5007 1891 5061 vel
1918 5009 2098 5102 decem
2121 5026 2323 5102 annos;
2355 5015 2408 5102 si
2450 5023 2623 5072 tamen
2653 5019 2869 5078 reddere
2895 5025 3004 5079 vult
3031 5007 3335 5102 prepinquis

1806 5098 2083 5187 pecuniam
2123 5100 2484 5159 aestimationis
2529 5105 2694 5163 levior
2727 5110 2830 5163 erit
2864 5098 3170 5180 paenitentia
3197 5098 3331 5187 eius,

1806 5184 1860 5238 id
1892 5191 1995 5251 est,
2037 5185 2253 5243 dimidio
2279 5191 2467 5259 spatio.
2514 5193 2613 5260 Qui
2653 5198 2906 5255 occiderit
2948 5184 3332 5276 hominem-pro

1882 5320 1902 5358 ί
1930 5317 2148 5385 Burcb.,
2175 5321 2211 5373 l.
2243 5338 2351 5387 xIx,
2380 5339 2426 5378 c.
2450 5325 2569 5380 270.

1879 5389 1905 5468 ξ
1924 5387 2197 5468 Durabat.
2230 5405 2339 5454 Juv,
2368 5408 2482 5468 e_a_p.
2514 5397 2583 5468 8_;
2612 5397 2718 5461 lvo,
2742 5414 2792 5468 p.
2818 5416 2932 5466 xm,
2963 5418 3011 5458 c.
3038 5404 3105 5459 76

1874 5455 2139 5535 bifurci)“
2226 5474 2275 5521 ν,
2300 5475 2347 5514 c.
2378 5455 2482 5535 ιιι,
2528 5455 2637 5535 lvo,
2662 5455 2715 5535 p.
2742 5455 2833 5533 xv,
2862 5455 3055 5526 edit).

1882 5527 1898 5601 ξ
1926 5523 2149 5601 βαι-εει,
2171 5526 2206 5578 Ι.
2232 5542 2283 5591 v,
2302 5544 2355 5601 _c_.
2386 5523 2483 5583 159
2504 5546 2518 5595 ;
2540 5523 2644 5597 lvo,
2748 5523 2835 5601 xv,
2857 5523 2906 5592 c.
2940 5523 3058 5596 HD.

1883 5551 1898 5565 -
1927 5551 2144 5586 nurum,
2171 5551 2206 5578 ι.
2236 5551 2283 5591 ν,
2308 5551 2355 5582 c.
2386 5551 2483 5583 Iov
2504 5551 2518 5595 ;
2540 5551 2644 5597 tvo,
2709 5575 2722 5589 .
2748 5551 2816 5589 xv
2857 5554 2906 5592 c.
2940 5551 3058 5596 M9.

1880 5590 2460 5680 (ρεστ.
2499 5614 2549 5680 p.
2575 5616 2629 5680 Δι,
2658 5551 2780 5680 dist.
2820 5577 2909 5680 ’27,
2939 5624 2986 5663 c.
3011 5609 3067 5679 5)
3103 5609 3332 5680 additur,

1808 5658 2177 5744 simplexnsed
2222 5658 2369 5744 abest
2395 5658 2626 5744 \Rx'ista
2656 5672 2722 5725 ab
2748 5658 2991 5732 omnibus
3013 5658 3328 5744 ⁷έοιῖίῖιιξῖιίξ

1809 5727 2147 5818 ςι-ἰρςςα-ξῖ,
2162 5732 2281 5818 qi!
2290 5772 2310 5818 ,γ
2321 5747 2372 5818 c.
2484 5738 2598 5804 quis
2621 5749 2806 5818 votum,
2842 5727 3000 5802 etiam
3024 5727 3090 5803 51$

1810 5799 1902 5882 sis,
1933 5804 1988 5851 ut
2014 5799 2433 5857 animadvertunt
2458 5799 2682 5862 correct.
2711 5799 2863 5868 Grut.
