4110 6430
748 499 846 556 965

1681 494 2013 551 THEODORI
2054 495 2354 549 ARClllEl’.
2395 494 2923 551 CANTUABIENSIS

3602 117 3986 221 -τ

3769 492 3864 546 984

744 612 972 668 vindicta
1016 610 1206 672 fratris,
1237 607 1412 661 tribus
1448 609 1600 661 annis
1628 609 1897 675 preniteat.
1943 608 1998 661 In
2023 607 2125 661 alio
2148 607 2261 662 loco
2290 612 2332 669 Α
2361 610 2457 662 bus
2480 624 2535 662 se
2563 609 2819 662 abstineat
2856 609 2921 662 ab
2950 582 3200 669 Ecclesia,
3240 614 3293 660 et
3322 607 3409 674 qui
3437 606 3691 659 occiderit
3711 608 3874 662 homi-

744 700 925 754 decem
955 713 1116 750 annos
1145 698 1334 750 dicitur
1361 698 1610 762 poeniteat
1636 713 1648 758 ;
1681 698 1937 750 homicida
1966 703 2136 749 autem
2173 696 2262 749 de-

741 802 856 843 cem
895 786 973 839 vel
1004 784 1428 853 scptem'annos.
1473 784 1528 837 Si
1568 786 1732 838 laicus
1760 785 1980 838 alterum
2017 785 2265 838 occiderit

742 878 846 932 odii
878 878 1239 938 meditatione,
1288 876 1330 926 si
1358 888 1458 926 non
1489 873 1599 926 vult
1622 889 1766 925 arma
1810 874 2119 940 relinquere,
2149 887 2263 941 pa:—

742 966 1013 1017 nitentiam
1046 970 1240 1031 septem
1274 977 1549 1025 annorum,
1597 964 1708 1015 sine
1729 976 1887 1014 carne
1913 969 1967 1015 et
1993 961 2114 1015 vino
2158 970 2263 1014 tres

742 1069 923 1107 annos.
982 1043 1036 1106 Si
1076 1054 1192 1120 quis
1225 1053 1475 1104 occiderit
1518 1052 1828 1104 monachum
1871 1050 1950 1102 vel
1993 1048 2260 1113 clericum,

739 1152 905 1195 artem
949 1142 1224 1207 relinquat,
1274 1149 1325 1191 et
1368 1140 1474 1193 Deo
1521 1139 1729 1200 serviat,
1774 1147 1827 1190 et
1872 1145 2067 1204 septem
2098 1150 2261 1189 annos

738 1232 1006 1299 praeniteat,
1043 1230 1181 1295 quod
1210 1229 1260 1280 in
1297 1226 1496 1294 judicio
1526 1226 1754 1293 episcopi
1781 1236 1879 1278 est.
1923 1224 2019 1289 Qui
2048 1223 2262 1291 presby-

739 1328 905 1371 terum
938 1319 1209 1379 occiderit,
1250 1306 1526 1370 duodecim
1571 1330 1824 1368 annorum
1864 1316 1911 1367 ei
1953 1314 2260 1383 pmnitentia

737 1408 1019 1459 secundum
1064 1420 1288 1458 canones
1328 1405 1658 1475 imponatur;
1704 1410 1791 1454 aut
1820 1402 1860 1453 si
1888 1403 2176 1470 negaverit,
2216 1401 2259 1454 si

736 1491 868 1545 liber
894 1503 993 1555 est,
1039 1507 1154 1544 cum
1184 1490 1632 1555 duodecimjuret.
1668 1490 1720 1541 Si
1748 1498 1920 1541 autem
1955 1504 2062 1541 serv
2077 1503 2135 1540 us
2169 1504 2260 1554 per

736 1578 1005 1631 duodecim
1044 1593 1280 1631 vomeres
1325 1578 1585 1630 ferventes
1628 1593 1683 1629 se
1726 1587 1942 1645 purget,
1992 1578 2259 1629 convictus

735 1682 867 1720 noxa
906 1684 1067 1735 usque
1096 1667 1159 1719 ad
1201 1668 1440 1719 ultimum
1468 1668 1586 1719 vita:
1627 1677 1830 1733 tempus
1859 1667 2055 1717 militiae
2081 1666 2260 1731 cingu-

736 1756 839 1811 lum
864 1758 1106 1823 deponat,
1137 1765 1189 1809 et
1216 1771 1431 1809 uxorem
1460 1758 1684 1807 amittat.
1722 1756 1818 1819 Qui
1849 1770 1941 1821 per
1972 1755 2257 1821 jussionem

732 1844 935 1897 Domini
964 1846 1041 1898 sui
1071 1845 1623 1903 occiderithominem,
1654 1843 1995 1910 quadraginta
2020 1842 2128 1893 dies
2153 1856 2259 1908 pce-

732 1934 919 1997 niteat,
965 1944 1018 1986 et
1052 1933 1140 2001 qui
1167 1933 1419 1985 occiderit
1444 1932 1724 1991 hominem,
1769 1930 2112 1997 quadraginta
2154 1929 2260 1981 die-
2292 1924 2335 1983 Β

2364 711 2480 748 nem
2505 697 2554 748 in
2580 697 2784 763 publico
2808 696 2961 757 bello,
3008 694 3350 762 quadraginta
3374 694 3558 747 diebus
3587 695 3870 761 paeniteat;

2362 786 2404 836 si
2435 799 2528 852 per
2560 785 2719 847 iram,
2770 793 2878 837 tres
2925 798 3125 845 annos;
3167 784 3210 835 si
3253 796 3427 844 causa,
3468 795 3573 833 uno
3615 796 3790 845 anno;
3826 784 3876 837 si

2361 886 2454 939 per
2479 873 2722 939 populum
2747 874 2828 926 vel
2858 886 2953 939 per
2976 880 3142 926 artem
3181 873 3427 940 aliquam,
3459 879 3660 939 septem
3693 886 3872 935 annos,

2360 967 2451 1009 aut
2491 960 2644 1027 plus;
2684 961 2725 1013 si
2756 976 2849 1028 per
2875 960 3059 1021 rixam,
3097 960 3275 1013 decem
3303 974 3469 1012 annos
3506 960 3776 1027 pteniteat.
3819 960 3873 1013 Si

2360 1048 2477 1112 quis
2505 1047 2761 1101 malelicio
2805 1064 2899 1101 suo
2930 1048 3152 1115 aliquem
3188 1048 3488 1115 perdiderit,
3535 1047 3767 1115 quinque
3789 1064 3877 1099 an-

2360 1148 2455 1186 nos
2478 1135 2743 1202 poeniteat,
2791 1135 2921 1189 duos
2945 1151 3009 1188 ex
3033 1135 3113 1188 his
3139 1136 3191 1188 in
3223 1148 3356 1203 pane
3380 1143 3432 1188 et
3471 1149 3628 1202 aqua.
3676 1134 3733 1187 Si
3763 1136 3875 1201 quis

2358 1236 2451 1288 per
2477 1230 2707 1275 amorem
2735 1222 2995 1276 veneficus
3023 1224 3109 1286 sit,
3138 1230 3191 1275 et
3216 1223 3473 1275 neminem
3496 1222 3803 1289 perdiderit,
3831 1224 3871 1272 si

2359 1309 2577 1362 clericus
2596 1318 2703 1379 est,
2725 1326 2885 1364 unum
2910 1326 3100 1364 annum
3124 1312 3375 1379 poeniteat
3397 1313 3447 1363 in
3473 1325 3607 1379 pane
3635 1322 3687 1364 et
3714 1326 3871 1378 aqua;

2357 1400 2397 1451 si
2423 1400 2665 1455 sacerdos
2690 1401 2934 1467 quinque,
2968 1401 3068 1454 duo
3100 1416 3164 1454 ex
3205 1403 3286 1453 his
3308 1402 3361 1453 in
3389 1414 3523 1467 pane
3549 1411 3604 1455 et
3636 1416 3790 1469 aqua.
3821 1401 3873 1452 Si

2358 1489 2603 1541 diaconus
2633 1497 2737 1542 tres
2761 1504 2945 1552 annos,
2980 1506 3140 1541 unum
3172 1505 3237 1541 ex
3268 1490 3351 1542 his
3378 1492 3429 1542 in
3467 1505 3603 1557 pane
3632 1501 3686 1542 et
3723 1505 3873 1557 aqua,

2356 1588 2407 1626 et
2434 1575 2594 1628 laicus
2623 1577 2891 1630 dimidium
2915 1591 3105 1630 annum
3137 1580 3389 1645 poeniteat
3419 1596 3430 1628 :
3469 1580 3698 1632 maxime
3718 1580 3761 1631 si
3790 1593 3879 1645 per

2356 1664 2452 1715 hoc
2496 1664 2728 1717 mulieris
2751 1672 2959 1731 partum
2996 1666 3213 1731 quisque
3242 1666 3534 1733 deceperit,
3581 1674 3691 1720 tres
3718 1681 3881 1720 annos

2355 1752 2705 1821 unusquisque
2733 1761 3077 1825 superaugeat
3117 1755 3167 1808 in
3190 1769 3322 1824 pane
3345 1763 3396 1808 et
3428 1769 3583 1825 aqua,
3622 1770 3689 1809 ne
3716 1754 3879 1808 homi-

2355 1841 2474 1893 cidii
2502 1855 2620 1894 reus
2643 1841 2727 1895 sit.

1882 2162 2717 2273 FRAGMENTA

1520 2370 1643 2446 EX
1695 2363 2513 2447 COLLECTORIBUS
2580 2365 3087 2445 CANONUM.

1456 2607 1482 2667 Ι

993 2727 1106 2784 12x
1155 2723 1401 2784 LIBRIS
1454 2722 1510 2781 Il
1554 2696 1967 2781 REGINONIS

815 2822 917 2884 DE
963 2818 1569 2882 ECCLESIASTICIS
1614 2814 2064 2878 DlSClPLlNlS
2100 2825 2148 2869 ⁸.

957 2942 1042 2994 DE
1084 2938 1517 2995 SUSCIPIENDA
1551 2933 2026 2990 CONFESSIONE.

724 3036 823 3108 (Ex
870 3033 1129 3089 Theodori
1197 3026 1576 3108 archiepiscopi
1603 3024 1712 3108 “vel
1756 3023 1909 3079 Beda:
1955 3026 2253 3097 presbyteri

1285 3093 1683 3165 Pmnitentiali.)

789 3214 900 3268 Lm.
949 3208 1009 3273 t,‘
1037 3226 1150 3264 car.
1193 3223 1391 3262 ccxcvr.
1435 3207 1462 3246 ιι
1510 3206 1752 3274 Episcopi
1803 3203 1883 3257 vel
1941 3203 2254 3273 presbyteri,

720 3304 928 3373 quando
979 3300 1209 3354 ﬁdelium
1259 3296 1520 3363 recipiunt
1560 3293 1940 3354 confessiones,
1980 3292 2255 3347 bumiliare

718 3407 775 3446 se
801 3392 1079 3451 dcbent,et
1096 3402 1214 3441 cum
1240 3385 1468 3438 tristitia:
1487 3384 1683 3452 gemitu
1706 3381 2054 3450 lacrymisque
2077 3397 2253 3445 orare,

719 3496 821 3534 non
859 3478 1022 3532 solum
1071 3490 1167 3543 pro
1199 3474 1308 3525 suis
1347 3472 1573 3531 delictis,
1620 3469 1711 3522 sed
1746 3470 1903 3521 etiam
1954 3483 2050 3535 pro
2077 3467 2255 3523 fratris

718 3584 867 3623 casu.
917 3566 1005 3618 Ait
1031 3566 1172 3618 enim
1217 3561 1498 3630 Apostolus
1528 3576 1540 3611 :
1574 3556 1700 3621 Quis
1747 3557 2061 3628 inﬁrmatur,
2091 3566 2137 3611 et
2164 3574 2254 3628 ego

718 3674 818 3712 non
838 3656 1072 3724 inﬁrmor
1098 3652 1178 3724 (11
1207 3650 1326 3706 Cor.
1353 3650 1405 3717 χ)
1428 3652 1448 3702 ?

1301 3737 1445 3791 Unde
1493 3754 1671 3805 supra.

783 3834 909 3887 Cn.
941 3844 1188 3885 ccxcvm.
1222 3838 1243 3866 ε
1273 3826 1403 3880 Cum
1450 3838 1576 3893 ergo
1619 3824 1824 3878 venerit
1852 3824 2039 3891 aliquis
2060 3826 2126 3878 ad
2170 3841 2254 3880 sa-

717 3921 983 3976 cerdotem
1025 3914 1264 3972 confiteri
1290 3920 1503 3983 peccata
1547 3927 1661 3979 sua,
1688 3912 1904 3991 mandet
1934 3914 1983 3966 ei
2010 3902 2253 3967 sacerdos

718 4020 777 4063 ut
801 4016 1069 4077 exspectet
1107 4005 1392 4065 modicum,
1437 4002 1603 4057 donec
1643 4005 1803 4057 intret
1832 4002 2127 4065 ecclesiam,
2164 4010 2254 4055 aut

716 4098 1016 4154 cubiculum
1055 4111 1205 4149 suum
1227 4095 1294 4148 ad
1314 4094 1626 4146 orationem.
1657 4092 1712 4147 Si
1747 4101 1921 4147 autem
1947 4108 2050 4147 non
2073 4102 2152 4147 est
2179 4094 2253 4145 lo-

718 4200 814 4239 cus
854 4193 1009 4252 aptus
1053 4182 1121 4235 ad
1166 4182 1285 4235 hoc.
1324 4180 1464 4233 dicat
1509 4180 1645 4234 hanc
1670 4180 1961 4234 orationem
2003 4181 2053 4232 in
2094 4180 2252 4233 corde

718 4286 835 4326 SUO.

1371 4369 1582 4411 οιιΑτιο.

2356 2600 2551 2653 tionem
2577 2600 2813 2661 veritatis
2850 2601 3046 2675 venire,
3074 2602 3165 2670 qui
3189 2617 3291 2656 non
3336 2601 3418 2657 vis
3444 2610 3669 2660 mortem
3691 2617 3879 2676 pecca-

2356 2696 2548 2751 torum,
2573 2689 2664 2740 sed
2686 2696 2743 2741 ut
2759 2697 3131 2743 convertantur
3154 2697 3208 2742 et
3233 2690 3429 2753 vivant,
3460 2692 3666 2760 suscipe
3689 2694 3879 2745 oratio-

2355 2792 2476 2831 nem
2507 2789 2696 2837 meam,
2722 2792 2878 2844 quam
2908 2777 3066 2832 fundo
3086 2785 3206 2830 ante
3232 2786 3565 2846 conspectum
3589 2779 3873 2837 clementia

2352 2872 2455 2918 tuas
2482 2879 2577 2932 pro
2622 2864 2830 2918 famulis
2855 2872 2906 2918 et
2945 2866 3238 2931 famulahus
3272 2867 3376 2920 tuis
3414 2868 3502 2934 qui
3533 2868 3599 2921 ad
3622 2869 3873 2936 pteniten-

2350 2953 2478 3007 tiam
2512 2963 2787 3017 venerunt,
2823 2963 2881 3007 ut
2927 2954 3021 3007 des
3044 2954 3145 3007 illis
3169 2955 3409 3023 spiritum
3444 2960 3873 3026 compunetionis,

2347 3049 2406 3095 ut
2445 3044 2757 3112 resipiscant
2784 3060 2815 3097 a
2858 3045 3049 3099 diaboli
3088 3046 3307 3112 laqueis,
3340 3061 3370 3098 a
3421 3063 3524 3114 quo
3574 3050 3779 3103 astricti
3808 3058 3877 3103 te-

2278 3115 2325 3179 C
2353 3139 2562 3194 nentur,
2602 3141 2657 3184 et
2679 3133 2745 3185 ad
2783 3141 2835 3185 te
2878 3147 2974 3200 per
2995 3135 3305 3203 condignam
3356 3135 3769 3192 satisfactionem
3800 3154 3867 3191 re

2352 3226 2628 3273 vertantur
2653 3235 2745 3288 per
2768 3222 3005 3274 eumdem
3030 3220 3326 3275 Dominum.

2424 3310 2616 3365 Videas
2642 3319 2813 3364 autem
2838 3311 2923 3366 ille
2953 3313 3040 3380 qui
3063 3314 3127 3366 ad
3150 3314 3510 3382 pmnitentiam
3538 3318 3687 3370 venit
3705 3331 3877 3372 sacer.

2353 3398 2526 3451 dotem
2557 3400 2759 3452 tristem
2798 3408 2851 3453 et
2884 3400 3259 3467 lacrymantem
3286 3415 3381 3468 pro
3402 3404 3512 3455 suis
3536 3402 3876 3469 facinoribus,

2355 3487 2520 3552 magis
2546 3486 2657 3554 ipse
2687 3486 2874 3539 timore
2899 3487 2990 3540 Dei
3017 3486 3289 3554 perculsus
3310 3488 3536 3555 amplius
3565 3492 3802 3548 tristetur
3824 3503 3877 3550 et

2352 3577 2693 3630 exhorrescat
2716 3585 2931 3645 peccata
2961 3592 3053 3631 sua
3086 3588 3128 3629 ο.

2526 3702 2705 3760 ORDO
2744 3706 2835 3759 AD
2888 3704 3165 3759 DANDAM
3198 3705 3705 3766 ΡωΝιτεΝτιΑΜ.

2922 3793 3078 3851 .Unde
3108 3811 3281 3864 supra.

2418 3903 2543 3956 CAP.
2572 3918 2681 3956 ccc.
2715 3905 2733 3943 ι
2776 3904 2903 3958 Post
2927 3904 3041 3959 haec
3067 3905 3331 3975 interroga
3359 3923 3480 3961 eum
3514 3909 3705 3967 blande
3747 3914 3873 3969 leni-

2353 4004 2551 4061 terque.
2581 3993 2763 4047 Credis
2791 3994 2843 4046 in
2876 3994 3038 4047 Deum
3076 3994 3283 4050 Patrem
3310 4006 3361 4051 et
3385 3998 3575 4053 Filiam
3612 4010 3666 4055 et
3711 4004 3871 4072 Spiri-

2352 4095 2458 4139 tum
2483 4087 2754 4138 sanctum?
2773 4084 2921 4153 Resp.
2951 4084 3139 4141 Credo.
3160 4117 3231 4127 —
3247 4087 3430 4142 Credis
3458 4092 3597 4157 quod
3631 4092 3745 4146 ista:
3769 4103 3873 4149 tres

2349 4186 2585 4238 persona:
2633 4186 2767 4224 unus
2816 4171 2952 4225 Deus
3000 4174 3101 4227 sit?
3148 4173 3297 4241 Resp.
3350 4175 3536 4231 Credo.
3580 4196 3652 4224 +—
3693 4181 3870 4239 Credis

2349 4260 2488 4327 quod
2515 4260 2568 4312 in
2592 4260 2700 4327 ipsa
2736 4260 2837 4313 ista
2876 4275 3052 4325 carne,
3080 4262 3131 4315 in
3160 4276 3261 4330 qua
3289 4278 3427 4319 nunc
3460 4280 3537 4330 es,
3582 4268 3635 4321 in
3662 4272 3771 4339 ipsa
3801 4289 3871 4327 re-

2350 4364 2566 4417 surgere
2606 4351 2770 4406 habes
2797 4351 2849 4405 in
2890 4350 2974 4405 die
2988 4348 3171 4423 judicii
3209 4362 3263 4408 et
3287 4355 3520 4423 recipere
3548 4357 3660 4411 sive
3681 4360 3871 4416 bonum

786 4448 912 4503 Car.
943 4460 1149 4500 ccxcu.
1191 4443 1217 4484 δ
1248 4442 1467 4498 Domine
1506 4445 1643 4498 Deus
1678 4445 2026 4512 omnipotens,
2076 4447 2248 4515 propi-
2278 4444 2324 4502 D
2348 4440 2457 4491 Sive
2498 4438 2692 4492 malum
2717 4437 2854 4507 quod
2879 4437 3121 4509 gessisti?
3145 4440 3336 4498 Credo.
3378 4473 3446 4485 --
3482 4446 3576 4501 Vis
3611 4450 3871 4506 dimittere

718 4537 825 4589 tius
868 4543 981 4588 esto
1029 4533 1156 4586 mihi
1205 4531 1502 4599 peccatori,
1552 4539 1611 4583 ut
1644 4533 1898 4599 condigne
1929 4535 2017 4587 tibi
2048 4537 2245 4602 possim

719 4624 916 4691 gratias
940 4634 1118 4689 agere,
1149 4619 1238 4687 qui
1268 4633 1351 4672 me
1376 4619 1642 4688 indignum
1670 4629 1883 4689 propter
1906 4629 2047 4674 tuam
2085 4623 2244 4676 mises

718 4709 999 4766 ricordiam
1048 4708 1347 4760 ministrum
1391 4705 1563 4761 fecisti
1604 4707 1758 4762 ofﬁcii
1801 4711 2156 4775 sacerdotalis,
2195 4721 2248 4767 et

720 4812 804 4852 me
829 4797 1072 4865 exiguum
1096 4794 1448 4862 humilemque
1470 4792 1811 4849 mediatorem
1837 4799 2155 4851 constituisti
2181 4799 2245 4851 ad

718 4884 974 4938 orandum
1020 4893 1074 4937 et
1101 4883 1525 4936 intercedendum
1574 4884 1641 4937 ad
1689 4885 1965 4938 Dominum
2009 4894 2245 4940 nostrum

717 4968 895 5023 Iesum
927 4967 1190 5021 Christum
1220 4968 1406 5021 Filium
1433 4975 1576 5021 tuum
1607 4985 1701 5037 pro
1726 4972 2063 5038 peccantibus
2088 4980 2142 5025 et
2180 4972 2245 5026 ad

719 5057 1080 5126 pmnitentiam
1122 5057 1523 5111 revertentibus.
1566 5058 1788 5126 ldeoque
1826 5059 2120 5115 dominator
2152 5062 2246 5115 Do-

720 5148 879 5210 mine,
911 5148 998 5216 qui
1025 5161 1208 5201 omnes
1230 5147 1468 5202 homines
1491 5148 1571 5202 vis
1595 5148 1766 5203 salvos
1791 5149 1904 5204 fieri
1931 5159 1983 5204 et
2011 5152 2075 5204 ad
2101 5153 2246 5222 agni—

790 5288 816 5315 ι
845 5276 951 5329 llos
973 5277 1054 5329 vir
1076 5277 1461 5332 eruditissimus
1476 5278 1717 5334 Baluzius
1743 5279 1808 5334 ad
1830 5280 1984 5337 fidem
2002 5285 2245 5338 vetustis-

719 5345 837 5401 simi
860 5346 1053 5397 codicis
1075 5355 1317 5399 accurate
1340 5348 1651 5401 emendavit.

788 5418 814 5450 υ
845 5411 1055 5483 lialigt.,
1086 5414 1138 5465 in
1162 5414 1307 5483 praef.
1336 5415 1371 5466 l.
1401 5431 1494 5479 vt.;
1522 5416 1712 5470 Burch.
1735 5457 1749 5482 ,
1777 5418 1811 5471 l.
1840 5435 1948 5483 ιιι,
1972 5434 2019 5474 c.
2052 5421 2104 5473 2.

791 5489 813 5549 «ξ
846 5480 1057 5549 Halitg.,
1089 5480 1247 5545 ibid;
1274 5482 1490 5547 Burch.,
1518 5484 1549 5536 1.
1580 5502 1689 5549 xu,
1716 5480 1761 5539 c.
1787 5487 1839 5539 2.

787 5545 815 5585 ἀ
862 5545 1155 5618 ﬂalitgar.,
1216 5552 1389 5615 ibid.;
1447 5545 1685 5618 Burch.,
1742 5555 1863 5608 ibid.
1925 5571 1973 5609 ο.
2024 5557 2074 5610 5.

794 5626 818 5652 ο
861 5616 955 5669 Hic
984 5617 1128 5671 locus
1151 5619 1225 5671 sic
1252 5634 1308 5673 se
1335 5620 1490 5673 habet
1522 5621 1571 5674 in
1598 5616 1760 5677 veteri
1790 5624 1967 5678 codice
1996 5640 2093 5678 ms.
2125 5640 2240 5680 mo-

722 5685 937 5758 nasterii
977 5685 1383 5758 llivipullensis:
1423 5706 1439 5737 ‹
1477 5690 1666 5745 Videns
1702 5700 1877 5746 autem
1924 5692 2009 5745 ille
2055 5694 2237 5757 frater,

724 5750 811 5818 qui
844 5750 904 5803 ad
929 5750 1286 5821 posnitentiam
1324 5758 1483 5825 venit,
1509 5759 1638 5813 hanc
1663 5763 1949 5818 sacerdotis
1973 5750 2236 5817 bumilitai

2348 4529 2450 4585 illis
2477 4538 2689 4598 peccata
2715 4531 2803 4597 qui
2828 4531 2881 4584 in
2911 4539 2962 4585 te
2987 4541 3351 4599 peccaverunt,
3379 4534 3601 4592 Domino
3633 4541 3869 4599 dicente:

2348 4616 2405 4669 Si
2452 4634 2553 4672 non
2598 4617 2893 4678 remiserilts
2942 4619 3227 4674 liminibus
3279 4632 3486 4690 peccata
3531 4642 3731 4693 eorum,
3782 4648 3869 4685 nec

2342 4714 2486 4773 pater
2506 4715 2665 4760 vester
2704 4706 2917 4759 dimittet
2940 4706 3074 4760 vobis
3100 4718 3302 4777 peccata
3342 4720 3502 4765 vestra
3532 4714 3741 4782 (Matth.
3772 4724 3868 4787 τι).

2345 4794 2496 4862 Resp.
2529 4795 2675 4849 Volo.
2703 4825 2774 4836 --
2803 4796 2868 4848 Et
2906 4797 3115 4864 require
3147 4798 3213 4852 ab
3262 4811 3324 4852 eo
3374 4801 3651 4871 diligenter
3700 4808 3745 4861 si
3788 4820 3867 4862 est

2345 4882 2689 4947 incestuosus,
2720 4893 2810 4937 aut
2835 4900 2929 4939 suo
2957 4887 3150 4941 seniori
3183 4887 3425 4943 infidelis.
3456 4893 3522 4946 Et
3550 4895 3595 4947 si
3634 4912 3737 4951 non
3757 4900 3866 4953 vult

2344 4972 2597 5027 incestum
2632 4973 2913 5038 dimittere,
2942 4989 3045 5028 non
3085 4983 3234 5044 potes
3256 4977 3305 5031 ei
3329 4977 3456 5032 dare
3482 4984 3860 5049 paenitentiam.

2321 5062 2398 5133 Si
2419 5070 2592 5115 autem
2613 5062 2741 5127 vult,
2767 5072 2936 5130 potes.
2969 5064 3061 5117 His
3092 5066 3399 5132 praemissis,
3424 5073 3766 5135 pmititentem
3792 5077 3863 5128 al-

2343 5151 2481 5218 loqui
2507 5151 2788 5207 aﬂ‘ectuose
2814 5152 2968 5206 debet
2992 5155 3236 5209 sacerdos
3257 5155 3341 5210 bis
3362 5158 3535 5212 verbis
3566 5178 3577 5213 :

2343 5296 2464 5350 tem,
2516 5286 2680 5360 magis
2706 5294 2921 5360 peccata
2950 5301 3042 5360 sua
3069 5288 3414 5360 exhorrescit,
3456 5292 3625 5360 magis
3666 5296 3860 5349 scelera

2340 5370 2432 5410 sua
2461 5354 2800 5423 pertimescit.
2831 5354 2953 5409 Post
2996 5356 3105 5409 haec
3140 5356 3445 5410 charitative
3474 5354 3720 5415 sacerdos
3747 5379 3859 5417 eum

2340 5425 2606 5492 suscipiat,
2634 5424 2901 5477 humiliter
2917 5438 3036 5477 eum
3061 5425 3243 5481 sedere
3269 5424 3423 5477 faciat
3451 5440 3650 5491 secum,
3672 5430 3858 5485 blande

2339 5508 2457 5562 eum
2487 5492 2784 5562 huiusmodi
2834 5494 3159 5549 sermonibus
3202 5494 3435 5547 attrahat
3474 5511 3489 5545 :
3524 5494 3733 5562 Frater,
3759 5514 3856 5553 non

2338 5560 2621 5629 erubescas
2643 5561 2881 5614 confiteri
2916 5570 3127 5629 peccata
3153 5569 3261 5614 tua.
3302 5579 3318 5610 ι

2410 5628 2430 5665 ί
2439 5627 2639 5696 Βιιτοὶι.
2651 5668 2665 5694 ,
2680 5627 2939 5683 ibidNidé
2956 5630 3142 5694 librum
3162 5629 3431 5696 antiquum
3446 5628 3853 5689 Ptenitentialem

2337 5694 2761 5820 3:133:32.an
2785 5699 2981 5755 editum
3004 5713 3034 5753 a
3061 5696 3110 5754 J.
3137 5694 3355 5765 Marino,
3377 5699 3429 5752 in
3458 5702 3745 5770 appendice
3768 5700 3848 5759 lib.

2375 5778 2403 5820 e
2430 5772 2619 5822 manu.
