4110 6468
195 529 301 587 965

858 531 1392 588 PCENITENTMLE.
1432 563 1498 573 -—-
1535 534 1865 592 CAPITULA
1901 535 2245 592 COLLECTA
2283 537 2369 591 EX
2406 538 2654 594 FRAGM.

3219 543 3320 598 966

262 637 466 702 F-rater,
493 640 598 691 noli
633 639 938 694 erubescere
956 650 1282 708 peccatatua
1306 645 1558 697 confiteri.
1584 643 1712 698 Nam
1743 653 1786 706 Α
1812 643 2002 709 fecisti,
2025 663 2192 702 annos
2216 658 2429 716 septem.
2468 648 2570 705 Pro
2592 651 2797 706 modico
2819 651 2957 707 furto
2979 654 3160 724 viginti
3187 657 3294 710 dies
3303 695 3321 722 ,

189 732 250 778 et
293 739 392 792 ego
419 734 662 791 peccator
706 741 839 788 smn,
887 735 938 779 et
986 727 1224 782 fortassis
1265 730 1440 798 pejora
1474 746 1629 800 quam
1659 740 1710 783 tu

193 809 385 863 feceris
410 813 576 864 habeo
600 812 756 865 facta.
783 813 904 868 llazc
935 817 1127 868 idcirco
1161 818 1433 883 admoneo,
1462 822 1582 888 quia
1608 822 1713 873 usi-

189 905 362 952 tatum
413 899 620 980 generis
647 901 857 954 humani
879 904 1060 956 vitium
1094 916 1190 961 est.
1235 914 1287 956 ut
1312 907 1492 960 beatus
1521 908 1712 979 Grego-

190 985 306 1038 rius
328 986 456 1039 dicit
478 985 611 1057 (Lib.
641 1003 749 1041 χχιι
781 987 991 1052 Μοναίη
1024 1007 1070 1042 e.
1100 992 1172 1059 9),
1200 1000 1252 1044 et
1276 993 1496 1046 la‘iendo
1529 1010 1712 1062 pecca-

189 1080 307 1124 tum
371 1075 717 1142 committere,
761 1083 816 1128 et
861 1079 1195 1131 commissum
1251 1079 1544 1133 confitendo
1609 1097 1709 1135 non

187 1160 432 1226 prodere,
453 1161 544 1214 sed
565 1163 797 1228 negando
810 1161 1105 1226 defendere,
1129 1173 1284 1231 atque
1307 1168 1600 1219 convictum
1623 1169 1710 1220 de-

187 1246 450 1300 fendendo
475 1248 837 1315 multiplicare.
863 1249 928 1302 Et
955 1251 1044 1317 qui
1086 1251 1290 1304 diabolo
1315 1253 1591 1318 instigante
1615 1269 1706 1308 ne—

185 1330 347 1384 fanda
379 1333 596 1386 crimina
619 1342 918 1401 perpetrare
941 1351 1044 1388 non
1071 1340 1362 1398 metuimus,
1392 1341 1500 1392 lucc
1526 1341 1708 1394 eadem

185 1432 308 1485 quas
329 1433 487 1486 opere
513 1418 707 1486 absque
730 1421 817 1474 illa
837 1423 1144 1475 verecundia
1167 1424 1497 1491 perfecimus,
1525 1425 1706 1478 eodem

185 1509 444 1561 suadente
489 1509 672 1562 saltem
727 1495 900 1562 verbis
940 1511 1174 1562 conﬁteri
1232 1513 1600 1574 erubescimus,
1654 1523 1708 1566 et

184 1609 373 1647 coram
398 1595 628 1658 homine,
653 1597 738 1662 qui
757 1596 938 1650 similis
961 1599 1124 1650 nostri
1152 1606 1252 1662 est,
1275 1600 1466 1652 eisdem
1489 1599 1706 1654 fortasse

181 1681 520 1746 passionibus
553 1681 800 1746 subjacet,
845 1682 1176 1736 confunditur
1219 1684 1409 1746 dicere,
1449 1687 1585 1752 quod
1615 1702 1707 1739 co-

183 1780 302 1818 ram
341 1767 558 1819 Domino
597 1769 684 1833 qui
713 1767 886 1820 omnia
910 1769 1134 1836 inspicit,
1168 1772 1364 1839 absque
1391 1771 1494 1826 ullo
1515 1778 1705 1827 mentis

183 1853 380 1904 rubore
400 1851 726 1904 committere
747 1851 1134 1908 formidavimus
1153 1856 1454 1910 detestanda
1478 1860 1700 1913 actione.

182 1941 388 2008 Sponte
410 1954 533 2009 ergo
560 1938 816 1995 fateamur
839 1943 977 2008 quod
1017 1944 1159 1996 nullo
1193 1954 1406 2012 cogente
1447 1950 1705 2000 commisi-

1874 1963 2104 2030 Nupsisti
2137 1980 2257 2018 cum
2304 1982 2467 2021 uxore
2519 1978 2604 2020 tua
2639 1973 2982 2040 quadraginta
3035 1975 3145 2029 dies

161 2043 325 2095 ,mus.
361 2027 418 2080 Si
445 2042 567 2081 vero
597 2042 690 2080 nos
724 2035 901 2081 nostra
925 2029 1123 2083 scelera
1149 2031 1508 2094 celaverimus,
1534 2035 1600 2087 ab
1622 2035 1708 2089 illo

183 2115 665 2169 manifestabuntur
705 2117 792 2182 qui
819 2125 869 2169 et
922 2127 1198 2171 accusator
1249 2132 1274 2157 ει
1301 2127 1381 2172 est
1419 2123 1620 2187 peccati
1657 2131 1709 2175 et

181 2203 445 2256 incentor.
489 2202 604 2269 ipse
637 2204 774 2256 enim
825 2207 910 2258 hic
938 2221 1033 2258 nos
1079 2216 1134 2259 ut
1155 2223 1430 2273 peccemus
1466 2209 1705 2276 instigat:

179 2290 296 2358 ipse
318 2303 438 2342 cum
461 2293 875 2357 peccaverimus,
902 2301 1134 2346 accusat.
1169 2294 1224 2347 Si
1250 2309 1372 2363 ergo
1400 2298 1451 2350 in
1475 2299 1571 2352 hac
1599 2300 1707 2350 vita

179 2379 564 2446 praeveniamus
590 2395 706 2433 eum
738 2381 906 2448 etipsi
940 2383 1149 2435 sceleris
1175 2386 1336 2436 nostri
1376 2395 1706 2439 accusatores

179 2466 368 2529 simus,
389 2459 652 2533 nequitias
674 2468 864 2521 diaboli
894 2469 1086 2522 inimici
1114 2473 1277 2524 nostri
1305 2480 1358 2524 et
1390 2478 1706 2529 accusatoris

179 2550 512 2618 effugiemus,
541 2553 702 2607 Paulo
729 2563 875 2615 teste,
905 2557 992 2624 qui
1032 2559 1104 2610 ait
1129 2575 1141 2611 :
1175 2558 1230 2611 Si
1275 2564 1600 2629 nosmetipsos
1615 2566 1706 2629 ju-

178 2638 490 2703 dicaremus,
517 2655 618 2692 non
642 2641 814 2709 utique
834 2642 1234 2708 dijudicaremur
1258 2645 1305 2713 (Ι
1345 2644 1463 2697 Cor.
1501 2650 1579 2716 ιι).

256 2743 446 2796 Videns
465 2753 639 2800 autem
668 2759 786 2798 eum
813 2749 1056 2802 sacerdos
1085 2752 1540 2818 verecundantem,
1589 2769 1703 2807 rur-

177 2844 266 2884 sus
315 2841 665 2901 prosequatur
689 2852 701 2886 ς
730 2834 993 2898 Fortasse,
1019 2838 1345 2903 charissime,
1397 2857 1500 2894 non
1530 2844 1704 2897 omnia

175 2931 294 2982 qua:
323 2919 534 2985 gessisti
560 2921 626 2972 ad
653 2922 958 2974 memoriam
981 2923 1133 2977 modo
1153 2927 1383 2978 veniunt.
1414 2926 1524 2994 Ego
1555 2937 1604 2981 te
1626 2929 1704 2980 in-

176 3006 475 3072 terrogabo.
499 3005 574 3059 Tu
597 3021 724 3060 cave
743 3025 808 3062 ne
827 3011 1030 3064 diabolo
1049 3013 1298 3066 suadente
1320 3016 1514 3083 aliquid
1535 3018 1704 3070 celare

172 3104 480 3159 prmsumas.
507 3122 579 3134 -—
596 3095 662 3148 Et
691 3104 812 3149 tunc
841 3112 959 3150 eum
984 3113 1078 3167 per
1127 3101 1363 3156 ordinem
1395 3104 1696 3173 interroget.

243 3199 440 3254 Fecisti
479 3201 816 3256 homicidium
841 3213 931 3257 aut
953 3220 1100 3271 casu,
1127 3215 1218 3260 aut
1237 3211 1432 3272 volens,
1475 3219 1564 3264 aut
1602 3227 1698 3280 pro
1724 3222 1770 3284 ο

172 3289 406 3342 vindicta
433 3298 730 3356 parentum,
773 3301 864 3345 aut
887 3293 1102 3359 jubente
1137 3297 1357 3352 Domino
1388 3309 1496 3364 tuo,
1528 3311 1620 3355 aut
1646 3304 1698 3356 in

169 3377 383 3444 publico
409 3377 564 3431 bello.
620 3379 675 3433 Si
704 3381 993 3436 voluntarie
1033 3383 1220 3447 fecisti,
1284 3397 1483 3455 septem
1532 3405 1700 3446 annos

167 3467 433 3532 paenitere
475 3469 650 3533 debes,
678 3471 722 3524 si
735 3471 927 3526 nolens
949 3481 1040 3526 aut
1067 3489 1210 3538 casu,
1241 3480 1469 3546 quinque
1513 3496 1695 3536 annos.

170 3553 230 3606 Si
255 3567 353 3621 pro
377 3555 602 3610 vindicta
631 3560 880 3624 parentis,
921 3577 1082 3615 unum
1109 3579 1323 3628 annum,
1352 3574 1405 3619 et
1435 3571 1699 3636 sequenti-

169 3641 270 3694 bus
309 3642 512 3696 duobus
555 3646 705 3698 annis
745 3655 852 3701 tres
899 3652 1320 3720 quadragesimus
1363 3667 1416 3709 et
1439 3658 1698 3725 legitimas

169 3728 355 3782 ferias.
386 3728 442 3783 Si
481 3731 534 3784 in
560 3733 716 3797 bello,
744 3736 1084 3807 quadraginta
1115 3742 1243 3796 dies.
1289 3744 1342 3796 Si
1368 3745 1501 3799 liber
1538 3762 1616 3810 es,
1644 3758 1696 3800 et

161 3818 385 3886 jubente
411 3818 638 3880 domino.
659 3838 867 3876 servum
902 3829 1160 3893 occidisti,
1191 3847 1382 3885 annum
1432 3850 1612 3901 unum,
1643 3838 1696 3888 in

168 3904 378 3957 duobus
415 3904 532 3960 aliis
565 3909 715 3961 annis
758 3916 866 3963 tres
888 3914 1316 3982 quadragesimas
1341 3929 1394 3972 et
1437 3921 1695 3988 legitimas

166 3988 350 4042 ferias.
383 3989 438 4043 Si
463 4005 647 4046 servus
671 3994 856 4106 digqus
881 4007 962 4050 est
985 4009 1170 4062 marte,
1214 4005 1556 4074 quadraginta
1583 4010 1694 4064 dies

167 4075 422 4106 Munna"
493 4101 504 4106 -

165 4075 444 4142 pmniteat.
493 4101 506 4114 ι

237 4167 432 4225 Fecisti
490 4175 844 4230 truncationes
904 4193 1150 4235 manuum
1221 4192 1308 4238 aut
1354 4188 1693 4254 pedum,.aut

163 4258 352 4312 oculos
397 4259 623 4316 hominis
675 4265 877 4328 eruisti,
935 4277 1026 4320 aut
1070 4270 1354 4326 vulnerasti
1402 4277 1687 4331 hominem.

166 4345 272 4400 Pro
303 4349 632 4404 truncatione
671 4366 866 4408 annum
893 4371 1053 4409 unum
1079 4362 1336 4426 poenitere
1375 4364 1562 4430 debes;
1594 4383 1690 4435 pro

164 4435 404 4500 vulnere,
430 4437 769 4507 quadraginta
795 4441 905 4496 dies
929 4448 1200 4512 poeniteas.

233 4524 429 4602 Fecisti
471 4527 762 4597 perjurium
805 4541 896 4586 aut
936 4549 1030 4603 pro
1055 4538 1340 4606 cupiditate
1367 4544 1562 4608 seculi,

164 4621 382 4666 coactus
394 4621 447 4666 et
463 4629 560 4682 pro
587 4620 916 4686 necessitate,
946 4633 1036 4678 aut
1055 4627 1366 4695 pervicacia,
1395 4641 1685 4702 autparen-

164 4706 299 4761 tum,
327 4707 419 4751 aut
459 4705 720 4767 nesciens,
747 4713 837 4759 aut
857 4707 986 4762 alios
1010 4712 1064 4763 in
1101 4713 1390 4780 perjurium
1433 4720 1681 4775 induxisti

163 4790 412 4844 scienter.
461 4790 516 4844 Si
553 4794 722 4848 sciens
773 4795 1040 4864 pejerasti,
1070 4811 1123 4856 et
1159 4804 1289 4859 alios
1314 4806 1365 4859 in
1397 4809 1681 4877 perjurium

163 4879 437 4944 induxisti,
465 4891 664 4950 septem
683 4899 849 4940 annos
868 4891 1122 4956 poenitere
1145 4893 1324 4950 debes.
1349 4897 1404 4951 Si
1420 4901 1676 4968 nesciens,

162 4981 359 5020 annum
393 4977 446 5023 et
477 4978 585 5024 tres
613 4974 1056 5044 quadragesimas.

232 5054 425 5111 Fecisti
469 5057 687 5126 furtum,
711 5071 800 5116 aut
823 5067 1174 5138 sacrilegium,
1214 5082 1301 5128 aut
1346 5075 1679 5146 infracturas,

162 5143 247 5196 vel
283 5145 543 5214 rapinam,
572 5149 759 5205 tollens
786 5155 924 5220 quod
947 5165 1093 5212 tuum
1123 5176 1226 5216 non
1250 5171 1384 5218 erat.
1418 5165 1474 5220 Si
1499 5143 1681 5226 domos

163 5247 258 5299 per
282 5245 489 5289 noctem
533 5236 787 5309 infregisti
815 5251 868 5296 et
895 5249 1246 5318 quadrupedis
1276 5254 1438 5309 tulisti
1469 5258 1549 5310 vel
1576 5258 1681 5314 for-

165 5321 350 5375 tiorem
376 5339 589 5380 causam
609 5329 866 5385 "lentem
895 5337 1076 5391 solidis
1095 5342 1456 5412 quadraginta,
1486 5362 1679 5404 annum

164 5423 323 5467 unum
345 5413 603 5480 pmnitere
649 5419 807 5476 debes
846 5431 900 5476 et
940 5427 1164 5492 pretium
1212 5431 1447 5487 reddere.
1492 5433 1547 5490 Si
1577 5453 1679 5492 non

163 5501 380 5600 reddist
407 5517 574 5557 annos
615 5506 742 5562 duos
766 5511 1036 5577 pmniteas.
1087 5517 1143 5570 Si
1174 5519 1422 5586 majorem
1466 5522 1676 5600 [majus]

165 5585 329 5640 fecisti
355 5588 572 5656 furtum,
607 5601 711 5648 tres
737 5611 898 5655 annos
915 5605 1166 5669 paenitere
1188 5585 1364 5664 debes.
1390 5611 1454 5666 Et
1467 5585 1522 5668 si
1543 5585 1678 5686 sirpe

231 5725 254 5754 ι
267 5714 438 5770 Codex
457 5716 1060 5788 Rivipull.,auctor.\’i;ic
1081 5734 1282 5802 Ruric.,
1301 5737 1387 5793 lib.
1414 5758 1468 5806 ιι,
1492 5757 1572 5813 ep.
1593 5744 1671 5800 η.

1805 735 1951 800 pueri
1979 733 2158 787 decem
2189 737 2318 789 dies.

1875 819 2064 874 Fecisti
2105 821 2411 874 adulterium
2448 837 2566 876 cum
2593 839 2753 880 uxore
2797 826 2960 879 aliena
2988 828 3068 880 vel
3099 829 3317 896 despon-

1807 917 1936 972 sata,
1963 911 2041 963 vel
2061 911 2315 978 virginem
2340 912 2637 977 corrupisti,
2665 914 2774 966 sive
2795 930 2908 966 cum
2937 918 3314 972 sanctimoniali

1805 997 1884 1050 vel
1916 997 2019 1050 Deo
2045 998 2238 1060 dicata,
2265 997 2345 1050 vel
2365 1013 2480 1050 cum
2505 998 2738 1051 absonita
2767 999 2978 1061 femina,
3001 1004 3050 1054 id
3073 1011 3172 1066 est,
3200 1006 3314 1059 sine

1805 1087 2010 1148 marito,
2053 1085 2280 1138 velcum
2329 1085 2514 1138 ancilla
2557 1089 2784 1154 propria.
2846 1087 2899 1140 Si
2941 1091 3226 1144 moechatus
3257 1107 3316 1145 es

1804 1187 1921 1226 cum
1949 1175 2162 1226 alterius
2201 1190 2362 1228 uxore
2390 1185 2479 1228 aut
2505 1191 2622 1228 eum
2673 1177 3070 1239 sanctiiminiali,
3117 1188 3313 1248 septem

1804 1274 1966 1311 annos
1993 1261 2265 1328 pusuiteas.
2298 1261 2350 1313 Si
2375 1277 2493 1314 cum
2516 1264 2734 1331 virgine,
2759 1266 3082 1318 duosaunos.
3117 1267 3170 1318 Si
3197 1283 3316 1320 eum

1803 1345 1976 1408 vidua,
2022 1361 2211 1398 annum
2275 1363 2454 1400 unum.
2498 1349 2556 1402 Si
2600 1359 2740 1403 tuam
2799 1367 3012 1405 uxorem
3054 1354 3314 1416 dimisisti,

1803 1441 1854 1486 et
1919 1435 2132 1489 alterius
2187 1435 2430 1502 junxisti,
2481 1448 2679 1507 septem
2730 1457 2891 1495 annos
2942 1446 3214 1510 pmniteas.
3261 1445 3320 1498 Si

1802 1533 1918 1571 eum
1943 1532 2158 1576 vacante
2183 1523 2392 1587 femina,
2419 1533 2524 1578 tres
2545 1527 2968 1594 quadragesimas
2984 1540 3035 1582 et
3059 1531 3317 1600 legitimas

1803 1609 1978 1662 ferias.
2033 1611 2088 1665 Si
2141 1629 2259 1666 cum
2301 1609 2520 1684 propria
2569 1619 2770 1681 ancilla,
2815 1622 3156 1690 quadraginta
3207 1626 3320 1680 dies

1802 1701 2056 1766 pmnitere
2085 1702 2261 1755 debes.

1869 1785 2099 1853 Nupsisti
2127 1803 2242 1840 cum
2262 1805 2432 1857 ‘uxore
2461 1799 2544 1843 tua
2574 1793 2653 1844 vel
2684 1794 2870 1846 ancilla
2899 1805 3060 1850 retro.
3087 1796 3140 1851 Si
3169 1797 3320 1854 fecis-

1807 1875 1862 1935 ti,
1885 1877 2225 1944 quadraginta
2253 1878 2362 1931 dies
2389 1877 2547 1934 debes
2574 1882 2846 1948 poenitere.

3199 1986 3325 2032 ante

1805 2057 2031 2112 partum,
2059 2053 2396 2119 quadraginta
2423 2054 2534 2107 dies
2561 2056 2717 2109 debes
2744 2060 3016 2123 paenitere.

1877 2135 2102 2201 Nupsiin
2173 2136 2225 2188 in
2270 2138 2352 2191 die
2403 2138 2690 2204 Dominico,
2748 2150 2854 2196 tres
2899 2146 3009 2197 dies
3070 2150 3323 2215 paenitere

1806 2221 1980 2274 debes.

1870 2308 2064 2361 Fecisti
2111 2317 2312 2378 raptum
2357 2312 2420 2365 de
2447 2312 2649 2382 virgine
2679 2315 2758 2367 vel
2802 2318 2978 2383 vidua,
3007 2328 3122 2384 tres,
3157 2337 3323 2378 annos

1803 2397 2058 2461 poenitere
2098 2397 2271 2450 debes.

1869 2479 2059 2534 Fecisti
2109 2480 2522 2549 fornicationem,
2574 2490 2708 2542 sicut
2746 2490 3026 2546 Sodomitre
3065 2496 3320 2562 fecerunt,

1803 2581 1921 2618 cum
1941 2571 2232 2634 pecoribus,
2253 2580 2341 2624 aut
2364 2589 2480 2626 cum
2502 2585 2686 2631 matre.
2706 2580 2784 2631 vel
2814 2597 3008 2646 sorore,
3027 2587 3322 2650 quindecim

1801 2669 1966 2708 annos
1994 2657 2072 2709 vel
2100 2658 2374 2712 duodecim
2398 2664 2649 2728 poenitere
2671 2665 2846 2720 debes.

1869 2741 2245 2807 Coinquinatus
2288 2758 2344 2797 es
2365 2762 2483 2800 eum
2511 2764 2670 2801 uxore
2696 2759 2782 2804 tua
2815 2755 2864 2805 in
2900 2757 3317 2825 quadragesima.

1803 2825 1858 2880 Si
1912 2829 2012 2882 hoc
2056 2829 2250 2893 fecisti,
2281 2848 2470 2885 annum
2498 2852 2658 2891 unum
2704 2844 2960 2907 poenitere
2997 2849 3174 2910 debes,
3229 2859 3320 2902 aut

1801 2914 1985 2980 viginti
2031 2930 2118 2968 sex
2162 2918 2354 2972 solidos
2406 2920 2456 2972 in
2484 2922 2866 2994 eleemosynam
2919 2931 3062 2984 dare.
3122 2935 3176 2988 Si
3229 2951 3320 3003 per

1801 3004 2104 3058 ebrietatem
2149 3010 2339 3066 evenit.
2372 3013 2715 3081 quadraginta
2745 3017 2855 3069 dies
2881 3023 3156 3086 poeniteas.

1868 3092 1978 3144 lloc
2004 3096 2161 3146 etiam
2189 3099 2359 3149 caveri
2396 3099 2568 3161 debet,
2609 3111 2665 3154 ut
2709 3107 2890 3171 viginti
2922 3110 3032 3162 dies
3060 3120 3178 3165 ante
3219 3113 3319 3168 Na-

1802 3179 1906 3233 tale
1955 3179 2180 3242 Domini,
2221 3191 2273 3235 et
2318 3185 2677 3242 Pentecostem
2703 3203 2752 3244 et
2779 3197 2916 3248 ninni
2943 3198 3024 3249 die
3055 3200 3319 3257 Dominica

1800 3278 1852 3322 et
1876 3277 1993 3338 post
2017 3273 2406 3340 conceptionem
2448 3277 2829 3333 manifestatum
2856 3286 2936 3335 vir
2977 3290 3241 3344 contineat
3264 3307 3322 3347 se

1797 3359 1863 3411 ab
1891 3374 2071 3411 more.
2335 3368 2337 3371 ’

1864 3445 2049 3498 Dixisti
2099 3445 2286 3501 falsum
2340 3452 2694 3506 testimonium
2745 3472 2842 3525 pro
2887 3462 3170 3528 cupiditate
3224 3477 3316 3522 aut

1797 3534 2056 3596 nesciens,
2078 3550 2269 3588 annum
2294 3553 2450 3590 unum
2474 3543 2747 3605 pit-nitens.

1861 3617 2138 3670 Truncasti
2164 3623 2325 3674 ullum
2352 3630 2661 3690 membrum,
2698 3639 2804 3682 tres
2843 3647 3008 3688 annos
3038 3640 3310 3702 pcnniteas.

1861 3702 2024 3757 Odisti
2061 3706 2274 3760 fratrem
2311 3719 2472 3762 tuum.
2501 3712 2736 3777 Quandiu
2771 3718 2818 3768 in
2849 3719 2958 3785 ipso
2985 3725 3104 3777 odio
3147 3726 3314 3794 fuisti,

1795 3795 1969 3847 tandiu
1998 3797 2254 3862 pteniteas
2283 3800 2332 3851 in
2359 3815 2490 3866 pane
2517 3811 2570 3854 et
2589 3817 2742 3871 aqua.

1861 3884 2140 3938 Detraxisti
2195 3889 2356 3942 ullum
2408 3892 2670 3945 hominem
2725 3898 2789 3949 ad
2833 3900 3088 3955 seniorem
3131 3905 3209 3958 vel
3240 3908 3308 3962 ad

1789 3984 1944 4038 pares
1974 3983 2187 4040 propter
2214 3977 2479 4040 invidiam,
2510 3983 2852 4050 quadraginta
2881 3987 2990 4040 dies
3034 3994 3308 4055 pmniteas.

1859 4061 2073 4114 Violasti
2103 4064 2152 4114 in
2189 4064 2326 4119 furto
2352 4067 2666 4133 sepulcrum,
2699 4085 2865 4125 annos
2887 4075 3014 4129 duos
3034 4082 3310 4143 paenitens.

1857 4147 2084 4218 Contigit
2114 4152 2206 4204 tibi
2247 4152 2350 4206 ulla
2372 4155 2682 4224 negligentia
2709 4159 2773 4212 de
2799 4162 3054 4217 sacrificio
3080 4165 3310 4234 Domini,

1789 4244 1995 4289 cetztum
2025 4240 2369 4307 quadraginta
2390 4244 2499 4296 dies
2521 4247 2796 4312 pmniteas.

1854 4323 2172 4380 Consuluisti
2199 4343 2397 4396 magos,
2435 4337 2525 4382 aut
2553 4334 2838 4400 aruspices,
2871 4345 2963 4390 aut
2989 4339 3310 4410 incantores,

1786 4419 1876 4462 aut
1913 4411 2210 4480 sortilegos,
2241 4415 2324 4469 vel
2349 4423 2468 4469 vota
2495 4431 2611 4485 quae
2639 4421 2704 4472 ab
2732 4423 2946 4478 arbores
2973 4427 3052 4480 vel
3094 4429 3159 4483 ad
3194 4430 3310 4486 fon-
3381 4454 3384 4458 ~

1593 4556 1684 4602 aut
1716 4522 1761 4582 υ
1785 4507 1864 4552 tes
1891 4499 2022 4554 ﬁunt
2049 4503 2259 4566 vovisti,
2281 4519 2446 4559 annos
2478 4515 2590 4560 tres
2612 4512 2867 4575 pteniteas

1853 4587 2040 4642 Tulisti
2069 4588 2262 4658 aliquid
2303 4595 2538 4658 pecuniae
2575 4595 2640 4650 de
2687 4599 2928 4653 ecclesia.
2959 4602 3063 4656 Aut
3102 4605 3154 4658 in
3177 4621 3307 4675 qua~

1783 4672 2024 4740 druplum
2051 4678 2286 4741 restitue,
2313 4685 2403 4730 aut
2423 4685 2532 4733 tres
2554 4697 2720 4738 annos
2750 4688 3026 4753 pteniteas.

1849 4781 2129 4838 Perdidisti
2181 4787 2408 4856 aliquem
2446 4803 2540 4858 per
2563 4792 2808 4861 injustam
2837 4797 3148 4866 delaturum,
3195 4813 3305 4864 tres

1783 4885 1946 4926 annos
1969 4875 2262 4952 pmniteas.‘

1849 4981 2054 5038 Duxisti
2078 4995 2168 5040 aut
2203 4987 2547 5068 transmisisti.
2567 4991 2791 5074 aliquem
2824 4995 2876 5048 in
2921 5001 3295 5070 captivitatem,

1785 5073 1890 5120 tres
1910 5083 2072 5125 annos
2099 5073 2372 5140 pteniteas.

1847 5177 2023 5231 Editio
2059 5179 2523 5238 IIeImtrstadiemis
2577 5186 2648 5238 ita
2701 5189 2846 5242 habet
2899 5207 2918 5244 :
2968 5193 3168 5248 Duxisti
3205 5207 3294 5252 aut

1781 5267 2114 5320 transmisisti
2145 5269 2302 5322 ullum
2341 5269 2602 5326 hominem
2630 5273 2978 5330 Christianum
2999 5279 3051 5331 in
3079 5285 3295 5352 captivi-

1779 5361 1958 5416 tatem,
1990 5364 2096 5410 tres
2122 5371 2302 5411 annOs.
2331 5358 2658 5413 Burchardus
2687 5364 2738 5415 in
2766 5363 2893 5417 libro
2925 5381 3012 5420 xu
3033 5371 3186 5438 paulo
3212 5373 3294 5439 [u-

1778 5447 1901 5507 sius,
1934 5457 1981 5500 et
2005 5464 2118 5500 cum
2147 5448 2316 5518 aliqua
2341 5451 2648 5504 discrimine.
2687 5453 2908 5519 Duxisti,
2943 5471 3031 5513 aut
3053 5465 3294 5517 transmi-

1780 5534 1914 5598 sisti,
1943 5535 2022 5588 vel
2065 5537 2339 5614 vendidisti
2367 5538 2590 5606 aliquem
2620 5541 2880 5597 hominem
2930 5548 2983 5602 in
3025 5551 3294 5616 captivita-

1782 5613 1902 5688 tem,
1934 5625 2030 5678 nisi
2053 5639 2148 5692 pro
2184 5640 2310 5694 pace
2326 5613 2612 5684 communi.
2647 5628 2702 5686 Si
2732 5631 2917 5707 fecisti,
3150 5654 3287 5708 cum,
