4010 6410
604 471 720 528 987.

1544 468 1873 524 ’ῘΠΕΟΒΟΙΠ
1913 468 2216 523 ARCIIIEP.
2258 465 2788 556 CANTUAmiE-NSIS

3641 467 3733 521 968

604 578 646 628 si
669 575 880 645 poteris.
935 571 1022 623 Sin
1054 581 1246 632 autem,
1282 574 1406 623 duos
1437 586 1600 623 annos
1643 587 1734 637 per
1757 573 2015 638 legitimas
2042 574 2113 626 fe-
2142 580 2183 635 Α
2214 571 2287 624 De
2317 573 2619 640 temporibus
2659 572 2852 645 quibus_
2874 587 2926 622 se
2966 572 3216 645 continere
3262 571 3440 622 debent
3485 575 3738 643 conjugati

605 664 714 716 rius
738 661 1006 731 pmuitcas.

671 745 922 802 Cremasti
955 745 1162 796 domum
1195 753 1282 795 aut
1319 758 1491 795 aream
1540 745 1770 802 alterius,
1824 755 1929 798 tres
1956 761 2118 813 annos

599 836 876 902 pmniteas.

669 921 855 972 Fecisti
885 920 1132 971 vomitum
1172 935 1265 986 per
1293 921 1623 983 ebrietatem,
1665 922 1962 987 quindecim
2009 922 2119 973 dies

598 1007 870 1072 pmniteas.
933 1005 987 1057 Si
1037 1020 1130 1072 per
1179 1009 1590 1069 contentionem,
1640 1006 2000 1079 quadraginta.
2059 1008 2114 1061 Si

598 1094 856 1154 nesciens,
882 1110 969 1147 sex
1001 1095 1110 1175 dies
1129 1099 1401 1164 poeniteas.

667 1180 839 1232 Editio
892 1181 1359 1237 Helmmtadiensis
1412 1197 1428 1233 :
1479 1181 1671 1239 Fecisti
1726 1185 1976 1237 vomitum
2026 1199 2129 1252 per,

593 1265 920 1331 ebrietatem,
952 1267 1017 1320 15
1045 1270 1156 1322 dies
1203 1271 1478 1338 pumileas.
1510 1268 1564 1323 Si
1589 1286 1682 1338 per
1709 1272 2115 1334 contentionem,

593 1350 679 1403 ιο.
731 1350 787 1403 Si
817 1355 1077 1416 nesciens,
1109 1354 1138 1405 7
1165 1354 1276 1408 dies
1323 1357 1598 1424 paeniteas.
1648 1357 1902 1410 Similiter
1925 1358 1969 1410 si
1999 1372 2119 1411 san-

592 1437 803 1503 guinem
830 1440 1136 1492 comederis.

661 1521 988 1576 Manducasti
1041 1526 1313 1580 morticina
1367 1535 1459 1580 aut
1507 1527 1791 1582 dilacerata
1837 1543 1866 1582 a
1911 1529 2114 1591 bestiis,

591 1611 937 1680 quadraginta
985 1612 1096 1666 dies
1123 1616 1397 1683 pmniteas.
1431 1617 1685 1670 Similiter
1711 1617 1757 1671 si
1810 1618 2115 1685 sanguinem

589 1700 903 1754 comederis.
1673 1687 1708 1723 ’⁸
2021 1768 2024 1769 ν

653 1787 839 1841 Bibisti
867 1791 931 1842 de
974 1791 1175 1857 liquore
1204 1789 1256 1845 in
1280 1809 1383 1860 quo
1413 1808 1530 1846 mus
1557 1791 1638 1847 vel
1668 1794 1885 1846 mustela
1911 1802 2113 1847 mortua

586 1874 794 1926 iuventa
838 1875 1015 1938 fuerit,
1042 1879 1381 1946 quadraginta
1411 1880 1521 1932 dies
1569 1880 1840 1947 pmniteas.

655 1959 1036 2030 Coutempsisti
1084 1965 1331 2017 indictum
1371 1965 1624 2032 jejunium
1674 1969 1724 2018 in
1772 1967 2004 2020 Ecclesia
2033 1968 2111 2020 vel

581 2045 796 2099 decreta
822 2049 1108 2112 seniorum,
1157 2051 1505 2120 quadraginta
1534 2052 1645 2104 dies
1670 2053 1945 2120 pteniteas.
1981 2054 2035 2107 Si
2063 2055 2114 2107 in

583 2134 986 2203 quadragesima
1007 2153 1166 2191 unum
1193 2154 1406 2192 annum.
2052 2185 2054 2188 μ

650 2223 969 2293 Oppressisti
1016 2227 1266 2282 infantem
1325 2237 1491 2292 tuum,
1541 2231 1771 2298 quinque
1809 2245 1974 2283 annos
2028 2238 2117 2283 aut

580 2319 688 2364 tres
714 2313 970 2380 poenitere
998 2313 1174 2366 debes.

649 2399 833 2454 Bibisti
863 2401 1022 2452 ullum
1051 2401 1383 2465 maleﬁcium,
1426 2405 1478 2458 id
1505 2413 1585 2457 est
1611 2405 1820 2467 herbas,
1854 2405 1934 2458 vel
1983 2406 2114 2459 alias

577 2504 788 2553 causas,
819 2499 987 2544 utnon
1009 2493 1270 2558 potuisses
1292 2493 1748 2554 infanteshabere,
1782 2503 1868 2545 aut
1892 2494 1994 2546 alio
2020 2496 2113 2572 ilo-1

581 2580 739 2642 uasti,
769 2589 860 2632 aut
887 2582 1150 2634 hominem
1197 2599 1290 2650 per
1324 2583 1647 2636 mortiferam
1684 2586 1948 2651 potionem
1977 2585 2110 2636 occi-

577 2670 704 2723 dere
741 2669 971 2731 voluisti,
1012 2678 1102 2722 aut
1131 2671 1288 2721 alium
1316 2671 1414 2722 hoc
1445 2669 1621 2722 facere
1647 2671 1890 2731 docuisti,
1922 2678 2012 2722 aut
2051 2669 2116 2722 de

577 2760 777 2812 semine
815 2759 913 2810 viri
943 2759 1161 2826 gustasti
1189 2767 1246 2810 ut
1274 2760 1323 2810 in
1357 2773 1584 2812 amorem
1615 2769 1759 2811 tuum
1803 2760 2114 2813 exardesce-

579 2855 676 2909 ret,
707 2858 798 2900 aut
838 2849 1066 2901 chrisma
1097 2849 1271 2903 bibisti
1315 2859 1406 2904 aut
1453 2852 1518 2904 ad
1573 2851 1976 2904 subvertendum
2022 2852 2114 2904 Dei

572 2936 826 3004 judicium
855 2933 1004 2991 alteri
1032 2940 1244 3004 dedisti,
1288 2949 1388 2994 etc.
1422 2941 1478 2995 Si
1506 2943 1629 3008 quid
1673 2940 1969 3006 hujusmodi
1990 2957 2116 3010 ope-

575 3033 724 3076 ratus
748 3039 828 3089 es,
857 3034 1056 3093 septem
1086 3030 1249 3079 annos
1289 3029 1566 3095 pmniteas.
1689 3024 1704 3103 θ’
1818 3030 1821 3033 ’

645 3114 855 3168 Necasti
882 3115 1174 3168 voluntarie
1201 3126 1382 3184 partus
1410 3125 1546 3180 tuos,
1579 3119 1764 3173 decem
1807 3135 1971 3173 annos
1999 3133 2112 3189 p03-

576 3202 767 3254 niteas.
798 3203 861 3255 Et
911 3205 955 3256 si
985 3203 1145 3256 ﬁlium
1174 3205 1255 3256 vel
1304 3205 1463 3258 ﬁliam
1505 3209 1760 3271 occidisti,
1813 3208 2106 3260 duodecim.

578 3293 710 3345 Etsi
739 3302 889 3345 utero
935 3301 1057 3348 ante
1092 3304 1424 3362 conceptum,
1460 3313 1621 3349 unum
1653 3313 1864 3351 annum.
1898 3298 1951 3350 Si
1999 3306 2118 3365 post

575 3391 904 3452 conceptum,
955 3392 1062 3437 tres
1093 3399 1275 3437 annos.
1310 3384 1363 3438 Si
1392 3394 1512 3438 tuus
1544 3385 1714 3440 infans
1738 3403 1833 3458 per
1860 3396 2002 3440 tuam
2028 3402 2118 3440 ne-

575 3472 876 3540 gligentiam
907 3475 1019 3525 sine
1048 3474 1308 3540 baptismo
1335 3483 1575 3526 mortuus
1603 3484 1703 3536 est,
1735 3491 1927 3527 annum
1953 3491 2115 3528 unum

577 3560 856 3626 pieniteas,
886 3567 938 3609 et
967 3573 1225 3627 nusquam
1264 3559 1336 3610 sis
1369 3560 1481 3611 sine
1511 3559 1682 3626 aliqua
1719 3561 2044 3628 pmnitentia.

647 3644 836 3697 Fecisti
884 3645 1080 3712 aliquid
1132 3645 1211 3697 vel
1259 3646 1435 3697 dixisti
1483 3647 1533 3698 in
1581 3662 1894 3713 quocunque
1958 3662 2116 3716 opere

577 3734 718 3820 quod
747 3733 964 3786 inchoas
985 3748 1079 3800 per
1100 3732 1402 3801 sortilegam
1425 3733 1503 3785 vel
1526 3736 1781 3800 magicam
1804 3744 1995 3796 artem,
2024 3751 2117 3787 an-

581 3819 706 3875 num
736 3835 896 3871 unum
923 3819 1202 3886 pcenitcas.

649 3907 834 3960 Misisti
865 3905 1024 3957 ﬁlium
1050 3916 1195 3957 tuum
1222 3920 1380 3973 super
1405 3913 1596 3959 tectum
1637 3917 1725 3958 aut
1753 3922 1908 3976 super
1935 3907 2116 3960 forna-

580 4011 696 4049 cem
738 4010 834 4064 pro
879 3995 1051 4060 aliqua
1083 3993 1328 4055 sanitate,
1373 3995 1453 4045 vel
1493 3996 1769 4048 incendisti
1820 4013 1983 4066 grana
2029 3997 2119 4051 ubi

583 4093 820 4139 mortuus
848 4086 1005 4137 homo
1036 4083 1224 4143 fuerat,
1252 4085 1481 4150 quinque
1509 4100 1674 4136 annos
1701 4088 1973 4153 poeniteas.

651 4171 887 4224 Cantasti
912 4171 1145 4222 carmina
1176 4171 1435 4223 diabolica
1472 4187 1629 4239 super
1648 4182 1905 4235 mortuos,
1935 4173 2117 4241 viginti

582 4259 696 4310 dies
725 4257 1000 4323 pmniteas.

651 4343 874 4396 Junxisti
906 4353 956 4395 te
1015 4344 1221 4397 mulieri
1273 4353 1506 4414 tempore
1551 4355 1843 4410 menstruo,
1892 4347 2121 4414 quadra-

582 4434 726 4502 ginta
753 4434 865 4485 dies
889 4433 1162 4499 ptenitcas.

655 4519 885 4588 Nupsisti
917 4536 1035 4574 cum
1065 4535 1229 4573 uxore
1257 4529 1364 4584 tua,
1395 4529 1666 4589 postquam
1707 4524 1930 4590 peperit,
1969 4531 2116 4574 ante-

586 4625 743 4680 quam
771 4609 1117 4678 quadraginta
1163 4610 1274 4662 dies
1302 4610 1730 4679 adimplerentur,
1754 4611 1967 4679 triginta
2007 4611 2117 4663 dies

588 4699 863 4770 pumileas.

662 4784 1072 4839 Comrnunicasti
1125 4785 1189 4838 de
1215 4783 1476 4838 sacriﬁcio
1501 4785 1726 4848 Domini,
1756 4795 1806 4838 et
1832 4801 1932 4838 non
1977 4788 2123 4853 prius

594 4874 889 4927 abstinuisti
938 4875 1003 4925 ab
1047 4875 1227 4927 uxoris
1252 4875 1515 4942 amplexu,
1558 4875 1786 4943 quinque
1815 4885 1904 4927 aut
1925 4883 2122 4942 septem

591 4961 793 5024 diebus,
820 4962 931 5014 dies
962 4963 1142 5028 viginti
1171 4963 1444 5030 pmniteas.

662 5048 921 5120 Operatus
943 5064 1001 5102 es
1025 5051 1219 5118 aliquid
1249 5052 1301 5103 in
1331 5050 1598 5105 Dominica
1627 5050 1731 5115 die,
1775 5059 1976 5119 septem
2015 5052 2125 5105 dies

596 5139 870 5210 pteniteas.
987 5202 991 5206 ,

663 5226 943 5280 Detraxisti
985 5226 1064 5278 vel
1101 5226 1416 5281 maledixisti
1450 5227 1674 5296 aliquem
1711 5244 1868 5284 causa
1902 5229 2120 5291 invidiae,

597 5323 796 5385 septem
821 5316 934 5369 dies
964 5317 1241 5384 pumileas.
1294 5316 1415 5371 Vide
1437 5334 1591 5387 supra
1614 5335 1725 5388 qum
1747 5330 2039 5388 sequuntur.

671 5441 696 5469 ι
728 5429 945 5494 Burch.,
974 5431 1010 5482 l.
1039 5447 1150 5492 XIX,
1173 5447 1219 5484 c.
1238 5421 1330 5486 ‘76.

671 5498 696 5535 δ
726 5499 943 5560 Burch.,
971 5500 1006 5552 l.
1035 5516 1070 5562 ι,
1098 5517 1145 5553 c.
1170 5502 1256 5553 2‘2.

675 5576 695 5604 ο
722 5566 935 5631 Burch.,
965 5568 1000 5619 ι.
1025 5583 1098 5631 γι,
1123 5584 1169 5623 c.
1199 5571 1285 5622 52.

670 5634 696 5673 δ
735 5635 843 5710 «ita
888 5638 1162 5710 pteniteat,
1190 5646 1248 5692 ut
1275 5639 1552 5710 homicidia
1590 5649 1777 5710 sponte
1826 5642 2126 5702 commissa,

603 5716 722 5760 eum
750 5705 860 5773 ipsa
888 5705 1088 5762 Veritas
1115 5707 1252 5762 dicat
1277 5726 1286 5760 ε
1321 5709 1446 5762 Mihi
1468 5705 1769 5777 vindictam,
1799 5721 1844 5764 et
1873 5726 1962 5781 ego
1989 5711 2131 5765 retri-

2800 637 2862 688 αὑ
2904 637 3162 689 uxoribus.
3237 663 3239 665 ί

2625 726 2721 795 (Ex
2745 724 3089 778 Paenitentiali
3112 725 3340 795 eodem.)

2208 827 2215 835 ’
2284 838 2407 890 Car.
2453 852 2688 889 cccxnx.
2731 836 2990 890 Uxoratus
3027 837 3293 890 contineat
3317 851 3375 890 se
3399 839 3739 906 quadraginta

2215 925 2326 976 dies
2367 933 2488 976 ante
2527 925 2726 977 Pascha
2768 932 2821 976 et
2861 923 3222 988 Pentecosten,
3267 940 3358 978 seu
3396 935 3519 980 ante
3561 926 3742 981 Natale

2213 1011 2439 1075 Domini,
2468 1020 2520 1062 et
2541 1027 2749 1064 omnem
2775 1012 3097 1064 Dominieam
3129 1021 3355 1076 noctem,
3404 1023 3458 1067 et
3501 1024 3738 1082 quartam

2214 1107 2267 1148 et
2312 1105 2515 1149 sexzam
2570 1095 2790 1157 feriam,
2847 1106 2900 1149 et
2948 1111 2975 1148 a
3020 1100 3359 1165 conceptione
3407 1100 3737 1154 manifestata

2216 1198 2379 1249 usque
2404 1192 2520 1249 post
2548 1190 2722 1234 natam
2747 1182 2996 1234 sobolem.
3036 1183 3178 1236 Uxor
3215 1193 3332 1252 post
3367 1195 3544 1238 natam
3587 1186 3737 1240 sobo-

2213 1271 2315 1323 lem
2358 1271 2618 1324 abstineat
2659 1287 2714 1323 se
2757 1273 2821 1324 ab
2861 1272 3111 1333 Ecclcsm,
3146 1274 3188 1326 si
3217 1273 3350 1330 ﬁlius
3373 1284 3471 1334 est,
3512 1276 3626 1328 dies
3656 1278 3740 1328 tri-

2194 1359 2386 1426 ginta;
2420 1359 2464 1410 si
2493 1358 2615 1418 ﬁlia,
2645 1358 2758 1411 dies
2784 1361 3148 1428 quadraginta.
3199 1360 3382 1415 Mulier
3406 1377 3462 1414 se
3481 1363 3742 1415 abstineat

2214 1461 2241 1495 a
2277 1444 2389 1496 viro
2427 1453 2534 1497 tres
2583 1460 2788 1517 menses
2829 1455 2949 1498 ante
2993 1457 3220 1512 partum,
3269 1457 3321 1500 et
3365 1457 3489 1515 post
3532 1457 3738 1516 partum

2212 1528 2556 1596 quadraginta
2600 1529 2727 1580 dies.
2780 1529 2877 1594 Qui
2927 1539 3102 1584 autem
3143 1533 3377 1600 nupserit
3415 1524 3500 1587 his
3538 1536 3738 1598 diebus,

2213 1614 2396 1682 viginti
2423 1614 2535 1666 dies
2567 1614 2837 1681 pmniteat.

2787 1701 2864 1755 De
2901 1699 3076 1754 eadem
3121 1719 3193 1758 re.

2283 1778 2408 1840 Cu.
2440 1801 2660 1840 cccxxx.
2692 1800 2716 1826 ι
2744 1787 2840 1852 Qui
2865 1791 2915 1841 in
2949 1793 3346 1860 quadragesima
3381 1803 3504 1846 ante
3541 1795 3737 1850 Pascha

2145 1861 2188 1921 Β
2213 1875 2514 1942 cognoverit
2559 1891 2773 1928 uxorem
2815 1892 2962 1928 suam
3009 1887 3063 1930 et
3106 1879 3332 1932 noluerit
3373 1881 3639 1935 abstinere
3680 1884 3740 1935 ab

2213 1977 2296 2024 ea,
2325 1978 2428 2014 uno
2441 1976 2577 2014 anno
2598 1963 2848 2028 pteniteat
2871 1962 3032 2030 [Edit.
3065 1963 3328 2017 Ilelmwst.
3355 1981 3522 2019 annos
3548 1968 3610 2019 15
3632 1985 3738 2034 po:-

2215 2048 2420 2117 nitea‘t],
2459 2057 2547 2100 aut
2583 2049 2809 2116 pretium
2839 2065 3009 2112 suum,
3034 2051 3276 2104 videlicet
3299 2052 3483 2120 viginti
3507 2069 3600 2106 sex
3625 2055 3742 2108 soli-

2215 2135 2308 2188 dos
2328 2136 2392 2187 ad
2421 2135 2693 2188 ecclesiam
2725 2136 2932 2199 tribuat,
2976 2146 3066 2190 aut
3093 2138 3410 2206 pauperibus
3434 2141 3648 2196 dividat.
3688 2141 3738 2194 SI

2214 2238 2308 2290 per
2331 2223 2639 2275 ebrietatem
2680 2233 2734 2277 et
2773 2225 2884 2276 sine
2918 2226 3292 2278 consuetudine
3319 2227 3588 2290 acciderit,
3619 2242 3743 2294 qua-

2214 2312 2465 2378 draginta
2479 2311 2590 2363 dies
2617 2313 2886 2378 pzrniteat.

2215 2397 2362 2461 Quod
2403 2408 2520 2449 ante
2562 2400 2962 2450 communionem
3009 2398 3260 2451 abstinere
3291 2399 3432 2450 debet
3459 2401 3740 2468 aconjugr.

2283 2487 2408 2540 CAP.
2451 2502 2690 2540 cccxxxt.
2720 2488 2746 2526 δ
2773 2487 3145 2543 Omnis-homo
3187 2498 3307 2544 ante
3345 2504 3550 2543 sacram
3599 2507 3739 2544 com-

2214 2576 2512 2627 munionem
2535 2591 2564 2629 a
2595 2577 2805 2644 propria
2830 2592 2995 2632 uxore
3030 2577 3296 2632 abstinere
3325 2578 3479 2633 debet
3503 2578 3556 2642 7,
3579 2588 3668 2631 aut
3689 2579 3740 2639 5,

2212 2669 2302 2712 aut
2324 2662 2356 2713 5
2385 2662 2514 2714 dies.

2211 2763 2278 2799 EX
2317 2764 2418 2801 LIB.
2464 2763 2503 2800 ιι
2554 2764 2824 2803 ηεςικοκιε
2864 2767 2926 2803 οε
2969 2765 3379 2805 εοςιεδηδτιειε
3420 2763 3738 2804 υιεοιηιῐειε.

2494 2835 2591 2897 Qui
2612 2853 2702 2902 per
2723 2836 2916 2902 faidam
2938 2839 3189 2890 hominem
3214 2837 3467 2889 occiderit.

2545 2922 2657 2990 .(Ex
2687 2923 3036 2976 Pmnitenliali
3068 2940 3172 2991 quo
3193 2923 3396 2994 supra.)

2281 3009 2405 3063 Car.
2455 3025 2605 3062 χχιιι.
2639 3022 2658 3048 ε
2691 3011 2787 3075 Qui
2816 3027 2910 3079 pro
2939 3013 3165 3066 vindicta
3205 3013 3384 3066 fratris
3410 3021 3501 3065 aut
3527 3013 3739 3066 aliorum

2209 3109 2484 3168 parentum
2521 3101 2774 3153 occiderit
2809 3102 3095 3164 hominem,
3147 3116 3342 3153 annum
3383 3115 3545 3152 unum
3583 3103 3742 3167 ι)ωηὶ-

2215 3196 2320 3242 teat
2341 3186 2367 3224 ἀ
2396 3175 2448 3239 et
2474 3187 2812 3253 sequentibus
2843 3185 3043 3239 duobus
3069 3195 3178 3239 tres
3200 3186 3630 3254 quadragesimas
3649 3187 3740 3239 ob-

2213 3285 2389 3332 servet
2419 3285 2472 3332 et
2498 3278 2757 3345 legitimas
2778 3275 2957 3340 ferias,
2978 3276 3031 3330 id
3050 3284 3150 3340 est,
3174 3275 3480 3338 secundam,
3505 3284 3742 3342 quartam

2213 3375 2266 3419 et
2292 3376 2494 3420 sextam
2525 3364 2731 3419 feriam.

2800 3451 2870 3503 De
2893 3453 3066 3503 eadem
3096 3468 3167 3503 re.

2807 3540 2906 3608 (Ex
2936 3538 3167 3609 eodem.)

2288 3627 2410 3681 Cu».
2444 3643 2585 3680 xxxv.
2625 3626 2724 3692 Qui
2771 3641 2864 3693 per
2908 3627 3036 3679 iram
3073 3635 3127 3680 et
3162 3627 3330 3679 rixam
3353 3633 3414 3678 et
3438 3627 3743 3679 ebrietatem

2215 3717 2388 3770 subito
2444 3718 2710 3771 hominem
2773 3717 3066 3781 occiderit,
3129 3725 3355 3784 quatuor
3414 3731 3584 3771 annos
3639 3731 3743 3784 poe-

2217 3805 2400 3856 niteat.

2809 3891 2884 3944 De
2903 3893 3078 3946 eadem
3100 3909 3169 3944 re.

2814 3979 2911 4045 (Ex
2941 3979 3171 4047 eodem.)

2289 4065 2413 4118 Car.
2445 4077 2566 4117 xxv.
2600 4065 2657 4118 Si
2685 4065 2802 4132 quis
2832 4067 2981 4128 liber,
3004 4065 3222 4131 jubente
3247 4066 3458 4118 domino
3490 4080 3605 4128 suo,
3635 4081 3746 4119 scr-

2220 4169 2340 4206 vum
2360 4154 2632 4214 occiderit,
2673 4153 3016 4220 quadraginta
3041 4153 3154 4206 dies
3177 4154 3448 4220 poeniteat.
3480 4153 3546 4205 Et
3571 4154 3615 4206 si
3635 4155 3750 4220 quis

2217 4238 2370 4300 liber,
2390 4238 2609 4305 jubente
2632 4237 2843 4291 domino
2865 4253 2977 4300 suo,
3019 4239 3294 4292 hominem.
3313 4239 3646 4292 innocentem
3670 4253 3750 4292 oc-

2219 4327 2424 4390 ciderit,
2473 4341 2669 4380 annum
2714 4342 2877 4380 unum
2911 4328 3186 4394 paeniteat,
3229 4336 3280 4379 et
3309 4327 3360 4380 in
3390 4327 3593 4386 duobus
3637 4327 3750 4380 aliis

2148 4457 2194 4517 ο
2221 4415 2373 4470 annis
2391 4424 2497 4469 tres
2515 4417 2940 4485 quadragesimas
2960 4416 3204 4471 observet
3226 4425 3279 4468 et
3295 4416 3554 4483 legitimas
3575 4417 3747 4471 ferias.

2427 4503 2486 4559 Si
2509 4505 2692 4575 aliquis
2713 4507 2979 4559 ordinatus
3003 4507 3330 4560 homicidium
3355 4507 3546 4573 fecerit.

2568 4594 2666 4664 (Ex
2693 4593 3046 4648 Pmnitentiali
3076 4609 3180 4662 quo
3205 4595 3406 4663 supra.)

2290 4677 2417 4732 Cu.
2461 4651 2601 4733 vai.
2636 4691 2658 4718 ο
2690 4679 2744 4733 Si
2787 4682 2906 4748 quis
2939 4651 3212 4750 episcopus
3245 4651 3336 4738 a-ut
3384 4651 3576 4750 aliquis
3617 4682 3750 4737 ordi~
3859 4651 3870 4714 Ὗ

2223 4778 2376 4820 natus
2420 4769 2760 4823 homicidium
2806 4769 3008 4834 fecerit,
3055 4773 3233 4824 decem
3277 4787 3443 4826 annos
3482 4773 3746 4840 pmniteat,

2223 4866 2330 4911 tres
2350 4873 2413 4911 ex
2436 4858 2518 4910 his
2540 4859 2589 4910 in
2619 4872 2750 4926 pane
2775 4866 2827 4911 et
2851 4874 3005 4925 aqua.

2227 4968 2284 5021 Si
2307 4969 2417 5037 quis
2439 4970 2744 5022 consenserit
2767 4969 2841 5022 vel
2861 4970 3156 5107 cgnsiliatus
3177 4970 3330 5038 fuerit
3351 4981 3405 5021 ut
3425 4971 3578 5023 homo
3603 4971 3748 5023 inter-

2920 5049 3102 5092 statur.

2920 5049 3102 5092 statur.

2809 5153 2908 5219 (Ex
2946 5149 3173 5220 eodem.)

2297 5242 2421 5296 CAP.
2475 5258 2636 5296 xtvn.
2677 5242 2695 5280 ί
2729 5241 2784 5296 Si
2809 5243 2925 5309 quis
2970 5242 3035 5295 ad
3076 5238 3416 5296 homicidium
3461 5238 3746 5292 faciendum

2229 5331 2634 5391 consenseritet
2661 5331 2934 5384 consilium
2972 5330 3195 5392 dederit,
3234 5336 3288 5382 et
3335 5329 3533 5383 factum
3581 5327 3744 5389 fuerit,

2231 5440 2399 5490 buam.
2426 5459 2442 5488 ι
2469 5439 2609 5492 idem
2631 5439 2790 5493 habet
2809 5437 3172 5493 Paenitentiale
3196 5436 3489 5492 Romanum
3510 5451 3576 5491 ex
3596 5435 3747 5500 Then-

2231 5509 2378 5561 doro.
2410 5508 2537 5560 Vide
2561 5522 2737 5575 supra.

2305 5588 2327 5615 e
2357 5575 2636 5642 Halitgar.,
2665 5576 2755 5628 lib.
2781 5591 2923 5643 v1,c.
2951 5575 2999 5631 l.

2307 5644 2573 5712 'lIalitg.,
2607 5645 2730 5698 ibid.
