4010 6400
211 480 312 534 969
893 473 1426 528 ΡοηκιτεΝτιΑιε.
1467 503 1532 512 --
1565 475 1722 550 CAPl'

1815 477 1893 530 LA
1933 477 2274 534 COLLECTA
2314 483 2397 536 EX
2439 485 2685 540 FRAGM.

211 599 412 658 septem
439 599 604 640 annos
629 585 898 652 pmniteat.
939 585 994 638 Si
1038 601 1160 639 vero
1204 602 1305 639 non
1343 587 1501 641 fuerit
1525 585 1736 649 factum,
1767 589 1813 645 Α
2031 590 2090 642 Si
2118 602 2358 644 quratus
2390 594 2910 662 ancillampropriam
2931 602 3167 652 tenuerit.

212 689 322 731 tres
348 691 514 729 annos
532 675 790 759 poeniteat
1907 675 2030 731 Car.
2079 695 2268 732 cxxxv.
2305 680 2359 733 Si
2391 691 2640 736 uxora‘tus
2688 684 2929 737 ancillam
2976 689 3241 756 propriam
3287 669 3366 744 te».

208 771 267 824 3,-
289 771 401 839 τά,
434 767 862 834 οαηεαηφιεηεαηι
897 783 1044 820 suum
1084 768 1322 822 occiderit
1357 778 1445 820 aut
1469 768 1735 821 seniorem.
1839 766 2026 823 nucrit,
2066 780 2258 817 annum
2289 782 2445 818 unum
2483 769 2754 834 pmniteat,
2778 771 2856 822 vel
2890 771 2941 823 iu
2966 773 3069 825 alio
3093 788 3232 829 anno
3255 783 3363 830 tres

366 851 372 859 ’
795 854 891 920 (Ex
930 854 1159 924 eodem.)
1837 852 2267 919 quadragesimus
2296 862 2348 905 et
2375 855 2632 921 legitimas
2656 856 2832 920 ferias,
2871 867 2925 911 et
2963 860 3130 914 tribus
3166 865 3360 917 mensi-

275 946 404 999 CAP.
437 961 621 999 xum.
665 942 719 996 Si
747 944 865 1010 quis
893 944 1189 1011 proximum
1218 950 1269 995 ct
1293 945 1737 1011 consanguineum
1836 939 1933 991 bus
1962 941 2106 1007 prius
2130 956 2186 994 sc
2221 956 2248 992 a
2277 957 2369 994 sua
2413 943 2678 996 contineat
2715 945 2954 1013 conjuge.
2983 947 3184 1001 Ancilla
3213 965 3358 1012 vero,

199 1049 355 1087 suum
401 1033 675 1096 occiderit,
725 1033 906 1085 decem
951 1046 1116 1083 annos
1159 1031 1428 1100 pmniteat.
1485 1021 1752 1086 Similitch
1834 1030 1877 1080 si
1910 1029 2015 1082 vim
2049 1045 2201 1098 passa
2239 1039 2338 1094 est,
2383 1034 2725 1099 quadraginta
2773 1035 2918 1096 dies;
2950 1038 2996 1089 si
3033 1041 3360 1093 consentiens

197 1122 245 1174 si
286 1121 405 1188 quis
447 1121 709 1174 seniorem
749 1126 803 1172 et
845 1117 1112 1172 dominum
1158 1132 1310 1171 suum
1346 1119 1463 1172 dolo
1510 1107 1748 1173 trucida?
1832 1115 2009 1181 fuerit,
2037 1125 2144 1170 tres
2168 1119 2218 1170 in
2243 1135 2380 1172 anno
2406 1120 2829 1189 quadragesimus
2853 1131 2904 1174 et
2927 1122 3184 1191 legitimas
3203 1125 3360 1179 ferias

3259 497 3360 551 9ῗο

197 1210 353 1261 verit.

265 1314 340 1366 De
363 1316 441 1366 Ius
463 1330 549 1380 qui
581 1330 672 1379 pro
705 1314 859 1366 nihilo
882 1315 1072 1366 ducunt
1100 1314 1428 1368 homicidium
1456 1316 1510 1369 in
1537 1315 1664 1369 bello

782 1393 1143 1450 perpetratum.

505 1469 599 1538 (Ex
638 1469 990 1523 Pmnitentiali
1029 1485 1134 1538 quo
1161 1470 1364 1539 supra.)

261 1556 389 1615 Cn,
421 1573 493 1610 ιι.
552 1556 608 1610 Si
641 1559 760 1624 quis
803 1559 1069 1627 hominem
1107 1559 1159 1611 in
1186 1557 1327 1625 bello
1353 1557 1562 1625 publico
1588 1560 1726 1613 occi-

189 1644 348 1706 derit,
374 1645 721 1714 quadraginta
743 1645 1141 1716 digpoeniteat.

391 1734 474 1786 De
501 1734 682 1786 clerico
714 1737 801 1802 qui
824 1737 1112 1802 proximum
1136 1752 1286 1788 suum
1314 1736 1514 1788 occidit.

759 1822 873 1887 (Ex
899 1824 1142 1890 eodem.)

255 1906 383 1961 CAP.
415 1923 508 1960 ιιι.
552 1907 606 1961 Si
653 1908 878 1962 clericus
900 1909 1239 1984 homicidium
1264 1908 1448 1962 fecerit
1469 1916 1521 1960 ct
1545 1906 1723 1976 proxi-
1751 1891 1797 1948 Β

1772 1989 1783 1998 ’
1822 1996 1919 2064 (Ex
1965 1997 2314 2052 Poeniteutiali
2363 2001 2598 2055 Romano
2619 2003 2666 2063 δ,
2714 2002 2974 2055 Theodori
3011 2001 3262 2071 episcopi,
3297 2011 3352 2057 et

183 2008 334 2046 mum
362 2009 514 2047 suum
543 1997 802 2050 occiderit
827 1996 935 2050 odii
961 1995 1322 2061 meditatione,
1352 1999 1500 2052 exsul
1525 2007 1723 2066 septem

181 2082 341 2136 annis
361 2083 636 2150 paeniteat.

753 2171 838 2224 .De
860 2172 1148 2239 parricidis.

770 2259 874 2328 (Ex
908 2259 1136 2327 eodem.)

149 2342 384 2406 χρη.
415 2360 533 2398 Lm.
580 2343 650 2399 Si
675 2346 793 2414 quis
815 2348 914 2401 hoc
941 2349 1139 2400 crimen
1163 2348 1562 2416 perpetraverit,
1608 2351 1723 2417 qui-

180 2435 305 2487 dam
340 2431 712 2498 iudicaverunt
761 2441 818 2487 ut
865 2443 1066 2502 septem
1117 2435 1282 2490 anuis
1309 2436 1582 2504 paeniteat,
1638 2436 1721 2488 vel

179 2521 586 2588 quatuordecim
626 2523 990 2589 penitentiam
1031 2515 1264 2592 egissetj
1301 2525 1512 2591 quidam
1555 2539 1722 2592 usque

178 2610 248 2662 ad
289 2610 450 2664 finem
491 2611 644 2673 Vitae,
688 2611 828 2664 sicut
872 2610 1002 2664 Cain
1028 2651 1042 2676 ,
1081 2613 1172 2680 qui
1222 2613 1413 2666 similia
1455 2600 1722 2682 perpetra-

179 2696 339 2749 verit.

177 2803 256 2859 De
294 2805 494 2873 femina
532 2820 681 2874 cujus
714 2804 855 2876 ﬁlius
885 2821 975 2874 per
1011 2805 1368 2876 negligentiam
1410 2804 1588 2859 abierit
1619 2823 1719 2860 non

401 2919 418 2927 -,
790 2874 1095 2943 baptizatus.

402 2961 502 3040 (Ex
521 2961 874 3017 Paenitentiali
901 2979 1005 3032 quo
1028 2979 1206 3033 supra,
1237 2979 1354 3033 cap.
1388 2965 1495 3035 l7.)

240 3047 373 3104 Cn.
407 3040 537 3103 nitu.
594 3049 814 3105 Pariens
843 3049 1060 3114 femina,
1087 3049 1238 3117 cujus
1263 3050 1404 3104 ﬁlius
1433 3067 1526 3118 per
1550 3052 1716 3118 negli-

171 3139 408 3206 gentiam
435 3154 541 3193 non
566 3137 866 3206 baptizatus
895 3138 1107 3202 obierit,
1146 3153 1341 3191 annum
1365 3153 1524 3191 unum
1551 3139 1720 3205 pugni-

171 3234 304 3289 teat,
343 3233 399 3278 et
427 3240 694 3292 nunquam
725 3226 796 3278 sit
828 3226 942 3279 sine
982 3224 1157 3292 aliqua
1181 3223 1510 3292 painitentia.
1539 3223 1595 3276 Si
1628 3239 1718 3276 al-

171 3324 281 3366 tem
309 3328 420 3381 per
455 3313 837 3384 negligentiam
869 3313 1178 3377 sacerdotis,
1219 3313 1429 3381 require
1470 3314 1522 3366 in
1549 3314 1720 3381 primo

171 3400 352 3455 libello
376 3415 494 3468 cap.
528 3399 644 3454 129.

319 3517 322 3519 λ
386 3484 457 3540 Si
479 3494 582 3555 qua
601 3485 784 3538 mulier
807 3495 1010 3555 partum
1028 3501 1178 3539 suum
1202 3496 1498 3540 excusserit.

590 3572 688 3642 (Ex
713 3573 1067 3628 Posuitentiali
1091 3574 1319 3644 eodem.)

243 3663 374 3718 Cur.
406 3677 552 3716 um.
593 3661 650 3714 Si
679 3677 779 3729 qua
813 3663 1000 3714 mulier
1026 3671 1235 3730 partum
1265 3678 1416 3714 suum
1445 3670 1567 3716 ante
1591 3676 1720 3729 qua-

171 3756 422 3823 draginta
458 3753 582 3813 ,dies
622 3751 675 3805 in
721 3759 872 3804 utero
917 3760 1100 3819 sponte
1144 3750 1472 3818 perdiderit,
1523 3765 1718 3802 annum

171 3858 341 3896 unum
378 3825 738 3909 pmniteat.Si
767 3854 892 3892 vero
931 3848 1052 3907 post
1089 3838 1432 3908 quadraginta
1461 3837 1572 3890 dies
1600 3853 1717 3890 eum

173 3934 451 3993 occiderit,
497 3939 605 3985 tres
647 3945 813 3984 annos
852 3931 1121 3998 paeniteat.
1167 3928 1228 3982 Si
1273 3941 1398 3981 vero
1442 3935 1717 3994 postquam

172 4023 445 4074 animatus
489 4017 674 4078 fuerit,
719 4032 838 4069 eum
885 4015 1208 4082 perdiderit,
1257 4013 1407 4079 quasi
1453 4013 1717 4064 homicida

171 4111 453 4178 poeniteat.
484 4105 588 4158 Sed
623 4104 783 4158 distat
821 4102 1042 4176 multum
1079 4109 1254 4152 utrum
1279 4098 1592 4166 paupercula
1616 4112 1717 4165 pro

171 4195 486 4252 difﬁcultate
517 4189 800 4252 nutriendi,
830 4197 922 4241 aut
941 4186 1224 4240 fol-uicaria
1245 4199 1403 4238 causa
1425 4185 1513 4248 sit,
1544 4193 1596 4236 et
1621 4200 1717 4252 pro

171 4286 255 4340 sui
291 4282 514 4338 sceleris
534 4280 739 4333 celandi
766 4277 922 4331 faciat
948 4289 1126 4330 causa.

261 4372 349 4425 De
376 4367 566 4438 femina
595 4382 708 4436 qua:
733 4367 896 4418 virum
915 4379 1007 4431 per
1029 4363 1338 4429 maleﬁcium
1360 4361 1618 4428 interﬁcit.

459 4457 556 4526 (Ex
579 4455 760 4508 eodem
780 4450 1155 4512 Puenitentiali,
1183 4463 1300 4517 cap.
1333 4449 1438 4517 15.)

242 4548 376 4602 Car.
405 4553 605 4598 Luxu.
645 4543 849 4604 Mulier,
885 4541 929 4594 si
969 4540 1170 4607 aliquos
1193 4538 1450 4592 interimit
1475 4547 1586 4590 arte
1611 4551 1717 4590 ma-

169 4637 351 4696 lefica,
389 4633 441 4685 id
465 4641 547 4685 est
591 4639 688 4698 per
724 4629 966 4698 poculum
1007 4635 1098 4680 aut
1137 4643 1231 4696 per
1270 4627 1497 4696 aliquam
1529 4636 1713 4688 artem,

172 4733 381 4791 septem
405 4719 557 4772 annis
580 4720 848 4786 pteniteat.
874 4715 929 4770 Si
951 4717 1266 4787 pauperciua
1293 4714 1470 4780 fuerit,
1493 4725 1719 4784 quatuor

171 4811 338 4863 annis
362 4807 631 4876 pceniteat.

177 4917 321 4983 Quid
350 4917 396 4971 si
431 4932 564 4969 unus
594 4914 873 5050 absolutus!
890 4922 937 4965 et
965 4913 1108 4993 .alter
1139 4913 1403 4980 copulatus
1443 4912 1716 4966 adulterati

870 4991 1052 5033 uermt.
1663 5003 1666 5006 ~

870 4991 1052 5033 uermt.
1663 5003 1666 5006 ’

508 5070 612 5139 (Ex
637 5069 992 5126 Pmnitentiali
1019 5069 1156 5123 unde
1177 5070 1380 5138 supra.)

244 5158 377 5212 Cn.
404 5172 616 5212 cxxxiv.
642 5159 696 5209 Si
725 5159 867 5223 quis,
886 5171 1077 5209 vacans
1104 5171 1283 5219 uxore,
1312 5155 1491 5224 polluit
1517 5169 1574 5208 se
1597 5169 1716 5207 cum

179 5251 402 5305 alterius
429 5265 614 5313 uxore,
658 5249 808 5302 annis
851 5248 1054 5301 duobus
1077 5249 1346 5316 pmniteat.
1376 5246 1630 5319 Similiter
1654 5249 1719 5301 de

180 5337 394 5396 feminis
420 5335 823 5390 observandum.

247 5520 271 5548 ι
304 5506 526 5568 Burch.,
545 5504 581 5556 l.
608 5520 680 5566 Ix,
705 5521 752 5557 c.
777 5505 860 5560 68.

248 5577 285 5646 b7
315 5576 457 5646 idem
489 5582 583 5646 est
622 5573 763 5646 quod
805 5589 958 5646 supra
1007 5573 1164 5628 habet
1206 5575 1599 5646 inquisiti0765.
1636 5579 1719 5634 his

182 5645 395 5696 verbis:
441 5658 460 5691 ι
489 5641 1188 5695 Ρωηὶιθιιιίειιθποιηθηυω
1245 5641 1321 5697 vel
1366 5661 1395 5697 a
1444 5645 1718 5703 Theodoro

184 5713 447 5780 episcopo,
479 5715 573 5760 aut
604 5722 633 5760 a
655 5721 774 5760 ven.
804 5711 1112 5779 presbytero
1136 5711 1272 5767 Beda
1301 5713 1515 5768 editum.
1537 5733 1557 5768 ο

543 5815 808 5875 ΡΑτιιοι..
854 5818 1071 5876 XCIX.

1829 1206 2097 1272 pmniteat.

1966 1291 2025 1346 Si
2046 1293 2209 1346 laicus
2232 1310 2344 1345 cum
2367 1295 2500 1346 laico
2525 1296 2711 1362 femina
2735 1297 3018 1364 fornicatus
3044 1299 3218 1366 fuerit.

1884 1372 1886 1374 ’
1989 1445 2006 1464 β
2421 1381 2516 1448 (Ex
2543 1384 2771 1453 eodem.)

1898 1465 2025 1520 CAP.
2074 1483 2283 1520 cxxxvr.
2311 1479 2335 1506 ει
2361 1468 2415 1520 Si
2445 1468 2607 1521 laicus
2636 1484 2754 1522 cum
2781 1471 2912 1523 laica
2942 1473 3154 1536 femina,
3180 1474 3232 1527 id
3251 1484 3352 1536 est.

1826 1565 2048 1624 uterque
2087 1559 2354 1612 absolutus
2380 1574 2409 1614 a
2441 1559 2555 1628 lege
2584 1558 2830 1629 conjugii,
2862 1569 2971 1613 tres
2994 1564 3355 1631 annospteni-

1827 1653 1966 1708 teat;
2000 1655 2053 1698 et
2092 1654 2288 1713 quanto
2316 1647 2503 1714 saepius
2545 1655 2596 1700 et
2645 1647 2992 1716 negligentius
3034 1661 3096 1700 ea
3136 1658 3353 1718 peccata

1824 1727 2222 1799 commiserunt,
2256 1744 2397 1791 tanto
2429 1738 2594 1804 magis
2620 1746 2672 1788 et
2694 1746 2897 1806 tempus
2925 1738 3146 1790 addatur
3165 1747 3218 1791 et
3241 1753 3353 1792 mo-
3383 1729 3393 1738 ’

1825 1820 1922 1875 dus
1943 1826 2280 1889 pmnitentiac.

2010 1909 2087 1962 De
2113 1911 2449 1978 fornicatione
2469 1913 2781 1965 diversarum
2807 1929 3159 1981 personarum.

2327 2087 2479 2140 Betim
2503 2091 2839 2156 presbyteri.)

1889 2169 2014 2224 CAP.
2059 2186 2260 2226 ccxtvi.
2298 2174 2612 2227 Adolescens
2634 2177 2677 2228 si
2701 2192 2818 2228 cum
2855 2177 3057 2246 virgine
3089 2191 3347 2244 peccave-

1822 2258 1908 2321 rit,
1956 2275 2150 2312 annum
2195 2262 2463 2328 pmniteat.
2500 2261 2553 2314 Si
2585 2256 2753 2316 semel
2771 2272 2823 2316 et
2851 2264 3066 2318 fortuito
3091 2281 3237 2336 casu,
3275 2267 3351 2320 le-

1818 2346 2028 2411 vigetur
2062 2347 2111 2400 ei
2154 2350 2482 2416 paenitentia,
2523 2359 2576 2403 et
2606 2359 2806 2426 tantum
2847 2366 3011 2420 usque
3037 2355 3115 2408 ad
3151 2369 3353 2426 annum.

1818 2407 2025 2499 plenum
2052 2407 2322 2500 paniteat.
2359 2436 2413 2488 Si
2449 2407 2582 2490 infra
2611 2407 2825 2507 triginta
2855 2407 3019 2493 annos
3047 2407 3345 2496 adolescens

1818 2516 2219 2572 fornicationem
2261 2520 2437 2583 faciat,
2472 2531 2578 2576 tres
2607 2525 3039 2594 ,quudragcsimas
3077 2536 3131 2579 et
3172 2527 3348 2595 legiti-

1820 2625 1933 2663 mas
1963 2609 2142 2666 ferias.
2189 2613 2244 2666 Si
2281 2623 2495 2682 propter
2531 2615 2631 2668 hoc
2675 2624 2943 2683 peccatum
2990 2617 3350 2676 servitio’buq

1818 2718 1974 2758 nano
1999 2703 2196 2756 addicti
2225 2713 2364 2765 sunt,
2404 2706 2751 2772 quadraginta
2796 2706 2907 2759 dies
2946 2706 3250 2774 pauiteant.
3287 2704 3342 2758 Si

1817 2798 2069 2845 uxoratus
2105 2805 2222 2844 cum
2264 2792 2466 2860 virgine
2503 2791 2791 2846 fornicatus
2818 2794 2996 2857 fuerit,
3027 2794 3157 2848 duos
3187 2807 3351 2858 annos

1817 2883 2087 2952 pteuiteat,
2133 2883 2205 2934 ita
2250 2882 2490 2948 primum-
2522 2883 2776 2944 omnium,
2807 2891 2866 2935 ut
2897 2898 2926 2935 a
2953 2898 3051 2936 sua
3092 2897 3149 2936 se
3182 2885 3346 2938 conti-

1817 2980 1959 3024 neat.
1992 2970 2047 3023 Si
2076 2971 2125 3023 ei
2144 2970 2494 3032 consenserit,
2542 2971 2692 3023 uxori
2733 2971 2892 3023 eliam
2919 2969 3139 3023 addatur
3167 2967 3353 3024 modus

1815 3060 2158 3130 panitentiaz.
2184 3059 2238 3112 Si
2261 3059 2426 3113 laicus
2446 3054 2564 3112 eum
2579 3043 2711 3113 laica
2736 3059 3028 3114 fornicatus
3046 3057 3225 3121 fuerit,
3244 3066 3352 3111 tres

1819 3165 1985 3204 annos
2009 3149 2294 3216 poeniteat;
2327 3156 2380 3202 et
2404 3157 2602 3215 quanto
2625 3149 2834 3217 saepius,
2863 3157 3008 3202 tanto
3031 3149 3199 3216 magis
3227 3155 3355 3201 tem-

1820 3252 1918 3305 pus
1964 3238 2202 3291 addatur.
2254 3235 2442 3292 Laicus
2490 3237 2758 3289 maculans
2785 3253 2841 3290 sc
2868 3252 2986 3290 cum
3023 3237 3207 3288 ancilla
3236 3235 3350 3302 Dei,

1818 3326 1950 3380 duos
1994 3338 2159 3376 annos
2188 3323 2464 3392 pceniteat.
2508 3323 2564 3375 Si
2595 3325 2833 3392 genuerit
2859 3338 2922 3376 ex
2951 3339 3012 3377 ea
3043 3323 3230 3388 filium,
3257 3339 3357 3380 att-

1817 3427 1914 3465 nos
1941 3405 2053 3464 tres
2087 3411 2356 3480 pmniteat.
2403 3410 2458 3463 Si
2505 3411 2616 3463 sine
2657 3391 2904 3479 conjnigio
2943 3421 3041 3476 est,
3083 3421 3190 3468 tres
3217 3427 3356 3482 qua-

1816 3498 2141 3568 dragesimus
2185 3509 2239 3552 et
2286 3499 2546 3566 legitimas
2584 3498 2761 3552 ferias.
2796 3499 2850 3552 Si
2878 3501 3115 3553 canonici
3144 3509 3267 3554 sunt
3301 3508 3355 3556 et

1817 3587 2164 3649 fornicantur,
2207 3600 2400 3638 annum
2443 3587 2712 3651 unnmfsi
2744 3587 3046 3655 frequenter
3068 3588 3214 3640 duos.
3252 3587 3352 3652 Qui

1816 3674 1867 3726 in
1900 3675 2063 3741 gradu
2093 3681 2193 3736 est,
2233 3687 2398 3726 annos
2441 3683 2545 3726 tres
2583 3675 2857 3742 poeniteat.
2910 3673 3194 3728 Monachus
3235 3676 3350 3729 sine

1815 3761 1999 3828 gradu,
2023 3761 2106 3813 vel
2131 3763 2412 3816 canonicos
2438 3763 2655 3831 gradum
2686 3764 2902 3824 habens,
2943 3763 2987 3815 si
3017 3777 3134 3816 cum
3174 3763 3345 3831 puel'a

1815 3850 1949 3904 laica
1994 3850 2235 3906 fornicati
2276 3860 2418 3914 sunt,
2467 3866 2632 3906 annos
2658 3861 2765 3918 tres
2788 3853 3094 3920 pteniteant.
3138 3853 3192 3906 Si
3228 3868 3347 3908 cum

1815 3938 2199 3992 sanctimon'iali
2227 3976 2240 4000 ,
2293 3953 2458 3990 annos
2500 3946 2699 4006 septem
2744 3941 3050 4006 pmniteant.
3108 3941 3348 3996 Monachi

1815 4039 1934 4078 cum
1974 4025 2141 4091 gradu
2181 4023 2581 4077 fornicationem
2625 4024 2894 4123 fpcientes,
2937 4036 3132 4093 septem
3181 4042 3347 4082 annos

1813 4113 2118 4181 pmniteant.
2161 4112 2216 4165 Si
2254 4113 2539 4166 monachus
2566 4112 2752 4166 laicam
2785 4114 3011 4176 duxerit,
3044 4123 3150 4168 tres
3179 4130 3346 4169 annos

1811 4200 2086 4266 ptuuiteat,
2137 4199 2223 4251 illa
2268 4200 2397 4252 duos
2422 4207 2474 4252 ct
2504 4199 2762 4267 legitimas
2790 4200 2967 4260 ferias.
2993 4200 3046 4254 Si
3077 4217 3240 4271 usque
3276 4203 3342 4257 ad

1814 4289 2211 4355 generationem
2235 4287 2346 4347 filii,
2379 4294 2604 4353 quatuor
2623 4303 2789 4344 annos
2820 4291 3086 4357 pteniteat.
3126 4291 3180 4348 Si
3213 4293 3348 4346 occi-

1813 4375 1972 4435 derit,
1998 4383 2197 4441 septem
2238 4389 2403 4426 annos
2430 4378 2700 4441 poeniteat.
2735 4375 2791 4427 Si
2819 4378 3094 4443 episcopus
3122 4378 3347 4432 fornica-

1707 4497 1715 4506 .
1749 4499 1791 4555 ο
1816 4471 1900 4513 tus
1943 4460 2121 4523 fuerit,
2162 4470 2283 4514 octo
2325 4476 2491 4515 annos
2523 4463 2794 4528 paeniteat.
2840 4461 2942 4515 Alii
2977 4461 3346 4529 iudicaverunt

1817 4549 2092 4602 duodecim
2135 4563 2389 4602 annorum
2430 4549 2814 4616 paenitentiam.
2855 4549 2979 4604 Post
3000 4567 3194 4608 annum
3238 4561 3343 4606 ter-

1814 4637 1943 4688 tium
1990 4636 2154 4690 levius
2193 4637 2462 4704 poeniteat.
2508 4635 2784 4705 Presbyter
2826 4633 3153 4706 cum‘puella
3182 4640 3345 4694 forni-

1813 4737 1959 4785 cans,
1984 4739 2150 4775 annos
2177 4731 2402 4789 quatuor
2428 4731 2482 4796 et
2494 4725 2616 4778 ‘tres
2643 4725 3070 4794 quadragesimae
3097 4728 3149 4781 in
3180 4745 3336 4792 anno,

1814 4819 1868 4863 et
1912 4807 2070 4863 ferias
2116 4819 2355 4879 quartam
2396 4820 2450 4864 et
2489 4819 2690 4865 sextam
2719 4813 2771 4865 in
2801 4828 2936 4882 pane
2961 4823 3017 4867 et
3050 4829 3204 4882 aqua.
3229 4827 3250 4854 ο
3281 4815 3337 4870 Si

1815 4901 2145 4959 cum‘ancilla
2173 4901 2261 4954 Dei
2299 4901 2584 4955 fornicatus
2611 4900 2784 4965 fuerit,
2813 4908 3011 4971 septem
3037 4918 3200 4958 annos
3226 4919 3340 4975 pm-

1814 4990 1996 5042 niteat.
2040 4987 2344 5058 Episcopus,
2378 4991 2674 5058 presbyter,
2705 4995 2758 5044 et
2783 4992 3051 5058 diaconus,
3080 4993 3125 5047 si
3153 4995 3206 5046 in
3232 4993 3338 5048 for-
3365 5033 3376 5038 ν

1814 5079 2091 5142 nicatione,
2122 5077 2368 5148 periurio,
2394 5086 2496 5130 etc.
2517 5076 2564 5130 δ.

2343 5168 2474 5222 Item
2498 5169 2560 5222 de
2580 5167 2802 5223 incestis.

1882 5256 2006 5311 Cu.
2037 5245 2261 5310 ccxuvu.
2303 5254 2359 5308 Si
2393 5255 2695 5309 adolescens
2724 5268 2956 5308 sororem
2993 5267 3142 5326 suam
3173 5252 3335 5310 duxe-

1815 5343 1902 5405 rit,
1952 5341 2182 5410 quinque
2225 5354 2387 5394 annos
2433 5340 2702 5408 paeniteat.
2750 5337 2805 5392 Si
2847 5346 3088 5400 matrem,
3134 5349 3334 5408 septem

1885 5524 1906 5551 α
1946 5512 2162 5577 Bnrcb.,
2194 5514 2229 5567 l.
2259 5529 2386 5575 xvn,
2408 5528 2456 5567 c.
2482 5512 2567 5566 39.
2901 5578 2908 5579 γ
2973 5572 2998 5579 __

1815 5579 1946 5704 “illi.
1936 5581 2005 5636 Ut
2034 5568 2190 5651 supra
2211 5582 2263 5635 in
2284 5568 2452 5651 prima
2477 5581 2780 5637 collectione
2797 5572 3142 5649 capitulorum
3162 5568 3334 5635 Theo-

2805 5825 2873 5886 31
