4010 6440
670 461 767 517 ’9η
1637 451 1966 507 THEODOBl
2005 449 2306 504 ARCHIEP.
2347 449 2519 504 CANT
2529 447 2872 502 UARIENSIS
3493 463 3500 468 -
3681 451 3780 504 1:71
3938 475 3939 486 η

675 588 854 626 annos.
885 571 948 625 Et
971 569 1194 636 quandiu
1221 565 1428 624 vixerit,
1468 576 1730 629 nunquam
1761 563 1828 614 sit
1855 563 1966 613 sine
2009 561 2174 613 conti-
2200 567 2246 622 Α
2272 569 2378 612 tres
2407 571 2608 610 menses
2630 557 2894 624 pmnitcat.
2941 555 3036 620 Qui
3077 570 3170 624 per
3210 553 3361 623 turpi!
3383 574 3394 602 ι
3419 556 3576 622 nium
3597 558 3781 625 pollni-
3938 535 3939 546 χ

675 660 846 711 υςιλὶει
874 651 1235 724 {pmnitentia}.

2279 653 2380 708 tur,
2419 653 2614 711 septem
2655 644 2765 696 dies
2790 643 3053 710 pmnitcat.
3137 641 3224 694 Prc
3457 645 3495 693 :7.
3525 644 3780 697 iaculatus

1013 731 1017 734 ’
1298 739 1423 790 Item
1449 736 1554 789 ehi.
2279 731 2434 784 fuerit
2463 731 2704 784 feminam
2729 746 2823 799 per
2848 731 3166 783 immundum
3208 731 3312 782 des.
3340 733 3346 741 '
3389 733 3519 782 ι’»ειιι
3549 771 3562 791 .
3609 734 3778 799 viginti

745 837 838 902 Qui
867 850 984 888 cum
1015 840 1178 884 matre
1201 829 1480 881 fornicatus
1502 825 1673 884 fuerit,
1705 823 1994 889 quindecim
2019 836 2180 874 annos
2279 819 2388 872 dies
2423 823 2694 886 pmniteat.
2758 817 2812 870 Si
2858 818 3153 885 inquinatus
3217 818 3390 874 fur-rx,
3456 820 3784 886 quadraginta

2278 909 2386 961 dies
2409 909 2678 976 pmnitcat.
2705 906 2802 971 Qui
2826 908 2878 959 in
2902 907 3118 959 ecclesia
3148 921 3236 974 per
3263 923 3348 958 δίει.
3374 923 3495 958 num
3519 907 3780 976 polluitur,

2275 1003 2384 1046 tres
2424 995 2534 1046 dies
2570 994 2837 1060 paeniteat.
2897 991 2994 1056 Qui
3045 993 3096 1044 in
3135 993 3327 1044 somnis
3371 995 3632 1046 voluntate
3674 992 3784 1062 pol-

2241 1113 2256 1137 \
2278 1081 2415 1134 lutus
2433 1089 2527 1144 est,
2564 1090 2760 1148 surgat,
2786 1088 2837 1134 et
2871 1088 3043 1134 cantet
3069 1090 3262 1148 septem
3289 1081 3512 1146 psalmos
3533 1081 3785 1148 pmniten-

678 929 942 992 pirnitcat.
979 922 1075 986 Qui
1101 935 1216 974 cum
1256 920 1356 970 tilia
1386 917 1465 969 vel
1492 929 1668 968 sorore
1697 911 1980 965 fornicatus
2006 912 2177 970 fuerit,

678 1013 742 1064 ab
765 1010 906 1062 omni
944 1021 1098 1068 carne
1118 1021 1172 1058 se
1195 1006 1473 1062 abstineat,
1501 1010 1551 1054 et
1575 998 1864 1066 quindecim
1890 1011 2052 1050 annos
2077 1011 2182 1062 pm-

679 1102 858 1155 nitcat.
898 1097 953 1150 Si
979 1104 1145 1148 mater
1164 1108 1281 1145 cum
1309 1090 1414 1143 filio
1437 1097 1529 1141 Suo
1555 1087 1766 1155 parvulo
1795 1085 2046 1138 fornicata
2071 1083 2182 1137 fue-

678 1190 768 1250 rit,
809 1195 916 1240 tres
954 1197 1117 1251 annos
1155 1180 1407 1251 abstineat
1437 1192 1491 1230 se
1517 1191 1545 1228 a
1569 1189 1744 1238 carne,
1774 1182 1827 1227 et
1859 1175 1994 1226 diem
2021 1185 2181 1224 unum

678 1276 726 1325 in
755 1247 1100 1337 unaquaque.
1143 1247 1462 1319 hebdomadi)
1521 1260 1716 1328 jejunet
1767 1271 1933 1325 usque
1983 1257 2047 1309 ad
2095 1270 2183 1309 ve—

675 1372 900 1426 sperant.

1361 1439 1506 1492 item.
1989 1466 2012 1494 ο

741 1531 837 1596 Qui
866 1533 1016 1594 habet
1043 1537 1262 1582 matrem
1284 1535 1336 1580 et
1365 1525 1541 1589 filiam,
1570 1525 1695 1577 duas
1721 1535 1944 1584 sorores,
1969 1533 2183 1574 uxorem

675 1619 838 1686 patris
861 1625 914 1670 et
938 1615 1132 1677 fratris,
1161 1614 1408 1683 patruelis
1431 1620 1520 1666 aut
1541 1609 1800 1672 avunculi,
1841 1615 2049 1676 neptem
2091 1610 2184 1656 aut

675 1704 1056 1762 consobrinam,
1093 1711 1184 1754 aut
1210 1703 1297 1768 qui
1337 1702 1388 1753 in
1427 1700 1615 1767 prima,
1649 1698 1893 1758 secunda,
1918 1695 1998 1748 vel
2029 1693 2184 1749 tertia

677 1792 1008 1860 generatione
1038 1787 1202 1852 juncti
1245 1793 1384 1849 sunt,
1433 1787 1546 1838 istis
1587 1784 1822 1837 volumus
1865 1783 2094 1836 indicare
2123 1790 2182 1835 ut

2279 1166 2444 1229 tiales,
2467 1174 2521 1220 et
2545 1166 2654 1220 dies
2687 1167 2913 1234 triginta.
2971 1165 3066 1230 Qui
3091 1181 3306 1232 peni-ars:-
3335 1167 3556 1220 voluerit
3578 1169 3630 1220 in
3654 1177 3785 1221 som-

2279 1256 2377 1317 nis,
2408 1263 2461 1308 et
2487 1269 2588 1309 non
2611 1254 2766 1308 fuerit
2799 1254 3039 1322 pollutus.
3085 1257 3289 1322 triginta
3317 1263 3539 1321 quatuor
3561 1256 3785 1325 psalmos

2277 1349 2470 1394 cantet.

2527 1426 2560 1477 χ
2749 1405 2820 1458 De
2851 1406 3105 1474 fundendo
3128 1422 3314 1458 semen.

2346 1493 2470 1547 Car.
2497 1509 2651 1548 scut.
2689 1493 2716 1532 ἀ
2765 1493 2994 1548 Clericus
3032 1497 3074 1547 si
3120 1509 3297 1547 semen
3325 1492 3516 1546 fuderit
3541 1509 3643 1546 non
3669 1501 3786 1547 tan-

2279 1581 2464 1650 gendo,
2489 1590 2685 1649 septem
2705 1561 2840 1636 'dies
2882 1583 3148 1650 paeniteat.
3183 1582 3236 1634 Si
3274 1582 3439 1650 tangit
3464 1595 3584 1634 cum
3613 1595 3788 1644 manu,

2277 1668 2458 1736 viginti
2488 1667 2616 1721 dies.
2647 1667 2703 1722 Si
2728 1669 2998 1730 diaconus,
3026 1669 3235 1736 triginta
3257 1669 3383 1722 dies.
3419 1666 3473 1720 Si
3498 1667 3784 1736 presbyter.

2279 1756 2629 1810 hebdomadas
2675 1765 2916 1826 quatuor.
2963 1756 3261 1826 Presbyter,
3302 1758 3346 1812 si
3379 1771 3557 1810 semen
3597 1755 3790 1810 fuderit

678 1845 999 1946 separentur.
1038 1845 1109 1926 -Et
1150 1845 1380 1939 propter?
1405 1869 1658 1924 novellam
1687 1869 2055 1938 plantationem
2084 1867 2182 1921 Ec-

2279 1861 2372 1914 per
2385 1847 2785 1915 cogitationem,
2810 1856 3006 1914 septem
3035 1847 3145 1910 dics
3180 1847 3444 1912 pmniteat.
3511 1845 3793 1898 Monachus

677 1963 866 2025 clesitc,
913 1969 970 2013 ut
1013 1969 1206 2027 septem
1254 1972 1415 2011 annos
1459 1965 1611 2026 agant
1660 1956 2036 2025 pmnitentiam,
2077 1961 2182 2008 tres

676 2053 870 2122 primos
909 2040 1094 2111 annos,
1130 2056 1234 2101 tres
1259 2047 1370 2100 dics
1397 2047 1447 2098 in
1475 2045 1813 2106 behdomada,
1847 2045 1897 2096 id
1923 2052 2020 2106 est,
2053 2042 2181 2096 feria

677 2137 922 2198 secunda,
951 2143 1004 2188 et
1029 2143 1234 2201 quarta,
1267 2140 1313 2184 et
1341 2142 1504 2192 sexta,
1537 2129 1876 2198 quadraginta
1918 2127 2028 2180 dies
2063 2133 2182 2177 ante

677 2225 892 2285 Pascha,
922 2223 1100 2290 viginti
1128 2229 1246 2274 ante
1281 2220 1492 2273 missam
1531 2219 1694 2271 sancti
1733 2215 1965 2276 Joannis,
2003 2213 2186 2282 viginti

677 2319 799 2364 ante
820 2309 996 2370 Natale
1015 2307 1238 2361 Domini.
1255 2306 1490 2371 Quatuor
1509 2319 1631 2357 vero
1653 2305 1876 2371 reliquos
1897 2317 2078 2364 annos,
2109 2301 2185 2352 fc-

677 2401 755 2452 ria
787 2407 970 2466 quarta
1012 2407 1064 2450 et
1107 2403 1270 2457 sexta,
1314 2403 1366 2448 et
1410 2392 1799 2462 quatuordccim
1843 2399 2021 2444 noctes
2065 2397 2185 2442 ante

677 2484 888 2538 missam
936 2483 1101 2536 sancti
1143 2479 1358 2534 Joannis
1406 2487 1460 2534 et
1502 2480 1632 2532 alias
1683 2486 1804 2530 ante
1857 2475 2040 2528 Natale
2078 2473 2184 2526 Do-

677 2569 821 2623 mini.
848 2569 902 2622 Si
929 2583 985 2622 se
1009 2568 1263 2622 redimere
1286 2566 1417 2629 vult,
1439 2566 1595 2619 donet
1620 2577 1775 2616 unum
1803 2561 2070 2616 denarium
2098 2569 2189 2612 aut

679 2657 901 2724 pretium
928 2654 1083 2706 unius
1119 2653 1318 2706 denarii
1360 2665 1454 2718 pro
1500 2664 1608 2702 uno-
1641 2650 1739 2702 die.
1784 2647 1838 2701 Si
1865 2661 2063 2717 pauper
2086 2656 2186 2711 est,

676 2741 837 2798 donet
861 2740 1130 2795 dimidium
1157 2739 1448 2793 denarium.

1048 2825 1124 2878 De
1159 2824 1499 2877 sordidatione
1535 2838 1823 2892 puerorum.

753 2913 880 2970 CAP.
923 2929 1165 2968 ccxcvttt.
1201 2911 1354 2964 Pueri
1401 2925 1459 2964 se
1503 2911 1740 2965 manibus
1781 2911 2001 2964 invicem
2045 2912 2188 2964 coin-

677 3009 970 3078 quinantes,
995 3005 1338 3072 quadraginta
1362 3001 1472 3055 dies
1493 3003 1798 3070 pmniteant,
1826 3001 2046 3067 majores
2067 3015 2192 3054 vero

623 3121 632 3130 ο
681 3101 893 3148 centum
943 3091 1070 3144 dies.
1126 3089 1279 3142 Pueri
1326 3103 1382 3143 se
1425 3090 1558 3142 inter
1602 3089 1801 3144 femora
1845 3091 2186 3153 sordidantcs,

683 3189 888 3234 centum
916 3177 1028 3230 dies
1048 3177 1354 3246 pmniteant,
1387 3177 1610 3245 majores
1635 3186 1743 3231 tres
1767 3175 2191 3246 quadragesimas

680 3276 733 3324 et
763 3267 1024 3336 legitimas
1065 3265 1240 3319 ferias.
1289 3265 1540 3320 Parvulus
1561 3281 1608 3331 λι
1646 3265 1844 3332 majore
1891 3281 2187 3334 oppressus,

683 3361 881 3422 septem
903 3354 1013 3405 dies
1039 3353 1304 3419 poeniteat.
1351 3350 1408 3405 Si
1449 3354 1787 3413 consenserit,
1838 3355 2015 3420 viginti
2060 3355 2188 3406 dies.

685 3441 822 3494 Puer
846 3441 1135 3494 voluntarie
1173 3455 1229 3494 se
1261 3440 1512 3509 pollue’ns,
1555 3441 1768 3510 triginta
1809 3442 1940 3504 dies,
1984 3443 2191 3509 juvenis

679 3541 808 3584 vero
828 3529 1166 3596 quadraginta
1192 3528 1300 3582 dies
1330 3528 1596 3596 pmnitcat.

835 3623 868 3664 Ι
1019 3614 1096 3673 De
1117 3617 1382 3668 menstruis
1405 3617 1728 3680 abstinendis,
1751 3626 1850 3672 etc.

757 3702 880 3756 CAP.
928 3717 1127 3756 coxitx.
1168 3703 1266 3767 Qui
1290 3717 1408 3754 cum
1434 3704 1648 3757 muliere
1673 3714 1988 3758 menstruata
2010 3722 2192 3774 nupse-

688 3791 774 3854 rit,
815 3789 1154 3858 quadraginta
1198 3789 1308 3842 dies
1344 3789 1614 3856 paeniteat.
1645 3789 1704 3844 Si
1728 3791 1846 3860 quis
1878 3807 1996 3846 cum
2033 3809 2193 3848 uxore

685 3889 778 3929 sua
805 3883 944 3928 retro
967 3875 1220 3940 nupserit,
1248 3874 1592 3942 quadraginta
1615 3877 1726 3929 dies
1749 3878 2019 3945 paruiteat.
2055 3877 2110 3932 Si
2138 3881 2190 3933 in

687 3971 830 4028 terga
853 3961 1102 4026 nupserit,
1136 3968 1242 4012 tres
1252 3969 1466 4022 annos;
1492 3959 1614 4028 quia
1639 3960 2001 4016 sodomiticum
2025 3965 2194 4018 scelus

686 4053 784 4096 est.
811 4045 920 4096 Viri
945 4044 1078 4096 inter
1099 4041 1296 4096 femora
1321 4040 1656 4119 fqrnicantes,
1685 4061 1878 4101 annum
1901 4063 2060 4102 unum
2081 4061 2195 4118 pm-

690 4131 905 4183 niteant.
934 4127 989 4180 Si
1015 4129 1066 4181 in
1100 4138 1264 4196 terga,
1303 4129 1408 4183 tres
1433 4145 1614 4186 annos.
1639 4131 1695 4186 Si
1709 4135 1862 4202 pueri
1889 4143 2030 4192 sunt.
2066 4136 2194 4190 duos

688 4231 848 4270 annos
872 4217 1175 4282 poeniteant.
1401 4233 1410 4239 ·

839 4290 842 4294 ί
1066 4301 1138 4356 De
1161 4303 1428 4356 mulierum
1455 4304 1807 4372 fornicatione.

755 4387 880 4439 CAP.
927 4401 1034 4440 ccc.
1081 4400 1106 4426 ι
1133 4388 1315 4442 Mulier
1364 4403 1672 4459 quocunque
1713 4394 1976 4450 molimine
2021 4398 2192 4450 autin
2224 4426 2270 4485 υ

688 4476 855 4541 seipsa
894 4483 981 4525 aut
1021 4489 1136 4528 cum
1182 4475 1341 4529 altera
1379 4475 1659 4544 fornicans,
1691 4488 1798 4535 tres
1823 4496 1986 4537 annos
2021 4485 2190 4552 paeni-

689 4569 792 4616 teat
804 4602 815 4614 .

1259 4648 1401 4703 Unde
1436 4664 1608 4719 supra.

756 4756 784 4792 ι’
821 4753 877 4807 Si
897 4756 1300 4810 sanctimonialis
1321 4770 1438 4810 cum
1453 4757 1551 4810 alia
1580 4761 1956 4815 sanctimoniali
1982 4777 2075 4832 per
2099 4767 2192 4819 ali-

690 4843 826 4911 quod
847 4844 1312 4898 machinamentum
1337 4843 1637 4911 fornicatur,
1679 4856 1876 4918 septem
1896 4866 2058 4905 annos
2081 4868 2191 4922 pce-

690 4936 868 4989 niteat.

1109 5022 1184 5074 De
1210 5021 1495 5076 illecebroso
1517 5026 1764 5092 amplexu.

756 5112 878 5166 Car.
909 5129 1039 5166 ceu.
1065 5124 1085 5151 ο
1110 5113 1205 5178 Qui
1226 5129 1319 5180 per
1340 5114 1667 5169 illecebrosas
1698 5116 1964 5184 amplexus
1989 5119 2192 5172 femina:

690 5198 769 5248 vel
803 5213 890 5265 per
938 5202 1162 5251 osculum
1204 5199 1464 5268 polluitur,
1516 5204 1724 5270 triginta
1756 5204 1867 5258 dies
1922 5208 2188 5273 pmnitcat.

691 5283 791 5352 Qui
811 5287 1037 5352 tttlgcr..
1077 5289 1414 5341 inverecunde
1457 5303 1664 5342 carnem
1718 5287 1945 5357 ejusdem
1967 5293 2187 5358 femintc,

693 5425 1029 5549 ωῶἓῐέςείιη
1055 5431 1086 5481 l.
1121 5447 1312 5496 xvu,_c.
1353 5433 1438 5496 27,
1469 5448 1530 5488 ex
1565 5435 1909 5491 Puenitentiali
1937 5439 2192 5496 Theodori

765 5563 791 5600 ιι
823 5563 1037 5632 iiut-cn,
1069 5567 1154 5617 lib.
1185 5581 1308 5629 xvii,
1333 5581 1378 5620 c.
1406 5567 1490 5632 28,
1513 5583 1575 5622 ex
1607 5569 1793 5625 Pmnit.
1826 5573 2022 5628 Thcod.

763 5638 785 5666 σ
822 5629 1028 5694 Burch.,
1053 5633 1085 5685 l.
1118 5648 1205 5698 vit,
1236 5649 1282 5688 c.
1317 5633 1396 5687 62.

2277 1933 2538 1987 similiter.
2600 1933 2699 1998 Qui
2726 1933 3014 2002 voluntarie
3036 1948 3211 1987 semen
3235 1933 3367 1986 fudit
3397 1935 3448 1986 in
3486 1933 3724 1993 ecclesia,
3747 1932 3792 1984 si

2265 2021 2610 2083 \clericusest,
2625 2021 3042 2089 quatuordecim;
3063 2022 3107 2074 si
3120 2021 3404 2074 monachus
3422 2029 3511 2073 aut
3529 2022 3794 2080 diaconus,

2279 2110 2488 2178 triginta
2513 2109 2652 2170 dies;
2704 2110 2745 2162 si
2776 2109 3063 2176 presbyter,
3101 2107 3474 2176 quadraginta;
3509 2109 3554 2161 si
3597 2109 3796 2176 episco-

2278 2211 2394 2265 pus,
2434 2198 2942 2267 quinquagintaﬁies
2967 2197 3235 2264 poeniteat.

2613 2265 2688 2337 De
2700 2285 3080 2353 quadrupedum
3103 2265 3451 2350 fornicatione.

2347 2371 2472 2426 CAP.
2489 2386 2662 2425 ccum.
2685 2382 2706 2409 ο
2722 2371 2950 2435 Quicum
2966 2371 3160 2438 p‘ecude
3176 2379 3378 2440 peccat,
3402 2385 3594 2423 annum
3616 2384 3796 2424 unum.

2281 2459 2500 2524 Quidam
2521 2460 2759 2528 judicant
2779 2473 2942 2511 annos
2969 2460 3167 2522 decem,
3209 2459 3418 2526 quidam
3445 2467 3664 2526 septem,
3683 2458 3799 2526 qui-

2283 2547 2402 2601 dam
2454 2555 2692 2615 quatuor,
2738 2547 2945 2614 quidam
2997 2555 3204 2599 centum
3242 2547 3371 2599 dies.
3438 2545 3494 2598 Si
3534 2546 3650 2612 quis
3693 2546 3800 2598 cle—

2283 2638 2424 2689 ricus
2491 2623 2609 2689 cum
2663 2633 2998 2702 quadrupede
3058 2633 3343 2686 fornicatus
3391 2633 3590 2693 fuerit,
3639 2644 3804 2684 annos

2281 2727 2413 2788 duos
2437 2763 2451 2788 ,
2527 2724 2872 2777 subdiaconus
2920 2734 3028 2776 tres
3059 2761 3074 2785 ,
3126 2722 3376 2774 diaconus
3418 2729 3472 2773 et
3519 2719 3804 2772 monachus

2283 2813 2530 2880 quinque,
2571 2812 2845 2880 presbyter
2868 2820 3086 2878 septem,
3158 2811 3430 2878 episc0pus
3467 2810 3648 2863 decem
3691 2823 3801 2876 pm-

2285 2901 2467 2953 niteat.

2836 2966 2908 3019 De
2935 2965 3227 3021 Sedomitis.

2355 3054 2660 3110 Canccuv.
2695 3053 2713 3092 ί
2738 3053 2834 3118 Qui
2851 3053 3197 3115 fornicaverit,
3222 3051 3805 3120 sicutSodonniuc,qui-

2214 3139 2260 3199 C
2290 3142 2406 3194 dam
2429 3141 2790 3208 judicaverunt
2811 3139 2987 3192 decem
3003 3154 3186 3201 annos,
3224 3139 3434 3206 quidam
3462 3146 3686 3206 septem,
3714 3138 3804 3191 alii

2288 3243 2466 3280 unum.
2545 3227 2696 3280 Pueri
2741 3234 2950 3281 centum
3001 3229 3132 3282 dies.
3203 3227 3303 3279 Alii
3319 3228 3710 3296 judicaverunt,
3751 3227 3802 3280 si

2289 3311 2340 3364 in
2362 3312 2730 3369 consuetudine
2773 3320 2874 3375 cst,
2907 3314 3069 3366 laicus
3100 3327 3264 3366 annos
3300 3313 3546 3378 quinque,
3585 3312 3807 3366 clericus

2288 3411 2505 3470 septem,
2561 3403 2908 3456 subdiaconus
2957 3412 3012 3456 et
3047 3403 3331 3454 monachus
3361 3385 3530 3463 octoT
3552 3401 3804 3454 diaconus

2289 3490 2488 3551 decem,
2515 3490 2785 3557 presbyter
2812 3491 3098 3551 duodecim,
3130 3492 3404 3557 episcopus
3424 3486 3674 3542 tredecim
3695 3501 3806 3556 pm-

2283 3579 2468 3630 niteat.

2545 3665 2786 3720 ABHINC
2816 3668 2898 3720 DE
2925 3667 3148 3722 ωηιτο
3170 3667 3254 3720 ET
3281 3667 3544 3720 RAPINA.

2628 3757 2726 3827 (Ex
2739 3757 3086 3811 Ptenitentiali
3103 3729 3243 3810 ﬁnde
3262 3757 3462 3824 supra.)

2353 3841 2476 3896 Cie.
2515 3859 2698 3915 ecus.
2753 3844 2850 3908 Qui
2887 3844 3168 3912 cupiditate
3203 3855 3385 3912 captus
3423 3846 3620 3899 furtum
3663 3849 3802 3901 teco-

2289 3931 2373 3993 rit,
2418 3931 2555 3998 quod
2583 3932 2853 3986 abstulerit
2892 3933 3090 3997 reddat,
3131 3941 3186 3987 et
3226 3946 3390 3986 annos
3438 3935 3668 4001 quinque
3694 3948 3803 4001 po-

2289 4015 2468 4069 niteat.
2843 4039 2847 4043 -

2863 4083 2938 4139 De
2959 4085 3132 4139 eadem
3159 4101 3230 4138 re.

2861 4173 2960 4243 (Ex
3002 4174 3231 4244 eodem.)

2355 4259 2477 4314 CAP.
2505 4275 2726 4316 ccum.
2765 4261 2864 4328 Qui
2883 4278 3016 4332 saepe
3043 4263 3238 4317 furtum
3261 4262 3458 4324 fecerit.
3489 4273 3686 4332 septem
3709 4279 3798 4316 an-

2290 4365 2384 4404 nos
2398 4351 2664 4420 poeniteat.

2875 4417 3019 4472 Unde
3041 4435 3214 4487 supra.

2355 4503 2480 4557 CAP.
2509 4519 2752 4578 cetum.
2794 4503 2850 4558 Si
2894 4505 3012 4574 quis
3053 4504 3348 4571 sepulcrum
3382 4505 3675 4561 violaverit.
3719 4520 3802 4558 se-

2284 4597 2427 4660 ptem
2448 4605 2608 4645 annos
2645 4591 2910 4660 paeniteat,
2937 4601 3042 4646 tres
3063 4607 3126 4645 ex
3156 4592 3235 4645 liis
3262 4593 3313 4644 in
3345 4581 3551 4660 panc'et
3577 4605 3729 4660 aqua.

2863 4681 2936 4734 De
2955 4682 3127 4733 eadem
3156 4697 3224 4732 re.

2687 4768 2784 4838 (Et
2801 4769 2980 4820 eodem
3007 4766 3394 4834 Pmuitentiali.)

2353 4855 2475 4911 CAP.
2503 4873 2717 4912 cccxxv.
2745 4858 2798 4912 Si
2823 4858 3010 4925 aliquis
3031 4859 3094 4911 de
3113 4857 3400 4913 ministerio
3420 4855 3653 4908 ecclesim
3673 4870 3798 4922 quo-

2285 4943 2412 4995 libet
2446 4946 2598 4997 modo
2625 4945 2814 5010 aliquid
2842 4943 3046 4996 furatus
3066 4943 3240 5005 fuerit,
3275 4951 3468 5009 septem
3498 4957 3660 4994 annos
3689 4955 3798 5010 pm-

2285 5029 2466 5083 niteat.

2876 5117 2952 5169 De
2970 5132 3227 5185 pentina.-

2684 5205 2780 5271 (Ex
2809 5205 2986 5256 eodem
3009 5203 3402 5270 Pwnitentiali.)

2357 5289 2478 5344 Car.
2530 5305 2760 5343 cccxxw.
2819 5292 2841 5328 ε
2885 5291 3186 5358 Quicunque
3244 5293 3411 5344 sciens
3451 5289 3789 5360 periuravet‘ll

2356 5441 2382 5480 δ
2421 5441 2631 5497 Burch.,
2661 5439 2692 5490 l.
2725 5455 2848 5499 xvtt,
2881 5456 2927 5492 c.
2951 5441 3034 5494 45.
3084 5479 3093 5487 ,

2364 5521 2386 5545 ι
2424 5507 2634 5569 Βιιτςὶι.,
2672 5506 2706 5558 l.
2732 5522 2858 5568 xvu,
2877 5520 2924 5558 c.
2951 5504 3032 5557 3‘2.

2366 5575 2385 5610 ί
2425 5575 2635 5636 Burch.,
2675 5576 2708 5625 l.
2740 5589 2863 5634 xvit,
2891 5586 2937 5625 c.
2960 5571 3042 5625 35.

2365 5645 2389 5680 ⁸
2427 5640 2634 5706 Βωώο,
2675 5642 2708 5693 l.
2745 5655 2842 5704 xu,
2867 5654 2912 5692 c.
2933 5640 2982 5694 8.
