4010 6456
631 454 712 505 75,

1517 445 1854 531 ἸᾙΕΟΒΟΜ
1888 440 2196 512 ΛΒΟῌΙΕΡ.
2230 433 2757 492 CANTUARIENSIS

3618 437 3721 490 976

590 565 677 617 ille
717 560 898 627 liquor.
953 559 1096 624 Qqu
1138 559 1179 610 si
1220 556 1434 610 multum
1459 563 1539 608 est
1563 546 1864 621 deliquere,
1913 565 2101 619 purge«
2130 555 2172 610 Α
2205 545 2276 598 De
2312 546 2543 612 episcopo
2569 543 2656 611 qui
2682 540 2957 627 secundum
2982 549 3225 627 parituram
3253 543 3534 606 fornicatus
3563 545 3717 612 fuerit

592 667 679 706 tur
702 650 785 703 ille
831 647 1016 715 liquor,
1039 655 1092 700 et
1132 651 1436 712 aspergatur
1462 657 1594 709 aqua
1618 649 1815 702 sancta,
1843 646 1895 690 et
1924 652 2096 692 suma-

591 747 696 801 tur,
743 737 787 790 si
807 748 1015 789 necesse
1064 740 1162 785 est.
1212 730 1268 782 Si
1292 730 1345 782 in
1379 730 1564 790 farina,
1601 736 1689 780 aut
1727 728 1777 779 in
1809 727 1940 779 lacte
1981 738 2102 778 coa-

586 828 780 897 gulato,
817 831 905 877 aut
953 823 1002 876 in
1037 807 1186 875 melle
1229 835 1343 873 mus
1385 827 1586 872 mortua
1633 819 1914 879 invenitur,
1962 814 2101 882 quod

586 900 642 968 iu
668 913 887 969 circuitu
914 909 1028 976 ejus
1067 915 1147 962 est
1182 906 1321 961 feras
1363 903 1685 973 projiciatur,
1732 903 1985 972 reliquum
2011 915 2100 954 su-

586 1007 775 1054 matur.
2091 982 2096 989 ’

793 1094 854 1148 Si
879 1092 1292 1163 quissepulcrum
1313 1089 1589 1153 violaverit,
1625 1097 1671 1143 et
1695 1098 1894 1142 cetera.

992 1180 998 1221 ῗ
1141 1178 1314 1247 (Unde
1339 1177 1540 1244 supra.)

650 1265 776 1319 Car.
803 1280 1084 1322 ccccsxxv.
1132 1263 1189 1317 Si
1213 1265 1329 1331 quis
1359 1264 1648 1332 sepulcrum
1671 1262 1962 1325 violaverit,
2016 1275 2102 1313 se-

585 1359 725 1419 ptem
742 1365 906 1404 annos
943 1351 1207 1417 paeniteat,
1241 1357 1346 1403 tres
1370 1350 1422 1401 in
1452 1363 1585 1415 pane
1615 1355 1670 1400 et
1706 1362 1860 1413 aqua.
1901 1345 1958 1399 Si
1985 1343 2102 1412 quis

584 1439 831 1505 ligaturas
873 1437 1075 1499 fecerit,
1123 1437 1259 1504 quod
1300 1436 1614 1497 detestabile
1651 1444 1749 1497 est,
1793 1445 1900 1488 tres
1939 1450 2103 1488 annos

585 1527 858 1595 pteniteat,
881 1540 1038 1578 unum
1061 1539 1123 1594 ex
1148 1525 1230 1578 his
1249 1526 1301 1577 in
1323 1539 1455 1592 pane
1475 1531 1530 1592 et
1549 1538 1699 1591 aqua.
1739 1523 1793 1577 Si
1817 1522 1933 1590 quis
1957 1537 2103 1575 man-

585 1613 1204 1683 ducaverit'morticinum
1228 1622 1316 1665 aut
1343 1613 1495 1665 idolis
1529 1611 1872 1674 immolatum,
1906 1609 2106 1678 jejunet

555 1699 932 1755 .bebdomadas
960 1699 1252 1753 duodecim.
1307 1699 1361 1752 Si
1383 1698 1502 1765 quis
1527 1697 1794 1764 quodlibet
1812 1697 2103 1750 membrum

581 1789 681 1840 sibi
724 1787 1017 1840 voluntarie
1069 1785 1423 1846 truncaverit,
1478 1791 1585 1837 tres
1621 1798 1783 1836 annos
1831 1783 2102 1851 pmniteat,

2810 618 2857 661 et
2884 608 2947 660 de
2970 609 3104 662 aliis.

2563 714 2659 782 (Ex
2688 680 3034 767 Pcenitentiali
3057 713 3375 783 Theodori.)

2267 823 2378 898 Lis.
2417 838 2543 886 xvrl,
2568 838 2683 876 car.
2717 837 2898 876 suis.
2934 822 2990 880 Si
3022 825 3140 892 quis
3163 826 3396 896 pontifex
3419 826 3729 886 fomicalio—

2199 927 2315 965 uem
2345 911 2527 964 fecerit
2570 905 2882 975 naturalem,
2919 914 3144 980 synOdus
3179 915 3431 983 judicavit
3454 902 3516 971 ut
3541 918 3731 973 decen

2199 1017 2362 1056 annos
2392 1003 2658 1070 pmniteat,
2688 1011 2742 1055 et
2779 1004 2960 1057 multis
3002 1003 3247 1074 lacrymis
3285 1015 3341 1061 et
3377 1010 3732 1081 elemosynis

2197 1090 2402 1142 veniam
2423 1104 2451 1142 a
2479 1089 2699 1143 Domino
2730 1097 2892 1157 petat.
2919 1091 3199 1161 Presbyter
3229 1109 3335 1150 non
3372 1098 3585 1166 prtelato
3615 1114 3734 1154 mo-

2199 1177 2354 1229 nachi
2380 1185 2502 1231 voto
2531 1191 2649 1230 cum
2682 1178 2852 1245 puella
2881 1179 2961 1232 vel
2990 1183 3267 1236 meretrice
3292 1199 3536 1252 peccans,
3562 1202 3737 1242 annos

2199 1269 2307 1316 tres
2329 1271 2381 1316 et
2398 1263 2450 1316 in
2474 1264 2639 1317 tribus
2653 1265 3066 1332 quadragesimis
3091 1271 3392 1336 secundam,
3413 1281 3469 1325 et
3485 1273 3736 1342 quartam

2199 1357 2254 1402 et
2279 1357 2479 1402 sextam
2505 1349 2716 1434 lien-iam,
2761 1360 2814 1404 et
2840 1353 3056 1406 sabbato
3083 1369 3288 1422 semper
3316 1357 3379 1410 de
3423 1358 3564 1414 sicco
3611 1361 3739 1413 cibo

2197 1436 2469 1502 pmniteat.
2498 1435 2554 1490 Si
2577 1451 2696 1512 cum
2717 1437 2902 1492 ancilla
2927 1438 3016 1492 Dei
3037 1448 3127 1493 aut
3153 1441 3403 1505 masculo,
3426 1443 3544 1510 plus
3570 1445 3740 1498 adda-

2201 1531 2288 1577 tur
2309 1522 2584 1590 jejunium,
2606 1525 2658 1579 id
2678 1535 2759 1580 est
2781 1535 2980 1594 septem
3002 1542 3187 1592 annos,
3213 1530 3257 1582 si
3284 1530 3336 1583 in
3355 1533 3742 1587 consuetudine

2201 1604 2298 1664 est.
2332 1611 2586 1666 Similiter
2625 1613 2851 1678 diaconi,
2905 1614 2949 1668 si
2998 1617 3240 1670 monachi
3288 1632 3390 1671 non
3427 1625 3571 1682 sunt,
3601 1621 3743 1673 duos

2203 1712 2384 1761 annos,
2414 1700 2551 1753 sicut
2576 1699 2732 1753 etiam
2763 1694 3006 1755 monachi
3050 1686 3156 1769 quid
3179 1700 3293 1756 sine
3318 1704 3483 1772 gradu
3507 1713 3651 1761 sunt.
3677 1704 3741 1759 Si

2202 1789 2404 1845 diaconi
2435 1786 2676 1843 monachi
2703 1797 2842 1854 sunt,
2871 1799 3074 1858 septem
3100 1806 3298 1857 annos;
3333 1793 3575 1847 monachi
3611 1810 3742 1848 cum

581 1887 743 1927 unum
763 1887 825 1926 ex
853 1874 937 1926 bis
972 1873 1021 1925 in
1049 1887 1184 1940 pane
1211 1880 1263 1925 et
1286 1886 1437 1938 aqua.
1507 1870 1563 1947 Si
1589 1871 1706 1938 quis
1734 1884 1922 1924 usuras
1941 1871 2103 1925 unde-
2133 1869 2179 1928 Β
2201 1877 2386 1944 gradu,
2415 1884 2611 1943 septem
2645 1887 2810 1931 annos
2851 1880 3159 1944 pteniteant.
3190 1878 3320 1931 Item
3350 1869 3662 1952 episcopus,
3690 1880 3742 1934 si

581 1975 784 2028 cunque
809 1961 1058 2029 exegerit,
1093 1960 1332 2013 similiter
1350 1959 1619 2027 pmniteat.
1669 1956 1723 2010 Si
1753 1958 1872 2026 quis
1894 1957 2111 2026 pervio-

582 2052 793 2106 lentiam
825 2057 914 2102 aut
942 2049 1172 2127 quolibet
1196 2047 1402 2113 ingenio
1425 2046 1560 2100 malo
1589 2045 1772 2112 ordine
1806 2060 1889 2099 res
1915 2045 2113 2100 alienas

584 2138 835 2193 invaserit
860 2144 950 2189 aut
984 2135 1177 2197 tulerit,
1206 2134 1445 2188 similiter
1468 2133 1736 2200 paniteat.
1786 2131 1842 2184 Si
1867 2131 1987 2198 quis
2014 2131 2118 2184 ali-'

531 2287 543 2308 .
584 2239 737 2295 quem
761 2225 1025 2303 hominem
1048 2216 2115 2287 malVordinevendiderit,’similiterpte-
2162 2284 2167 2288 _

585 2317 774 2370 niteat.
830 2314 885 2366 Si
915 2302 1034 2380 quis
1065 2325 1240 2364 aream
1263 2319 1354 2362 aut
1391 2302 1602 2384 domum
1632 2308 1847 2364 alternis
1877 2307 2115 2361 volunta-

587 2405 680 2456 r-ie
710 2403 828 2471 igne
854 2399 1184 2462 cremaverit,
1206 2397 1471 2451 similiter
1487 2396 1758 2464 paniteat.
1807 2395 1864 2449 Si
1886 2394 2005 2463 quis
2021 2409 2116 2464 per

566 2475 974 2558 iiramaliquem
999 2487 1334 2556 percusserit,
1362 2494 1416 2540 et
1443 2484 1745 2553 sanguinem
1769 2482 1986 2547 fuderit,
2026 2489 2119 2534 aut

588 2579 811 2633 debilem
835 2577 1037 2640 fecerit,
1065 2574 1407 2644 quadraginta
1427 2573 1536 2626 dies
1563 2571 1816 2639 pmniteat
1839 2571 1892 2624 in
1914 2583 2049 2638 pane
2062 2576 2116 2623 et

591 2684 744 2738 aqua.
1155 2719 1168 2723 _
1567 2713 1582 2724 κ
1882 2680 1885 2682 ’

619 2757 622 2760 ’
760 2753 815 2806 Si
845 2753 1028 2821 aliquis
1054 2749 1512 2822 excommunicatus
1526 2759 1753 2802 mortuus
1774 2748 1949 2816 fuerit.

713 2880 721 2895 .-
1083 2881 1086 2883 Α
1156 2839 1326 2906 (Unde
1344 2836 1544 2907 supra.)
1950 2894 1956 2901 _

614 2987 616 2989 ,
657 2931 780 2985 Cu.
807 2942 1106 2984 ccccrxxvr.
1137 2927 1191 2979 SI
1237 2920 1426 2991 aliqu'is
1461 2923 1940 2976 excommunicatus
1960 2920 2118 2974 fuerit

589 3025 845 3078 mortuus;
866 3015 953 3082 qui
974 3013 1161 3082 jarnfait
1181 3009 1468 3072 confessus,
1483 2997 1542 3063 et
1564 3024 1666 3061 non
1688 2992 1918 3061 occurrit
1940 3007 2118 3060 venire

594 3107 660 3160 ad
713 3104 1036 3161 sacerdotem
1063 3140 1076 3162 ,
1133 3099 1223 3153 sed
1286 3097 1666 3164 praeoccupavit
1709 3111 1829 3150 eum
1876 3109 2018 3150 mors
2065 3094 2117 3146 in

2209 1964 2473 2021 siue_voto
2499 1965 2740 2017 monachi
2777 1963 2895 2045 eum
2920 1965 3089 2032 puella
3130 1965 3210 2020 vel
3243 1969 3521 2022 meretrice
3544 1983 3740 2037 pecca-

2209 2049 2343 2136 verit
2366 2049 2543 2102 decem
2571 2064 2736 2103 annos
2758 2050 3030 2118 ptenitcat.
3053 2050 3285 2111 Clericus
3307 2067 3428 2106 cum
3448 2053 3548 2107 tali
3565 2053 3742 2121 purus

2209 2137 2321 2189 sine
2342 2145 2464 2190 voto
2483 2136 2746 2200 monachi,
2774 2137 2820 2190 si
2845 2136 3133 2197 fornicatus
3156 2138 3333 2204 fuerit,
3355 2155 3515 2195 unum
3540 2143 3742 2195 annum

2207 2223 2486 2290 poeniteat;
2518 2224 2563 2278 si
2591 2223 2910 2292 frequenter,
2951 2225 3082 2280 duos
3113 2241 3296 2280 annos.
3329 2209 3386 2281 Si
3428 2242 3553 2282 αιιιι
3579 2241 3744 2284 cano-

2209 2309 2349 2373 nica,
2377 2309 2509 2363 duos
2547 2324 2744 2373 annos;
2774 2311 2821 2364 si
2855 2310 3174 2378 frequenter,
3205 2321 3520 2380 tres.annos.
3563 2314 3623 2368 Si
3653 2330 3746 2384 ge-

2210 2399 2383 2452 nuerit
2422 2412 2486 2451 ex
2530 2413 2594 2452 ea
2636 2397 2824 2462 tilium,
2874 2407 3098 2468 quatuor
3147 2414 3354 2456 annos:
3383 2401 3473 2456 alii
3523 2403 3741 2466 dicunt,
3781 2453 3788 2457 ί

2211 2497 2429 2556 septem.
2466 2488 2769 2542 Theodorus
2813 2490 2944 2544 dixit
2973 2505 2988 2544 :
3013 2491 3291 2547 Monachus
3339 2493 3742 2551 fornicationem

2211 2574 2426 2640 faciem,
2457 2585 2654 2645 septem
2689 2593 2854 2632 annos
2869 2578 3139 2647 pteniteat.

2217 2704 2708 2787 thttoticescunque
2745 2705 2928 2787 aliquis
2966 2707 3034 2758 ad
3074 2666 3414 2776 penitentiam
3453 2671 3742 2787 accesseris,

2283 2774 2520 2893 {eju‘niiu
2565 2774 2628 2830 et
2657 2774 2968 2828 orationibus
3007 2774 3122 2828 cuiu
3156 2791 3214 2854 eo
3251 2776 3623 2830 communicare
3654 2777 3744 2830 de-

2316 2858 2373 2894 ea
2405 2879 2418 2893 .
3509 2877 3512 2880 .

2578 2947 2674 3017 (Ea
2703 2945 3051 3028 Ptenitentiali
3079 2908 3383 3017 :l‘lteodori.)

2283 3067 2395 3132 Lis.
2435 3092 2552 3141 xix,
2590 3092 2706 3130 cur.
2733 3093 2921 3131 xxxnr.
2949 3087 2970 3116 ο
3012 3076 3432 3144 Quotiescunque
3459 3075 3746 3136 Christiani

592 3196 749 3247 domo
787 3198 875 3245 aut
904 3191 955 3244 in
985 3190 1090 3252 via,
1127 3187 1320 3240 faciant
1344 3199 1439 3253 pro
1482 3199 1544 3239 eo
1568 3191 1817 3254 parentes
1840 3182 1952 3249 ejus
1972 3181 2116 3234 obla-
2140 3164 2187 3228 C
2215 3171 2282 3226 ad
2324 3171 2688 3253 paenitentiam
2732 3171 3012 3230 accedunt.
3060 3167 3257 3236 ieiunia
3300 3167 3650 3238 ὶυίυηείωιιες
3683 3176 3751 3232 ει

595 3283 789 3334 tionem
837 3270 917 3332 ad‘
947 3277 1128 3338 altare,
1177 3282 1230 3327 et
1266 3274 1388 3326 dent
1427 3271 1833 3338 redemptionem
1890 3282 1985 3335 pro
2030 3281 2118 3320 ca-

595 3381 752 3438 ptivis
782 3381 827 3421 ι.
1250 3425 1262 3436 ν

1320 3433 1370 3490 ll
1383 3479 1396 3490 .

1030 3552 1134 3609 EX
1188 3531 1679 3614 BURCHARDO,

680 3646 976 3724 Capitulis
997 3644 1247 3705 omissis
1281 3659 1418 3721 qua:
1447 3638 1848 3715 suprarelata
1875 3638 2042 3696 sunt.

771 3744 846 3794 De
870 3733 971 3794 illis
996 3742 1079 3808 qui
1105 3740 1167 3792 in
1184 3738 1436 3790 codicibus
1471 3737 1644 3803 futura
1673 3733 1952 3801 requirunt.

962 3826 1058 3895 (Ex
1089 3823 1437 3879 Ptnnitentiali
1468 3817 1772 3888 Theodori.)

669 3920 780 3972 LIB.
808 3933 858 3981 x,
882 3916 994 3971 cite.
1023 3917 1163 3968 xivr.
1179 3913 1274 3965 ὶ»1η
1288 3911 1475 3966 tabulis
1495 3910 1575 3964 vel
1602 3907 1866 3962 codicibus
1880 3910 2022 3958 sorte
2044 3901 2123 3956 fu-

605 4019 721 4062 tura
762 4023 866 4061 non
913 4013 1032 4058 sunt
1074 4001 1418 4070 requirenda;
1469 4007 1523 4051 et
1563 4004 1622 4049 ut
1648 3995 1817 4048 nullus
1847 3993 1900 4046 in
1926 3990 2124 4045 Psalte-

608 4098 687 4149 rio
720 4092 864 4161 ,-vel
904 4093 956 4144 in
1014 4088 1333 4155 Evangelia,
1380 4084 1461 4138 vel
1505 4085 1556 4136 in
1608 4081 1724 4134 aliis
1768 4080 1925 4131 rebus
1947 4075 2124 4130 sortiri

608 4187 908 4253 praesumat,
952 4193 1049 4230 nec
1085 4176 1427 4253 divinationes
1453 4171 1655 4237 aliquas
1675 4170 1728 4221 in
1753 4166 2014 4234 aliquibus
2038 4177 2142 4232 re-r

609 4249 708 4324 bus
726 4269 1022 4322 observare.
1055 4263 1200 4329 Quod
1225 4249 1483 4323 sifccerit,
1514 4255 1854 4325 quadraginta
1883 4252 1994 4306 dies
2017 4265 2126 4317 pa:-

605 4359 798 4418 siitcat.
1296 4394 1299 4396 .
1666 4334 1669 4343 Ι
1887 4340 1896 4350 ’

887 4437 1078 4505 θαλίαι
1097 4437 1186 4503 qui
1207 4437 1260 4498 iit
1286 4434 1457 4501 lingua
1485 4430 1656 4484 lascivi
1685 4423 1889 4495 fuerint.

976 4523 1071 4592 (Ex
1099 4520 1444 4576 Paenitentiali
1479 4515 1781 4581 Theodorii)

685 4617 807 4670 CAP.
842 4630 946 4667 LVI.
979 4613 1033 4665 Si
1063 4613 1179 4680 quis
1207 4611 1428 4663 lascivus
1451 4610 1502 4660 in
1526 4608 1701 4673 lingua
1732 4601 1907 4660 fuerit,
1935 4599 2129 4652 tridua-

621 4719 687 4756 na
707 4699 1011 4771 pmnitentia
1037 4699 1290 4766 expietur.

624 4791 697 4843 De
723 4789 822 4842 illis
841 4787 932 4857 qui
959 4787 1183 4854 pejerant
1208 4781 1258 4836 se
1285 4785 1338 4834 in
1363 4797 1513 4835 manu
1541 4777 1775 4857 epist-cpi,
1797 4785 1884 4828 aut
1910 4776 1964 4828 in
1987 4789 2134 4826 cruce

926 4852 1241 4926 consecrata,
1280 4860 1368 4901 aut
1392 4865 1493 4900 non
1521 4852 1833 4900 consecrata:
1898 4881 1900 4883 .

973 4940 1072 5008 (Es
1099 4936 1447 4990 Pmnitentiali
1478 4930 1781 4999 Theodori.)

695 5032 802 5084 Lis.
833 5043 924 5088 ιιι,
956 5041 1068 5078 car.
1097 5040 1146 5075 ν.
1178 5022 1273 5085 Qui
1299 5021 1498 5088 peierat
1521 5035 1576 5073 se
1616 5021 1668 5071 in
1706 5031 1861 5070 manu
1886 5013 2133 5082 episc0pi,

629 5131 718 5174 aut
744 5120 797 5172 in
825 5129 979 5171 cruce
1001 5120 1316 5173 consecrata,
1343 5119 1453 5162 tres
1475 5107 1913 5174 annospceniteat.
1943 5105 1998 5158 Si
2019 5091 2154 5158 vero

633 5211 686 5260 in
727 5221 882 5260 cruce
909 5217 1027 5257 non
1063 5206 1385 5259 consecrata,
1431 5211 1622 5248 annum
1668 5207 1824 5246 unum
1873 5193 2138 5259 poeniteat.

634 5291 733 5357 Qui
761 5299 930 5344 autem
954 5290 1196 5342 seductus
1223 5285 1378 5338 fuerit
1396 5292 1447 5336 et
1477 5283 1720 5349 ignorans
1739 5292 1792 5330 se
1816 5277 2142 5344 pcjeraverit,

2217 3274 2314 3313 nos
2348 3249 2872 3313 communicarecum
2895 3258 2971 3312 eis
2995 3258 3242 3312 debemus
3270 3258 3322 3310 in
3338 3255 3556 3324 jejunio,
3588 3271 3748 3311 unam

2218 3355 2309 3400 aut
2336 3347 2464 3399 duas
2487 3347 2819 3413 septimanas,
2847 3353 2940 3399 aut
2957 3352 3207 3416 quantum
3231 3358 3535 3412 possumus;
3564 3354 3622 3397 ut
3643 3359 3746 3396 non

2219 3432 2423 3489 dicatur
2449 3435 2618 3498 nobis,
2649 3433 2788 3501 quod
2815 3419 3174 3488 sacerdotibus
3210 3429 3507 3485 Judteorum
3549 3431 3749 3484 dictum

2219 3530 2300 3577 est
2316 3539 2349 3576 .a
2376 3520 2598 3575 Domino
2630 3541 2642 3573 :
2681 3520 2770 3574 Vae
2799 3521 2934 3574 vobis
2963 3521 3281 3590 legisperitis,
3323 3520 3412 3588 qui
3459 3519 3748 3590 aggramis

2219 3611 2464 3674 homines,
2487 3619 2533 3662 et
2557 3608 2811 3678 imponitis
2832 3624 2987 3677 super
3002 3609 3235 3662 humeros
3258 3623 3432 3662 eorum
3454 3625 3610 3661 onera
3632 3625 3750 3677 gra-

2221 3698 2298 3751 via
2325 3707 2373 3750 et
2398 3695 2769 3764 importabilia;
2811 3696 2909 3764 ipsi
2941 3703 3110 3748 autem
3135 3711 3237 3748 uno
3269 3695 3428 3763 digito
3460 3704 3626 3748 uestro
3650 3712 3748 3748 non

2221 3783 2425 3852 tangitis
2464 3784 2693 3836 sarcinas
2734 3783 2888 3849 ipsas.
2928 3781 3090 3834 Nemo
3117 3782 3254 3834 enim
3283 3789 3454 3849 potest
3477 3779 3750 3835 sublevare

2221 3876 2494 3930 cadentem
2539 3875 2636 3929 sub
2670 3875 2918 3943 pondere,
2947 3873 3050 3926 nisi
3078 3873 3488 3926 inclinavcrit'ut
3517 3862 3751 3943 porrigat

2221 3964 2268 4014 ei
2293 3978 2536 4036 manum;
2558 3977 2726 4029 neque
2746 3961 2881 4014 ullus
2901 3962 3221 4014 medicorum
3245 3961 3459 4015 vulnera
3480 3963 3750 4016 inﬁrman-

2223 4050 2352 4101 tium
2392 4058 2564 4127 potest
2590 4065 2796 4112 curare,
2819 4044 2930 4101 ‘nisi
2961 4047 3232 4102 lictoribus
3256 4049 3519 4117 particeps
3557 4049 3746 4112 fuerit;

2225 4138 2296 4190 ita
2338 4153 2542 4204 quoque
2585 4138 2756 4190 nullus
2779 4139 3108 4191 sacerdotum
3143 4139 3226 4190 vel
3252 4137 3483 4205 pontifex
3510 4150 3751 4206 peccato-

2226 4239 2338 4276 rum
2368 4225 2580 4276 vulnera
2627 4239 2813 4278 curare
2867 4233 3069 4292 potest,
3107 4232 3198 4278 aut
3240 4225 3748 4294 animabus'peccata

2226 4311 2456 4374 auferre,
2481 4314 2591 4372 nisi,
2611 4319 2896 4381 {instante
2943 4314 3309 4377 sollicitudine,
3338 4322 3387 4367 et
3415 4317 3653 4384 oratione
3676 4316 3749 4367 la-

2229 4415 2541 4468 crymarum.
2572 4399 2794 4461 Necesse
2815 4411 2897 4454 est
2919 4415 3064 4469 ergo,
3105 4400 3290 4453 fratres
3313 4384 3747 4463 charissirni,'vo,s

2113 4519 2119 4525 -
2152 4471 2201 4527 θ
2225 4489 2473 4542 sollicitos
2499 4503 2614 4542 esse
2633 4503 2728 4556 pro
2749 4488 3101 4556 peccantibus,
3120 4487 3215 4554 qui
3241 4502 3421 4539 sumus
3439 4487 3764 4556 alterutrun_

2225 4575 2477 4628 membra.
2529 4573 2752 4640 lleoque
2791 4581 2845 4626 et
2885 4586 2980 4626 nos
3022 4568 3071 4626 si
3102 4571 3390 4626 viderimus
3421 4572 3647 4640 aliquem
3692 4573 3746 4627 in

2222 4665 2451 4732 peccatis
2474 4661 2757 4728 iacentem,
2789 4661 3092 4732 festinemus
3126 4649 3243 4714 eum
3289 4661 3355 4714 ad
3388 4661 3746 4727 paenitentiam

2224 4763 2316 4820 per
2359 4760 2590 4805 nostram
2631 4747 2922 4804 doctrinam
2966 4764 3168 4803 vocare.
3212 4749 3279 4802 Et
3302 4749 3513 4816 quoties
3545 4748 3748 4803 dederis

2229 4839 2506 4893 consilium
2540 4840 2796 4906 peccanti,
2825 4837 2976 4891 simul
3024 4850 3233 4904 quoque
3270 4835 3336 4888 da
3370 4835 3444 4887 illi
3491 4835 3749 4902 peniten-

2232 4927 2357 4977 tiam
2385 4927 2582 4987 statim,
2604 4933 2853 4992 quantum
2883 4924 3068 4976 debeat
3084 4920 3322 4989 jejunare
3351 4926 3440 4971 aut
3468 4920 3749 4988 eleemosy-

2235 5017 2316 5069 nis
2345 5015 2598 5069 redimere
2632 5021 2842 5080 peccata
2866 5029 2877 5063 :
2907 5026 2973 5064 ne
2994 5010 3125 5064 forte
3150 5008 3475 5062 obliviscaris
3501 4995 3619 5077 quae
3656 5007 3746 5061 tibi

2233 5103 2342 5168 jam
2369 5103 2520 5164 dixit,
2560 5109 2611 5153 et
2653 5101 2836 5152 iterum
2862 5112 3078 5152 necesse
3101 5098 3169 5149 sit
3197 5097 3285 5149 tibi
3315 5097 3666 5165 interrogare;
3695 5103 3748 5148 et

2241 5188 2456 5242 forsitan
2498 5187 2767 5240 erubescet
2812 5185 3000 5237 iterum
3042 5189 3252 5250 peccata
3279 5196 3373 5237 sua
3416 5179 3674 5246 conﬁteri,
3697 5189 3747 5236 et

2244 5275 2532 5328 invenietur
2548 5271 2655 5339 jam
2684 5271 2904 5355 amplius
2925 5256 3167 5336 indicari.

636 5389 689 5430 et
711 5383 891 5446 postea
928 5375 1208 5440 cognoscit,
1232 5387 1338 5425 tres
1363 5368 1783 5439 quadragesimas
1807 5366 2073 5432 poeniteat.
2115 5388 2124 5411 ι
2215 5383 2223 5392 ο

708 5516 732 5543 ι
755 5501 947 5557 Cretera
967 5517 1078 5570 qum
1102 5511 1374 5570 sequuntur
1397 5499 1457 5570 de
1479 5514 1543 5570 eo_
1555 5497 1642 5565 qui
1669 5502 1867 5570 furatus
1888 5493 2038 5570 fuerit
2057 5499 2146 5561 per

644 5561 1001 5628 necessitatem}
1047 5579 1092 5620 et
1121 5561 1189 5620 de'
1224 5561 1745 5632 redemptionis'pretio
1773 5561 2040 5632 (Burch.._l.
2071 5576 2142 5632 si,

643 5653 689 5690 ς.
715 5635 822 5696 5|),
848 5654 999 5703 supra
1021 5636 1175 5687 relata
1202 5643 1314 5685 sunt
1341 5627 1399 5683 ὁπ’
1419 5627 1876 5698 ρήιηατοῐιεειίοηε
1905 5627 2145 5694 capitulo-

2244 5503 2354 5538 rum
2380 5485 2644 5548 Theoderi.

2310 5556 2337 5592 ι’
2373 5555 2478 5615 Ivo,
2515 5569 2563 5618 p.
2591 5567 2663 5614 XI,
2688 5565 2735 5615 ς.
2766 5549 2856 5603 52.

2314 5633 2332 5658 ο
2372 5620 2476 5682 lvo,
2505 5635 2553 5686 p.
2582 5635 2662 5680 xv,
2689 5634 2736 5673 c.
2764 5618 2846 5671 56.
