4010 6420
203 531 307 587 977
363 578 366 582 .

198 645 278 698 De
307 641 415 712 illis
447 657 531 712 qui
575 639 748 712 cibum
790 640 1052 712 immunda
1081 659 1235 712 manu
1271 651 1460 712 tactum
1491 641 1731 712 -comede-
1756 641 1807 700 Α

271 711 394 773 rint,
439 707 513 762 uel
555 709 600 761 si
636 708 773 762 canis
817 719 904 761 aut
934 709 1155 777 aliquod
1194 711 1384 762 animal
1413 709 1726 764 immundum

270 779 438 832 cibum
465 778 702 845 tetigerit.

565 864 665 933 (Ex
690 863 1040 920 Pmnitentigli
1064 864 1368 934 Theodori.)

269 949 396 1004 Cn.
431 964 643 1004 Lxxxix.
673 948 822 1014 Quod
859 951 902 1002 si
934 949 1080 1002 casu'
1104 951 1222 1018 quis
1261 951 1524 1004 immunda
1572 964 1727 1002 manu

199 1038 378 1106 cibum
401 1036 586 1104 tangit,
606 1037 688 1089 vel
713 1038 756 1089 si
777 1037 944 1103 canis,
972 1053 1171 1100 musve,
1197 1047 1287 1090 aut
1305 1038 1491 1091 animal
1513 1039 1732 1090 immun-

201 1127 326 1180 dum
353 1119 658 1193 sanguinem
680 1126 909 1178 hominis
941 1127 1068 1188 edit,
1099 1141 1202 1179 non
1227 1137 1408 1189 nocet;
1436 1137 1490 1180 et
1524 1128 1610 1193 qui
1637 1141 1731 1194 pro

200 1213 515 1267 necessitate
541 1212 695 1266 famis
722 1214 1000 1267 manducat
1027 1215 1218 1267 animal
1244 1217 1382 1282 quod
1407 1209 1731 1268 immundum

199 1297 429 1363 videtur,
443 1299 523 1355 vel
536 1315 683 1353 avem
695 1301 776 1354 vel
788 1302 1008 1354 bestiam
1018 1341 1032 1365 ,
1047 1303 1451 1362 misericorditer
1462 1303 1729 1370 poeniteat.

199 1403 280 1458 De
299 1405 405 1459 illis
429 1407 518 1476 qui
547 1408 836 1462 reticuerim
872 1417 1130 1477 peccatum
1169 1410 1344 1477 fratris
1367 1411 1502 1480 quod
1542 1421 1619 1464 est
1666 1413 1732 1464 ad

853 1488 1082 1529 mortem.

505 1628 511 1632 .
568 1562 665 1632 (Ex
691 1563 1044 1617 Pcenitentiali
1065 1565 1368 1635 Theodori.)

271 1645 374 1712 Qui
398 1647 670 1702 reticuerit
709 1648 958 1703 delictum
993 1638 1179 1705 fratris
1197 1653 1336 1720 quod
1363 1661 1443 1706 est
1479 1668 1642 1721 usque
1670 1654 1735 1707 ad

199 1744 454 1800 mortem,
482 1751 652 1805 neque
671 1753 792 1791 eum
811 1742 1128 1807 corripuerit
1147 1743 1294 1808 juxta
1320 1743 1552 1810 regulam
1573 1758 1733 1796 evan-

204 1821 452 1891 gelicam,
472 1820 644 1891 primo
666 1826 805 1879 inter
827 1841 883 1880 se
908 1835 960 1880 et
986 1828 1154 1895 ipsum
1173 1829 1366 1892 solum,
1392 1830 1575 1882 deinde
1599 1830 1735 1883 inter

201 1910 358 1975 alios,
391 1912 582 1966 deinde
627 1915 693 1968 ad
735 1915 1010 1969 ecclesiam
1051 1918 1256 1984 culpam
1293 1918 1542 1982 referens,
1573 1920 1618 1972 si
1647 1934 1733 1972 ne-

203 2010 356 2052 cesse
384 1998 561 2064 fuerit,
588 2009 642 2055 et
683 2010 880 2070 quanto
904 2011 1134 2072 tempore
1173 2004 1270 2058 fuit
1294 2013 1438 2060 tanto
1463 2007 1732 2074 pmniteat.

202 2123 281 2178 De
308 2123 413 2195 illis
438 2123 527 2195 qui
563 2127 631 2195 ad
675 2128 1035 2195 confessionem
1076 2131 1296 2194 ueniunt,
1346 2149 1542 2186 necesse
1575 2143 1648 2186 est
1686 2143 1738 2186 ut

229 2191 459 2263 primum
478 2193 541 2245 de
568 2193 724 2246 livore
750 2191 950 2249 invidia:
977 2206 1024 2248 et
1053 2191 1292 2252 avaritin
1314 2201 1702 2267 interrogentur.

271 2299 398 2353 Cn.
428 2315 598 2355 cxuv.
630 2303 768 2358 Sane
787 2307 910 2372 quia
940 2307 1002 2359 de
1027 2307 1192 2361 livore
1219 2309 1454 2372 invidiae,
1471 2317 1526 2362 et
1550 2312 1614 2365 de
1637 2312 1736 2377 ira,

204 2403 307 2444 nec
353 2405 458 2444 non
497 2399 550 2445 et
589 2393 654 2446 de
697 2395 916 2448 avaritia
962 2403 1020 2448 ut
1067 2396 1306 2462 superius
1357 2397 1613 2466 digestum
1637 2407 1736 2461 est,

203 2479 452 2532 oriuntur
480 2481 762 2535 homicidia
782 2522 795 2545 ,
828 2491 972 2537 recte
998 2492 1055 2536 ut
1084 2485 1312 2537 arbitror
1344 2485 1643 2538 censuimus
1675 2476 1740 2540 de

206 2567 324 2635 ipso
347 2569 475 2621 vitio
513 2570 740 2637 primum
768 2573 995 2638 qualiter
1021 2573 1332 2626 sacerdotali
1364 2573 1561 2641 judicio
1587 2589 1741 2628 cano-

204 2654 328 2708 nice
361 2656 572 2722 penitus
603 2657 672 2710 sit
697 2655 1062 2727 corrigendum
1101 2661 1378 2712 ostendere
1412 2677 1424 2711 :
1457 2675 1521 2712 ac
1553 2661 1739 2715 deinde

203 2743 495 2796 secundum
518 2743 757 2796 ordinem
777 2745 1023 2798 vitiorum
1049 2746 1117 2798 ita
1141 2746 1427 2798 remedium
1453 2749 1739 2814 subsequa-

201 2838 312 2893 tur,
341 2847 449 2900 quo
500 2832 704 2887 facilius
752 2835 1094 2902 undecunque
1126 2835 1386 2902 paenitens
1413 2836 1622 2906 purgari
1643 2851 1736 2890 νο-

199 2916 385 2987 luerit,
409 2921 524 2974 sine
547 2922 800 2986 dilatione
831 2924 884 2976 in
915 2923 1134 2992 singulis
1159 2924 1399 2990 capitulis
1425 2924 1731 2979 inveniatur.

760 3129 869 3187 Ex
915 3036 1179 3188 iis“.

438 3221 515 3275 De
536 3221 638 3276 illis
661 3223 752 3292 qui
770 3240 859 3292 per
879 3240 1104 3278 amorem
1129 3225 1334 3292 vene/isi
1353 3225 1502 3293 ﬁunt.

580 3309 679 3378 (Ex
707 3310 1058 3383 Pwnitentiali
1086 3311 1388 3382 Theodori.)

271 3395 333 3449 Ρ.
363 3410 449 3459 xv,
474 3410 588 3464 cap.
612 3412 751 3450 cxvn.
781 3396 836 3452 Si
860 3399 978 3466 quis
1001 3413 1097 3466 per
1120 3414 1352 3454 amorem
1375 3398 1638 3454 veneﬁcus
1658 3399 1735 3466 tit,
1803 3413 1805 3416 ‘

198 3489 256 3535 et
282 3483 544 3536 neminem
560 3485 846 3551 perdiderit
878 3505 890 3538 :
922 3487 966 3540 si
988 3488 1212 3542 clericus
1232 3497 1332 3552 est,
1361 3504 1522 3541 unum
1543 3504 1737 3543 annum

199 3573 458 3640 pmniteat
507 3574 559 3626 iu
588 3589 724 3642 pane
752 3585 804 3629 et
839 3591 1004 3644 aqua;
1042 3578 1085 3630 si
1116 3579 1497 3643 subdiaconus,
1525 3580 1662 3644 duo;
1693 3581 1739 3634 si

203 3661 460 3715 diaconus
479 3669 608 3725 tres,
633 3654 794 3715 unum
821 3677 885 3716 ex
909 3664 990 3718 bis
1013 3664 1064 3716 in
1085 3679 1218 3733 pane
1237 3675 1290 3718 et
1317 3681 1480 3733 aqua;
1507 3667 1551 3720 si
1576 3667 1740 3722 laicus

202 3758 257 3802 et
290 3749 563 3802 dimidium
607 3749 802 3803 annum
848 3753 1120 3820 pmuiteat,
1166 3754 1393 3808 maxime
1430 3755 1472 3808 si
1512 3769 1608 3821 per
1641 3755 1739 3809 hoc

203 3840 443 3894 mulieris
468 3850 676 3908 partum
705 3843 967 3911 deceperit
1003 3845 1224 3913 quisque
1255 3855 1361 3898 tres
1386 3861 1551 3900 annos
1586 3861 1742 3901 unus-

204 3932 430 4000 quisque
459 3940 804 4002 superaugeat
839 3934 893 3987 in
938 3949 1075 4002 pane
1101 3942 1154 3988 et
1182 3948 1335 4002 aqua,
1369 3950 1434 3989 ne
1475 3935 1741 3989 homicidii

205 4041 331 4080 reus
360 4027 431 4079 sit
457 4038 503 4079 ι.

277 4170 302 4230 f
338 4159 542 4230 {latera
572 4175 727 4229 supra
751 4169 928 4230 notata
954 4167 1095 4215 sunt.

279 4226 307 4265 ι’
340 4226 400 4280 ln
423 4226 936 4298 plerisquehvetustis
958 4238 1057 4294 est,
1079 4237 1126 4283 et
1147 4229 1375 4298 quandiu
1400 4227 1489 4281 illa
1518 4228 1740 4297 paenitet,

209 4304 267 4348 ut
293 4296 479 4348 notant
509 4296 646 4351 corr.
673 4296 822 4352 Grat.

279 4373 302 4401 ο
338 4363 533 4433 Βιιζοιι.
558 4367 738 4429 etiam,
768 4373 822 4418 et
847 4366 933 4420 lvo
960 4374 1116 4433 caput
1142 4366 1241 4419 hoc
1279 4364 1533 4433 citantex
1566 4364 1740 4433 Theo-
1807 4370 1811 4375 '

208 4431 361 4486 doro.
393 4429 460 4484 Ut
484 4429 671 4499 amt,
694 4433 807 4487 haec
830 4436 988 4488 verba
1011 4429 1240 4499 itemque
1259 4433 1346 4485 illa
1379 4450 1390 4484 :
1424 4430 1488 4484 Ut
1509 4441 1614 4484 tota
1638 4431 1742 4499 fere

208 4498 690 4568 sancta_Ecclesia;
729 4510 783 4554 et
824 4502 910 4568 illa
940 4515 955 4553 :
986 4500 1053 4553 Et
1081 4498 1174 4553 hoc
1209 4500 1544 4568 perfectorum
1568 4498 1662 4561 est,
1689 4506 1742 4553 et

209 4565 342 4636 illa:
380 4566 528 4636 Quae
566 4577 641 4620 est
673 4566 956 4636 justorum,
1005 4565 1218 4630 absunt;
1250 4565 1684 4636 quemadmodum
1710 4582 1740 4619 a

883 521 1421 582 mammarum.
1460 556 1526 566 —
1563 497 1894 582 caurum
1927 523 2272 581 COLLEC’I'A
2309 525 2684 582 EX'FRAGM.

3230 495 3333 588 tn

2533 638 2634 696 ιν.

2296 755 2404 812 EX
2453 755 2872 813 GRATIANO.

1829 873 1942 937 Qua
1969 889 2113 943 pana
2146 875 2209 927 sit
2251 874 2517 952 feriendus
2548 876 2633 943 qui
2672 877 2956 927 necessitate
3005 886 3204 929 coactus
3227 891 3338 945 pcr-

2488 953 2655 1008 Jurat.

2074 1077 2077 1079 »
2179 1046 2276 1116 (Ex
2307 1020 2655 1100 'Pmnitentiali
2683 1025 2996 1117 Theodori.)

1896 1150 2066 1204 Causa
2091 1165 2224 1210 xxn.
2253 1167 2302 1220 ᾳ.
2330 1150 2382 1214 5,
2412 1169 2457 1203 ε.
2489 1153 2538 1205 3.
2566 1151 2620 1204 Si
2646 1153 2762 1220 quis
2790 1161 3000 1206 coactus
3024 1167 3118 1221 pro
3142 1154 3242 1207 vita
3265 1170 3342 1209 ro-

1829 1237 2087 1299 dimenda,
2117 1237 2197 1290 vel
2219 1252 2312 1304 pro
2337 1239 2567 1304 qualibet
2582 1253 2762 1301 causa,
2791 1239 2871 1291 vel
2897 1242 3203 1294 necessitate
3228 1257 3349 1309 per-

1822 1324 1968 1393 jurat
1991 1340 2007 1377 :
2035 1325 2155 1392 quia
2182 1326 2298 1392 plus
2321 1340 2511 1392 corpus
2554 1341 2709 1393 quam
2748 1326 2973 1378 animam
3016 1327 3213 1408 dilexit,
3240 1336 3350 1381 tres

1830 1415 2260 1483 quadragesimas
2309 1415 2576 1495 perniteat.
2630 1414 2732 1467 Alii
2784 1429 2910 1468 vero
2958 1407 3192 1483 iudicant
3244 1407 3352 1468 tres

1833 1519 2019 1566 annos,
2048 1519 2208 1557 unum
2237 1519 2298 1556 ex
2327 1503 2413 1557 bis
2437 1505 2490 1556 in
2515 1517 2650 1570 pane
2675 1513 2730 1556 et
2752 1519 2905 1570 aqua.
2998 1552 3000 1554 ,

1833 1610 1932 1674 Qui
1967 1609 2214 1664 adulterat
2243 1611 2463 1663 debitum
2502 1611 2685 1677 reddit,
2726 1611 2885 1664 tribus
2912 1613 3056 1664 annis
3097 1622 3346 1680 paeniteat.

2189 1720 2285 1788 (Ex
2311 1720 2663 1775 Pmnitentiali
2690 1712 2991 1790 Theodori.)

1901 1825 2070 1881 Causa
2095 1844 2258 1891 xxx",
2281 1845 2330 1896 q.
2365 1829 2416 1891 l,
2440 1846 2483 1881 c.
2517 1830 2565 1879 7.
2597 1829 2651 1882 Si
2680 1832 2796 1897 quis
2828 1845 3040 1884 uxorem
3073 1845 3218 1884 suam
3255 1832 3354 1888 scit

1833 1915 2142 1977 adulteram,
2171 1926 2224 1970 et
2247 1932 2349 1969 non
2379 1917 2486 1969 vult
2507 1907 2779 1972 dimittere
2817 1933 2949 1980 eam.
2977 1920 3064 1971 sed
3093 1918 3145 1970 in
3175 1919 3355 1970 matri-

1834 2005 2008 2056 monio
2049 2004 2262 2066 habere,
2316 2006 2480 2057 tribus
2532 2006 2682 2058 annis
2725 2007 2993 2072 pmniteat,
3033 2012 3084 2058 et
3130 2005 3356 2073 quandiu

1834 2092 2053 2158 pmnitet
2078 2091 2128 2154 ι’,
2153 2091 2412 2150 abstineat
2441 2107 2496 2144 se
2527 2093 2591 2145 ab
2615 2093 2721 2144 illa.

1837 2183 2026 2254 Sufﬁcit
2051 2183 2143 2237 illa
2169 2185 2416 2252 confessio
2436 2193 2554 2254 qua:
2589 2187 2804 2251 primum
2832 2186 2960 2249 Deo,
2990 2185 3168 2240 deinde
3190 2204 3360 2241 sacer-

2351 2284 2356 2289 -
2409 2253 2514 2306 doti
2544 2253 2777 2320 offertur.

1903 2359 2051 2414 Unde
2081 2349 2385 2415 Theoderus
2414 2360 2804 2416 Cantuariensis
2839 2364 2911 2416 ait
2933 2364 2986 2416 in
3009 2362 3359 2418 Pmnitentiall

1834 2462 1929 2502 suo
1957 2466 1969 2499 :
2000 2447 2220 2512 Quidam
2251 2448 2357 2501 Deo
2385 2447 2708 2503 solummodo
2737 2450 2976 2503 conﬁteri
3011 2451 3198 2504 debere
3241 2466 3364 2520 pec-

1836 2543 1951 2590 cata
1994 2535 2193 2597 dicunt,
2236 2541 2296 2587 ut
2339 2534 2526 2588 Graeci.
2574 2535 2794 2599 Quidam
2838 2551 2963 2589 vero
3007 2535 3362 2590 sacerdotibus

1835 2624 2127 2678 conﬁtenda
2162 2638 2279 2677 esse
2309 2630 2634 2691 percensent,
2665 2630 2724 2675 ut
2763 2631 2870 2675 tota
2905 2623 3015 2676 fere
3037 2633 3240 2676 sancta
3265 2624 3364 2678 Ec-

1822 2710 2011 2764 ‘cles'ia.
2056 2708 2203 2773 Quod
2243 2717 2523 2776 utrumque
2570 2723 2674 2762 non
2719 2710 2832 2762 sine
2875 2724 3063 2778 magno
3097 2708 3270 2763 fructu
3305 2710 3363 2763 tit

1835 2797 1971 2850 intra
1993 2803 2226 2849 sanctam
2267 2796 2554 2850 Ecclesiam
2586 2812 2600 2849 :
2631 2798 2702 2850 ita
2747 2798 3018 2861 duntaxat,
3048 2805 3105 2849 ut
3133 2798 3238 2850 Deo
3273 2799 3361 2865 qui

1836 2885 2083 2938 remissor
2098 2893 2180 2938 est
2193 2892 2551 2953 peccatorum,
2569 2892 2984 2953 peccata,nostra
3006 2885 3361 2947 contiteamur,

1835 2983 1890 3027 et
1917 2973 2016 3026 hoc
2038 2971 2388 3040 perfectorum
2414 2977 2514 3034 est,
2544 2979 2604 3024 ut
2628 2984 2747 3024 cum
2775 2971 2936 3023 David
2962 2971 3196 3034 dicamus
3227 2989 3240 3022 :
3267 2971 3366 3024 De»

1835 3062 2009 3114 (ictum
2051 3075 2216 3113 meum
2244 3059 2498 3127 cognitum
2526 3058 2617 3110 tibi
2661 3057 2834 3127 feci,et
2875 3057 3180 3125 injustitiam
3205 3072 3365 3110 meam

1835 3164 1936 3201 non
1962 3147 2219 3200 abscondi.
2246 3147 2368 3199 Dixi
2392 3160 2410 3195 :
2439 3144 2698 3212 Conﬁteor
2735 3143 3000 3198 adversum
3041 3161 3118 3196 me
3163 3142 3368 3212 injusti-

1836 3237 1961 3288 tiam
2008 3251 2192 3300 meam,
2223 3243 2270 3286 et
2310 3243 2364 3284 tu
2396 3233 2635 3287 remisisti
2674 3233 2978 3301 impietatem
3020 3231 3209 3301 peccati
3248 3235 3363 3285 mei.

1837 3320 1940 3376 Sed
1969 3331 2144 3376 tamen
2185 3321 2415 3390 Apostoli
2461 3320 2722 3378 institutio
2769 3319 2920 3372 nobis
2959 3320 3220 3387 sequenda
3263 3328 3362 3381 cst,

1835 3417 1893 3462 ut
1913 3409 2252 3464 conﬁteamur
2275 3396 2582 3463 alterutrum
2610 3416 2822 3477 peccata
2848 3405 3043 3468 noStra,
3071 3415 3125 3460 et
3147 3422 3359 3462 oremus

1835 3520 1932 3573 pro
1962 3503 2204 3567 invicem,
2231 3511 2288 3556 ut
2315 3503 2594 3556 salvemur.
2623 3499 2890 3555 Confessio
2917 3502 3089 3568 itaque
3117 3513 3229 3568 qua:
3267 3499 3365 3554 soli

1836 3592 1944 3645 Deo
1972 3593 2048 3655 ﬁt,
2080 3593 2217 3659 quod
2239 3600 2319 3644 est
2334 3589 2599 3663 justorum
2620 3597 2806 3657 purgat
2830 3598 3044 3657 peccata
3075 3602 3117 3642 ο.
3145 3589 3217 3645 Ea
3244 3603 3368 3644 vero

1837 3696 1953 3748 qua:
1980 3680 2238 3733 sacerdoti
2279 3683 2352 3740 tit,
2381 3679 2532 3732 docet
2561 3678 2786 3745 qualiter
2813 3679 2922 3746 ipsa
2946 3687 3236 3745 purgantur
3256 3693 3369 3747 pec-

1836 3775 1973 3820 cata.
2007 3766 2144 3836 Deus
2172 3781 2396 3833 namque
2442 3765 2626 3818 salutis
2676 3773 2728 3819 et
2767 3765 3058 3819 sanctitatis
3093 3774 3274 3820 auctor
3316 3777 3370 3821 et

1838 3854 2057 3922 largitor
2078 3853 2384 3921 plerumque
2408 3853 2544 3906 hanc
2567 3837 2763 3920 [iubet
2784 3867 2892 3906 sum
2916 3852 3236 3920 paenitentia
3261 3855 3369 3906 me-

1838 3941 2066 3996 dicinam
2095 3942 2339 3994 invisibili
2364 3941 2845 4010 administratione,
2869 3940 3172 4010 plerumque
3207 3942 3367 3996 medi-

1838 4044 2020 4084 corum
2041 4030 2345 4098 operatione
2367 4028 2414 4081 ά.

1839 4160 2169 4215 Cabilonensi
2197 4176 2254 4222 ιι,
2285 4175 2404 4214 can.
2434 4163 2520 4217 35.
2554 4161 2802 4228 Quaenam
2847 4177 2972 4218 vero
3015 4161 3170 4216 fuerit
3211 4163 3366 4219 disci-

1897 4230 1982 4282 ina
2016 4230 2068 4282 in
2096 4229 2315 4283 ecclesia
2357 4230 2614 4292 Theodori
2659 4233 2787 4284 satis
2814 4246 2872 4284 su
2911 4245 2969 4285 er
3023 4246 3071 4285 Ie
3102 4230 3370 4285 declarant

1839 4229 1955 4350 Haec
1981 4297 2162 4350 ultima
2197 4299 2354 4350 verba
2404 4299 2593 4350 veteris
2638 4300 2832 4350 codicis
2861 4246 2924 4350 (ᾖ
2968 4247 3316 4350 glasnitentiali
3347 4315 3363 4350 :

1878 4246 1982 4282 una
2016 4246 2068 4282 in
2096 4246 2315 4283 eccucsna
2358 4246 2614 4292 'tneoqon
2659 4246 2787 4284 satis
2814 4246 2872 4284 su
2911 4248 2969 4285 er
3023 4246 3071 4285 Ie
3102 4246 3363 4285 declarant

1878 4311 1955 4351 aee
1981 4297 2162 4350 ultima
2197 4299 2354 4352 verba
2404 4299 2593 4352 veteris
2638 4300 2832 4352 codicis
2861 4246 2924 4352 de
2968 4247 3316 4354 glmnitentiali
3347 4315 3363 4352 :

1843 4363 2210 4436 Reconciliatio
2242 4365 2353 4436 ideo
2394 4368 2448 4418 in
2492 4367 2587 4418 hac
2623 4369 2876 4436 provincia
2919 4383 3018 4436 non
3052 4377 3141 4436 est,
3168 4367 3287 4435 quia
3315 4376 3364 4436 et

1841 4433 2041 4504 publica
2071 4433 2367 4504 paenitentia
2405 4449 2504 4504 non
2531 4433 2630 4504 est.
2655 4434 2801 4504 Unde
2825 4435 2945 4504 licet
2981 4433 3216 4504 judicare
3239 4435 3364 4504 quid

1843 4501 2170 4571 sentiendum
2201 4501 2268 4571 s_it
2311 4501 2377 4556 de
2419 4502 2652 4571 pluribus
2675 4502 2913 4570 capitulis
2940 4501 3056 4571 qua:
3094 4501 3364 4556 Theodoro

1845 4569 2164 4621 tribuuntur.
2200 4568 2660 4624 Consentiam.
2743 4568 2756 4570 “
2957 4568 2973 4571 ⁷
3052 4597 3055 4599 ›

173 4669 178 4671 -
209 4628 588 4704 capitularibus
619 4628 835 4706 adjectis
879 4628 999 4692 can.
1045 4636 1112 4690 58
1158 4628 1230 4689 ita
1267 4628 1424 4688 etiam
1455 4651 1486 4688 a
1522 4635 1744 4690 concilio
1770 4628 1818 4686 D
1911 4635 1935 4673 ά
1974 4635 2175 4690 Czntera
2198 4651 2354 4704 supra
2379 4637 2542 4690 relata
2566 4647 2705 4691 sunt.

924 4746 966 4786 ν

655 4857 1160 4984 FRAGMENTA
1217 4895 1324 4953 ex
1368 4893 1814 4965 QUIBUSDAM
1861 4861 2886 4977 CODlClBUSMANUSCBIPTiS.

960 5120 1001 5172 1.

213 5213 288 5268 Ex
333 5209 692 5290 [fenitentiali
743 5207 1005 5290 magistri_
1031 5205 1382 5290 Bartbolomei
1401 5204 1742 5290 ionnien‘sis

283 5276 1138 5403 ξῗίῗῗνὶξιηέἓῖυὲνιῖίῖἳὲιὲἓὲε
1159 5288 1745 5397 ’ἓῗῗίῗιοῗῖἓέἓὲἑῗέῑ

282 5425 370 5474 tor
397 5415 844 5487 vigilantissimus.

386 5505 465 5561 De
490 5503 787 5574 inﬁrmisjn
819 5500 1050 5574 periculo
1068 5499 1251 5574 mortis
1270 5495 1571 5574 constitutis.

583 5570 682 5644 (Ex
705 5565 1053 5627 Pmnitentiali
1077 5565 1379 5634 Theodori.)

284 5664 412 5718 Car.
443 5677 623 5716 sum.
656 5660 736 5715 Ab
761 5659 980 5714 inﬁrmis
1006 5658 1056 5712 in
1084 5655 1315 5726 periculo
1355 5651 1538 5706 mortis
1561 5651 1742 5720 positis

214 5772 310 5826 μοι·
335 5755 670 5827 presbyteros
694 5767 821 5821 pura
843 5749 1145 5818 inquirenda
1172 5753 1252 5801 est
1271 5750 1604 5813 peccatorum
1627 5756 1742 5795 con-

1844 5117 2022 5176 iessio.
2066 5135 2168 5173 non
2223 5127 2393 5187 tamen
2428 5118 2734 5187 imponenda
2779 5124 2859 5171 est
2903 5117 3005 5172 illis
3038 5117 3357 5185 pmnitcntim

1841 5208 2124 5277 quantitas,
2149 5207 2238 5262 sed
2277 5205 2663 5266 innotescenda,
2689 5211 2742 5256 et
2776 5205 2895 5258 cum
2927 5205 3209 5258 amicorum
3241 5219 3358 5258 ora-

1842 5297 2070 5350 tionibus
2089 5303 2142 5349 et
2164 5296 2607 5362 eleemosynarum
2635 5293 2821 5346 studiis
2851 5294 3052 5362 pondus
3084 5292 3358 5346 sublevan-

1840 5382 1984 5447 dum,
2012 5382 2056 5437 si
2092 5380 2226 5435 forte
2251 5380 2609 5449 migraverint,
2641 5394 2707 5433 ne
2729 5379 2939 5447 obligati
2969 5394 3001 5433 a
3028 5380 3352 5434 communio-

1841 5486 1906 5523 ne
1934 5470 2088 5524 alieni
2114 5469 2193 5523 vel
2221 5467 2480 5522 consortio
2505 5467 2668 5521 veniae
2690 5465 2833 5520 ﬁant.
2859 5466 2902 5519 A
2931 5482 3034 5534 quo
3060 5467 3288 5536 periculo
3309 5469 3356 5522 si

1840 5559 2088 5614 divinitus
2120 5557 2282 5624 erepti
2319 5553 2692 5619 convaluerint,
2733 5557 3050 5624 paenitentiae
3088 5557 3294 5610 modum
3325 5574 3355 5613 a

1842 5662 1954 5701 suo-
1977 5643 2270 5700 confessore
2306 5641 2602 5711 impositum
2647 5641 2920 5710 diligenter
2953 5643 3247 5696 observent.
3291 5643 3357 5696 Et

1843 5733 1960 5788 ideo
1999 5731 2277 5787 secundum
2321 5729 2619 5784 canonicam
2649 5729 3026 5790 auctoritatem,
3059 5743 3122 5782 uc
3151 5728 3250 5782 illis
3269 5727 3355 5796 ja'
