4010 6412
640 455 744 510 9Ἰ9

1558 430 1895 504 rneonoiu
1933 448 2235 503 ARCillEP.
2274 420 2809 505 caxrttantexsrs

3664 440 3766 493 980

640 578 744 615 nua
769 562 976 631 pietatis
1001 559 1173 615 clausa
1217 559 1472 622 videatur,
1498 560 1819 612 orationibus
1843 566 1894 610 et
1920 557 2157 611 consola-
2183 562 2223 619 Α
2253 573 2373 613 cum
2400 557 2590 625 puella,
2619 556 2786 609 tribus
2822 553 2972 606 annis
3011 552 3259 620 paeniteat
3318 551 3373 605 Si
3420 564 3536 604 cum
3583 550 3774 602 sancti-

640 652 865 703 tionibus
894 650 1257 704 ecclesiasticis
1300 663 1448 701 sacra
1487 662 1602 701 cum
1647 647 1889 700 unctione
1916 648 2014 700 olei
2044 649 2154 699 ani—

638 737 787 798 mati,
818 737 1093 789 secundum
1134 742 1323 787 statuta
1369 744 1663 785 sanctorum
1691 732 1902 785 Patrum
1929 748 2157 786 commu-

635 822 792 874 nione
813 822 982 874 viatiei
1001 821 1318 873 reficiantur.
1340 831 1363 858 ο
1382 819 1436 871 Si
1458 830 1625 871 autem
1644 826 1911 887 peccatum
1935 819 2153 870 mortale

634 905 791 960 fuerit
832 908 919 961 sed
967 907 1249 968 occultum,
1301 907 1668 958 innotescenda
1717 904 1797 957 eis
1848 907 2151 972 pt'nnitentia

633 1005 748 1058 qua:
784 992 1152 1058 imponeretur,
1179 993 1220 1044 si
1242 999 1522 1057 peceatum
1557 985 1817 1055 publicum
1862 999 2031 1052 esset;
2063 991 2152 1042 sed

633 1082 768 1134 nulla
816 1092 935 1134 sunt
962 1081 1270 1148 imponenda
1300 1095 1414 1148 (pta:
1442 1079 1705 1132 observari
1734 1079 1927 1145 absque
1955 1086 2150 1145 peccati

629 1170 977 1237 publicatione
1003 1187 1104 1223 non
1143 1178 1387 1236 possunt,
1416 1166 1566 1234 quale
1591 1174 1671 1220 est
1699 1162 1844 1219 ex‘tra
1878 1167 2150 1219 ecclesiam

630 1260 902 1325 paenitere,
933 1267 987 1311 et
1030 1258 1219 1311 similia
1252 1270 1366 1323 qua:
1414 1253 1617 1306 nonnisi
1663 1253 1807 1305 laicis
1850 1240 1906 1305 et
1949 1253 2147 1319 publice

629 1348 965 1413 peccantibus
986 1355 1105 1399 sunt
1130 1343 1457 1412 injungenda.
1488 1342 1561 1394 Ex
1590 1341 1688 1393 hoc
1713 1356 1835 1393 vero
1866 1340 2150 1407 intelligant

631 1434 697 1486 ad
722 1435 843 1500 quid
871 1443 1145 1487 teneantur
1168 1449 1230 1487 ex
1263 1433 1467 1494 merito,
1496 1430 1574 1482 vel
1603 1438 1854 1494 quantum
1874 1429 1951 1482 eis
1971 1443 2146 1496 parca-

568 1528 576 1535 ’
628 1529 735 1584 tur,
776 1538 838 1575 co
877 1523 1010 1589 quod
1056 1536 1150 1589 per
1194 1528 1447 1574 secretam
1474 1517 1850 1571 confessionem
1880 1514 2003 1575 facti
2033 1522 2154 1568 sunt

628 1612 856 1680 ipsorum
888 1612 1039 1679 primi
1077 1619 1433 1671 accusatores;
1463 1616 1515 1661 et
1555 1614 1611 1659 ut
1656 1620 1750 1673 pro
1792 1604 2152 1659 erubescentia

629 1717 783 1769 quam
813 1705 1127 1755 sustinerent
1154 1704 1204 1755 in
1229 1700 1431 1768 publica
1459 1698 1783 1767 poenitentia,
1811 1696 2154 1749 abundantio-

626 1806 738 1845 rem
767 1793 935 1845 cordis
961 1792 1324 1843 contritioncm
1365 1797 1417 1841 et
1452 1789 1800 1849 devotionem,
1827 1800 1945 1838 cum
1980 1784 2151 1838 chari-

625 1878 751 1930 tatis
773 1878 1018 1945 operibus
1047 1882 1459 1943 recompensent.

1356 1960 1415 2013 ll.

624 2050 699 2104 Ex
724 2032 1229 2119 interrogationibus
1255 2050 1319 2103 ad
1348 2048 1728 2103 confessionem
1757 2050 2000 2119 dandam,
2033 2061 2149 2119 qua;

694 2114 1038 2198 sultjieiutnitr
1068 2119 1467 2198 _antiquissim:e
1514 2126 1803 2198 .ca‘nonum'
1842 2114 2149 2198 collegtiotti

694 2181 889 2306 coﬂ'icis
910 2190 1007 2241 viri
1034 2181 1310 2241 clarissimi
1336 2186 1546 2240 Antonii
1574 2184 1754 2237 Vionis
1773 2182 1967 2236 domini
1991 2181 2152 2234 Hero-

692 2270 753 2306 va
799 2273 853 2308 ιι.

692 2342 984 2409 Theodorus
1003 2324 1128 2396 dicit
1152 2356 1169 2393 :
1190 2341 1472 2397 Monachus
1491 2339 1519 2379 ι)
1541 2337 1935 2393 fornicationem
1956 2335 2154 2389 faciens

694 2488 720 2515 ⁸
759 2474 1033 2544 Ηυοιιείῃιθ
1058 2476 1247 2529 Bnrch.
1276 2476 1365 2530 lib.
1397 2491 1544 2537 xvm,
1575 2490 1623 2527 c.
1654 2473 1735 2526 Μ.

694 2544 722 2583 δ
758 2543 883 2599 Vide
906 2536 1133 2599 canones
1154 2544 1305 2599 Beda:
1326 2547 1389 2599 ad
1413 2536 1636 2599 remedia
1662 2547 2014 2610 peccatorum.
2038 2536 2152 2590 Lib.

2254 647 2486 708 mouiali,
2517 653 2713 713 septem
2741 645 2890 696 annis
2916 641 3184 710 pmniteat.
3218 639 3403 692 Laicus
3430 636 3701 690 maculans
3718 652 3775 690 se

2253 748 2370 787 cum
2400 730 2583 784 ancilla
2628 729 2738 791 Dei,
2770 728 2988 782 duobus.
3024 725 3079 778 Si
3118 726 3355 794 genuerit
3406 738 3468 776 ex
3499 737 3559 776 ea
3588 721 3774 785 filium.

2253 821 2420 873 tribus
2450 818 2615 870 annis.
2648 815 2702 868 Si
2749 815 2861 869 sine
2895 814 3194 873 concubitu,
3244 812 3409 864 tribus
3436 809 3776 878 quadragesi-

2253 909 2370 963 mis.
2402 907 2621 973 Quidam
2646 903 2985 973 quadraginta
3013 901 3124 954 dies
3140 898 3393 965 iudicant.

2966 1030 3047 1083 Ill.

2251 1150 2339 1204 ΕΧ
2375 1143 2830 1203 COLLECTIONE
2854 1137 3192 1200 CANONUM,
3216 1134 3374 1201 QUIE
3414 1127 3669 1186 SERVA'I
3686 1124 3779 1181 UB

2516 1233 2581 1286 IN
2617 1228 3049 1286 BIBLIOTHECA
3086 1225 3140 1279 S.
3181 1220 3505 1278 VlCTORlS.

2684 1377 2798 1414 CAP.
2839 1372 3041 1412 CONTRA
3076 1367 3339 1408 SIIONMH.

2788 1491 2883 1556 (Ex
2910 1485 3227 1555 Theodoro.)

2258 1614 2321 1667 Ut
2351 1614 2517 1666 nullus
2555 1611 2818 1664 ordinatus
2866 1609 2929 1661 de
2974 1605 3260 1660 ministeriis
3308 1601 3548 1655 Ecclesia
3582 1596 3783 1667 aliquid

2737 1677 2949 1731 vendere
2976 1683 3269 1744 pra'sumat.

2322 1811 2377 1865 Si
2406 1812 2523 1879 quis
2547 1809 2842 1876 presbyter,
2871 1814 2961 1858 aut
2984 1805 3234 1879 diaconus
3258 1802 3499 1853 inventus
3527 1796 3689 1849 fuerit
3714 1800 3784 1849 do

2177 1875 2218 1933 Β
2248 1875 2558 1952 ministeriis
2576 1892 2822 1946 Ecclesia:
2862 1888 3052 1958 aliquid
3088 1875 3435 1947 venundasse,
3462 1885 3586 1953 quia
3615 1882 3783 1935 sacri-

2209 1971 2215 1979 ’
2246 1972 2451 2052 ιρεὶυῐὴ
2483 1981 2765 2042 commisit,
2792 1979 2986 2046 placuit
3011 1991 3129 2029 eum
3158 1975 3209 2027 in
3249 1970 3578 2025 ordinatione
3604 1968 3784 2021 Eccle-

2246 2074 2337 2126 siae
2366 2086 2467 2124 non
2494 2069 2693 2122 haberi.
2729 2066 2931 2119 Judicio
2953 2072 3125 2116 tamen
3152 2059 3381 2129 episcopi
3407 2056 3780 2111 dimittendum

2246 2169 2343 2223 est,
2397 2160 2506 2213 sive
2554 2157 2622 2211 sit
2664 2156 2883 2225 dignus,
2919 2153 3028 2208 sive
3070 2151 3341 2220 indignus,
3375 2148 3428 2201 in
3472 2160 3570 2199 suo
3614 2143 3783 2209 recipi

2248 2249 2431 2319 gradu.

2244 2465 2431 2586 εἰ)ωηίςί
2462 2478 2499 2524 ι,
2543 2457 2741 2528 Andeg.
2773 2457 2880 2511 edit
2909 2455 2956 2509 Ι.
2989 2452 3188 2509 Morino
3225 2423 3617 2518 in'appendice
3641 2445 3678 2499 l.
3716 2446 3785 2500 de

2303 2546 2405 2586 mm
2436 2570 2448 2582 .
2754 2574 2760 2586 ,

2303 2546 2448 2586 mnu.

650 2649 3774 2697 ΜΝ

1734 2774 2105 2847 TITULI
2184 2718 2673 2841 CAPITUM-

1355 2939 1613 3013 LlBltl
1682 2890 2479 3013 HENITENTIALIS
2532 2925 3044 3006 TIlEODOIil

1075 3173 1089 3189 '
1152 3092 1315 3162 Quos
1359 3089 1659 3148 Henricus
1710 3085 1991 3163 Spelman
2036 3080 2224 3141 edidit
2264 3083 2330 3141 in
2363 3078 2595 3140 Concil.
2637 3075 2956 3153 Anglican.
3000 3079 3143 3130 tom.
3186 3068 3240 3126 Ι.

693 3318 939 3379 ﬂabetur,
974 3317 1159 3383 inquit,
1210 3316 1262 3368 in
1299 3314 1491 3368 celebri
1519 3311 2027 3383 bibliothecasaneti
2050 3312 2146 3366 Be—
2173 3311 2219 3374 C

622 3389 812 3445 nedicti
843 3380 1433 3450 CamabrigensisJibcr
1454 3383 1550 3434 iste
1571 3380 1950 3435 Poenitentialis
1972 3381 2142 3434 Theo-

622 3458 737 3512 dori
782 3455 1158 3522 arcniepiscom
1190 3451 1555 3522 Doroberniae;
1599 3451 1691 3502 sed
1737 3465 1854 3503 cum
1894 3450 2147 3522 prolixior

622 3526 694 3579 sit
740 3540 895 3591 quam
937 3517 994 3575 u't
1041 3517 1311 3575 commode
1347 3520 1432 3591 hic
1491 3519 1785 3591 inseratur,
1839 3531 1966 3591 nec“
1990 3517 2144 3570 facile

625 3586 942 3647 concedatur
995 3594 1141 3643 venia
1191 3586 1569 3643 transcribendi
1628 3594 1793 3638 totum
1854 3586 2087 3639 codicem
2124 3623 2138 3648 ,

621 3676 717 3713 nos
740 3661 959 3727 capitula
981 3661 1302 3712 solummodo
1326 3657 1405 3710 vel
1431 3656 1605 3725 potius
1624 3654 1969 3724 capitulorum
1996 3653 2142 3708 fasti-

621 3730 703 3797 εἰει
732 3730 1083 3781 adt.ecternus.
1610 3761 1639 3784 κ,

690 3814 727 3850 ι.
770 3797 840 3848 De
867 3798 1015 3847 initio
1045 3802 1314 3847 creatum.
1344 3838 1377 3863 ν

692 3880 751 3917 ιι.
795 3864 1315 3932 Ρῑιωςρρῐςιιρςθηδη
1590 3928 1604 3932 _
1724 3926 1771 3932 __
1854 3928 1865 3932 _
1950 3888 1956 3895 δ

691 3947 773 3989 ηις
810 3926 1002 4001 pegma.
1014 3942 1060 3984 ta
1087 3926 1385 4001 evangelica
1412 3928 1697 3984 secundum
1724 3926 2043 3981 Mattbtcum.

689 4004 763 4055 ιγ’.
803 3999 1097 4054 Secundum
1128 4000 1376 4051 Marcum.

690 4083 742 4121 ν.
782 4068 1076 4121 Secundum
1108 4068 1321 4121 Lucam.

691 4151 761 4188 vi.
805 4136 1095 4189 Secundum
1128 4134 1399 4187 Joannem.

690 4219 782 4257 vn.
822 4206 1054 4265 Qualiter
1079 4203 1210 4271 apud
1235 4201 1515 4255 orientales
1538 4199 1830 4271 provincias
1851 4198 2146 4271 Germania:

624 4282 781 4340 atque
813 4278 1049 4325 hamata}
1081 4266 1174 4339 pro
1211 4271 1431 4324 diversis
1477 4266 1782 4324 criminibus
1826 4266 2147 4337 pmnitentire

621 4342 929 4394 observatur
967 4343 1167 4394 navitis.

692 4426 805 4463 vru.
847 4413 915 4465 De
948 4408 1287 4471 i"lll§)t"‘3nllﬂ
1312 4406 1696 4474 pmnitentium.

695 4497 767 4533 lx.
799 4481 869 4529 De
898 4483 1117 4531 nticrsis
1141 4478 1448 4543 llOililt‘ldllS.

694 4549 904 4614 x._ltem
934 4554 993 4599 (ἱιι
1022 4548 1341 4614 paenitentia.

695 4611 765 4669 x1.
797 4618 864 4669 De
894 4611 1263 4681 pmtiteutitms
1292 4624 1400 4663 uta
1427 4612 1744 4679 presbyteris
1775 4611 2139 4681 nonreconci-
2194 4663 2199 4668 _

630 4686 819 4739 licntur
848 4724 861 4749 ,
897 4678 991 4737 nisi
1026 4686 1357 4751 praecipiente
1385 4678 1626 4749 episcopo
1652 4695 1718 4734 ex
1753 4679 1974 4735 concilio
2000 4678 2143 4731 Afri-
2176 4734 2179 4735 ν

628 4768 773 4805 (31110.

690 4837 788 4887 xu.
826 4820 952 4873 item
984 4836 1045 4873 ex
1076 4819 1297 4873 concilio
1326 4817 1722 4885 Carthaginensi
1756 4816 1821 4870 de
1850 4817 2032 4870 eadem
2064 4830 2139 4869 re.

698 4905 810 4941 xm.
843 4890 913 4941 Dc
942 4889 1248 4955 capitalibus
1278 4888 1599 4940 criminibus.

698 4972 803 5009 xiv.
837 4957 1091 5023 Incipiunt.
1120 4955 1343 5023 capitula
1376 4957 1438 5007 de
1466 4956 1621 5009 vitiis.

697 5041 782 5078 xv.
808 5025 879 5078 De
910 5027 1043 5076 inani
1071 5026 1252 5092 gloria.

697 5109 802 5147 xvi.
828 5095 900 5146 De
925 5094 1133 5147 invidia.

700 5178 827 5216 xvn.
857 5162 929 5215 De
950 5162 1043 5212 ira.

700 5245 848 5283 xvm.
882 5232 953 5283 De
980 5229 1188 5284 tristitia
1210 5226 1404 5281 surculi.

701 5312 808 5352 κη.
839 5300 909 5352 De
938 5299 1173 5351 avaritia.

702 5383 787 5420 xx.
821 5367 894 5420 De
916 5368 1109 5420 ventris
1132 5364 1371 5435 ingluvie.

701 5451 807 5489 xxx.
840 5437 911 5488 De
938 5436 1157 5487 luxnria.

701 5519 832 5558 xxn.
862 5504 932 5557 De
958 5502 1297 5557 fornicatione
1317 5498 1585 5551 laicorum.

702 5588 853 5628 xxnt.
888 5576 958 5627 De
990 5571 1353 5626 observatione
1381 5566 1791 5635 conjngatorum.

706 5659 849 5699 xxiv.
884 5642 957 5696 De
992 5639 1332 5696 fornicatione
1361 5637 1667 5691 clericorum
1710 5636 1820 5689 sive
1864 5635 2144 5689 sanetimo-

640 5714 874 5767 nialium.

2315 3325 2436 3363 xxv.
2465 3308 2540 3362 De
2568 3303 2844 3360 adulterio.

2318 3393 2460 3431 xxvr.
2490 3377 2563 3429 De
2584 3371 2913 3427 incestuosis.

2318 3461 2479 3498 xxvii.
2512 3444 2584 3496 De
2611 3438 2923 3494 homicidiis.

2315 3528 2501 3567 xxvtn.
2528 3511 2603 3565 De
2628 3508 2758 3562 falso
2784 3506 3083 3560 testimonio
3103 3513 3159 3557 et
3183 3500 3474 3556 mendacio.

2314 3598 2459 3635 xxix.
2502 3580 2578 3634 De
2605 3579 2746 3633 furto
2773 3584 2826 3630 et
2854 3575 3094 3629 incendio
3119 3582 3173 3628 et
3213 3569 3579 3639 sepulcromm
3615 3568 3778 3624 viola-

2247 3653 2465 3706 toribus.

2318 3735 2440 3772 xxx.
2479 3718 2554 3770 De
2587 3714 2839 3784 perjurio.

2316 3803 2459 3839 xxxx.
2491 3786 2564 3838 De
2589 3774 2772 3851 rapina
2802 3790 2856 3835 et
2881 3781 2945 3834 de
2971 3793 3127 3851 usura
3148 3794 3171 3841 ;
3190 3786 3244 3831 et
3266 3774 3639 3851 qui_bospites
3675 3787 3778 3828 non

2250 3857 2438 3923 recipit
2461 3862 2513 3907 et
2540 3843 2783 3923 mandata
2812 3849 3111 3923 evangelica
3135 3862 3238 3901 non
3264 3843 3461 3913 implet.

2315 3917 2483 3976 xix".
2514 3923 2586 3975 De
2610 3920 2862 3972 ebrietate
2885 3927 2939 3972 et
2959 3917 3182 3970 vomitu.

2317 4007 2504 4044 XXXIII.
2537 3992 2608 4042 De
2636 3986 2925 4053 idololatria
2950 3994 3003 4039 et
3023 3983 3324 4053 sacrilegio;
3358 3987 3409 4034 et
3441 3979 3531 4048 qui
3564 3977 3779 4053 angelos

2248 4060 2444 4120 colunt,
2471 4067 2525 4111 et
2563 4048 2856 4115 maleficos,
2888 4054 3113 4115 ariolos,
3145 4048 3426 4120 veneficos,
3452 4048 3734 4120 sortilegos
3761 4087 3777 4107 .

2247 4114 2450 4180 divinos
2472 4134 2524 4179 et
2556 4136 2676 4177 vota
2707 4114 3002 4185 reddentes,
3028 4114 3127 4174 nisi
3159 4121 3221 4172 ad
3244 4118 3519 4171 ecclesiam
3556 4114 3649 4167 Dei
3674 4132 3688 4177 ;
3722 4127 3774 4169 et

2247 4197 2299 4248 in
2324 4195 2584 4247 Kalendas
2610 4192 2901 4253 Ianuarias,
2934 4184 2995 4242 in
3014 4189 3221 4244 cervulo
3249 4194 3302 4242 et
3329 4186 3379 4239 in
3404 4184 3582 4238 vetula
3610 4185 3775 4245 vadit,

2244 4274 2298 4317 et
2330 4262 2727 4315 mathematicos
2753 4268 2808 4312 ct
2828 4260 3106 4312 cmissorcs
3135 4262 3522 4324 tempestatum.

2310 4340 2487 4384 xxxn’.
2534 4330 2607 4383 De
2646 4329 2935 4391 sodomitis,
2966 4333 3019 4379 et
3056 4323 3329 4387 mollibus,
3375 4330 3429 4376 et
3478 4323 3771 4378 immundis

2240 4399 2627 4469 pollutionibus.

2168 4446 2215 4503 Ι)
2311 4480 2450 4503 νιινυ
2504 4468 2572 4503 ηρ
2603 4483 2627 4503 η

2311 4448 2573 4521 iiiifnc
2588 4448 2960 4519 Vmaledictione
2982 4448 3035 4515 et
3058 4448 3397 4515 detractione.

2313 4538 2489 4589 x'xxvr.
2520 4535 2593 4587 De
2623 4535 2983 4587 communione
3007 4532 3390 4585 ltmreticorum.

2242 4676 2291 4727 di
2312 4621 2511 4658 xxxvii.
2540 4604 2611 4655 De
2634 4604 2947 4656 discretione
2974 4601 3211 4653 ciborum
3249 4598 3456 4651 mundis
3475 4607 3531 4652 et
3552 4597 3771 4650 immun-

2283 4693 2340 4727 ιδ.
3202 4690 3205 4691 ⁷

2283 4693 2340 4727 ib.
3202 4690 3205 4691 ⁷

2312 4757 2529 4795 xxxviii.
2574 4740 2648 4793 De
2689 4739 2772 4792 his
2817 4738 2907 4805 qui
2951 4734 3300 4805 ecclesiastica
3340 4732 3542 4803 jejunia
3573 4734 3767 4803 absque

2242 4811 2550 4864 necessitate
2572 4804 2889 4862 dissolvunt:
2913 4812 2967 4859 et
2981 4805 3045 4859 de
3071 4806 3153 4858 his
3180 4804 3269 4873 qui
3292 4805 3603 4858 venationes
3622 4818 3767 4857 exer-

2242 4888 2490 5000 cengx'xrx.
2523 4944 2595 4999 De
2627 4942 2893 5001 otiositate
2918 4978 2933 5005 ,
2982 4948 3036 4994 et
3079 4940 3395 4994 verbesitate
3419 4976 3433 5000 .
3466 4948 3523 4993 et
3552 4953 3763 4994 somno-

2242 5016 2415 5069 lentia.

2310 5100 2393 5137 XL.
2424 5082 2495 5135 De
2523 5080 2871 5133 inobedientia
2902 5087 2955 5133 et
2979 5078 3316 5144 blasphemia.
3353 5092 3361 5098 ·

2307 5166 2413 5204 xu.
2451 5150 2524 5203 De
2551 5148 2952 5214 cogitationibus
2977 5146 3141 5200 malis.

2309 5235 2436 5273 xui.
2470 5217 2544 5270 De
2563 5217 2724 5270 verbo
2747 5217 2935 5269 otioso.
2970 5222 2977 5229 ‘

2311 5302 2457 5340 xuu.
2490 5287 2564 5339 De
2588 5286 2912 5338 curiositate.

2310 5371 2449 5409 mv.
2484 5356 2556 5407 De
2584 5355 2842 5419 baptismo
2882 5353 3147 5412 reiterato,
3174 5360 3231 5405 et
3250 5348 3315 5403 de
3336 5363 3497 5419 opere
3533 5349 3622 5404 die
3666 5347 3759 5404 Do-

2241 5425 2455 5486 minico,
2482 5432 2535 5475 et
2560 5421 2645 5490 qui
2677 5421 2759 5473 die
2787 5421 3054 5490 Dominieo
3072 5419 3328 5490 jejunant.

2310 5508 2427 5546 xu.
2454 5491 2527 5545 De
2550 5489 2859 5557 negligentia
2882 5489 3240 5543 Eucharistiae.

2311 5576 2449 5614 xuvr.
2479 5561 2553 5613 De
2578 5558 2890 5628 negligentia
2913 5557 3030 5611 novi
3054 5572 3116 5611 ac
3139 5557 3450 5611 sanctificati
3470 5557 3647 5627 panis.
3673 5558 3768 5611 sive

2246 5630 2312 5686 de
2331 5630 2449 5683 aliis
2477 5627 2752 5682 creaturis.

2320 5713 2477 5751 xtvn.
2508 5697 2581 5750 De
2611 5693 3029 5750 reconciliatione
3057 5694 3441 5763 paenitentiam.
