4010 6452
169 514 283 569 931ν

236 638 416 678 XLvm.
454 624 522 675 De
543 609 905 675 communione
929 620 1221 673 Iudaeorum
1250 621 1325 673 vel
1358 618 1640 686 gentilium.
1706 622 1750 679 Α

232 706 375 744 mx.
404 689 477 742 De
505 690 820 755 presbyteris
844 690 931 754 qui
961 689 1299 740 morientibus
1323 687 1679 755 pmniteutiam

164 754 445 826 denegant,
472 754 525 826 et
556 754 905 826 quiinlirmos
929 771 1029 826 non
1058 754 1339 826 baptizant.

235 842 283 878 ι..
308 822 465 888 Ὀιιοό
494 822 660 877 Gra‘ci
689 824 905 888 singulis
928 823 1206 873 Dominicis
1230 822 1625 875 communicent.

235 907 305 943 ι.ι.
334 893 405 944 De
431 894 922 944 commemoratione.
944 888 1323 949 defunctorum,
1341 890 1416 941 vel
1436 890 1498 940 de
1524 890 1680 941 missa

166 974 262 1026 pro
287 960 380 1011 eis.
410 959 473 1010 Et
504 974 597 1009 cur
626 958 831 1017 tertius,
859 958 1128 1022 septimus,
1162 958 1241 1009 vel
1268 956 1560 1024 trigesimus
1590 971 1677 1007 an-

165 1025 484 1079 niversarios
509 1027 620 1078 dies
645 1025 954 1076 celebretur.

232 1108 323 1146 LII.
359 1093 431 1144 De
458 1095 555 1143 ritu
586 1092 860 1144 mulierum
885 1094 934 1142 in
957 1091 1192 1143 ecclesia.
1343 1152 1350 1159 .

234 1174 343 1212 l.llt.
381 1160 453 1210 De
478 1159 696 1211 ecclesia
736 1159 785 1209 in
833 1175 933 1224 qua
970 1167 1289 1209 mortuorum
1332 1154 1580 1209 cadavera
1618 1154 1677 1208 ﬁ-

163 1226 355 1283 delium
380 1228 487 1278 sive
517 1226 796 1278 inlidelium
831 1225 1167 1291 sepeliuntur.

232 1310 333 1346 Liv.
366 1295 439 1345 De
460 1293 1034 1361 reliquiissanctorum,
1076 1292 1155 1343 vel
1194 1292 1293 1361 ritu
1328 1291 1677 1352 sacerdotum,

161 1369 216 1414 et
248 1358 603 1419 diaconoruni,
643 1360 995 1427 laicorumque
1024 1362 1073 1411 in
1099 1358 1335 1411 ecclesia.

231 1444 313 1482 ιν.
344 1430 490 1491 Quod
512 1427 636 1480 nulli
662 1428 729 1480 sit
750 1428 928 1479 ultima
949 1428 1249 1493 paenitentia
1280 1427 1598 1493 deneganda.

227 1510 332 1549 nt.
372 1497 443 1549 De
477 1496 561 1549 his
601 1497 689 1563 qui
736 1492 1077 1548 morientibus
1117 1493 1471 1562 pmnitentiam
1516 1492 1678 1546 dene-

161 1572 307 1630 sant.

231 1645 353 1682 Lvn.
381 1630 453 1682 De
473 1630 895 1696 pmnitentiarum
917 1629 1232 1682 diversitate.

229 1712 375 1749 Lvul.
406 1694 486 1749 De
503 1697 943 1750 reconciliatione.
974 1697 1098 1749 ltem
1128 1697 1191 1748 de
1228 1694 1407 1748 eadem
1442 1710 1517 1747 re.

225 1779 332 1816 ιιι.
374 1764 444 1816 De
471 1764 679 1817 clericis
715 1765 824 1818 sive
860 1764 924 1816 de
958 1764 1325 1817 ecclesiasticis
1353 1762 1638 1816 ordinibus.

223 1846 309 1883 ut.
336 1831 409 1884 De
433 1833 733 1886 diversitate
754 1832 1011 1883 ordinum.

221 1913 330 1951 ut.
358 1899 431 1951 De
455 1894 1133 1957 electioneiacerdotalinm
1155 1896 1414 1950 ordinum.

222 1980 350 2019 an.
379 1965 506 2034 item
531 1967 596 2019 de
624 1967 895 2020 electione.
919 1966 1201 2034 Gregorius
1223 1964 1365 2034 dicit.

224 2047 373 2085 um.
404 2032 532 2087 item
580 2048 805 2088 canones
835 2030 1149 2088 sanctorum
1177 2033 1242 2086 de
1275 2032 1530 2086 electione
1560 2030 1672 2099 epi—

150 2112 453 2169 scaporum.

798 511 1313 566 PtENlTENTlALE
1341 494 1708 566 ἐοιιΑι-υιι
1746 511 1883 566 CUM
1918 512 2087 565 ALIIS
2120 512 2266 566 CAP.
2306 514 2389 567 ET
2427 513 2577 568 CAN.

3182 514 3283 572 982

1846 635 1984 674 unv.
2025 619 2079 672 Si
2105 622 2376 687 episcopus
2397 635 2426 671 a
2451 618 2846 687 metropolitano
2872 618 3163 687 admonitus
3186 631 3280 683 ph.

1777 689 1991 752 synodo,
2017 687 2098 739 vel
2119 684 2441 739 ordinatione
2481 686 2757 752 episcopali
2790 686 2966 738 venire
3001 684 3275 739 distulerit.

1823 771 1849 807 ι
1872 756 2091 807 concilio
2109 754 2412 819 Agathensi.

1842 837 1959 875 ιμ’.
1991 824 2064 874 De
2090 822 2415 873 ordinatione
2442 819 2836 886 archiepisc0pi.

1842 904 1979 941 1.xvt.
2011 890 2084 941 De
2111 888 2361 940 electione
2386 888 2713 955 indignorum
2748 900 2912 955 canon
2940 893 3275 955 sanctorum.

1842 970 2001 1008 vau.
2044 956 2170 1007 Item
2217 968 2281 1006 ex
2316 953 2535 1007 concilio
2580 953 2983 1007 Chalcedonensi
3028 953 3174 1005 titulo
3200 968 3281 1007 se-

1773 1022 1961 1083 cundo,
2007 1024 2155 1091 quod
2195 1036 2298 1075 non
2336 1022 2555 1075 debeant
2584 1020 2753 1074 olIicia
2803 1020 3152 1075 ecclesiastica
3187 1036 3280 1091 per

1772 1093 2019 1160 pecunias
2045 1089 2297 1160 ordinari.

1839 1172 2020 1211 uran
2054 1159 2178 1225 Item
2203 1157 2265 1209 de
2289 1157 2474 1224 elapsis
2498 1156 2768 1225 graduum.

1839 1241 1977 1280 uix.
2007 1226 2079 1279 De
2108 1222 2521 1277 accusationibus
2556 1231 2609 1275 et
2634 1222 3069 1276 excusationibus.

1840 1309 1959 1347 ιιι.
1988 1292 2270 1358 Gregorius
2309 1291 2494 1344 Joanni
2523 1290 2786 1344 defensori
2814 1290 3041 1359 qualiter
3072 1289 3137 1359 de
3172 1289 3286 1359 epi-

1773 1376 1928 1429 seopo
1960 1356 2206 1414 Januario
2248 1359 2628 1429 observandum
2665 1359 2767 1423 sit,
2814 1356 2922 1411 sive
2949 1356 3014 1411 de
3036 1356 3151 1411 aliis
3175 1358 3283 1424 epi-

1772 1426 1943 1495 scopis
1968 1430 2158 1496 injuste
2183 1426 2556 1496 condemnatis.

1837 1494 1976 1552 uxr.
2008 1494 2080 1549 De
2103 1496 2411 1563 juramentis
2439 1494 2816 1560 episcoporum.

1837 1579 1999 1618 um.
2029 1563 2102 1616 De
2129 1563 2399 1614 vexatione
2424 1563 2802 1628 episcoporum.

1838 1645 2023 1686 LXXHI.
2052 1631 2124 1682 De
2146 1638 2351 1694 pastore
2379 1637 2429 1681 et
2451 1629 2805 1694 praedicatore.

1838 1710 2012 1753 Lxxi‘v.
2045 1698 2212 1750 Verba
2242 1696 2526 1749 Ezechielis
2550 1698 2830 1764 prophetae.

1836 1780 1990 1821 Lxxv.
2026 1764 2150 1817 item
2179 1764 2242 1816 de
2267 1772 2493 1830 pastore.

1839 1848 2015 1887 uxvl.
2048 1832 2119 1884 De
2146 1829 2403 1898 episcopis
2426 1838 2478 1883 et
2504 1829 2837 1898 presbyteris.

1843 1914 2039 1954 Lxxvu.
2070 1899 2143 1951 De
2171 1899 2487 1965 quotidianis
2511 1898 2751 1964 operibus
2778 1898 3154 1965 episcoporum.

1809 1982 2062 2048 ιιινιιι.
2117 1961 2434 2036 Augustinus
2485 1961 2872 2018 Aurelianensis
2916 1961 3186 2029 cpiscopus
3204 1961 3283 2013 di-

1774 2043 1866 2090 cit.

3032 2223 3276 2235 ..ια’-ιιι..-

1350 2316 1731 2375 CAPITULA
1772 2313 2123 2385 QUIEDAM
2237 2310 2275 2340 ⁵

146 2459 224 2524 Α.
268 2459 343 2521 R.
378 2476 448 2519 ac
477 2458 827 2520 doctissimo
865 2459 938 2517 D.
985 2457 1152 2515 Luca
1177 2422 1180 2425 ν
1205 2448 1946 2586 Dachert'cIJIcgita!Spt'cil(i
1988 2458 2163 2582 ttomo
2207 2449 2302 2507 IX
2326 2493 2341 2519 ,
2374 2450 2951 2516 cumPam'tentiali
2990 2449 3284 2509 Theodori

1398 2546 1464 2586 co
1522 2546 1555 2584 α
1587 2545 1623 2583 α
1656 2544 1683 2583 c
1746 2543 1901 2584 amen
1949 2544 1981 2582 α
2014 2544 2070 2584 a.

1398 2543 1623 2587 cauata
1656 2543 1708 2583 ει
1746 2543 2070 2584 emendata.

1526 2671 1889 2689 υ*

216 2765 287 2822 In
311 2763 546 2834 capitulis
588 2760 836 2815 Theodori
881 2759 1064 2829 legitur
1089 2774 1199 2825 cap.
1243 2772 1356 2809 vni.
1408 2755 1670 2807 Laborant

145 2860 369 2922 excepto
392 2849 663 2904 Dominico
688 2847 789 2922 die.
822 2845 881 2898 In
910 2843 1253 2897 Pmnicentiali
1280 2856 1296 2892 :
1327 2842 1391 2894 Et
1433 2841 1675 2922 laborant

143 2942 260 2995 sive
282 2910 557 2993 Dominico
580 2937 681 2990 die.
722 2910 846 2987 fide
880 2943 1044 2986 notas.
1555 2920 1563 2948 ί

216 3025 284 3078 In
309 3041 423 3092 cap.
453 3039 571 3077 xm.
598 3023 655 3075 ln
679 3022 834 3075 tertia
861 3019 1225 3089 provicinitatc
1254 3018 1534 3086 provincias
1555 3031 1672 3069 car-

150 3114 237 3167 nis
265 3152 281 3178 ,
326 3111 607 3165 secundum
636 3109 848 3163 Graecos
893 3109 1015 3160 licet
1052 3106 1268 3160 nubere.
1310 3104 1376 3156 In
1408 3101 1585 3155 Paruit.
1617 3102 1672 3155 ln

144 3204 304 3258 tertia
341 3200 730 3270 propinquitate
766 3197 957 3252 carnis.

213 3289 283 3342 In
322 3289 494 3342 eodem
538 3272 761 3356 capitulo
791 3286 888 3339 .‘ln
918 3285 1070 3338 tertia
1110 3283 1375 3353 provincia
1406 3295 1509 3335 non
1553 3279 1676 3334 licet

142 3393 364 3433 uxorem
391 3378 605 3430 alterius
631 3388 750 3443 post
779 3376 977 3429 obitum
1002 3375 1113 3441 ejus
1139 3375 1350 3426 habere.
1388 3372 1453 3423 In
1479 3370 1690 3423 Parit.-

144 3467 202 3521 ιιι
232 3466 388 3518 tertia
415 3473 591 3518 tamen
619 3463 1011 3532 propinquitate
1036 3476 1138 3515 non
1162 3460 1302 3515 licet.

211 3553 282 3607 In
318 3569 431 3622 cap.
462 3568 574 3606 mc.
602 3551 667 3605 Et
693 3551 998 3620 propinquis
1040 3550 1154 3618 ejus
1193 3556 1401 3617 oportet
1435 3547 1675 3615 jejunare

143 3641 334 3709 quinta
361 3640 463 3694 die.
494 3639 561 3692 In
587 3639 773 3692 Pccnit.
798 3639 863 3692 Et
887 3638 1208 3706 prapinquos
1236 3636 1350 3703 ejus
1374 3644 1579 3703 oportet
1597 3636 1677 3703 je-

134 3726 333 3795 junare
360 3736 560 3795 septem
584 3727 784 3780 diebus.

219 3813 286 3865 In
311 3829 424 3882 cap.
455 3827 609 3865 χχιιι.
638 3812 893 3865 Similiter
916 3819 969 3866 et
996 3825 1207 3878 pecora,
1239 3810 1284 3863 si
1306 3824 1519 3864 necesse
1548 3818 1628 3863 est
1660 3849 1675 3873 ,

146 3915 247 3969 pro
294 3913 358 3952 eo
400 3899 609 3968 :equali.
656 3899 723 3953 In
756 3899 941 3952 Paznit.
978 3898 1236 3952 Similiter
1263 3912 1450 3966 pecora
1489 3896 1677 3966 mquali

146 3987 322 4055 pretio
346 3994 565 4054 poswnt
596 3988 784 4040 mutari
808 4026 822 4050 ,
855 3987 900 4040 si
929 4000 1141 4040 necesse
1163 3986 1249 4037 sit.

221 4072 285 4125 In
311 4089 423 4141 cap.
466 4088 588 4125 xxv.
619 4072 675 4125 In
704 4072 865 4126 Coena
899 4088 1023 4125 vero
1061 4071 1266 4125 Domini
1303 4071 1596 4125 incenditur
1622 4071 1676 4124 in

130 4159 335 4229 _Natale
374 4170 675 4216 sanctorum
724 4178 822 4232 pro
877 4162 1170 4216 reverentia
1204 4161 1327 4216 diei.
1375 4161 1443 4215 In
1491 4161 1672 4216 Paruit.

150 4247 426 4301 incensum
471 4248 676 4303 Domini
698 4241 1022 4304 incendatur
1063 4250 1116 4303 in
1154 4248 1327 4303 Natali
1374 4258 1677 4305 sanctorum

151 4354 249 4409 pro
276 4343 565 4395 reverentia
591 4342 715 4396 diei.

1840 2753 1904 2806 In
1930 2772 2040 2822 cnp.
2078 2772 2255 2809 XLVIII.
2281 2757 2345 2810 Et
2365 2758 2591 2811 dimittat
2615 2757 2667 2809 in
2687 2759 2859 2825 priore
2895 2758 3007 2811 loco
3021 2760 3291 2827 presbyte-

1770 2855 1904 2893 rum.
1930 2839 1995 2892 In
2018 2838 2201 2892 I‘aenit.
2227 2842 2291 2893 Et
2314 2843 2542 2895 dimittat
2563 2842 2614 2894 in
2640 2844 2865 2909 priorem
2888 2841 3103 2896 locum.‘

1840 2928 1903 2982 In
1938 2946 2047 2998 cap.
2082 2945 2255 2983 Lxxiv.
2290 2929 2346 2984 Si
2389 2938 2745 2998 prreguantem
2784 2931 3057 2985 mulierem
3080 2945 3288 2999 compa-

1773 3027 1855 3070 rat
1891 3018 2081 3087 aliquis
2107 3019 2255 3087 prius
2295 3020 2511 3074 liberam
2534 3060 2547 3080 ,
2592 3019 2725 3073 liber
2747 3026 2865 3081 est;
2903 3020 2989 3087 qui
3014 3028 3290 3087 generatus

1773 3113 1872 3169 est,
1902 3121 2101 3159 servus.
2128 3106 2193 3159 In
2220 3105 2404 3172 Paenit.
2431 3106 2487 3160 Si
2506 3115 2855 3176 prmgnantem
2881 3098 3147 3160 mulierem
3172 3109 3289 3173 quis

1775 3204 2061 3262 comparat,
2088 3195 2222 3248 liber
2242 3205 2405 3249 estex
2429 3210 2490 3249 ea
2515 3204 2809 3262 generatus.
2845 3194 2970 3247 Vide
3005 3205 3168 3247 notas.

1838 3282 1904 3335 In
1932 3300 2043 3351 cap.
2081 3299 2253 3338 Lxxvr.
2298 3284 2389 3338 llle
2427 3284 2751 3347 infirmatus,
2784 3284 2828 3336 si
2855 3284 2940 3335 illa
2971 3284 3233 3336 infirmata
3272 3325 3284 3344 ,

1772 3370 1984 3422 omnino
2019 3384 2276 3425 consensu
2315 3372 2586 3425 amborum
2624 3380 2950 3439 separentur.
2999 3369 3065 3421 In
3105 3369 3286 3421 Ρωιιὶι.

1773 3461 1867 3514 Vel
1896 3461 1983 3515 ille
2015 3461 2305 3515 inﬁrmatus
2328 3501 2343 3527 ,
2377 3477 2469 3516 seu
2508 3462 2595 3516 illa
2639 3461 2899 3514 inllrmata
2922 3499 2937 3522 ,
2961 3468 3134 3513 tamen
3178 3460 3276 3512 nisi

1773 3563 1893 3602 Clllll
1920 3563 2177 3604 COIISCDSU
2217 3551 2489 3605 amborum
2532 3565 2635 3603 non
2675 3557 3001 3616 separentur.

1838 3636 1908 3691 In
1958 3654 2069 3705 cap.
2117 3652 2328 3690 Lxxxix.
2381 3637 2666 3705 Episcopus
2710 3645 2763 3689 et
2820 3636 2980 3689 abbas
3030 3634 3290 3688 hominem

1715 3750 1719 3757 ε
1773 3725 2085 3779 sceleratum
2111 3739 2318 3778 servum
2339 3732 2557 3792 possunt
2578 3724 2785 3776 habere.
2817 3720 2883 3774 In
2910 3721 3091 3774 Pwnit.
3116 3721 3292 3775 Homi-

1772 3828 1890 3867 nem
1921 3813 2163 3866 scelerati
2191 3826 2397 3865 servum
2426 3820 2643 3879 possunt
2667 3812 2877 3864 habere.

1840 3899 1906 3953 In
1932 3917 2042 3969 cap.
2073 3916 2154 3954 xc.
2180 3899 2358 3968 Ibique
2379 3901 2564 3953 missas
2583 3913 2678 3967 pro
2697 3900 2773 3952 eis
2794 3898 3055 3952 celebrare
3072 3916 3086 3963 ;
3106 3900 3292 3953 deinde

1773 4004 1892 4041 cum
1919 3988 2215 4040 cantatione
2238 3988 2303 4039 ad
2330 3987 2639 4054 sepulturas.
2667 3986 2731 4038 In
2749 3984 2932 4039 Pwnit.
2960 3987 3155 4041 Deinde
3171 4002 3289 4041 cum
3374 4056 3381 4065 .

1775 4075 2070 4129 cantatione
2099 4082 2306 4144 portare
2329 4075 2393 4128 ad
2418 4073 2731 4141 sepulturas.
3070 4118 3079 4141 ,

1841 4164 1907 4217 In
1934 4180 2045 4233 cap.
2070 4178 2159 4218 cu.
2192 4164 2563 4230 Desponsatam
2587 4162 2811 4229 puellam
2842 4176 2942 4214 non
2968 4160 3089 4215 licet
3109 4175 3294 4229 paren-

1774 4252 1914 4307 tibus
1935 4253 2140 4305 traderc
2168 4251 2346 4314 alicui,
2376 4252 2475 4304 nisi
2504 4251 2588 4304 illa
2609 4252 2819 4305 omnino
2842 4252 3086 4314 resistat;
3119 4260 3294 4305 tamen

1774 4338 1840 4393 ad
1867 4339 2242 4392 monasterium
2274 4338 2412 4392 licet.
2443 4338 2510 4390 In
2536 4337 2718 4390 Paruit.
2747 4337 2975 4390 Puellam
3013 4338 3293 4405 desponsa-

219 4427 286 4481 In
310 4445 422 4499 cap.
449 4445 595 4483 Xth.
618 4428 678 4483 In
715 4430 803 4484 illa
830 4432 914 4484 die
943 4439 1065 4484 ante
1095 4429 1276 4484 Natale
1299 4430 1526 4493 Domini,
1548 4438 1674 4490 ctc.,
1703 4455 1750 4513 ι)
1777 4437 1883 4482 tam
1902 4443 2005 4481 non
2029 4428 2150 4481 licet
2168 4428 2470 4494 parentibus
2489 4427 2611 4480 dare
2642 4428 2731 4480 alii
2760 4428 2871 4480 viro
2890 4466 2904 4488 ,
2933 4428 3030 4479 nisi
3058 4427 3140 4478 illa
3179 4442 3291 4480 om-

150 4516 475 4572 manducant
523 4519 782 4584 Romani;
831 4518 999 4573 ϐιωςί
1044 4519 1184 4573 dicto
1225 4532 1439 4585 vespere
1464 4518 1677 4571 missam

147 4611 383 4657 cantant.
406 4603 472 4657 In
494 4602 677 4658 Paruit.
711 4605 1025 4660 Ma‘nducant
1048 4605 1306 4672 Romani;
1345 4605 1513 4660 Gratei
1551 4618 1677 4659 vero

149 4693 293 4745 dicta
316 4705 535 4761 vespere
562 4694 722 4746 missa
748 4702 977 4748 ccenant.

221 4780 291 4834 In
324 4797 437 4849 cap.
468 4798 596 4836 xui.
641 4782 859 4839 Clericis
899 4783 1195 4837 nullatenus
1238 4797 1470 4852 pugnare
1512 4782 1677 4846 licet,

157 4868 263 4921 nisi
300 4868 353 4920 in
402 4868 733 4923 multitudine
781 4879 873 4923 aut
916 4870 1132 4925 consilio
1160 4884 1429 4924 servorum
1457 4869 1570 4923 Dei.
1610 4867 1677 4921 In

105 5002 110 5006 .
152 4952 348 5008 Paruit.
407 4955 688 5010 Multorum
720 4958 843 5015 licet
880 4959 949 5012 sit
984 4959 1203 5014 consilio
1239 4972 1512 5013 servorum
1562 4956 1676 5012 Dei.

158 5038 289 5094 Vide
315 5050 483 5095 notas.
878 5106 885 5127 ἲ
1394 5066 1397 5067 ν
1570 5040 1575 5046 ’

219 5126 289 5181 In
339 5144 453 5197 cap.
505 5144 643 5184 mu.
697 5122 811 5185 Nec”
838 5122 1112 5203 episcopus
1152 5133 1305 5187 debet
1342 5131 1594 5186 violenter
1628 5133 1681 5185 in

154 5216 291 5270 loco.
323 5214 392 5270 In
422 5215 608 5272 Paruit.
641 5219 750 5274 Nec
770 5223 1048 5292 episcopus
1081 5222 1237 5278 debet
1261 5221 1517 5278 violenter
1557 5220 1684 5274 reti-

152 5316 286 5362 nere
311 5303 560 5363 abbatem
587 5309 639 5363 in
665 5310 782 5366 loco
806 5326 919 5368 suo.

1775 4518 1900 4569 nino
1929 4516 2141 4569 resistat
2170 4529 2184 4567 :
2218 4523 2389 4568 tamen
2434 4514 2499 4569 ad
2528 4516 2901 4569 monasterium
2930 4515 3051 4569 licet
3091 4515 3168 4569 ire
3191 4554 3206 4580 ,
3244 4517 3291 4570 si

1775 4605 2015 4659 voluerit.

1844 4691 1910 4744 In
1938 4708 2049 4759 cap.
2078 4706 2162 4745 cx.
2196 4690 2293 4755 Qui
2319 4691 2654 4759 Evangelium
2694 4699 2894 4743 tantum
2923 4692 3067 4759 legit,
3095 4705 3293 4745 curru

1776 4793 1933 4846 super
1955 4779 2227 4831 humerum
2249 4779 2412 4845 ponit,
2442 4794 2545 4831 non
2569 4780 2643 4831 sic
2666 4779 2715 4830 in
2741 4780 2944 4831 caeteris
2964 4777 3291 4831 lectionibus.

1775 4866 1839 4918 In
1874 4864 2061 4920 Pwnit.
2085 4866 2362 4935 Presbyter
2391 4868 2435 4919 si
2461 4868 2786 4934 responsoria
2815 4875 2990 4918 cantat
3016 4867 3067 4919 in
3093 4867 3251 4919 missa
3276 4906 3293 4930 ,

1776 4970 1975 5009 ωιφιιι
2010 4970 2159 5008 suam
2200 4970 2301 5007 non
2342 4955 2525 5018 tollat,
2557 4956 2647 5009 sed
2670 4956 2991 5024 evangelium
3014 4954 3190 5023 legens
3208 4968 3294 5008 su-

1778 5058 1874 5113 per
1894 5044 2141 5097 humeros
2159 5050 2335 5109 ponat.
2582 5108 2583 5111 η

1848 5131 1935 5185 Sic
1962 5128 2181 5197 capitula
2210 5144 2323 5197 qua:
2350 5128 2431 5182 vix
2458 5129 2670 5197 intelligi
2691 5136 2937 5197 poterant,
2963 5142 3053 5195 ope
3074 5135 3292 5179 retcrmn

1779 5219 2007 5282 codicum
2032 5216 2217 5271 Pmnit.
2247 5217 2318 5269 ita
2339 5219 2665 5270 emendantur
2692 5256 2707 5278 ,
2748 5227 2800 5269 ut
2836 5232 2898 5269 ex
2926 5218 2999 5269 eis
3044 5229 3186 5271 rem:
3235 5232 3294 5267 ac

1781 5317 1950 5364 certus
1981 5322 2157 5364 senm
2190 5321 2321 5360 nunc
2356 5304 2506 5374 facile
2533 5303 2949 5373 deprehendatur.
