4010 6400
205 432 311 490 985

887 421 1405 501 pessimarum
1443 440 1805 507 comarum
1840 441 1982 500 cum
2012 445 2184 500 ALllS
2219 447 2363 502 car.
2405 450 2489 504 ET
2526 451 2677 506 CAN.

3241 452 3343 505 986
3359 452 3368 466 ’“

202 543 470 631 iugalium,
517 550 604 616 qui
651 565 757 604 non
801 560 881 606 est
905 554 1201 620 baptizatus
1239 554 1320 606 vel
1366 551 1722 606 conﬁrmatus.
1751 552 1802 609 Δ
1828 553 2085 622 accipere-
2109 571 2299 610 novum
2346 560 2663 628 coniugium,
2707 562 2795 615 sed
2819 577 3036 628 puerum
3090 563 3182 616 vel‘
3201 564 3343 631 pucl-

203 627 516 700 Idem‘apud
544 633 654 699 luo,
682 653 730 704 p.
758 652 793 699 ι,
830 653 876 690 c.
908 638 1027 691 220.

215 751 218 754 ~
271 716 385 772 Non
403 720 524 774 licet
546 721 822 789 baptizatis
835 740 951 776 cum
969 726 1359 780 catechumenis
1374 725 1690 776 manducare
1710 738 1723 774 :

203 816 402 875 quanto
429 811 595 880 magis
623 813 919 878 gentilibus.
967 802 1180 876 Barca,
1210 815 1243 865 ι.
1275 830 1345 875 ιν,
1376 829 1419 864 c.
1448 813 1513 865 95
1540 831 1550 863 :
1578 812 1729 864 Cate-

202 895 450 958 cbumeni
497 900 812 953 manducare
856 915 960 953 non
1003 903 1192 954 debent
1243 916 1361 954 cum
1411 899 1720 966 baptizatis,

201 1000 374 1054 neque
389 986 624 1041 osculum
650 988 728 1041 eis
753 988 898 1051 dare,
929 998 1124 1055 quanto
1151 989 1324 1041 minus
1351 987 1577 1056 gentilis.

709 1077 860 1132 CAP.
896 1079 942 1130 ν
977 1077 1225 1131 ΡΟΕΝΙἜ.

269 1164 374 1219 Sed
403 1166 551 1231 licet
606 1167 884 1236 Dienysius
929 1168 1245 1234 Areopagita
1295 1167 1434 1219 dicat
1481 1165 1727 1232 blasphe-

197 1256 360 1309 miam
403 1256 510 1310 Deo
554 1256 760 1320 facere,
790 1257 877 1325 qui
924 1258 1112 1312 missas
1140 1255 1291 1309 offert
1317 1271 1413 1322 pro
1451 1255 1586 1306 malo
1630 1255 1727 1306 ho-

197 1345 363 1407 mine,
392 1344 713 1414 Augustinus
731 1354 917 1415 tamen
939 1346 1066 1399 dicit
1085 1361 1178 1413 pro
1201 1346 1441 1397 omnibus
1470 1345 1725 1397 Christia-

196 1433 280 1486 nis
308 1432 410 1486 ltoc
429 1447 546 1488 esse
573 1433 888 1496 faciendum,
914 1436 1035 1503 quia
1076 1436 1176 1487 hoc
1201 1433 1279 1487 vel
1303 1433 1379 1486 eis
1407 1432 1614 1499 proﬁcit
1640 1439 1735 1482 aut.

194 1516 537 1594 offerentibus
565 1529 654 1573 aut
682 1522 1000 1590 petentibus.
1044 1520 1171 1590 Cap.
1219 1537 1299 1573 ικί
1331 1540 1341 1571 :
1371 1521 1741 1588 Blasphemins.

195 1605 419 1660 Domino
467 1609 594 1677 agit,
626 1609 714 1676 qui
757 1611 948 1663 missas
990 1611 1210 1663 Domino
1248 1601 1400 1662 offert
1446 1624 1542 1675 pro
1589 1609 1726 1660 malo

195 1694 424 1748 homine.
453 1695 776 1765 Augustinus
802 1697 928 1749 dicit
975 1698 1220 1750 omnibus
1248 1695 1564 1748 Christianis
1610 1710 1726 1748 esse

193 1780 492 1837 faciendum
519 1785 656 1853 quod
678 1783 758 1838 vel
787 1785 833 1838 ei
859 1786 1082 1853 proﬁcit,
1116 1793 1205 1837 aut
1227 1783 1488 1846 offerenti,
1517 1791 1605 1836 aut
1646 1783 1722 1833 vi-

1826 640 1947 694 lem.
2005 640 2132 696 Vide
2162 659 2361 714 επεν-ρ.
2415 646 2622 716 Egberti
2670 648 2887 703 Eborac.
2945 653 3109 715 arch.,
3141 669 3184 704 c.
3219 653 3336 705 118.

1823 727 1954 780 ltcm
1987 745 2148 782 canon
2184 732 2551 798 A‘fﬁcanensis.
2608 735 2917 803 Legitimum
2963 739 3122 806 igitur
3163 739 3359 806 conju~‘

1825 815 1965 882 gium
1993 832 2095 870 non
2129 819 2251 871 licet
2279 823 2512 887 separari
2559 824 2672 876 sine
2721 839 2975 878 consensu
3019 825 3292 878 amborum
3325 842 3339 878 :

1825 916 1997 976 potest
2042 917 2214 962 tamen
2260 911 2402 982 alter
2432 913 2582 965 alteri
2620 929 2737 966 cum
2765 915 2982 969 consilio
3012 916 3241 984 episcopi
3255 915 3344 970 tli-

1824 997 2204 1063 centiamrdare
2243 1000 2309 1051 ad
2349 1001 2651 1054 servitutem
2683 1003 2773 1054 Dei
2805 1005 3072 1058 accedere.
3120 993 3362 1070 Quidam.

1823 1083 1980 1134 etiam
2011 1083 2192 1136 dicunt
2218 1104 2228 1136 :
2263 1085 2383 1139 Sive
2430 1089 2511 1140 vir
2540 1089 2648 1142 sive
2677 1089 2863 1144 mulier
2887 1106 2951 1144 ex
2978 1107 3232 1154 consensu
3262 1108 3346 1148 re-

1826 1171 2068 1240 ligionem
2095 1176 2305 1240 ceperit,
2346 1176 2465 1229 licet
2493 1178 2717 1230 alterum
2743 1180 2978 1246 accipere
3006 1196 3192 1232 novum
3223 1196 3347 1234 cou-

1817 1258 2040 1328 jugium,
2069 1263 2158 1314 sed
2203 1263 2427 1329 puellam
2470 1265 2550 1316 vel
2570 1279 2808 1331 puerum,
2843 1268 2885 1319 si
2926 1268 3201 1321 continens
3231 1283 3348 1322 esse

1828 1361 1927 1398 non
1954 1349 2146 1415 poterit
2173 1351 2311 1416 quod
2359 1365 2459 1403 non
2500 1351 2671 1404 laudo.
2705 1351 2850 1403 Idem
2873 1352 3014 1404 addit
3055 1335 3358 1419 Theodorus

1823 1435 1939 1487 aliis
1965 1437 2170 1489 verbis:
2201 1439 2266 1491 Et
2296 1448 2468 1492 tamen
2498 1455 2601 1493 non
2628 1450 2708 1494 est
2745 1442 3072 1494 canonicum.
3117 1441 3346 1505 Quicun-
3386 1450 3388 1453 '

1825 1538 1918 1589 que
1946 1531 2131 1575 attente
2170 1525 2434 1593 perlegerit
2458 1517 2914 1595 Hieronymum,“
2942 1545 3156 1581 canones
3203 1545 3343 1582 conc.

1809 1609 2009 1676 Africa,
2029 1627 2126 1663 non
2142 1612 2433 1680 diﬁitebitur
2457 1615 2564 1667 hau:
2589 1616 2746 1668 citata
2771 1632 2833 1668 ea;
2863 1615 3170 1686 Hieronymo
3195 1627 3240 1670 et
3268 1635 3349 1669 ca-

1825 1713 1952 1749 none
1990 1715 2129 1750 conc.
2180 1699 2342 1767 Afric.
2385 1702 2452 1754 ad
2511 1702 2831 1756 Theodorum
2867 1705 3032 1772 potius
3079 1706 3344 1774 pertinere.

1895 1785 2110 1839 Muliere
2152 1797 2356 1841 mortua
2388 1789 2510 1843 licet
2556 1793 2670 1844 viro
2697 1799 2818 1860 post
2857 1807 3088 1846 mensem
3129 1793 3348 1845 alterum

192 1881 388 1927 ventes
404 1874 724 1927 consoletur.
754 1873 941 1926 Burch.
973 1885 1019 1926 et
1051 1873 1383 1943 Ivo‘legerunt
1403 1873 1535 1942 quod
1574 1881 1651 1923 est-
1670 1871 1720 1922 in
1756 1865 1796 1922 Β
1827 1872 2083 1938 accipere.
2127 1873 2329 1927 Mortuo
2357 1877 2470 1928 viro
2498 1885 2618 1943 post
2642 1893 2834 1931 annum
2879 1878 3002 1932 licet
3031 1879 3235 1931 mulieri
3278 1879 3352 1930 al-

191 1972 290 2014 vet.
324 1963 438 2015 cod.
465 1960 632 2028 Pam,
654 1965 732 2017 Itis
760 1974 958 2016 tantum
987 1968 1225 2017 mutatis:
1247 1965 1368 2032 quia
1398 1965 1476 2016 vel
1504 1965 1580 2017 eis
1605 1977 1726 2031 pro-

191 2051 304 2104 ﬁcit
342 2060 433 2105 aut
457 2051 816 2115 oﬁ‘erentibus,
853 2062 942 2106 aut
967 2056 1265 2122 petentibus
1293 2055 1548 2122 proderit.
1578 2052 1724 2120 Apud

192 2137 384 2190 Burch.
414 2139 450 2189 ι.
477 2155 558 2202 ιιι,
580 2155 624 2190 c.
653 2139 736 2201 65,
774 2149 823 2191 et
860 2142 997 2208 apud
1018 2140 1152 2204 Ivo.,
1182 2142 1216 2192 ι.
1260 2157 1338 2203 Ill,
1379 2158 1423 2193 ε.
1450 2141 1514 2194 67
1550 2158 1561 2194 :
1600 2141 1722 2209 quia

192 2226 275 2280 vel
296 2227 374 2280 eis
399 2227 626 2295 proﬁcit,
652 2236 742 2282 aut
769 2227 1107 2282 oﬂ‘erentibus
1133 2230 1382 2297 proderit.

689 2335 833 2389 CAP.
876 2336 940 2390 Vl
979 2335 1228 2390 PfENlT.

262 2425 520 2478 Monacho
559 2440 661 2480 non
690 2426 815 2480 licet
856 2435 1037 2480 votum
1083 2442 1274 2480 vovere
1311 2427 1424 2480 sine
1470 2440 1727 2480 consensu

191 2515 418 2577 abbatis,
447 2515 527 2568 sin
579 2515 772 2577 minus,
803 2515 1148 2584 frangendum
1173 2524 1271 2568 est.
1303 2515 1515 2578 Bura/u,
1546 2515 1580 2567 l.
1612 2531 1728 2580 vnt,

190 2619 238 2656 c.
267 2602 333 2665 9;
364 2601 476 2665 Ibo,
505 2621 556 2672 p.
585 2618 680 2666 vn,
710 2620 755 2656 c.
780 2603 879 2667 52;
911 2613 958 2656 et
988 2603 1131 2657 Crat.
1164 2603 1386 2666 Πρω-ειη
1412 2619 1448 2656 ιι
1479 2620 1554 2670 ρ.,
1584 2619 1725 2654 caus.

170 2694 284 2760 '20,
306 2713 356 2766 τι.
407 2696 462 2760 4,
489 2712 533 2749 c.
579 2696 632 2760 2,
669 2713 732 2749 ea:
779 2697 928 2749 dictis
959 2695 1183 2749 Basilii:
1219 2695 1492 2759 Monacho,
1535 2703 1638 2748 etc.
1670 2692 1725 2746 Si

185 2795 372 2842 autem
395 2787 619 2850 voverit,
646 2786 991 2855 frangendum
1015 2788 1135 2840 erit.

669 2873 815 2926 CAP.
866 2875 951 2928 νυ
989 2862 1239 2928 ΡΟΕΝΙΤ.
1272 2915 1292 2927 .

260 2963 506 3018 Mulieres
528 2979 632 3018 non
653 2964 827 3018 velent
848 2965 1014 3017 altare
1043 2964 1107 3017 de
1136 2963 1430 3031 corporali,
1460 2977 1556 3017 nec
1578 2963 1732 3016 obla-

187 3052 366 3107 tiones
403 3067 560 3122 super
599 3052 787 3120 altare,
836 3066 1006 3120 neque
1043 3051 1259 3104 calicem
1296 3058 1522 3118 ponant;
1561 3064 1730 3116 neque

190 3148 340 3194 stent
373 3141 510 3194 inter
538 3141 811 3194 ordinatos
837 3142 889 3194 in
915 3141 1172 3205 ecclesia;
1195 3156 1362 3209 neque
1405 3140 1456 3192 in
1487 3141 1727 3194 convivio
1755 3174 1799 3234 ο

186 3230 410 3284 sedeant
428 3230 893 3283 inlersacerdotes.
925 3228 1194 3291 Burch.,l.
1230 3245 1402 3290 vm,c.
1430 3228 1730 3290 84,e:ccon-

185 3317 308 3370 cilia
324 3316 595 3371 Rhemensi
613 3325 859 3386 pra'sente
870 3315 1127 3369 Ludovico
1149 3317 1325 3384 imper.
1337 3356 1350 3379 ,
1370 3332 1413 3367 ε.
1428 3314 1461 3367 5
1478 3333 1489 3367 ;
1513 3314 1726 3367 Femina

183 3422 296 3464 non
307 3406 395 3459 det
408 3407 787 3475 paenitentiam,
804 3421 902 3460 nec
915 3404 1188 3472 corporale
1199 3419 1316 3457 cum
1334 3404 1614 3464 oblatione,
1632 3417 1728 3456 nec

185 3496 408 3552 calicem
437 3511 596 3566 super
621 3497 785 3550 altare
829 3497 1013 3564 ponat,
1035 3509 1132 3550 nec
1163 3496 1297 3549 inter
1331 3495 1602 3549 ordinatos
1627 3501 1730 3547 stet

184 3585 246 3640 in
273 3584 518 3651 ecclesia,
551 3584 650 3639 nec
671 3586 851 3638 sedeat
884 3585 1022 3637 inter
1053 3586 1356 3637 sacerdotes
1393 3584 1443 3635 in
1467 3583 1723 3636 convivio.

667 3693 814 3749 CAP.
856 3693 972 3748 vnt
996 3681 1246 3748 ΡΟΕΝιΤ.

186 3784 192 3788 ’
260 3784 431 3839 (ἓηεὶ
460 3785 1086 3839 carnesmorticinorum
1116 3800 1219 3838 non
1246 3785 1374 3839 dant
1395 3777 1587 3854 porcis.
1620 3784 1730 3839 Pel-

183 3873 268 3928 les
295 3881 470 3926 tameu
501 3873 567 3926 ad
608 3872 965 3926 calceamenta
993 3879 1046 3924 et
1073 3872 1245 3924 lanam
1274 3882 1328 3925 et
1367 3888 1564 3926 cornua
1592 3873 1729 3926 acci-

183 3976 318 4033 pere
344 3961 484 4024 licet,
513 3975 616 4013 non
641 3959 714 4031 ad.
736 3959 932 4027 aliquid
958 3968 1218 4012 sanctum.
1250 3958 1417 4028 Capit.
1452 3975 1485 4012 x
1516 3977 1527 4011 :
1560 3959 1729 4014 Graeci

183 4061 366 4108 autem
392 4051 725 4106 morticinam
755 4065 860 4103 non
889 4050 1016 4103 dant
1045 4051 1220 4118 porcis
1258 4051 1384 4104 suis.
1409 4050 1576 4104 Pelles
1602 4065 1746 4104 vero.

182 4143 587 4205 morticinorum
599 4141 665 4194 ad
678 4140 1053 4204 calceamenta,
1075 4147 1176 4192 etc.
1186 4179 1200 4204 ,
1223 4138 1384 4193 licent
1405 4139 1573 4208 accipi
1598 4157 1609 4192 :
1637 4139 1730 4215 sed

183 4248 318 4297 non,
357 4239 462 4285 etc.
752 4295 757 4297 Α
782 4295 802 4297 Δ
820 4289 826 4293 ,

692 4295 838 4352 CAP.
878 4295 948 4349 XI
983 4296 1235 4350 PlENlT.

261 4388 448 4442 Mulier
471 4387 638 4442 tribus
659 4389 929 4442 mensibus
949 4387 1213 4440 abstineat
1235 4400 1332 4440 sea
1354 4387 1470 4438 viro
1498 4400 1593 4439 suo
1614 4399 1731 4453 quae

1829 1968 1998 2012 terum
2024 1962 2205 2014 tollere
2250 1964 2442 2017 virum.
2493 1965 2731 2046 Excerpt.
2766 1968 2894 2036 Egb.
2949 1969 3124 2032 Ebor.,
3154 1986 3197 2022 c.
3230 1969 3346 2022 116.

1829 2050 2070 2118 Synodus
2093 2054 2254 2106 dixit:
2295 2055 2508 2109 Muliere
2535 2067 2739 2111 mortua
2775 2061 2897 2114 licet
2933 2063 3043 2114 viro
3072 2070 3187 2129 post
3209 2077 3352 2114 men-

1828 2154 1936 2191 sem
1959 2142 2196 2206 accipere
2216 2142 2434 2195 alteram
2467 2160 2480 2208 ;
2524 2154 2642 2212 post
2685 2162 2878 2200 annum
2903 2148 3028 2201 vero
3075 2148 3198 2202 licet
3239 2163 3353 2201 mu-

1827 2225 1940 2278 lieri
1969 2227 2205 2294 accipere
2231 2229 2450 2284 alterum
2475 2232 2671 2287 virum.

1897 2314 1952 2368 Si
1982 2317 2169 2370 mulier
2187 2319 2487 2373 discesserit
2508 2337 2538 2374 a
2564 2324 2679 2376 viro
2699 2338 2793 2376 suo
2821 2324 3114 2393 despiciens
3139 2341 3276 2388 eum,
3301 2335 3355 2380 et

1827 2403 2010 2457 nolens
2033 2407 2224 2457 reverti
2251 2416 2303 2459 et
2343 2409 2668 2462 reconciliari
2703 2413 2836 2475 viro,
2861 2422 2978 2480 post
3010 2415 3240 2482 quinque
3264 2430 3359 2469 au-

1828 2506 1924 2545 nos
1944 2507 2062 2545 cum
2085 2509 2339 2548 consensu
2359 2496 2585 2564 episcopi
2599 2497 2755 2550 aliam
2783 2501 3025 2567 accipere
3047 2502 3200 2556 liceat
3224 2521 3355 2560 uxo-

1829 2595 1957 2633 rem.
1993 2581 2232 2652 Excerpt.
2259 2583 2475 2637 Eborac.
2504 2587 2748 2654 archiep.,
2768 2604 2811 2640 ι’.
2844 2588 2958 2641 122.
2984 2589 3160 2642 Conon
3186 2592 3307 2644 dicit
3337 2610 3357 2647 :

1829 2668 1884 2720 Si
1921 2669 2108 2722 mulier
2159 2671 2461 2725 discesserit
2499 2689 2526 2726 a
2553 2675 2665 2727 viro
2691 2690 2808 2738 suo,
2837 2685 2964 2740 etc.,
2992 2685 3110 2746 post
3128 2681 3359 2748 quinque

1826 2757 1909 2810 vel
1934 2762 2131 2825 septem
2155 2774 2340 2823 annos,
2367 2775 2485 2813 cum
2508 2776 2767 2815 consensu
2800 2765 3027 2832 episcopi
3065 2765 3173 2832 ipse
3201 2767 3359 2821 aliam

1826 2847 2047 2913 accipiat
2068 2862 2304 2910 uxorem,
2329 2849 2372 2901 si
2385 2849 2660 2902 continens
2673 2865 2788 2903 esse
2819 2866 2919 2902 non
2943 2854 3157 2920 poterit,
3183 2864 3356 2922 ctpte-

1827 2936 1993 2989 niteat
2036 2943 2143 2988 tres
2175 2951 2361 2998 annos,
2410 2936 2490 2989 vel
2519 2937 2678 2990 etiam
2707 2939 2936 3005 quandiu
2981 2939 3199 3002 vixerit;
3228 2942 3352 3008 quia

1820 3023 1974 3092 juxta
1997 3026 2319 3077 sententiam
2347 3025 2575 3088 Domini,
2596 3027 2834 3079 moechus
2853 3027 3244 3093 comprobatur.

1902 3111 1964 3166 Si
1982 3112 2034 3166 in
2066 3112 2368 3180 captivitate
2393 3128 2486 3180 per
2512 3114 2622 3166 vim
2645 3116 2799 3167 ducta
2831 3114 3015 3168 redimi
3045 3129 3146 3167 non
3171 3121 3356 3183 potest,

1827 3210 1947 3270 post
1970 3216 2166 3254 annum
2192 3201 2416 3254 altemm
2445 3201 2702 3269 accipere.
2734 3202 2867 3256 Item
2891 3204 2934 3256 si
2966 3203 3018 3255 in
3051 3203 3357 3271 captivitate

1825 3293 2014 3345 ductus
2040 3290 2200 3344 fuerit
2223 3291 2306 3344 vir
2328 3290 2460 3358 ejus,
2494 3292 2723 3359 quinque
2750 3306 2916 3345 annos
2937 3300 3226 3360 exspectet.
3268 3291 3356 3346 Si-

1825 3381 2022 3433 militer
2046 3389 2219 3434 autem
2240 3389 2292 3434 et
2316 3381 2524 3445 mulier,
2542 3382 2586 3435 si
2613 3382 2736 3435 talia
2761 3380 3092 3451 contigerint.
3120 3381 3356 3451 Excerpt.

1826 3467 1956 3536 Egb.
1989 3467 2209 3521 Eborac.
2256 3470 2421 3533 are/1.,
2452 3485 2497 3520 c.
2542 3469 2660 3522 122.
2706 3468 2885 3522 Canon
2929 3468 3171 3524 dicit:Si
3213 3470 3362 3538 cujus

1822 3571 1958 3608 uxor
1982 3556 2033 3609 in
2077 3555 2430 3624 captivitatem
2463 3557 2615 3609 ducta
2657 3555 2844 3619 fuerit,
2875 3567 2925 3610 et
2951 3573 3012 3610 ea
3044 3559 3229 3612 redimi
3255 3574 3358 3611 non

1821 3646 2034 3712 poterit,
2061 3653 2182 3712 post
2219 3660 2414 3720 annum
2444 3647 2719 3713 septimum
2755 3646 2973 3700 alteram
3003 3648 3242 3716 accipiat.
3292 3649 3358 3703 Et

1823 3734 1866 3788 si
1893 3741 2073 3802 postea
2119 3734 2347 3802 propria,
2381 3734 2432 3788 id
2471 3743 2549 3788 cst
2576 3735 2720 3802 prior
2745 3736 2934 3790 mulier
2967 3736 3032 3792 de
3063 3739 3362 3806 captivitate
3406 3757 3408 3760 '

1824 3839 2036 3879 reversa
2065 3823 2240 3888 fuerit,
2266 3825 2488 3892 accipiat
2531 3840 2668 3887 eam,
2695 3825 3144 3893 posterioremque
3185 3828 3363 3880 dimita-

1825 3921 1920 3966 tat.
1956 3912 2210 3966 Similiter
2232 3921 2404 3965 autem
2428 3919 2493 3982 et
2520 3913 2626 3974 illa,
2654 3913 2791 3968 sicut
2826 3900 3067 3981 superius
3109 3913 3357 3979 diximus,

1826 4003 1870 4055 si
1895 4002 2008 4056 viro
2035 4001 2155 4053 talia
2182 4000 2516 4070 contigerint,
2545 4000 2720 4053 faciat.
2907 4001 2918 4009 '

1895 4093 2008 4146 Duo
2043 4106 2252 4160 quoque
2289 4091 2478 4144 fratres
2504 4091 2635 4145 duas
2663 4105 2870 4148 sorores
2896 4091 2948 4144 in
2975 4091 3216 4160 coniugio
3243 4106 3362 4160 pos-

1826 4192 1948 4238 sunt
1993 4184 2216 4248 habere;
2249 4191 2300 4238 et
2331 4193 2482 4252 pater
2521 4183 2786 4251 ﬁliusque,
2833 4194 3054 4238 matrem
3099 4195 3152 4238 et
3180 4185 3358 4239 ﬁliam.

1827 4273 1953 4343 Cap.
1992 4290 2127 4328 Lxxv
2157 4293 2169 4326 :
2196 4275 2336 4327 Patri
2379 4281 2433 4327 et
2472 4273 2580 4327 ﬁlio
2627 4282 2850 4328 matrem
2878 4281 2932 4328 et
2964 4273 3124 4327 ﬁliam
3158 4275 3278 4330 licet
3307 4275 3361 4329 in

1827 4363 2164 4417 matrimonio
2179 4362 2392 4416 habere.

186 4477 440 4545 concepit
482 4487 606 4530 ante
651 4483 880 4544 partum,
909 4483 963 4528 et
997 4483 1116 4543 post
1143 4482 1347 4542 tempus
1383 4474 1724 4544 purgationis,
1756 4489 1803 4547 ο
1897 4472 1966 4526 Si
1979 4474 2059 4527 vir
2081 4480 2134 4526 et
2157 4473 2347 4527 mulier
2372 4472 2738 4541 coniunxerint
2759 4487 2815 4527 se
2845 4473 2894 4526 in
2923 4474 3278 4539 matrimonio,
3305 4484 3362 4529 et

183 4572 293 4625 hoc
325 4576 424 4630 est,
462 4567 809 4637 quadraginta
857 4567 1043 4621 diebus
1068 4574 1121 4619 et
1161 4565 1404 4619 noctibus
1430 4565 1542 4618 sive
1592 4579 1730 4618 mas-

184 4646 367 4716 culum
390 4669 445 4713 et
467 4658 716 4712 feminam
737 4657 996 4726 genuerit.
1022 4655 1148 4726 Cap.
1170 4673 1258 4710 ιιι
1285 4675 1297 4708 :
1325 4655 1570 4710 Mulieres
1591 4670 1731 4708 men-

187 4756 342 4802 struo
370 4755 608 4814 tempore
630 4750 748 4798 norf
757 4743 953 4799 lintrem
975 4743 1273 4806 ecclesiam,
1305 4759 1475 4812 neque
1495 4757 1729 4797 commu-

186 4837 372 4891 nicent
393 4850 490 4889 nec
519 4835 972 4889 sanctmtnoniales
995 4835 1272 4889 neclaicaa.
1302 4834 1358 4888 Si
1386 4843 1726 4902 praesumant,

185 4922 364 4978 tribus
397 4922 813 4977 hebdomadibus
845 4923 1135 4990 poeniteant
1175 4937 1293 4990 qua:
1327 4923 1528 4988 intrant
1563 4922 1731 4976 eccle-

188 5012 327 5066 siam
358 5019 479 5064 ante
506 5010 760 5064 mundum
787 5010 1097 5079 sanguinem
1124 5016 1473 5078 postpartum
1491 5049 1505 5074 ,
1536 5010 1587 5063 id
1613 5019 1725 5076 est,

189 5098 263 5154 ιο
293 5100 500 5154 diebus.

260 5190 581 5262 Legitimum
595 5188 904 5258 coniugium
923 5204 1027 5244 non
1053 5190 1174 5242 licet
1199 5203 1448 5257 separare
1470 5188 1583 5243 sine
1606 5204 1730 5242 con-

189 5297 351 5337 sensu
383 5283 658 5334 ambon
685 5299 696 5333 :
728 5287 902 5349 potest
922 5288 1099 5354 tamen
1127 5279 1259 5332 alter
1277 5280 1429 5333 alteri
1460 5280 1725 5333 licentiam

188 5372 324 5426 dare
353 5369 607 5425 accedere
631 5371 696 5423 ad
725 5371 1030 5424 servitutem
1059 5369 1150 5423 Dei
1195 5369 1249 5421 in
1293 5370 1636 5434 monasterio,
1677 5377 1731 5424 et

188 5461 294 5518 sibi
321 5462 542 5525 nubere,
565 5461 608 5514 si
632 5461 684 5513 in
697 5462 867 5530 primo
887 5461 1128 5531 coniugio
1149 5461 1563 5514 eratsecundum
1584 5459 1729 5514 Gne-

193 5567 304 5607 cos.
347 5549 567 5620 Regina,
593 5548 681 5603 (ib.
727 5565 763 5602 ιι
793 5551 854 5602 de
880 5545 1021 5603 Eccl.
1068 5550 1288 5614 disc.,.c.
1319 5549 1438 5611 107,
1465 5565 1528 5602 ex
1577 5549 1727 5603 dictis

196 5639 523 5708 Hieronymi.
573 5637 794 5692 Additur
821 5638 1081 5706 quintum,
1114 5638 1325 5706 quando
1353 5640 1463 5692 sive
1493 5639 1592 5701 vir,
1618 5637 1728 5692 sive

196 5728 382 5782 mulier
411 5743 474 5781 ex
519 5742 776 5781 consensu
819 5727 1120 5796 religionem
1150 5727 1365 5795 ceperit,
1412 5728 1548 5782 licet.
1579 5727 1726 5782 alteri

1830 4572 2014 4632 postea
2041 4563 2233 4616 dixerit
2259 4563 2448 4616 mulier
2476 4564 2542 4616 de
2570 4563 2684 4616 viro
2708 4578 2803 4616 suo
2827 4578 2929 4617 non
2953 4578 3145 4630 posse;
3167 4564 3211 4617 si
3241 4565 3360 4632 quis

1830 4655 2022 4724 poterit
2043 4655 2266 4722 probare
2285 4654 2423 4721 quod
2445 4668 2623 4708 verum
2644 4655 2729 4717 sit,
2745 4654 2964 4720 accipiat
2983 4653 3140 4706 alium
3166 4655 3355 4708 virum.

1821 4742 2090 4807 .Rhaban.,
2106 4742 2158 4794 in
2178 4759 2255 4808 ep.
2279 4742 2346 4800 ad
2365 4740 2718 4805 Heribaldum,
2736 4758 2848 4810 cap.
2864 4741 2960 4795 29:
2991 4741 3108 4795 Non
3131 4759 3242 4794 cum
3263 4760 3359 4795 au-

1831 4834 2081 4896 ctoritate,
2111 4833 2196 4886 sed
2228 4833 2289 4885 de
2309 4830 2644 4910 quorumdam
2672 4831 2876 4884 statutis
2903 4825 3277 4898 respondemus,
3303 4831 3358 4884 in
3438 4897 3441 4900 _

1831 4923 2010 4994 quibus
2038 4925 2277 4992 scriptum
2306 4931 2380 4974 est
2403 4935 2419 4972 :
2442 4921 2532 4975 Vir
2557 4928 2611 4976 et
2635 4921 2821 4974 mulier
2841 4921 2884 4973 si
2912 4935 2967 4973 se
2993 4918 3359 4986 coniunxerint

1829 5012 2186 5072 matrimonio,
2213 5018 2264 5062 et
2305 5016 2484 5076 postea
2530 5009 2720 5063 dixerit
2758 5007 2946 5061 mulier
2970 5007 3034 5061 de
3061 5009 3175 5063 viro
3215 5011 3362 5078 quod

1828 5115 1931 5153 non
1982 5099 2142 5166 possit
2184 5097 2230 5150 ei
2273 5098 2488 5161 nubere,
2521 5097 2564 5150 si
2602 5103 2773 5163 potest
2797 5095 3018 5164 probare
3045 5095 3354 5163 periustum

1818 5187 2073 5255 judicium
2120 5185 2257 5253 quod
2301 5201 2482 5240 verum
2534 5183 2622 5246 sit,
2658 5183 2880 5250 accipiat
2923 5183 3100 5236 alium.
3139 5179 3386 5252 Regina»

1826 5275 1912 5328 lib.
1947 5292 2016 5337 xi,
2045 5293 2089 5328 c.
2115 5276 2217 5328 242
2241 5290 2254 5327 :
2279 5275 2416 5343 quod
2445 5289 2548 5328 non
2577 5273 2741 5342 possit
2770 5274 2912 5326 coire
2940 5287 3056 5325 cum
3084 5287 3165 5327 ea.
3197 5273 3355 5327 Addit

1827 5363 2041 5429 Bard»,
2069 5363 2105 5416 Ι.
2134 5379 2220 5426 Ir,
2247 5379 2291 5416 c.
2335 5361 2405 5416 l0
2429 5380 2441 5414 :
2468 5362 2523 5416 Si
2562 5370 2733 5415 autem
2761 5361 2848 5414 ille
2894 5361 3048 5415 aliam
3091 5363 3357 5432 acceperit

1829 5463 2154 5523 separentur.
2181 5451 2293 5517 Ιυο,
2339 5469 2392 5522 p.
2435 5467 2549 5514 vm,
2577 5467 2622 5503 c.
2653 5451 2718 5504 79
2741 5465 2755 5502 :
2783 5449 3021 5519 Accipiat
3064 5451 3221 5504 alium
3249 5467 3262 5501 :
3289 5465 3360 5504 eo

1827 5544 1964 5613 quod
1983 5542 2131 5610 iuxta
2157 5541 2459 5610 Apostolum
2482 5555 2585 5594 non
2608 5539 2778 5609 potuit
2793 5540 2865 5594 illi
2890 5539 3105 5594 reddere
3127 5540 3204 5592 vir
3227 5555 3371 5594 suus»

1828 5635 2078 5689 debitum.

1896 5725 2126 5782 Puellam
2175 5726 2539 5796 desponsatam
2580 5739 2684 5780 non
2731 5725 2852 5778 licet
2897 5723 3198 5792 parentibus
3227 5725 3371 5779 dars-

2941 5818 2968 5838 /
