4010 6464
609 446 710 504 937

979 439 1310 495 THEODORI
1345 438 1649 492 ARCHIEP.
1687 434 2216 492 CANTUARIENSIS
2259 431 2767 486 PCENITENTIALE
2803 430 3176 494 COLLATUM,
3206 428 3349 483 ETC.

2723 111 2748 134 '
3482 103 3756 210 τ-Ι

3466 423 3558 433 ”
3632 425 3742 480 οιε

606 558 696 610 util
727 556 851 607 \lro.
884 554 978 604 nisi
1012 553 1094 602 iila
1128 551 1337 604 omnino
1379 550 1614 610 resistat;
1647 557 1816 598 tamen
1850 545 1914 602 ad
1938 559 2115 596 mona-
2142 546 2186 601 Δ
2215 541 2375 593 ctione
2411 548 2504 592 vet.
2533 539 2642 592 cod.
2673 539 2854 591 Ptenit.
2875 555 3026 607 quam
3067 547 3252 594 rectam
3282 549 3389 590 esse
3428 531 3743 600 conﬁrmarat

607 643 818 698 stet-ium
863 641 978 692 licit
1016 641 1089 690 ire
1119 639 1160 691 si
1191 637 1430 689 voluerit.
1471 637 1556 687 llla
1585 645 1755 686 autem
1786 634 2116 699 desponsata,

605 731 650 783 si
681 744 778 782 non
807 729 911 778 vult
938 728 1172 778 habitare
1200 740 1317 777 cum
1347 739 1410 776 eo
1440 725 1549 775 viro
1575 723 1656 774 cui
1688 730 1765 772 est
1794 722 2116 787 desponsata,

604 812 656 867 ei
705 814 918 879 pecunia
967 826 1121 876 quam
1173 809 1350 868 dedit,
1400 815 1450 858 et
1499 808 1649 858 tertia
1709 821 1829 874 pars
1879 806 2117 857 addatur.

604 893 728 964 Cap.
775 912 924 948 vim
970 910 984 947 :
1028 897 1341 962 Desponsam
1385 894 1571 945 mulier
1617 894 1755 954 viro;
1794 891 1976 944 deinde
2017 905 2118 942 non

601 983 713 1034 Vult
741 984 971 1034 habitare
1000 997 1117 1034 cum
1142 997 1220 1041 ea,
1250 981 1429 1033 reddat
1457 981 1726 1046 pecuniam
1759 994 1873 1045 quae
1908 979 2003 1044 ipsi
2029 979 2120 1030 da-

601 1079 720 1132 tur;
761 1080 813 1121 et
866 1071 1071 1122 tertiam
1111 1079 1311 1136 partem
1360 1070 1662 1120 substantia:
1706 1067 1878 1119 addat.
1935 1066 2118 1118 Priora

601 1160 750 1212 verba
793 1170 843 1210 ut
893 1161 943 1209 iii
989 1169 1084 1211 vet.
1114 1158 1224 1210 cod.
1260 1157 1440 1210 Paruit.
1465 1158 1697 1224 leguntur
1723 1157 1859 1223 apud
1905 1154 2115 1216 Buri-lu,

601 1244 688 1296 lib.
724 1263 835 1308 \‘lll,
859 1247 1068 1312 exceptis
1098 1247 1175 1297 Itis
1203 1245 1360 1296 verbis
1385 1260 1497 1312 (μιαν
1521 1247 1694 1295 desunt
1718 1259 1734 1293 :
1759 1244 1857 1294 nisi
1889 1242 1973 1294 illa
2001 1256 2113 1294 om-

600 1334 728 1388 nino
755 1337 977 1387 resistat.

1073 1420 1218 1474 CAP.
1258 1422 1346 1474 XII
1399 1420 1644 1474 NENIT.

668 1506 724 1559 Si
771 1523 976 1560 servum
1009 1517 1060 1560 et
1085 1509 1326 1561 ancillam
1363 1509 1602 1562 dominus
1629 1509 1896 1560 amborum
1926 1507 1976 1559 in
2003 1521 2116 1559 mae

600 1593 895 1646 triinonium
943 1592 1229 1658 conjunxit,
1253 1603 1434 1660 postea
1477 1594 1696 1645 liberato
1743 1607 1893 1646 servo
1921 1592 2001 1645 vel
2027 1607 2128 1658 an-_

598 1681 738 1744 cilla,
765 1683 806 1734 si
835 1698 934 1734 non
963 1691 1129 1749 potest
1155 1677 1337 1735 redimi
1367 1698 1482 1750 qua:
1507 1683 1556 1734 iu
1589 1682 1799 1735 servitio
1827 1691 1927 1743 est,
1953 1681 2117 1733 libero

598 1769 717 1819 licet
746 1767 1021 1835 ingenuam
1047 1767 1379 1836 conjungere.
1405 1769 1528 1836 Cap.
1559 1785 1676 1820 LXXI
1707 1787 1717 1819 :
1743 1768 1796 1819 Si
1824 1783 2004 1820 servus
2025 1770 2112 1830 sit,

597 1864 647 1905 et
689 1855 874 1908 ancilla
927 1857 1122 1908 domini
1157 1871 1362 1909 servum
1410 1856 1552 1908 illum
1599 1857 1815 1909 liberum
1860 1873 1963 1910 non
2005 1858 2114 1912 vult
2143 1839 2189 1898 Β

598 1959 713 1994 runt
747 1943 828 1995 illa
860 1945 1074 2008 nubere,
1101 1944 1300 1997 dimitte
1336 1944 1592 2012 accipere,
1621 1945 1662 1997 si
1690 1945 1772 1997 illa
1802 1960 1902 1998 non
1931 1955 2113 2013 potue-

597 2033 663 2083 rit
698 2031 760 2084 ad
791 2048 928 2086 eum.
957 2031 1084 2096 Qua:
1121 2033 1267 2086 verba
1298 2033 1509 2086 nimium
1539 2033 1810 2100 depravata
1838 2033 1905 2084 ad
1938 2037 2115 2101 genui-

597 2135 712 2171 num
758 2129 803 2172 et
840 2130 1066 2187 apertum
1109 2136 1308 2172 sensum
1353 2120 1685 2172 restituuntur
1723 2119 2019 2186 pra'cedenti
2047 2118 2116 2170 le—

2215 628 2552 694 excerptiones
2583 624 2788 694 Egberti
2809 624 3046 686 Eborac.,
3081 641 3192 691 cap.
3222 623 3340 685 124,
3363 621 3545 674 Canort
3566 619 3695 672 dicit
3719 631 3742 669 :

2217 715 2272 768 Si
2303 729 2506 770 servum
2531 723 2584 766 et
2611 713 2847 766 ancillam
2873 714 3114 766 dominus
3154 712 3424 766 amborum
3453 710 3508 762 in
3546 709 3740 763 matri-

2217 808 2390 859 monio
2413 804 2752 872 coniunxerit,
2775 813 2954 871 postea
2982 804 3200 856 liberato
3227 818 3378 857 servo
3409 801 3492 854 vel
3519 797 3742 862 ancilla,

2215 895 2260 945 si
2291 908 2392 946 non
2419 899 2589 960 potest
2605 879 2800 946 'redimi
2825 893 2911 960 qui
2938 891 2990 944 in
3019 893 3232 946 servitio
3255 898 3358 952 est,
3384 889 3554 942 libero
3590 887 3740 952 licet,

2217 984 2351 1035 sicut
2397 981 2704 1048 quibusdam
2747 980 2932 1048 placet,
2957 980 3232 1047 ingenuam
3261 975 3612 1044 conjungere;
3641 975 3741 1028 sed

2217 1077 2390 1119 tamen
2431 1064 2581 1132 juxta
2629 1064 2940 1118 sententiam
2995 1062 3200 1116 Domini
3251 1061 3489 1116 moechus
3538 1061 3740 1129 proba—

2218 1161 2320 1206 tur.
2621 1236 2769 1292 CAP.
2806 1235 2917 1290 XIII
2951 1237 3036 1291 DE
3078 1234 3326 1291 HEMT.
3373 1279 3404 1292 ..

2283 1345 2489 1416 Jejunio
2532 1328 2760 1414 legitima
2790 1346 2890 1399 tria
2934 1353 3055 1399 sunt
3098 1345 3150 1397 in
3195 1342 3742 1411 annozquadraginta

2109 1463 2120 1476 ο
2214 1440 2336 1486 ante
2361 1431 2540 1484 Natale
2565 1431 2789 1493 Domini,
2811 1439 2866 1485 et
2882 1439 3000 1499 post
3026 1430 3365 1483 Pentecosten
3390 1428 3744 1496 quadraginta

2216 1521 2346 1574 dies.
2376 1520 2500 1588 Cap.
2529 1518 2627 1573 109
2647 1533 2664 1572 :
2683 1517 2884 1585 Jejunia
2901 1518 3132 1588 legitima
3158 1525 3282 1572 sunt
3307 1516 3409 1570 tria
3435 1517 3491 1568 in
3512 1515 3746 1584 quadra-

2216 1623 2445 1678 gesnmts.

2283 1715 2506 1795 Infirmis
2528 1714 2648 1768 licet
2689 1715 2830 1767 omni
2856 1714 2982 1767 hora
3010 1713 3182 1767 cibum
3211 1721 3264 1767 et
3298 1721 3478 1780 potum
3508 1723 3743 1770 sumere.

2217 1802 2423 1870 quando
2441 1801 2738 1854 desiderant
2758 1800 2836 1853 vel
2859 1808 3092 1868 possunt,
3117 1801 3160 1852 si
3182 1807 3474 1868 opportune
3493 1804 3742 1866 possunt.

2212 1889 2423 1951 Burch.,
2450 1888 2486 1939 ι.
2519 1903 2666 1947 xvut,
2695 1902 2740 1939 c.
2776 1887 2863 1948 20,
2888 1902 2952 1938 ea:
2989 1885 3167 1938 concil.
3195 1884 3427 1953 Magum.
3457 1901 3505 1936 c.
3532 1881 3744 1936 20:111—

2216 1976 2380 2029 tirmis
2422 1976 2543 2028 licet
2588 1975 2730 2028 omni
2775 1964 2904 2028 hora'
2944 1975 3117 2028 cibum
3163 1982 3446 2042 potumque
3494 1985 3739 2033 sumere.

2217 2065 2630 2131 quotiescunque
2653 2062 2964 2117 desiderant.

1719 2303 2238 2386 nummariam
2272 2307 2610 2388 rut-formai

602 2441 856 2498 Collatum
882 2457 1014 2512 cum
1067 2441 1394 2512 quibusdam
1425 2441 1753 2502 testimoniis,
1781 2455 1900 2512 qum
1945 2455 2033 2512 ex_
2056 2455 2120 2492 eo
2153 2441 2455 2512 deprompta
2503 2441 2781 2495 laudantur
2827 2443 2945 2512 sub
2983 2441 3278 2512 nominibus
3301 2442 3611 2512 suppositis
3636 2441 3743 2512 Hy-

840 2510 945 2578 gini
989 2524 1154 2577 papae,
1186 2509 1417 2570 Fabiani,
1445 2519 1544 2561 etc.
1581 2511 1750 2574 Atque
1779 2510 1888 2560 haec
1918 2508 2214 2560 testimonia
2249 2520 2393 2562 certo
2417 2521 2478 2562 ac
2509 2524 2632 2563 vero
2659 2511 2858 2564 auctori
2889 2509 3162 2564 Theodoro
3189 2508 3554 2564 restituuntur.

661 2689 792 2743 Cum
835 2686 967 2754 apud
1001 2698 1182 2736 omnes
1212 2683 1350 2736 viros
1385 2683 1563 2735 doctos
1591 2691 1794 2736 constet
1820 2697 1934 2750 quae
1963 2683 2116 2751 vulgo
2213 2694 2267 2738 et
2290 2685 2422 2738 alter
2449 2686 2675 2753 gentilis,
2715 2695 2769 2738 et
2794 2687 2938 2753 sequi
2963 2701 3066 2740 non
3091 2687 3234 2748 vult,
3271 2687 3407 2740 sicut
3449 2688 3578 2741 dicit
3602 2686 3746 2756 Apo—

597 2779 871 2834 taudantur
911 2775 975 2826 ab
1016 2772 1316 2824 auctoribus
1357 2772 1733 2834 recentioribus
1765 2773 1859 2824 sub
1895 2772 2118 2822 nomini-

599 2869 694 2922 bus
722 2863 902 2933 llygini
927 2877 1090 2928 papcc,
1111 2858 1346 2918 Fabiani,
1371 2857 1969 2925 Eutychiani,etc.,esse
1993 2871 2115 2923 sup-

596 2955 784 3023 posita.
816 2960 866 3003 et
888 2950 1045 3001 rariis
1075 2949 1196 2999 hinc
1224 2945 1342 2997 inde
1371 2946 1629 3010 cxcerptis
1657 2945 1967 2997 testimoniis
1996 2959 2120 2997 con-

594 3049 767 3100 texta;
798 3035 985 3089 sutlicit
1009 3047 1068 3084 ea
1096 3047 1211 3098 qua:
1237 3030 1498 3097 pertinent
1527 3030 1590 3080 ad
1631 3029 1956 3082 Theodorum
1977 3071 1988 3091 ,
2021 3031 2116 3097 ipsi

596 3140 654 3184 ut
681 3145 802 3182 vero
836 3143 896 3179 ac
931 3133 1076 3178 certo
1109 3124 1308 3176 auctori
1345 3121 1636 3174 restituere.
1669 3121 1805 3172 sicut
1831 3121 1940 3188 jam
1968 3120 2115 3187 plura

595 3218 710 3272 aliis
739 3217 971 3285 patribus
1000 3228 1028 3264 a
1051 3211 1178 3264 viris
1206 3209 1520 3263 doctissimis
1548 3210 1787 3261 restituta
1817 3217 1958 3261 sunt.

669 3324 813 3378 Crat.
837 3323 1013 3375 Decret
1046 3361 1058 3383 ,
1094 3336 1131 3372 ιι
1159 3337 1231 3386 p.,
1259 3334 1400 3369 caus.
1427 3316 1510 3376 ‘27,
1543 3333 1590 3384 q.
1613 3315 1666 3377 2,
1697 3332 1742 3367 c.
1771 3317 1856 3367 27.
1890 3317 2120 3382 Despon-

596 3425 723 3472 sata:
769 3413 951 3481 puellm
994 3425 1091 3460 non
1137 3406 1479 3476 prohibentur
1512 3404 1881 3456 monasterium
1909 3403 2116 3470 eligere.

597 3499 855 3555 Probatur
882 3498 1056 3550 itidem
1091 3493 1398 3547 auctoritate
1434 3491 1641 3545 Eusebii
1678 3505 1823 3559 papae
1853 3489 2072 3542 dicentis
2103 3503 2116 3539 :

595 3590 967 3657 Desponsatam
1012 3583 1233 3651 puellam
1264 3597 1366 3634 non
1397 3581 1517 3634 licet
1560 3579 1864 3646 parentibus
1892 3576 1980 3628 alii
2009 3576 2122 3628 viro

599 3679 837 3732 tradere:
863 3677 981 3727 lit-et
1013 3683 1181 3724 tamen
1217 3671 1291 3723 illi
1332 3669 1703 3722 monasterium
1732 3667 1942 3734 eligere.
1977 3664 2120 3716 Illud

596 3777 668 3818 est
691 3763 1003 3828 dcsumptum
1019 3775 1080 3809 ex
1099 3757 1280 3808 Posuit.
1308 3755 1519 3815 Theod.,
1544 3755 1595 3805 in
1621 3753 1984 3820 qurestionibus
2003 3766 2121 3802 con-

600 3851 884 3918 iugiorum,
915 3846 996 3896 ubi
1043 3841 1406 3896 sic:Pucllam
1449 3841 1810 3908 desponsatam
1857 3853 1957 3891 non
2001 3837 2123 3890 licet

600 3937 921 4006 parentibus,
953 3942 1056 3984 etc.

667 4043 888 4104 Deerat,
919 4057 952 4092 Il
987 4057 1060 4106 p.,
1087 4054 1226 4091 caus.
1255 4037 1343 4099 28,
1375 4053 1423 4105 q.
1453 4036 1498 4099 Ι,
1527 4052 1571 4087 c.
1599 4035 1668 4087 Ξῖ
1699 4047 1722 4074 ⁸
1753 4035 1806 4086 In
1840 4033 2005 4086 ﬁdelis
2032 4047 2124 4100 p0-

599 4139 788 4185 testate
820 4132 906 4188 sit,
933 4137 1050 4194 post
1087 4127 1400 4192 baptismum
1427 4139 1642 4177 uxorem
1689 4123 1937 4188 recipere,
1966 4136 2122 4188 ayam

601 4225 724 4270 ante
748 4216 1030 4266 dimiserat.
1058 4212 1127 4264 Et
1151 4213 1360 4263 decreto
1384 4210 1686 4277 Eutychiani
1716 4224 1858 4274 νίψαι
1887 4225 1897 4258 :
1925 4207 1976 4258 Si
2008 4207 2123 4273 quis

603 4304 810 4372 gentilis
833 4303 1076 4370 gentilem
1105 4315 1320 4352 uxorem
1349 4299 1604 4352 dimiserit
1631 4309 1750 4349 ante
1781 4299 2120 4363 baptismum,

2212 2772 2379 2824 stolas
2408 2790 2420 2822 :
2450 2772 2676 2826 [nﬁdelis
2719 2773 2762 2825 si
2794 2773 3032 2836 discedit,
3062 2772 3309 2826 discedat.
3356 2772 3506 2826 Istud
3544 2789 3745 2844 quoque

2215 2869 2286 2911 est
2317 2859 2564 2911 Theodori
2584 2861 2670 2929 qui
2693 2861 2800 2912 lucc
2827 2855 3083 2930 subjungit
3108 2874 3125 2911 :
3151 2860 3318 2913 Simili
3347 2861 3522 2925 modo,
3554 2863 3599 2915 si
3623 2861 3747 2932 quis

2215 2961 2395 2999 eorum
2421 2949 2713 3016 baptizatus
2739 2957 2838 3011 est,
2863 2949 2993 3002 alter
3015 2949 3240 3018 gentilis,
3267 2959 3370 3004 etc.

2143 3077 2190 3144 ο
2287 3055 2506 3119 Decret.,
2530 3073 2564 3110 ιι
2582 3074 2660 3126 p.,
2685 3075 2823 3110 caus.
2846 3050 2930 3121 55,
2951 3075 3000 3126 q.
3029 3059 3083 3122 2,
3107 3074 3152 3110 c.
3177 3060 3210 3111 3
3237 3076 3248 3109 :
3271 3056 3463 3112 Aﬂines
3485 3059 3539 3111 in
3558 3060 3742 3126 quinta

2215 3150 2551 3214 generatione
2599 3148 2828 3216 copulari
2872 3147 3089 3217 pos'sunt
3113 3162 3128 3200 :
3155 3148 3206 3200 in
3235 3156 3420 3215 quarta
3457 3149 3504 3202 si
3546 3148 3745 3202 fuerint

2216 3236 2440 3300 inventi,
2486 3249 2589 3289 non
2637 3244 2960 3303 separentur.
3005 3234 3133 3288 Item
3166 3235 3428 3290 Fabianus
3471 3235 3745 3303 papa:De

2216 3324 2519 3390 propinquis
2549 3323 2636 3390 qui
2681 3323 2747 3376 ad
2774 3321 3076 3376 ailinitatem
3103 3337 3195 3390 per
3217 3323 3388 3375 virum
3431 3329 3484 3376 et
3525 3337 3742 3377 uxorem

2217 3410 2450 3472 Veniunt,
2485 3407 2725 3463 defuncta
2760 3423 2922 3463 uxore
2965 3409 3043 3461 vel
3073 3409 3208 3470 viro,
3235 3417 3288 3460 et
3309 3409 3494 3475 quinta
3523 3424 3744 3476 genera.

2219 3496 2357 3550 tione
2381 3495 2760 3564 coniungantur
2777 3513 2790 3526 ο
2811 3497 2862 3550 in
2885 3495 3154 3565 quarta,si
3188 3496 3380 3550 inventi
3404 3494 3619 3559 fuerint,
3640 3512 3744 3550 non

2218 3592 2542 3652 separentur.
2585 3584 2642 3637 In
2690 3584 2844 3638 tertia
2894 3599 3020 3638 vero
3058 3585 3446 3653 propinquitate
3487 3599 3592 3636 non
3624 3583 3744 3637 licet

2218 3687 2434 3725 uxorem
2452 3673 2667 3724 alterius
2689 3672 2924 3740 accipere
2942 3681 3057 3739 post
3081 3671 3278 3725 obitum
3298 3671 3430 3740 ejus.
3447 3670 3744 3740 .Equaliter

2217 3759 2298 3810 vir
2321 3757 2666 3828 coniungatur
2698 3759 2750 3810 in
2777 3758 3108 3812 matrimonio
3134 3760 3209 3811 eis
3233 3774 3349 3826 qua:
3389 3760 3490 3812 sibi
3514 3774 3746 3814 consan-

2218 3847 2420 3916 guinem
2446 3855 2586 3909 sunt,
2618 3854 2670 3899 et
2695 3847 2872 3899 uxoris
2899 3861 3005 3900 sua:
3033 3846 3432 3916 consanguineis
3458 3854 3578 3914 post
3605 3863 3736 3901 mor-

2218 3942 2323 3987 tem
2348 3951 2454 3988 sum
2482 3935 2677 3988 uxoris.
2717 3933 2911 3988 Eadem
2946 3933 3098 4002 paulo
3124 3944 3234 4002 post
3262 3936 3382 3987 citat
3419 3935 3511 3987 sub
3545 3937 3746 3989 nomine

2218 4020 2339 4075 Julii
2366 4037 2510 4090 papa:
2550 4023 2602 4074 in
2629 4022 2802 4075 eadem
2831 4038 2970 4076 caus.
3001 4031 3048 4075 et
3093 4031 3293 4091 quiest,
3325 4038 3368 4074 c.
3401 4023 3482 4076 15.
3517 4021 3619 4076 Sed
3647 4023 3746 4076 ista

2219 4114 2464 4178 pertinent
2491 4111 2558 4162 ad
2589 4110 2904 4163 Theodorum
2929 4113 3015 4179 qui
3043 4112 3114 4163 sic
3143 4112 3193 4162 in
3222 4122 3398 4181 quast.
3426 4112 3667 4182 conjug.:
3688 4111 3742 4167 In

2221 4201 2373 4252 tertia
2422 4200 2807 4267 propinquitate
2849 4201 3024 4253 carnis
3069 4198 3189 4253 licet
3234 4201 3430 4254 nubere
3459 4201 3744 4256 secundum

2219 4291 2449 4352 Graecos,
2475 4292 2609 4344 sicut
2634 4293 2684 4344 in
2715 4291 2826 4359 lege
2847 4293 3096 4359 scriptum
3122 4301 3232 4356 est;
3265 4293 3317 4345 in
3341 4292 3522 4360 quinta
3551 4306 3742 4346 secun-

603 4401 722 4461 post
760 4393 1069 4457 baptismum
1100 4393 1149 4442 in
1175 4395 1434 4454 potestate
1473 4386 1583 4451 ejus
1623 4388 1723 4437 erit
1761 4403 1874 4436 ram
1911 4387 2121 4444 habere,
2156 4385 2202 4442 D
2227 4382 2350 4434 dum
2389 4380 2670 4443 Romanos,
2695 4391 2868 4435 tamen
2896 4383 2946 4434 in
2973 4382 3124 4436 tertia
3153 4397 3258 4435 non
3289 4381 3519 4442 solvunt,
3546 4381 3592 4434 si
3631 4390 3742 4449 post

605 4480 686 4530 vel
722 4493 822 4529 non
860 4478 1070 4528 habere.
1110 4474 1218 4524 Hoc
1258 4473 1468 4540 pertinet
1499 4475 1564 4522 ad
1598 4471 1914 4522 Theodorum
1945 4472 2029 4538 qui
2055 4472 2126 4521 ita

606 4565 660 4617 in
687 4562 1042 4632 questionibus
1087 4558 1397 4628 conjug.:Si
1426 4559 1544 4626 quis
1587 4559 1841 4611 dimiserit
1885 4557 2128 4624 gentilem

610 4665 845 4710 uxorem,
877 4657 977 4700 etc.

677 4758 823 4827 Apud
851 4756 996 4812 Crat.
1040 4758 1265 4824 sequitur
1289 4773 1333 4806 c.
1360 4757 1392 4808 5
1418 4774 1428 4806 :
1455 4753 1647 4806 Fidelis
1681 4753 1938 4807 inﬁdelem
1965 4752 2132 4806 disce-

611 4847 815 4900 dentem
845 4846 990 4912 sequi
1017 4859 1118 4898 non
1148 4843 1369 4912 cogitur.
1405 4843 1542 4896 Idem
1574 4842 1925 4909 Eutyebianus
1960 4854 2089 4907 papa
2118 4857 2131 4890 :

615 4933 784 4989 Simili
828 4934 997 4994 modo,
1025 4934 1068 4986 si
1113 4947 1246 4986 unus
1286 4947 1350 4985 ex
1378 4930 1666 4997 conjugatis
1713 4930 2008 4997 baptizatus
2035 4938 2136 4989 est,

686 5075 710 5104 ι
749 5061 966 5128 Burch.,
997 5064 1033 5115 l.
1064 5079 1138 5126 ix,
1171 5078 1218 5116 c.
1244 5061 1329 5125 59,
1361 5059 1446 5115 60.

2227 4471 2420 4522 factum
2456 4469 2630 4522 fuerit.
2667 4470 2804 4538 Ergo
2852 4472 2903 4523 in
2951 4473 3131 4539 quinta
3167 4471 3502 4540 generatione
3529 4470 3738 4539 conjun-

2227 4567 2434 4628 gantur.
2460 4556 2526 4610 Et
2559 4559 2630 4610 sic
2649 4558 2712 4611 de
2745 4561 2958 4612 ca'tcris.

2299 4669 2376 4722 Ex
2423 4670 2612 4736 quibus
2651 4669 2893 4723 omnibus
2938 4676 3082 4738 patet
3129 4667 3366 4746 martium
3423 4667 3746 4721 auctoritatis

2230 4775 2345 4813 esse
2370 4756 2728 4812 Poenitentiale
2765 4757 3040 4822 Theodori,
3059 4765 3214 4827 atque
3241 4756 3496 4826 optimum
3519 4756 3744 4816 codicem

2234 4860 2333 4898 ms.
2361 4860 2464 4912 quo
2493 4861 2574 4899 ιιει
2601 4859 2799 4899 sumus.
