4010 6450
707 469 836 526 1003

701 665 963 717 decretura
989 663 1089 716 duo
1115 663 1273 729 aliqui
1296 671 1382 716 aut
1405 672 1512 716 tres
1533 665 1973 719 contradixerint:
2008 665 2094 717 illa
2121 668 2213 718 obs

702 749 865 802 tinent
889 749 1168 812 sententia,
1201 750 1254 802 in
1289 764 1390 816 qua
1430 749 1602 817 plures
1640 766 1852 805 numero
1897 751 2088 805 fuerint
2129 767 2212 806 sa-

704 837 958 890 ecrdotes.

1011 925 1187 976 Conon
1213 923 1640 994 Carthaginiensis,
1668 944 1771 981 wra
1799 929 1831 980 4
1859 941 1902 980 α.

769 1014 832 1066 Et
867 1005 988 1065 illud
1017 1015 1345 1066 statuendum
1380 1023 1479 1077 est,
1505 1026 1562 1067 ut
1593 1017 1800 1082 quando
1826 1017 1890 1069 ad
1921 1017 2213 1083 eligendum

699 1101 995 1168 episcopum
1025 1101 1416 1154 converterimus
1437 1141 1449 1164 ,
1481 1101 1523 1154 si
1561 1117 1660 1168 qua
1695 1105 2033 1157 contradictio
2062 1101 2216 1158 fuerit

699 1190 904 1249 oborta,
941 1187 1222 1257 (Nonnulla
1257 1187 1375 1238 add.
1407 1190 1458 1239 in
1486 1190 1625 1258 cdd.)
1662 1206 1763 1243 non
1804 1200 2118 1258 prtesumaut
2150 1193 2214 1245 ad

699 1275 1022 1342 purgandum
1047 1288 1164 1328 cum
1190 1277 1276 1343 qui
1301 1277 1615 1330 ordinandus
1638 1285 1717 1330 est
1740 1284 1846 1328 tres
1871 1295 1881 1327 :
1915 1278 2004 1330 sed
2039 1286 2216 1344 postu-

698 1361 870 1417 lentur
888 1377 1044 1428 super
1069 1362 1224 1430 [Edd.
1261 1364 1380 1416 add.
1425 1364 1602 1434 super]
1635 1373 1762 1428 tres,
1790 1381 1925 1418 unus
1955 1366 2033 1416 vel
2073 1368 2172 1418 duo
2198 1385 2209 1418 :

696 1453 750 1497 et
772 1448 822 1498 in
841 1447 1018 1499 eadem
1033 1448 1260 1502 Ecclesia
1285 1450 1465 1520 [Edd.,
1488 1450 1657 1520 plebe]
1680 1451 1761 1503 cui
1783 1452 2097 1505 ordinandus
2114 1462 2210 1515 est,

698 1531 1044 1586 discutiantur
1085 1536 1253 1601 primo
1295 1550 1528 1604 persona:
1574 1537 2074 1589 contradicentium:
2125 1553 2216 1606 po-

698 1630 891 1674 stremo
915 1622 1072 1674 etiam
1101 1623 1186 1675 illa
1214 1639 1328 1690 quze
1351 1624 1679 1691 objiciuntur,
1716 1631 2127 1691 pertractcntur;
2164 1633 2216 1676 et

699 1723 814 1760 cum
839 1720 1088 1777 purgatus
1110 1711 1265 1764 fuerit
1290 1712 1386 1765 sub
1420 1722 1695 1779 conspectu
1718 1712 1902 1778 plebis,
1929 1711 2211 1786 ordinetur.

1047 1817 1220 1870 ϐαιτοη
1241 1819 1565 1882 Arelatensis,
1592 1836 1693 1872 (era
1717 1819 1779 1872 21
1809 1821 1854 1870 δ.

767 1905 819 1960 lu
842 1907 1165 1959 ordinatione
1189 1905 1340 1974 (l'ar.
1393 1908 1531 1977 edd.)
1560 1910 1786 1976 episcopi
1827 1909 1910 1963 hic
1951 1909 2077 1962 ordo
2103 1923 2212 1962 ser-

697 2002 876 2058 vetur,
904 2003 960 2047 ut
987 1995 1154 2062 primo
1189 1995 1304 2047 loco
1339 1997 1618 2050 venalitate
1647 1997 1727 2048 vel
1764 1997 2046 2052 ambitione
2091 1997 2210 2050 sub-

699 2090 861 2144 mota,
909 2090 1015 2136 tres
1057 2083 1282 2150 episcopi
1318 2081 1415 2152 [ab
1453 2083 1738 2154 episcopis]
1768 2084 2116 2146 nominentur,
2147 2083 2211 2136 de

699 2170 887 2236 quibus
913 2169 1089 2223 clerici
1117 2168 1197 2222 vel
1225 2171 1363 2223 cives
1390 2185 1512 2238 erga
1546 2187 1706 2225 unum
1733 2169 1952 2237 eligendi
1989 2170 2214 2222 habeant

698 2266 1024 2328 potestatem.

998 2347 1175 2400 Canon
1197 2346 1572 2400 Aurelianensis
1599 2346 1633 2399 2
1655 2357 1703 2410 ε,
1732 2363 1835 2399 trra
1857 2345 1908 2398 5.

767 2435 1049 2503 Episcopus
1084 2436 1137 2487 in
1179 2435 1390 2488 civitate
1408 2475 1422 2498 ,
1453 2435 1506 2487 in
1531 2449 1631 2501 qua
1659 2449 1753 2503 per
1777 2434 2042 2488 decretum
2067 2434 2214 2502 eligi-

703 2534 806 2586 tur,
834 2524 1134 2592 ordinetur:
1178 2521 1328 2592 (Var.
1364 2522 1504 2592 edd.)
1531 2531 1586 2575 et
1611 2522 1662 2574 in
1696 2522 1916 2575 ecclesia
1959 2522 2042 2574 cui
2080 2537 2214 2589 prte-

701 2611 903 2664 l‘uturus
939 2620 1020 2663 cst
1047 2620 1398 2664 consecretur.
1416 2604 1500 2662 'Si
1536 2623 1662 2662 vero
1686 2608 1968 2660 necessitas
1993 2609 2091 2660 boe
2118 2609 2214 2660 im-

699 2698 840 2763 plere
864 2712 966 2750 non
987 2697 1202 2763 patitur,
1219 2693 1502 2763 (Nonnulla
1529 2694 1648 2746 add.
1677 2695 1728 2745 in
1747 2693 1886 2762 edd.)
1904 2702 1992 2746 aut
2013 2695 2062 2746 in
2084 2708 2215 2762 prte-

699 2784 864 2836 sentia
895 2780 1294 2848 metropolitani,
1325 2787 1412 2832 aut
1434 2794 1553 2833 cum
1589 2779 1701 2846 ejus
1723 2781 2032 2833 auctoritate
2077 2780 2214 2832 intra

700 2869 1014 2938 provinciam
1036 2869 1245 2922 omnino
1269 2885 1297 2920 a
1317 2867 1834 2936 comprovincialibus
1857 2867 2142 2919 ordinetur.

1051 2955 1226 3008 Canon
1253 2953 1606 3022 apostolorum,
1633 2969 1736 3005 (ενα
1762 2952 1848 3004 21.

764 3045 790 3084 d
817 3043 1096 3098 Eunuchus
1122 3055 1212 3109 per
1236 3041 1481 3093 invidiam
1502 3079 1516 3103 ,
1554 3039 1636 3092 vel
1674 3040 1725 3092 in
1752 3041 2110 3107 persecutione
2137 3039 2214 3093 fa-

696 3140 832 3191 ctus,
860 3129 941 3181 vel
963 3128 1004 3181 si
1030 3128 1105 3180 sic
1133 3134 1283 3178 natus
1309 3134 1406 3188 est,
1433 3126 1475 3178 si
1499 3126 1683 3192 dignus
1709 3133 1808 3186 est,
1832 3123 2084 3178 elliciatur
2102 3127 2210 3194 epi-

705 3231 906 3284 scopus.

1127 3300 1299 3354 Conon
1329 3299 1585 3359 Nica'mts,
1613 3314 1714 3351 (era
1739 3297 1789 3350 4.

771 3401 793 3427 ε
823 3389 890 3442 Ut
919 3390 1208 3456 episcopus,
1243 3387 1286 3439 si
1327 3386 1438 3438 tieri
1477 3393 1665 3450 potest,
1691 3399 1718 3435 a
1746 3385 1902 3436 totius
1935 3383 2214 3448 provinciae

699 3477 954 3544 episcopis
981 3476 1264 3528 ordinetur.
1296 3473 1350 3526 δι
1376 3487 1497 3524 vero
1517 3471 1614 3524 hoc
1639 3469 1842 3523 dillicile
1869 3481 1970 3532 est,
1993 3485 2094 3522 non
2116 3472 2216 3522 mi-

700 3578 798 3616 nus
823 3561 1020 3632 [quant]
1052 3578 1079 3614 a
1110 3562 1304 3614 tribus:
1329 3561 1398 3612 ita
1421 3567 1591 3611 tamen
1619 3565 1688 3640 ut.
1704 3557 2083 3626 metropolitani
2107 3558 2213 3624 cpi-

701 3651 842 3716 scopi
867 3650 946 3703 vel
968 3650 1264 3718 prtesenlia,
1287 3648 1568 3700 auctoritas
1590 3643 1691 3715 [vel
1713 3644 1990 3711 praesentia
2018 3644 2098 3697 vel
2123 3659 2216 3696 au-

700 3735 937 3805 ctOritas]
975 3737 1244 3788 habeatur.
1277 3735 1483 3800 Absque
1507 3748 1568 3786 eo
1593 3733 1969 3786 ordinationem
2011 3732 2212 3784 irritam

707 3823 939 3877 volumus
969 3820 1105 3891 [esse
1130 3818 1444 3888 voluerunt].

1354 3906 1424 3960 Δῖ
1431 3923 1484 3958 ra
1519 3905 1566 3958 7.

777 3995 795 4034 ί
829 3994 882 4050 Si
910 3995 1041 4048 forte
1078 3997 1127 4046 in
1155 3993 1442 4046 ordinando
1469 3979 1706 4059 episcopo
1743 3993 1844 4046 duo
1868 3993 1948 4046 vel
1978 4001 2082 4048 tres
2109 3995 2214 4048 dis-

706 4085 932 4138 sentiant
961 4085 1075 4151 lpro
1103 4081 1271 4146 aliqua
1300 4079 1667 4148 contentione],
1699 4080 2013 4146 reliquorum
2038 4091 2214 4135 aucto-

709 4168 850 4230 ritas,
876 4177 929 4221 et
952 4169 1206 4236 prmcipue
1242 4165 1619 4244 metropolitani
1647 4180 1764 4216 cum
1788 4167 1990 4220 cmteris
2018 4167 2214 4221 ﬁrmior

706 4260 974 4314 habeatur.

1047 4346 1218 4400 Cimon
1243 4348 1265 4382 ε
1295 4345 1632 4408 Laodicensis,
1665 4359 1766 4396 αντα
1797 4343 1879 4398 12.

1518 471 1822 528 CANONES
1860 472 2133 530 SELECTI
2167 473 2257 528 EX
2289 473 2436 528 VET.
2477 474 2624 530 CAN.
2667 475 2988 532 COLLECT.

700 579 897 639 habito,
926 582 977 630 et
1003 574 1284 630 secundam
1313 575 1726 629 Ecclesiasticam
1763 578 1988 644 regulam
2017 577 2208 631 factum
2236 582 2286 637 Α

3442 115 3866 161 —=r—r

3704 481 3729 533 Ι
3741 481 3839 535 004

2653 599 2825 651 Crura}:
2864 604 2874 638 ί
2915 600 3202 668 Africanus,
3241 619 3344 656 a'ra
3376 618 3390 652 ι
3435 606 3478 656 l.

2377 724 2476 787 Qui
2508 725 2776 791 episcopus
2801 725 3118 779 ordinandus
3143 738 3241 791 est,
3267 737 3389 782 ante
3413 731 3779 796 examinator,
3799 735 3841 787 si

2311 821 2494 864 natura
2522 814 2748 879 prudens
2774 821 2873 875 est,
2898 815 2941 867 si
2969 815 3221 879 docibilis,
3248 818 3291 873 si
3317 819 3552 873 moribus
3577 829 3844 888 tempera-

2312 905 2414 959 tus,
2455 899 2498 949 si
2525 899 2628 950 vita
2656 906 2850 962 castus,
2877 901 2920 952 si
2958 903 3180 966 sobrius,
3216 905 3258 956 si
3301 919 3509 972 semper
3533 907 3616 960 sui
3648 909 3845 976 negotii

2309 997 2503 1036 vacans
2531 983 2660 1052 [suis
2695 987 2917 1052 negotiis
2941 988 3149 1059 cavens]
3172 1027 3186 1053 ,
3217 991 3260 1042 si
3289 992 3589 1048 hominibus
3617 994 3848 1049 aﬂ'abilis

2311 1069 2376 1140 [si
2405 1071 2632 1132 humilis,
2667 1073 2710 1124 si
2733 1071 2970 1142 allabilis]
2991 1114 3004 1136 ,
3048 1071 3091 1126 si
3120 1076 3409 1142 litteratus,
3439 1081 3482 1134 si
3511 1082 3563 1132 in
3591 1081 3710 1150 lege
3739 1083 3846 1135 Do-

2309 1158 2435 1210 mini
2463 1158 2766 1221 instructus,
2793 1161 2834 1211 si
2859 1159 2911 1212 in
2945 1159 3331 1228 Scripturarum
3367 1166 3611 1220 sensibus
3635 1177 3846 1231 cantus,

2311 1243 2355 1297 si
2401 1243 2452 1296 in
2487 1245 2812 1312 dogtmtilms
2837 1247 3207 1304 ecclesiasticis
3238 1255 3578 1309 exercitatus.
3621 1257 3691 1309 Et
3723 1267 3848 1312 ante

2309 1331 2503 1392 omnia,
2530 1333 2573 1383 si
2601 1331 2716 1383 tidei
2738 1333 3044 1386 documenta
3069 1335 3242 1389 verbis
3265 1339 3590 1408 simplicibus
3613 1339 3846 1406 asserat,

2311 1421 2468 1478 idest
2507 1421 2736 1485 Patrem,
2775 1424 2961 1476 Filium
3002 1433 3054 1477 et
3099 1425 3348 1493 Spiritum
3391 1441 3637 1482 sanctum
3683 1448 3848 1485 unum

2311 1507 2473 1561 Deum
2505 1525 2621 1563 esse
2651 1510 2986 1575 conﬁrmans,
3017 1521 3283 1582 totamque
3309 1518 3360 1569 in
3400 1519 3668 1571 Trinitate
3695 1519 3850 1590 [Tri-

2311 1594 2509 1665 nitatis]
2535 1596 2779 1650 deitatem
2807 1601 3220 1665 coessentialem,
3243 1612 3295 1657 et
3311 1607 3847 1669 consubstantialem,

2310 1689 2363 1734 et
2388 1684 2782 1748 comternalem,
2819 1694 2873 1738 et
2915 1689 3382 1756 coomnipotentem
3425 1693 3768 1758 prmdicans:
3809 1700 3850 1751 si

2309 1770 2538 1838 singulas
2574 1787 2989 1842 unamquamque
3025 1775 3366 1844 [singularem
3401 1783 3696 1854 quamque]
3733 1799 3852 1852 per-

2243 1872 2288 1932 B
2313 1873 2494 1912 sonam
2523 1861 2574 1914 in
2604 1861 2856 1916 Trinitate
2877 1863 3084 1931 plenum
3124 1866 3308 1931 Deum,
3333 1878 3389 1922 et
3423 1879 3562 1926 totas
3593 1882 3706 1927 tres
3735 1890 3853 1942 per-

2311 1963 2467 2002 sonas
2490 1964 2650 2002 unum
2677 1949 2837 2002 Deum
2867 1952 2892 1989 ιι
2917 1969 2930 2003 :
2970 1952 3012 2004 si
3042 1953 3450 2008 incarnationem
3479 1958 3723 2012 divinam
3749 1975 3850 2014 non

2311 2035 2364 2088 in
2391 2035 2544 2087 Patre
2571 2049 2736 2103 neque
2761 2037 2810 2088 in
2841 2035 3036 2105 Spiritu
3063 2049 3245 2092 sancto
3271 2039 3486 2105 factum,
3516 2047 3612 2098 sed
3639 2047 3696 2098 in
3719 2046 3850 2102 Filio

2312 2128 2510 2173 tantum
2550 2121 2638 2190 [In
2661 2123 2776 2174 edd.
2817 2124 2936 2175 add.
2961 2121 3160 2196 credat]
3184 2143 3198 2190 ;
3235 2135 3294 2180 ut
3316 2130 3402 2196 qui
3429 2140 3548 2184 erat
3572 2133 3631 2184 in
3661 2134 3850 2186 divini-

2311 2218 2416 2264 tate
2437 2212 2528 2266 Dei
2543 2211 2714 2265 Patris
2733 2212 2912 2276 Filius,
2937 2215 3046 2282 ipse
3067 2216 3213 2270 ﬁeret
3233 2218 3284 2270 in
3307 2219 3641 2274 humanitate
3663 2221 3847 2292 [Edd.,

2309 2297 2538 2364 homine,
2585 2303 2766 2353 rectius
2811 2298 2966 2371 Coll.]
3014 2303 3241 2358 hominis
3281 2308 3468 2360 matris
3499 2308 3680 2372 ﬁlius,
3713 2309 3850 2364 Deus

2310 2400 2464 2440 verus
2490 2403 2554 2441 ex
2581 2388 2769 2451 Patre,
2807 2399 2860 2441 et
2890 2390 3045 2443 homo
3089 2405 3246 2445 verus
3289 2407 3352 2446 ex
3396 2402 3598 2457 matre,
3633 2412 3851 2452 carnem

2311 2486 2375 2525 ex
2423 2475 2606 2527 matris
2653 2474 2940 2528 visceribus
2993 2477 3190 2531 habens
3231 2489 3285 2532 et
3329 2482 3564 2535 animam
3616 2486 3853 2541 rationa-

2310 2557 2501 2620 bilem;
2541 2559 2692 2612 simul
2720 2560 2774 2612 in
2813 2575 2875 2614 eo
2917 2563 3081 2615 ambae
3117 2574 3337 2630 naturae,
3387 2567 3438 2620 id
3483 2572 3568 2622 est
3611 2567 3778 2625 homo
3802 2582 3852 2626 et

2311 2645 2469 2709 Deus,
2517 2661 2652 2700 unus
2696 2647 2878 2712 Filius,
2927 2665 3060 2703 unus
3101 2651 3360 2716 Christus,
3401 2671 3539 2710 unus
3567 2658 3849 2722 Dominus,

2309 2732 2541 2784 omnium
2568 2747 2681 2800 quae
2711 2741 2830 2786 sunt
2873 2743 2926 2788 et
2967 2745 3150 2791 auctor
3181 2747 3236 2792 et
3263 2739 3516 2794 Dominus
3554 2753 3612 2796 et
3641 2755 3852 2801 creator

2313 2834 2430 2872 cum
2476 2819 2628 2872 Patre
2668 2827 2721 2872 el
2751 2821 2946 2888 Spiritu
2986 2816 3205 2878 sancto:
3245 2828 3333 2894 qui
3375 2844 3564 2896 passus
3608 2834 3684 2886 sit
3729 2851 3849 2888 vera

2311 2909 2553 2975 passione
2580 2909 2752 2962 carnis
2772 2917 2823 2962 et
2845 2920 3080 2964 mortuus
3101 2912 3245 2982 [vera
3264 2919 3504 2992 corporis
3525 2921 3608 2972 sui
3631 2923 3847 2993 morte],

2312 2996 2701 3062 resurrexitque
2728 3011 2851 3049 vera
2879 2999 3051 3071 carnis
3077 3015 3182 3054 suae
3213 3007 3623 3071 resurrectione,
3647 3018 3703 3062 et
3726 3026 3848 3064 vera

2313 3082 2500 3135 animle
2525 3087 2873 3152 resumptionc
2894 3127 2907 3148 ,
2934 3087 2984 3138 in
3021 3104 3123 3156 qua
3152 3092 3326 3144 veniet
3357 3091 3601 3158 judicare
3625 3097 3778 3150 vivos
3801 3109 3850 3151 et

2237 3165 2284 3228 C
2313 3179 2562 3222 mortuos.
2588 3169 2929 3234 Querendmn
2951 3181 3030 3226 est
3057 3175 3216 3228 etiam
3243 3179 3307 3230 ab
3331 3195 3414 3242 eo,
3443 3183 3484 3234 si
3517 3181 3650 3235 Novi
3673 3194 3730 3236 et
3755 3187 3850 3238 Ve-

2314 3257 2440 3308 teris
2470 3256 2812 3316 Testamenti,
2839 3259 2888 3312 id
2911 3269 2990 3313 cst
3018 3260 3146 3328 legis
3174 3273 3226 3316 et
3249 3267 3626 3340 proyhetarum
3650 3281 3707 3324 et
3726 3287 3848 3340 apo-

2311 3345 2586 3404 stolorum,
2637 3363 2796 3399 unum
2853 3350 3194 3418 eumdcmque
3245 3355 3419 3407 credat
3472 3369 3752 3413 unctorem
3797 3371 3850 3414 et

2312 3432 2494 3484 Deum.
2527 3431 2580 3485 Si
2609 3435 2840 3487 dialtolns
2867 3451 2971 3488 non
2995 3452 3092 3503 per
3118 3440 3486 3503 conditionem,
3518 3445 3612 3497 sed
3639 3463 3736 3513 per
3763 3463 3846 3500 ar-

2310 3519 2523 3571 bitt-ium
2554 3520 2720 3573 factus
2745 3522 2810 3572 sit
2837 3523 3020 3576 malus.
3052 3523 3399 3588 Qumrendum
3425 3529 3586 3583 etiam
3621 3534 3690 3586 ab
3717 3549 3782 3587 eo
3804 3537 3846 3588 si

2309 3605 2492 3656 credat
2527 3605 2678 3674 hujus
2705 3621 2860 3674 quam
2890 3618 3176 3677 gestamus,
3205 3623 3257 3666 et
3291 3628 3392 3668 non
3425 3615 3647 3672 alterius
3669 3622 3847 3675 carnis

2312 3694 2743 3747 resurrectionem
2770 3713 2781 3746 :
2811 3696 2853 3748 si
2881 3698 3057 3750 credat
3091 3697 3346 3765 judicium
3373 3701 3610 3760 futurum
3631 3745 3648 3768 ,
3687 3717 3742 3761 et
3766 3724 3846 3762 re-

2310 3787 2550 3846 cepturos
2595 3783 2825 3850 singulos
2865 3797 2960 3852 pro
2993 3786 3074 3838 his
3101 3802 3216 3854 qua:
3258 3789 3310 3842 in
3337 3804 3496 3846 carne
3539 3807 3839 3863 gesserunt,

2310 3867 2390 3918 vel
2436 3881 2640 3935 poenam
2682 3869 2758 3922 vel
2805 3870 3062 3940 gloriam:
3110 3874 3154 3927 si
3199 3878 3406 3944 nuptias
3441 3894 3545 3932 non
3595 3885 3838 3950 prohibet

2311 3951 2651 4024 [improbet].
2701 3955 2772 4008 Et
2805 3965 3006 4021 caetera,
3049 3975 3164 4012 cum
3188 3961 3366 4030 quibus
3400 3967 3608 4018 omnino
3653 3985 3832 4023 conre-

2309 4040 2454 4093 niunt
2471 4041 2552 4094 ed.
2591 4040 2631 4095 ι.

2632 4169 2809 4224 Canon
2828 4173 3225 4238 Aurelianensis,
3249 4192 3354 4230 trra
3381 4178 3414 4230 4
3443 4190 3504 4232 ω.

2377 4282 2404 4310 ιδ
2434 4274 2857 4346 Metropolitanus
2883 4277 3214 4348 omnibus,‘si
3243 4286 3354 4339 ﬁeri
3384 4296 3578 4356 potest,
3607 4305 3834 4360 praesen-

2311 4360 2450 4413 tibus
2489 4366 3010 4431 comprovincialibus
3044 4371 3302 4439 episcopis
3333 4375 3643 4441 ordinetur;
3675 4379 3748 4432 ita
3785 4388 3841 4432 ut

775 4458 801 4496 ιι
831 4456 896 4510 Ut
924 4457 1147 4524 episcopi
1172 4457 1681 4524 metropolitanorum
1710 4455 1932 4520 judicio,
1957 4464 2009 4510 et
2031 4473 2210 4512 eorum

2311 4447 2406 4512 ipsi
2451 4451 2848 4518 metropolitano
2892 4462 2916 4488 ο
2944 4455 3270 4525 privilegium
3314 4461 3590 4515 ordinandi
3631 4463 3859 4518 maneat‘

707 4546 1058 4612 episcoporum
1077 4545 1163 4611 qui
1192 4544 1329 4596 circa
1353 4551 1492 4606 sunt,
1513 4542 1864 4609 provehantur
1887 4543 1951 4596 ad
1972 4544 2215 4598 ecclesia-

707 4634 889 4686 sticam
906 4639 1245 4700 potestatem;
1268 4633 1319 4684 hi
1343 4631 1581 4688 videlicet
1606 4629 1694 4698 qui
1715 4631 1936 4700 plurimo
1963 4639 2212 4700 tempore,

708 4730 816 4774 tam
843 4720 900 4783 in
917 4720 1076 4772 verbo
1101 4719 1216 4771 lidei
1245 4733 1399 4786 quam
1424 4727 1576 4774 rectae
1602 4721 2010 4776 conversationis
2039 4737 2214 4776 exem-

708 4807 813 4876 plo,
833 4807 1033 4878 probati
1057 4806 1266 4860 fuerint.
1625 4794 1631 4800 ’

777 4993 984 5066 _‘Qonc.
1015 4996 1284 5066 Carthag.,
1313 5013 1358 5050 c.
1388 5000 1473 5050 40.

777 5063 805 5103 δ
829 5061 984 5116 Cone.
1013 5061 1298 5128 Arelatfu,
1319 5080 1365 5117 e.
1394 5066 1476 5118 54.

778 5141 801 5168 ε
826 5131 982 5184 Cone.
1013 5129 1185 5184 Aurel.
1212 5147 1296 5194 Iv;
1337 5135 1385 5185 iu
1415 5135 1528 5186 edd.
1561 5149 1607 5187 c.
1638 5136 1686 5188 5.

777 5196 804 5236 ά
830 5196 940 5268 t‘lon
967 5199 1276 5268 estADionys.
1302 5201 1568 5268 interpret.

779 5275 804 5336 ξ
829 5261 1018 5336 interp.
1042 5261 1231 5336 l_tul_ini.
1255 5268 1368 5320 Vid.
1395 5261 1646 5336 sy'nodum
1677 5270 1796 5322 Arel
1815 5281 1868 5324 at.
1901 5289 1960 5335 ιι,
1986 5288 2030 5325 c.
2060 5273 2108 5326 5.

783 5330 802 5368 ί
831 5330 1019 5396 ltttei'p.
1050 5333 1166 5384 Ruf.
1292 5337 1310 5356 °

779 5398 805 5437 Β
830 5396 1116 5458 Laodiceui,
1144 5416 1188 5451 c.
1219 5401 1298 5452 12.

776 5463 804 5542 Ιξ
835 5463 943 5542 §on
969 5466 1183 5542 multum
1205 5468 1463 5542 dill'ertab_
1484 5471 1695 5542 interpr.
1725 5473 1930 5542 Dionys.

785 5531 801 5606 ξ
834 5528 1020 5606 _Statut_.
1049 5533 1186 5606 Eccl.
1217 5537 1375 5606 antiq.
1408 5537 1531 5606 Vide
1556 5528 1728 5606 supra.

782 5598 1024 5678 l'ln'cod.
1066 5600 1217 5654 Bari).
1259 5598 1479 5678 primum
1519 5598 1793 5675 hoc-caput
1833 5607 2059 5678 fungitur
2099 5614 2210 5666 vice

716 5663 1022 5723 pl'uifdllUleS
1046 5663 1366 5736 sequentium
1393 5685 1505 5738 cap.

2313 4536 2376 4588 de
2400 4538 2532 4604 ipso,
2555 4555 2709 4607 quem
2745 4543 3085 4597 ordinationis
3111 4547 3427 4602 consuetudo
3453 4552 3699 4618 requirit.
3725 4553 3833 4624 Ipse

2315 4632 2486 4678 tamen
2513 4629 2936 4694 metropolitanus
2961 4635 2998 4681 εἰ
3017 4635 3536 4700 comprovincialibus
3553 4641 3828 4711 episcopis,

2313 4711 2448 4764 sicut
2488 4711 2698 4767 decreta
2734 4715 2873 4768 sedis
2902 4717 3196 4784 apostolicae
3231 4722 3518 4787 continent,
3561 4741 3689 4781 cum
3713 4744 3830 4783 eon-

2312 4813 2469 4850 sensu
2511 4799 2818 4853 clericorum
2861 4809 2914 4854 et
2959 4803 3148 4859 civium
3175 4804 3432 4874 eligatur:
3471 4811 3599 4878 quia
3627 4829 3827 4884 aquam

2378 5011 2404 5080 ξι
2432 5009 2487 5080 In
2515 5011 2628 5064 edd.
2659 5013 3020 5080 desiderantur
3041 5017 3196 5069 verba
3225 5025 3355 5070 totas
3379 5058 3392 5072 .
3421 5059 3434 5071 .
3466 5059 3481 5075 .
3509 5021 3698 5078 Deum.

2383 5077 2414 5150 1_
2440 5079 2514 5130 Ex
2557 5080 2640 5132 his
2682 5081 2814 5150 sicut
2853 5096 2916 5134 ex
2947 5077 3074 5135 aliis
3118 5085 3444 5149 perspicuum
3489 5083 3588 5150 tit,
3615 5077 3818 5150 Palmm

2309 5145 2686 5230 Alricanorum‘
2702 5149 2930 5230 decreta,
2967 5161 3056 5201 seu
3074 5145 3293 5230 statu—ta
3305 5145 3566 5230 .Ecclesiai
3589 5145 3817 5230 antiqua:

2309 5229 2410 5294 non
2433 5212 2591 5292 fuisse
2620 5215 2956 5294 interpolata;
2997 5219 3087 5270 sed
3116 5221 3346 5294 exceptis
3381 5228 3586 5278 tantum
3615 5212 3819 5294 quia;

2309 5282 2425 5363 dam
2461 5282 2618 5333 variis
2656 5283 2990 5363 lectionibus,
3031 5300 3145 5353 quae
3180 5282 3390 5363 quidem
3429 5282 3651 5347 sensum
3689 5282 3818 5349 nullo

2307 5349 2704 5420 modo_mut_a_nt,
2730 5351 2926 5420 integra
2951 5349 3316 5420 permansisse.

2377 5427 2413 5452 ιη
2441 5413 2655 5468 Concilii
2685 5432 2740 5470 Ill
2771 5413 3057 5479 Aureliam,
3085 5433 3131 5472 c.
3154 5420 3204 5472 5.

2374 5492 2400 5519 η
2423 5483 2596 5554 Quae].
2631 5485 2680 5554 in
2709 5486 2793 5554 ed.
2817 5488 3474 5554 praeceduntiexpositionis
3502 5506 3667 5548 causa
3705 5498 3811 5551 add.

2375 5557 2399 5632 ξ)
2431 5549 2798 5632 Ᾱζςιτοροίίεαηὶ
2818 5549 3297 5632 'a'mefronolitanis.
3327 5556 3463 5610 Pith.
3495 5569 3550 5632 et
3579 5549 3740 5632 Lugd.
3765 5549 3813 5616 {2i

2308 5616 2519 5736 vulgalti.
2559 5616 2600 5669 α’
2627 5620 3021 5688 metropolitano.
3046 5616 3174 5675 'Vitl.
3215 5630 3365 5678 notas
3409 5639 3459 5678 v.
3503 5628 3569 5681 cl.
3619 5616 3809 5686 JfSir-

2309 5701 2442 5736 mum
2466 5701 2498 5736 ι.

2309 5701 2498 5738 “illiilli.
