4010 6404
173 506 313 559 1005
398 550 402 552 ἡ

987 500 1294 558 CANONES
1331 501 1608 557 SELECTI
1650 501 1743 555 EX
1779 504 1930 557 VET.
1975 503 2125 558 CAN.
2165 504 2484 562 COLLECT.

3184 517 3322 573 1006

164 629 275 682 est,
305 619 439 671 sicut
467 618 577 686 ipsa
604 616 753 670 sedes
775 615 1056 682 apostolica
1084 616 1235 678 dixit,
1262 621 1322 668 ut
1344 613 1433 682 qui
1459 613 1699 668 omnibus
1727 617 1771 674 Α
1796 612 1910 680 ejus
1937 623 2164 668 teneant.
2206 616 2400 671 Cretera
2447 625 2896 687 pra’termitlimus,
2946 642 2976 678 a
3016 627 3194 693 quibus
3223 644 3320 681 non

166 707 548 776 praeponendus
575 715 676 769 est,
707 707 771 758 ab
800 705 1039 758 omnibus
1065 705 1307 774 eligatur.

468 795 646 848 Canon
673 807 694 834 α
725 794 1102 846 Aurelianensis
1127 795 1180 856 4,
1201 810 1306 846 arra
1331 796 1381 848 9.

237 883 304 938 Ut
329 886 514 940 vivente
538 886 766 954 episcopo
787 884 915 936 alter
937 899 1035 936 non
1061 885 1320 937 ordinetur
1338 885 1698 953 episcopus.—

163 971 348 1026 Nullus
375 973 582 1026 vivente
616 973 859 1040 episcopo
899 973 1032 1028 alius
1073 982 1394 1057 supponatur
1437 972 1594 1042 [Nulli
1621 975 1698 1026 vi-

162 1062 304 1113 venti
334 1075 416 1128 ep.
448 1059 885 1129 superponatur],
915 1070 1006 1113 aut
1041 1063 1467 1129 superordinetur
1494 1063 1695 1130 episco-

161 1163 277 1214 pus,
307 1151 408 1202 nisi
438 1149 572 1202 forte
599 1151 651 1202 in
676 1150 789 1216 ejus
827 1149 940 1203 loco
969 1165 1121 1217 quem
1147 1152 1385 1219 capitalis
1413 1152 1562 1221 culpa
1607 1153 1695 1205 dc-

157 1235 365 1311 iecerit.

552 1323 616 1374 In
641 1323 848 1392 cpistola
879 1325 907 1362 ιι
931 1325 1124 1378 Zosimi
1151 1343 1311 1393 paprr.

231 1407 352 1462 HiBC
401 1410 453 1462 in
497 1411 712 1480 singulis
751 1413 998 1479 gradibus
1037 1413 1362 1467 observanda
1407 1424 1529 1468 sunt
1557 1425 1690 1469 tem~

155 1507 304 1560 pora.
347 1495 400 1547 Si
449 1497 515 1548 ab
558 1496 773 1550 infantia
801 1499 1388 1572 ccclesiasticis‘(Dcest)
1427 1505 1688 1573 mysteriis

155 1583 235 1634 vel
279 1584 586 1638 ministeriis
629 1601 816 1642 nomen
843 1587 1068 1651 dederit,
1107 1590 1243 1642 inter
1274 1590 1495 1645 lectores
1526 1608 1690 1660 usque

153 1669 208 1724 in
235 1687 317 1738 Is;
332 1673 502 1724 amitis
523 1687 628 1724 sua:
650 1687 840 1726 annum
867 1675 1167 1726 continuata
1187 1676 1552 1730 observatione
1571 1693 1687 1745 per-

153 1761 324 1814 duret.
355 1760 409 1814 Si
438 1762 633 1829 majore
653 1762 928 1828 actatejam
953 1763 1142 1832 [major
1156 1764 1264 1830 jam
1285 1774 1338 1819 et
1356 1767 1682 1838 grandaevus]

151 1851 472 1910 accesserit,
517 1851 589 1901 ita
616 1859 676 1902 ut
709 1859 827 1918 post
863 1851 1178 1918 baptismum
1205 1853 1383 1906 statim
1415 1868 1470 1906 se
1497 1855 1684 1908 divina:

1800 700 2084 768 discrepant
2141 703 2276 754 edita
2320 721 2502 772 pra'ter
2562 707 2928 763 distiucuonnn
2978 729 3315 776 numerorum,

1800 805 1950 856 quam
1981 789 2172 842 nullout
2200 791 2280 843 hic
2304 793 2447 845 habet
2471 797 2584 848 cofl.
2624 801 2733 848 cod.
2765 799 2887 849 Her.

2101 877 2120 916 τ
2153 879 2326 932 Canon
2371 883 2725 948 Africanorum
2769 904 2890 940 trra.
2937 887 3019 941 lO.

1871 962 1937 1016 Ut
1960 965 2233 1032 episcopus
2261 968 2455 1033 absque
2494 985 2572 1021 COl
2595 972 2706 1022 silio
2741 975 3156 1038 pr-"sisjterorum
3191 975 3318 1046 [cle-

1799 1049 2313 1118 ricorum]'suorum,
2343 1055 2556 1108 clericos
2582 1073 2676 1108 non
2704 1062 2864 1110 ",ra'iim
2953 1063 3020 1112 ita
3052 1072 3105 1114 ut
3125 1063 3316 1120 civium

1799 1139 2180 1191 eonniventiam
2208 1151 2260 1192 et
2288 1144 2509 1192 testium:
2538 1145 2581 1195 iu
2613 1160 2720 1203 αντε.
2769 1155 2847 1196 rt
2896 1149 3121 1221 fuerat]
3156 1153 3203 1203 ⁸.

2419 1231 2568 1281 «lira.
2613 1234 2692 1284 ίῗ.

1864 1315 1890 1354 ιι
1921 1314 1989 1368 Ut
2015 1316 2065 1367 in
2093 1317 2451 1369 sacerdotibus
2482 1319 2783 1373 ordinant’is
2806 1324 2958 1374 cii-1a
2987 1331 3113 1377 astas
3140 1327 3315 1394 requi-

1795 1410 1960 1456 ratur.

2138 1491 2314 1545 Canon
2336 1493 2729 1558 Aurelianensis,
2757 1514 2859 1548 (Z‘T'I
2893 1499 2970 1550 ‘3.

1866 1575 2112 1631 iPlacuit
2152 1580 2204 1631 in
2241 1580 2568 1635 ordinatione
2612 1585 2840 1651 episcopi
2891 1586 3028 1638 lxauc
3076 1587 3310 1641 ordinem

1792 1665 2074 1728 custodiri,
2123 1673 2179 1718 ut
2209 1666 2259 1717 Io
2288 1669 2456 1734 primo
2485 1670 2599 1724 loco
2636 1673 2910 1725 V’etlaillait‘
2963 1674 3034 1724 τοι
3067 1677 3306 1730 ambitio-

1790 1767 1855 1806 ne
1879 1754 2137 1816 submota,
2171 1763 2277 1808 tres
2293 1755 2358 1807 ab
2383 1758 2638 1825 cpisc0pis
2661 1763 2898 1812 nonnri-r
2949 1779 3006 1810 ετ.
3035 1763 3095 1815 de
3122 1764 3309 1830 quibus
3388 1797 3392 1802 η

1788 1840 1966 1892 clerici
2005 1841 2088 1892 vel
2128 1843 2270 1896 cives
2305 1856 2430 1913 erga
2471 1859 2631 1897 unum
2669 1847 2884 1912 eligvnh
2919 1849 2959 1895 ῖι.
2987 1849 2994 1895 Ι
3019 1855 3134 1917 cant
3157 1856 3306 1916 pote-

152 1937 354 1989 militiae
383 1937 647 1990 desideret
682 1937 986 2004 mancipari,
1016 1939 1092 1991 sic
1126 1939 1276 2008 [sive]
1306 1941 1441 1992 inter
1466 1940 1685 1994 lectores
1716 1921 1756 1978 Β
1787 1935 1994 1980 5W8!"-

152 2025 235 2076 vel
258 2025 551 2077 exorcistas
576 2024 929 2092 quinquennio
957 2034 1194 2079 teneatur
1221 2045 1232 2076 :
1273 2035 1326 2078 ct
1349 2027 1534 2079 exinde
1565 2042 1688 2079 aco-
1751 2084 1760 2090 ,

155 2110 336 2177 lythus
374 2111 454 2164 vel
480 2111 828 2164 subdiaconus
855 2121 1078 2179 quatuor
1103 2129 1267 2166 annos
1293 2123 1397 2166 stet
1431 2114 1553 2183 [Ed.
1585 2131 1684 2166 om.

155 2199 284 2270 stet]
311 2217 323 2250 :
355 2208 408 2252 et
433 2201 508 2252 sic
535 2201 599 2252 ad
624 2199 930 2254 diaconatus
963 2201 1396 2266 benedictionem,
1441 2205 1483 2256 si
1521 2219 1690 2257 mere—

155 2298 264 2350 tur,
296 2289 532 2342 accedat.
561 2289 612 2341 lu
639 2303 743 2356 quo
765 2290 946 2342 ordine
970 2292 1198 2360 quinque
1239 2307 1402 2346 annos
1432 2295 1475 2347 si
1519 2295 1688 2348 incul-

149 2387 275 2446 pate
313 2393 370 2431 se
406 2377 667 2446 gesserit;
704 2375 1116 2446 (Quwdamadct.
1151 2381 1204 2431 in
1227 2381 1366 2449 edd.)
1397 2381 1686 2450 suifragan-

151 2471 292 2524 tibus
319 2470 523 2523 meritis
549 2467 862 2538 [stipendiis]
885 2484 979 2536 per
1005 2478 1081 2523 tot
1108 2471 1299 2540 gradus
1321 2475 1542 2540 propriae
1565 2473 1683 2524 ﬁdei

151 2562 514 2622 documentis,
559 2559 868 2628 presbyterii
913 2561 1263 2614 sacerdotium
1289 2564 1482 2630 poterit
1519 2563 1679 2633 [Edd.

150 2668 252 2704 om.
288 2649 503 2718 poterit]
532 2649 840 2718 promereri.
873 2649 944 2702 De
971 2665 1074 2717 quo
1109 2650 1240 2712 loco,
1285 2653 1328 2702 si
1376 2652 1518 2704 illum
1560 2668 1683 2706 cva-

148 2741 285 2793 ctior
307 2741 413 2792 vita
442 2741 506 2792 ad
531 2739 694 2792 bonos
721 2751 894 2792 mores
921 2739 1241 2808 perduxerit,
1269 2755 1524 2794 summum
1552 2756 1682 2808 pon-

149 2827 404 2883 tiﬁcatum
430 2841 643 2895 sperare
664 2827 850 2880 debet:
887 2827 985 2880 hac
1018 2835 1189 2881 tamen
1229 2827 1340 2893 lege
1368 2837 1594 2892 servata,
1621 2838 1680 2883 ut

149 2928 322 2982 neque
365 2915 624 2983 bigamus,
671 2928 840 2981 neque
883 2915 1140 2982 paenitens
1180 2913 1284 2983 [AL
1329 2916 1474 2978 add.,
1510 2929 1680 2983 neque

143 3005 322 3059 viduae
346 3003 588 3074 maritus]
615 3003 681 3056 ad
709 3005 805 3056 hos
831 3004 1023 3071 gradus
1066 3005 1230 3070 possit
1254 3004 1475 3057 admitti.
1515 3005 1674 3069 Sane,
1720 3051 1727 3056 .

149 3105 206 3150 ut
239 3097 400 3150 etiam
423 3093 727 3149 defensores
756 3093 1018 3154 Ecclesiae,
1048 3093 1136 3159 qui
1176 3107 1238 3146 ex
1277 3092 1420 3146 laicis
1461 3093 1672 3158 fuerint,

145 3187 447 3256 supradicta
470 3185 832 3240 observatione
856 3191 1148 3247 teneantur,
1176 3184 1219 3236 si
1249 3183 1534 3250 meruerint
1560 3199 1674 3239 esse
1700 3217 1748 3282 ο

144 3275 199 3328 in
230 3265 415 3327 o'rdine
443 3272 740 3326 clericatus.

147 3395 170 3422 °
222 3397 389 3438 CAPUT
461 3393 827 3436 ΟῙΠΠΝΔΉΟΝΙΒ
884 3368 1292 3433 ιιιξηιδτειιιοιιωι
1345 3396 1672 3437 OFFICIALIUI

770 3463 1022 3504 εῦειεειιε
1033 3487 1045 3501 .

178 3539 258 3594 De
283 3539 603 3592 ordinatione
635 3538 848 3606 episcopi
869 3576 904 3656 ἃ
929 3537 1201 3606 presbyteri
1237 3547 1284 3590 et
1335 3537 1640 3606 reliquorum

778 3622 866 3656 ara
909 3621 1046 3656 num.

777 3621 1046 3674 graauum.

215 3693 244 3733 δ
271 3693 558 3762 Episcopus
593 3705 713 3744 cum
750 3689 1040 3751 ordinatur,
1075 3689 1177 3742 duo
1202 3689 1429 3757 episcopi
1465 3696 1676 3742 teneant

135 3781 553 3849 Evangeliorum
585 3778 776 3831 librum
817 3791 972 3845 super
1003 3776 1259 3830 cervicem
1294 3774 1425 3842 ejus,
1459 3784 1514 3829 et
1541 3790 1674 3829 unus

142 3871 334 3924 fundat
361 3883 516 3936 super
545 3881 666 3921 eum
715 3865 840 3936 [uno
864 3880 1020 3934 super
1059 3881 1176 3918 eum
1221 3863 1488 3934 fundente]
1519 3865 1673 3918 benc-

143 3957 430 4012 dictionem
461 3972 474 4008 :
513 3953 700 4022 reliqui
743 3967 925 4007 omnes
948 3952 1035 4020 qui
1063 3952 1273 4015 adsunt,
1299 3950 1673 4003 manibus‘.suis

141 4054 308 4115 caput
332 4045 446 4113 ejus
475 4051 711 4112 tangant.
742 4053 764 4080 ε
791 4041 1071 4109 Presbyter
1099 4055 1216 4093 cum
1239 4039 1528 4101 ordinatur,
1562 4039 1672 4106 epi-

141 4149 308 4202 scopo
336 4147 455 4187 eum
483 4131 842 4192 benedicente,
873 4137 927 4182 et
954 4141 1164 4180 manum
1199 4141 1354 4194 super
1381 4134 1534 4192 caput
1557 4125 1671 4192 ejus

140 4229 380 4283 tenente,
433 4218 635 4289 [etiam]
689 4233 870 4272 omnes
915 4215 1204 4284 presbyteri
1246 4215 1335 4283 qui
1386 4223 1669 4282 prmsentes

138 4318 290 4372 sunt,
314 4322 500 4360 manus
527 4321 649 4360 suas
668 4305 818 4372 juxta
849 4320 1062 4358 manum
1083 4303 1310 4372 episcopi
1336 4317 1491 4374 super
1514 4309 1669 4370 caput

205 4469 239 4497 α
267 4455 428 4510 Cone.
458 4453 634 4508 Aurel.
663 4468 712 4516 ν,
741 4467 789 4507 c.
819 4451 937 4504 12...

2096 2016 2269 2070 Conon
2299 2018 2717 2072 Chalcedonensis
2736 2060 2750 2082 ,
2778 2037 2882 2072 trra
2916 2023 2994 2074 1‘2.

1858 2101 1871 2147 ἕ
1913 2101 2327 2172 Utnequaquam
2352 2107 2404 2158 in
2434 2107 2563 2160 duos
2595 2111 3018 2176 metropolitanos
3041 2112 3304 2178 provincia

1787 2190 2064 2246 dividatur.

2355 2281 2573 2337 CAPUT
2613 2283 2736 2335 Vlll.

1785 2377 1847 2414 ΝΕ
1886 2379 1936 2416 IN
1974 2379 2073 2418 UNA
2111 2381 2358 2421 CIVITATE
2411 2385 2509 2422 ἰ)υο
2546 2383 2660 2421 SINT
2697 2384 2921 2424 EPISCOPI
2949 2409 2964 2434 ν
3022 2387 3087 2424 ΕΤ
3124 2387 3188 2426 ΒΕ
3224 2387 3302 2425 νι-

2260 2451 2429 2488 ῦληιιδ
2464 2453 2830 2492 EPISCOPORUSI.

2181 2519 2355 2572 Canon
2385 2517 2658 2585 Νἱεαξιήιδ,
2687 2541 2791 2577 trra
2817 2526 2897 2579 10.

1851 2602 1876 2640 ιι
1904 2601 1980 2656 Ne
2005 2603 2056 2656 in
2084 2618 2185 2656 una
2213 2606 2421 2659 civitate
2448 2608 2547 2660 duo
2574 2609 2681 2660 sint
2702 2612 2947 2677 episcopi.

1821 2763 1834 2774 ο
2121 2692 2296 2746 Canon
2323 2696 2719 2760 Aurelianensis,
2744 2715 2848 2751 a'ra
2877 2701 2957 2753 18.

1852 2779 1870 2818 1
1905 2781 2100 2835 Vicarii
2127 2785 2513 2850 episcoporum,
2545 2803 2676 2854 quos
2703 2787 2870 2841 Graeci
2902 2791 3300 2864 chorcpiscopos

1777 2867 1988 2933 dicunt,
2020 2871 2286 2923 constituti
2314 2880 2434 2924 sunt
2467 2874 2532 2925 ad
2560 2874 2853 2942 exemplum
2889 2893 2986 2930 Lxx
3015 2882 3294 2936 seniorum.

1778 2955 1881 3010 Sed
1916 2965 2164 3026 tanquam
2208 2959 2504 3013 sacerdotes
2553 2971 2767 3029 pr0pter
2813 2964 3207 3021 sollicitudinem
3247 2980 3301 3023 et

1775 3043 2003 3099 studium
2028 3047 2080 3099 in
2105 3061 2360 3116 pauperes
2388 3049 2628 3114 oderant,
2652 3060 2705 3105 et
2733 3053 3062 3109 honorabiles
3089 3055 3216 3109 (iant
3236 3068 3294 3109 ω.

2345 3155 2562 3212 CAPUT
2610 3158 2680 3215 IX

1895 3256 1960 3295 DE
1997 3256 2291 3298 OBDINANDO
2325 3259 2567 3300 ΕΗΒεοΡο
2603 3263 2762 3302 ῙΝΤΒΑ
2795 3264 3167 3328 κεκεεεςτιιεε.

2079 3329 2256 3383 Canon
2279 3331 2730 3400 Chalcedonensis,
2761 3352 2864 3390 tera
2895 3329 2992 3390 25f

1842 3426 1868 3453 ιι
1893 3416 2094 3471 Placuit
2133 3427 2326 3474 sancta:
2368 3421 2588 3488 synodo,
2618 3423 2754 3476 intra
2784 3435 2890 3480 tres
2915 3441 3124 3484 nienses
3149 3429 3292 3486 ordi-

1773 3508 2008 3562 nationes
2027 3510 2386 3578 episcoporum
2409 3510 2680 3564 celebrari.

2371 3600 2589 3656 CAPUT
2625 3601 2688 3655 Χ.

1972 3701 2034 3738 DE
2071 3701 2347 3741 ORDINATlS
2380 3703 2652 3748 EPISCOPIS,
2693 3705 2786 3743 NEC
2823 3706 3088 3746 IECEPTlS.

1841 3779 1864 3805 °
1893 3769 1948 3824 Si
1990 3773 2106 3840 quis
2150 3775 2424 3842 episcopus
2468 3790 2571 3828 non
2620 3778 2906 3843 susceperit
2945 3778 3191 3846 cilicium,
3237 3792 3291 3838 et

1769 3874 1948 3913 curam
1989 3860 2164 3928 populi
2203 3861 2302 3914 sibi
2327 3863 2610 3926 commissi,
2648 3866 3006 3920 communione
3036 3871 3283 3934 privetur.

1769 3962 2036 4014 usquequo
2060 3950 2354 4000 consentiat
2372 3949 2600 4018 obedire.
2629 3949 2878 4004 Similiter
2893 3955 3180 4022 presbyter,
3207 3959 3286 4011 vel

1767 4037 2033 4090 diaconus.
2075 4035 2130 4090 Si
2161 4052 2282 4090 vero
2319 4053 2414 4105 pro
2459 4037 2654 4092 malitia
2693 4041 2868 4108 populi
2908 4054 3146 4122 receptus
3181 4061 3283 4100 non

1767 4127 1940 4190 fuerit,
1970 4125 2078 4194 ipse
2112 4127 2322 4194 quidem
2347 4133 2558 4180 maneat
2588 4129 2880 4196 episcopus.
2939 4130 3128 4188 Clerici
3158 4147 3284 4189 vero

1765 4216 1992 4270 civitatis
2013 4216 2376 4269 communione
2401 4218 2693 4284 priventur,
2731 4233 2793 4272 eo
2828 4220 2966 4288 quod
2990 4223 3282 4279 eruditum

1765 4304 2110 4358 inobedientis
2133 4304 2305 4372 populi
2330 4317 2432 4356 non
2455 4302 2679 4357 fuerunt.

1764 4449 1946 4518 synod.
1976 4447 2110 4502 Gali.
2139 4447 2389 4518 etjintini
2411 4448 2599 4516 interp.

206 4525 239 4565 ιι
281 4525 380 4592 Ep.
422 4524 618 4576 Zosimi
640 4510 806 4592 [papas
848 4520 914 4574 ad
957 4510 1271 4589 Hesychium
1307 4517 1664 4573 Salonitanum
1694 4526 1744 4586 ι)
1834 4517 2178 4592 k_Ex_interp.
2204 4515 2395 4592 Rufini,
2424 4531 2526 4586 qua
2548 4510 2704 4572 simili
2733 4516 2798 4572 de
2827 4517 2943 4573 aliis
2965 4522 3147 4576 concil.
3175 4523 3277 4580 Ec-

203 4593 441 4617 :nnl‘ln-O‘
497 4605 588 4617 nan
637 4591 666 4617 9

133 4607 465 4664 episcopum,
493 4605 605 4656 cap.
636 4605 688 4643 6.
1383 4654 1392 4664 ⁸

207 4672 232 4701 ο
269 4660 329 4712 lu
363 4660 478 4711 cod.
515 4657 676 4733 Barb._
711 4663 831 4710 ante
867 4653 1073 4709 Statuta
1109 4653 1257 4733 Eccl.
1289 4661 1458 4733 anttq.‘
1497 4668 1544 4733 ς.
1575 4654 1658 4716 90,

138 4738 414 4796 tanquam
443 4725 769 4796 sequentium
807 4722 1285 4796 canoupm__titulu_s
1318 4723 1603 4796 praeﬁgitur
1648 4739 1658 4772 :

142 4789 537 4857 Recapitulatio
549 4791 883 4843 ordinationis
899 4789 1200 4857 [ofﬁcialium
1227 4789 1488 4857 Ecclesia.

205 4813 280 4848 sca
319 4811 520 4845 ttutauo
549 4811 883 4843 οναιηαιιοηιε
915 4811 1200 4857 amaturum
1227 4811 1488 4842 βεσιεδιω.

205 4863 232 4902 ει
274 4811 372 4916 Est
401 4873 522 4914 can.
558 4858 624 4913 90
649 4858 701 4910 in
722 4858 836 4910 cod.
880 4856 1057 4920 Barb.,
1096 4865 1151 4908 et
1189 4869 1336 4908 conc.
1365 4870 1416 4908 tv
1458 4855 1660 4918 Carth.,

139 4947 185 4985 c.
219 4932 274 4984 1.
725 4945 731 4950 ·

211 5009 235 5038 ε
269 4997 407 5051 Ean.
439 4995 500 5048 91
525 4996 577 5048 in
606 5008 656 5047 c.
680 4991 834 5045 Barb.
856 4999 910 5044 et
939 5003 1085 5043 conc.
1134 5004 1184 5042 tv
1229 4989 1498 5056 Cartliag.,
1535 5005 1582 5041 c.
1605 4989 1658 5050 2,

140 5073 192 5118 et
216 5067 300 5121 sic
325 5063 500 5118 cancri
533 5075 652 5114 can.
680 5061 1084 5128 distinguuntur.
1432 5111 1436 5114 η

213 5133 232 5171 ί
280 5131 476 5184 Statut.
505 5127 648 5181 Eccl.
677 5127 862 5192 antiq.,
893 5125 1003 5180 sive
1021 5138 1168 5180 conc.
1189 5140 1240 5178 tv
1263 5123 1468 5188 Carth.,
1491 5138 1539 5176 c.
1573 5124 1659 5178 22.

145 5197 248 5253 Sed
278 5199 334 5252 in
363 5199 480 5252 cod.
503 5196 658 5249 Barb.
687 5207 734 5246 c.
766 5193 848 5244 lo.

213 5271 240 5308 ⁸
280 5265 413 5320 Add.
447 5267 499 5317 in
536 5277 668 5318 nova
694 5259 777 5314 ed.
802 5259 973 5328 Cone.
989 5260 1088 5315 hoc
1109 5261 1223 5314 loco
1252 5275 1366 5328 qua:
1399 5260 1582 5313 desunt
1609 5259 1661 5312 in

144 5336 330 5391 codice
352 5331 629 5387 Teleriano
651 5331 788 5383 sicut
807 5328 859 5381 in
881 5327 998 5382 coll.
1029 5331 1144 5384 cod.
1167 5328 1232 5382 ﬂ.

212 5405 239 5442 ιι
284 5403 380 5456 Hic
409 5415 577 5454 canon
599 5399 652 5450 in
678 5395 826 5464 Stat.
843 5394 963 5450 Eccl
1001 5396 1165 5464 antiq.
1201 5396 1312 5450 sive
1350 5396 1402 5448 in
1439 5408 1585 5464 conc.
1614 5409 1663 5447 tv

147 5469 330 5525 Carth.
354 5468 702 5530 desideratur.
735 5463 862 5517 Vide
881 5477 1027 5517 conc.
1055 5478 1112 5517 ut
1129 5461 1343 5527 'Cartb.,
1371 5479 1419 5516 c.
1449 5461 1500 5513 4.

217 5541 232 5578 ί
276 5527 616 5592 Desideratur
639 5531 691 5584 in
717 5546 864 5585 conc.
885 5530 1062 5584 Aurel.
1088 5529 1192 5584 Sed
1211 5533 1326 5586 vide
1350 5544 1498 5585 conc.
1519 5527 1660 5582 Arei.

150 5620 212 5665 ιι.
239 5621 289 5658 c.
324 5605 412 5666 54,
435 5613 488 5656 et
508 5598 936 5670 supra__citat_um_.
965 5613 1070 5670 tera
1093 5597 1180 5652 3t.

219 5673 230 5722 i
281 5673 372 5726 Sic
401 5664 544 5723 'olim
573 5664 759 5722 'Gallic.
809 5665 1040 5720 Ecclesia
1089 5679 1313 5720 canones
1365 5664 1663 5719 Graecorum

152 5740 450 5794 summatim
485 5733 940 5804 interpretabatur.
981 5733 1126 5798 Quod
1160 5733 1278 5788 licet
1312 5733 1589 5790 observare
1609 5733 1660 5784 in

1765 4585 1920 4640 clesia
1949 4585 2083 4639 Gali.
2115 4585 2376 4638 utebatur.

1838 4654 1852 4690 ι
1895 4653 2230 4706 Desideratur
2259 4653 2310 4704 in
2338 4652 2453 4705 edd.

1831 4723 1991 4774 III-Iste
2036 4734 2203 4772 canon
2248 4720 2300 4771 in
2345 4719 2580 4773 conciliis
2614 4719 2879 4774 Aurelian.
2929 4722 3270 4788 desideratur,

1761 4789 2166 4857 desumptusque
2194 4801 2308 4857 esse
2333 4788 2537 4840 videtur
2559 4802 2622 4842 ex
2651 4790 2870 4842 concilio
2895 4790 3274 4845 Neocrsarien-

1760 4858 1821 4914 si,
1854 4854 1970 4910 cati.
2012 4854 2094 4917 l3,
2143 4854 2288 4922 cujus
2329 4857 2715 4922 interpretatio,
2749 4872 2864 4923 qnze
2918 4857 3104 4923 legitur
3134 4860 3270 4923 apud

1763 4925 2015 4977 lsidorum
2047 4924 2382 4991 Mercatorem
2405 4962 2417 4984 ,
2463 4924 2634 4976 verbis
2661 4923 3069 4991 praecedentibus
3111 4927 3306 4983 multo-

1759 4993 1980 5044 similior
2025 5000 2107 5060 est
2147 5005 2301 5060 quam
2347 4989 2677 5060 Diopﬁysiana.‘
2729 4991 2817 5045 Sic
2845 4993 3002 5060 igitur
3019 5006 3083 5045 ex
3105 4994 3270 5047 inter-

1759 5060 2048 5130 prctatipne
2082 5058 2272 5130 lsidori
2310 5075 2352 5130 εΔ
2385 5075 2402 5106 ι
2443 5058 2636 5112 Vicarii
2677 5067 2846 5112 autem
2869 5058 3262 5130 episcoporum.

1760 5125 1890 5194 quos
1929 5126 2095 5180 ϐιωςὶ
2145 5125 2542 5246 cborepiscopos
2592 5136 2814 5190 vocant,
2856 5125 3122 5182 constituti
3149 5140 3267 5184 sunt

1760 5195 1966 5246 quidem
2015 5195 2079 5246 ad
2122 5208 2306 5246 exenia
2329 5209 2414 5246 um
2467 5195 2790 5246 sentuaainta
2834 5197 3135 5246 seniorum:
3174 5198 3266 5246 sed

1759 5195 1966 5261 quidem
2015 5195 2079 5247 ad
2122 5195 2433 5265 exemplum
2467 5195 2790 5265 septuaginta
2834 5197 3135 5265 seruorum;
3174 5198 3266 5251 sed

1763 5260 2008 5331 tanquam
2050 5260 2495 5331 consacerdotales
2525 5260 2748 5331 propter
2777 5263 3170 5331 sollicitudinem
3213 5274 3269 5320 et

1761 5329 1988 5398 studium
2011 5329 2151 5398 quod
2195 5329 2250 5382 in
2279 5329 2712 5398 pauperes‘agunt
2733 5369 2748 5394 ,
2775 5329 2996 5385 oﬂ'crant
3027 5338 3082 5385 et
3106 5331 3267 5387 bono-

1763 5396 1948 5450 mbiles
1972 5396 2324 5450 habeanturfs

1831 5475 1858 5502 ιι
1893 5465 2114 5534 interpr.
2147 5465 2357 5534 Dionys.

1831 5542 1856 5569 ο
1890 5532 1997 5587 Nec
2026 5531 2208 5586 auctor
2233 5531 2330 5586 nec
2353 5546 2598 5587 numerus
2625 5531 2942 5587 inscribitur.
2991 5532 3119 5586 Vide
3145 5547 3269 5588 cor.-

1765 5601 1938 5656 cilium
1988 5601 2249 5663 Antioch.,
2295 5615 2343 5654 c.
2373 5600 2456 5660 l7,
2488 5600 2579 5662 l8;
2620 5599 2749 5655 Can.
2778 5601 2875 5656 sub
2903 5601 3110 5654 nomine
3142 5614 3268 5667 apo-

1763 5670 1905 5735 stol.,
1933 5684 1980 5725 c.
2005 5670 2091 5724 53.
2128 5668 2303 5724 Prisca
2325 5668 2591 5735 interpret.
