4010 6482
189 555 321 608 1009

452 714 461 720 ,
529 662 702 715 Canon
731 663 1065 732 Epamiensis,
1088 677 1191 714 cera
1215 661 1281 713 55
1303 673 1350 712 ιι.

253 750 321 804 Ut
349 750 623 818 episcopus
648 752 731 804 ille
753 752 838 818 qui
868 751 1042 816 plures
1078 749 1233 802 habet
1273 748 1506 809 clericos,
1547 748 1696 800 alteri

178 837 425 905 episcopo
444 853 625 901 unum,
647 837 688 890 si
713 850 924 890 necesse
945 844 1042 898 est,
1063 835 1316 902 largiatur
1333 836 1693 888 ordinandum.

543 922 716 977 Canon
748 924 1103 982 Antiocheam,
1131 937 1234 973 aera
1262 921 1346 972 21.

250 1014 278 1051 δ
315 1012 602 1080 Episcopus
629 1014 696 1064 ab
723 1012 823 1063 alia
863 1011 1108 1077 parochia
1148 1024 1475 1082 nequaquam
1510 1008 1700 1077 migret

178 1101 247 1154 ad
291 1101 470 1163 aliam,
510 1116 606 1153 nec
642 1108 822 1167 sponte
859 1114 952 1152 sua
981 1114 1194 1166 prorsus
1229 1099 1479 1160 insiliens,
1517 1112 1613 1150 nec
1647 1097 1698 1148 vi

175 1197 391 1242 coactus
415 1204 444 1240 a
475 1187 695 1256 p0pulis,
723 1201 816 1238 nec
842 1188 906 1238 ab
929 1187 1190 1254 episcopis
1215 1187 1530 1239 necessitate
1551 1200 1696 1238 com-

174 1276 374 1342 pulsus.
400 1275 607 1328 Maneat
626 1275 677 1327 in
701 1273 954 1337 Ecclesia,
981 1289 1136 1340 quam
1152 1276 1393 1342 primitus
1415 1289 1444 1326 a
1465 1273 1572 1328 Deo
1588 1287 1701 1327 sor-

177 1364 305 1416 titus
325 1371 423 1416 est.

513 1447 690 1501 Cano:
712 1448 1148 1509 Chalcedonensis,
1175 1463 1278 1500 (ενα
1303 1447 1351 1500 8.

247 1544 269 1571 ε
312 1532 496 1586 Clerici
527 1533 618 1600 qui
655 1533 1007 1601 praeficiuntur
1043 1533 1288 1601 ptochiis,
1327 1531 1406 1604 vel
1441 1533 1529 1598 qui
1559 1532 1700 1585 ordi-

174 1631 372 1676 nantur
403 1623 733 1676 monasteriis
764 1631 817 1675 et
843 1622 1104 1685 basilicis,
1136 1623 1232 1675 sub
1263 1621 1490 1690 episcopi
1518 1634 1702 1674 secun—

173 1712 298 1765 dum
337 1711 645 1774 traditiones
680 1709 894 1762 Patrum
919 1717 1176 1777 potestate
1202 1716 1576 1776 permaneant:
1605 1721 1703 1761 nec

172 1815 269 1866 per
307 1797 688 1862 contumaciam
739 1797 804 1851 ab
845 1797 1093 1864 episcOpo
1135 1811 1229 1849 suo
1277 1795 1550 1848 dissiliant.
1599 1793 1701 1858 Qui

171 1904 302 1943 vero
328 1884 510 1942 audire
541 1888 806 1940 tenuerint
833 1888 1189 1955 hujuscemodi
1216 1886 1455 1948 formam,
1480 1885 1526 1938 si
1548 1885 1698 1938 cleri-

169 1979 220 2030 ci
267 1984 427 2039 sunt,
469 1987 729 2048 canonum
775 1974 1188 2042 correptionibus
1231 1972 1604 2040 suhjacebunt;
1653 1972 1698 2026 si

168 2077 348 2120 autem
390 2066 509 2120 laici
547 2063 630 2119 vel
672 2063 918 2118 monachi
948 2063 1160 2129 fuerint,
1195 2064 1556 2117 communione
1595 2061 1701 2130 pri-

167 2170 270 2210 ven
277 2165 380 2209 tur.

815 2240 952 2294 Era
987 2241 1073 2294 20.

236 2331 264 2370 τι
301 2329 534 2384 Clericos
562 2330 614 2383 in
645 2327 863 2383 ecclesia
895 2328 1271 2390 ministrantes,
1310 2325 1357 2379 si
1398 2328 1451 2379 in
1488 2325 1703 2380 alterius

165 2417 400 2471 civitatis
442 2415 664 2470 ecclesia
702 2414 882 2470 statuti
922 2412 1114 2467 fuerint
1137 2451 1151 2475 ,
1189 2420 1395 2480 oportet
1430 2419 1705 2465 contentos

167 2519 320 2568 esse,
353 2505 406 2556 in
432 2503 623 2573 quibus
649 2502 716 2556 ab
742 2503 892 2556 initio
917 2501 1219 2554 ministrare
1242 2499 1567 2562 debuerunt;
1609 2513 1701 2551 ex-

151 2592 337 2659 ceptis
372 2591 472 2644 illis
511 2590 623 2658 qui,
660 2590 898 2659 proprias
933 2589 1230 2642 amittentes
1267 2587 1599 2654 provincias,
1639 2602 1704 2639 ex

165 2679 486 2732 necessitate
521 2677 588 2730 ad
621 2677 777 2730 aliam
814 2675 1093 2729 ecclesiam
1132 2675 1470 2727 transierunt.
1511 2671 1566 2725 Si
1589 2673 1706 2739 quis

165 2773 345 2818 autem
361 2765 632 2832 episcopus
641 2770 760 2831 post
769 2764 904 2816 hanc
915 2762 1268 2816 definitionem
1293 2759 1582 2826 susceperit
1601 2759 1706 2812 cle-

166 2856 337 2909 ricum
373 2855 440 2908 ad
477 2855 636 2908 alium
669 2847 969 2923 episcopum
999 2853 1381 2922 pertinentem,
1408 2849 1622 2919 placuit,
1651 2855 1707 2902 et

165 2951 472 3011 susceptum
497 2951 551 2997 et
573 2943 944 3012 suscipientem
967 2941 1335 2996 communione
1357 2940 1572 3008 privari,
1607 2939 1702 2992 do-

166 3045 270 3084 nec
298 3031 345 3084 is
368 3030 458 3099 qui
481 3030 816 3100 migraverat,
843 3039 1155 3084 revertatur.

517 3109 695 3171 Conon
730 3117 1142 3180 Aurelianensis;
1172 3133 1276 3168 (τινα
1305 3116 1356 3168 2.

246 3219 271 3246 ο
307 3207 531 3272 Μὶηἱειινὶ
568 3208 622 3260 in
643 3207 1039 3276 quibuscunque
1069 3205 1198 3260 locis
1229 3204 1456 3259 ordinati
1486 3203 1701 3270 fuerint,

173 3296 231 3350 in
260 3297 388 3368 ipsis
416 3277 751 3366 perseverent
772 3295 791 3334 ί
803 3333 816 3347 .

811 3380 882 3434 ΑΞ
888 3398 944 3433 ra
979 3379 1066 3434 20.

248 3476 272 3512 ⁵
309 3473 459 3539 Quod
484 3474 528 3527 si
554 3472 622 3528 ad
645 3473 804 3527 alium
828 3472 1000 3527 locum
1028 3487 1084 3525 se
1114 3468 1398 3525 transferre
1424 3469 1704 3533 voluerint,

175 3561 526 3630 deponantur.

557 3648 734 3704 Canon
763 3649 1026 3714 Nicetius,
1057 3665 1161 3702 mra
1186 3648 1246 3701 21
1278 3649 1325 3700 ιι.

243 3740 303 3794 Si
332 3741 608 3808 episcopus
641 3737 706 3790 de
742 3737 952 3790 civitate
993 3751 1088 3790 sua
1122 3735 1421 3789 ambitionis
1451 3749 1608 3789 causa
1641 3736 1710 3789 ad

173 3829 331 3885 aliam
358 3827 681 3897 migraverit,
704 3841 800 3880 nec
824 3825 958 3879 laica
981 3827 1031 3878 ei
1055 3825 1352 3879 communio
1372 3825 1705 3880 concedatur.

808 3917 879 3972 ιΕ
885 3933 944 3968 ra
979 3917 1072 3968 22.

241 4011 252 4046 ί
294 4007 362 4060 Ut
399 4007 672 4076 episcopus
714 4005 780 4058 ad
820 4004 974 4056 aliam
1008 4004 1350 4071 provinciam,
1385 4003 1436 4056 in
1463 4018 1563 4070 qua
1589 4011 1710 4056 sunt

167 4097 428 4165 episcopi,
448 4110 550 4148 non
579 4101 828 4157 transeat,
851 4094 950 4169 nisi
973 4091 1104 4146 forte
1124 4109 1152 4145 a
1172 4092 1423 4148 fratribus
1439 4095 1704 4148 invitetur.

244 4236 268 4263 ι
316 4224 372 4276 In
421 4223 503 4277 ed.
549 4237 800 4277 numerus
840 4237 943 4276 non
979 4224 1404 4291 praetergreditur
1446 4239 1562 4277 can.
1603 4223 1706 4286 40;

168 4293 313 4346 unde
335 4293 432 4346 iste
461 4308 629 4347 canon
657 4301 710 4345 et
733 4292 818 4344 alii
844 4291 1226 4344 desiderantur.
1663 4298 1668 4303 '

244 4362 273 4400 b
320 4360 512 4413 Parum
532 4359 704 4413 differt
722 4361 790 4413 ab
813 4361 1000 4426 interp.
1027 4359 1245 4427 Dionys.

245 4439 269 4464 θ
314 4429 510 4496 lnterp.
541 4444 635 4496 nec
654 4427 866 4496 Dionys.
896 4441 993 4479 nec
1018 4426 1138 4496 Isid.

240 4496 267 4534 ἀ
313 4494 505 4548 Parum
535 4495 709 4549 differt
734 4494 800 4548 ab
829 4494 1018 4562 interp.
1052 4494 1264 4563 Dionys.

251 4576 276 4602 ε
318 4564 423 4617 Iste
443 4578 608 4616 canon
636 4564 688 4615 in
713 4577 860 4617 conc.
888 4563 1066 4616 Aurel.
1095 4562 1551 4615 ed.'desideratur.

249 4632 270 4670 ί
319 4631 510 4684 Eadem
547 4633 706 4685 verba
730 4632 960 4684 citantur
987 4646 1050 4683 ex
1074 4629 1363 4682 Arelatensi
1389 4630 1625 4690 concilio,
1656 4629 1710 4683 in

167 4699 326 4760 libris
367 4699 694 4752 decretorum
735 4713 799 4750 ex
836 4698 1083 4752 Gandavo
1125 4698 1349 4762 habitis,
1390 4706 1444 4752 et
1491 4699 1710 4752 vetustis

168 4768 300 4823 cod.-
333 4767 636 4819 monasterii
666 4765 720 4818 S.
751 4765 988 4820 Bavonis.

249 4838 274 4875 ε
303 4836 382 4888 Ex
412 4850 559 4888 conc.
585 4833 778 4888 Arelat.
801 4847 838 4895 ι,
864 4850 910 4887 c.
937 4834 1022 4885 21.
1703 4859 1706 4862 ~

243 4904 272 4943 ιι
319 4903 498 4957 Canon
540 4910 621 4954 est
657 4918 673 4954 ι
703 4916 848 4955 conc.
882 4900 1236 4961 Sardiccnsis;
1268 4916 1362 4953 cur
1406 4902 1476 4953 ita
1518 4901 1710 4954 citetur

166 4972 293 5026 vide
313 4970 670 5026 nrmfationem
695 4985 746 5020 γ.
771 4970 836 5021 cl.
859 4969 1060 5022 Justelli
1087 4970 1149 5020 de
1168 4969 1333 5022 veteri
1353 4971 1530 5023 codice
1547 4984 1708 5023 cano-

168 5038 569 5096 numEcclesia:
597 5038 870 5090 universas.
1463 5071 1466 5074 .

251 5110 268 5148 ί
309 5105 486 5159 Canon
514 5114 596 5159 est
616 5121 673 5159 ιιι
700 5120 846 5158 conc.
871 5104 1213 5169 Sardiccnsis.
1242 5104 1419 5158 Prisca
1440 5105 1705 5174 interpret.

168 5190 275 5244 nec
304 5175 545 5244 Dionys,
563 5188 659 5244 nec
686 5174 888 5244 l_sidori.

248 5242 262 5292 i
310 5240 500 5296 Tribus
536 5242 665 5295 locis
700 5242 784 5295 hic
819 5256 984 5294 canon
1015 5241 1233 5309 legitur:
1268 5241 1318 5292 in
1347 5256 1493 5294 conc.
1527 5240 1706 5295 Cartli.

170 5326 229 5372 ν.
261 5324 308 5364 c.
337 5312 397 5373 8;
422 5325 570 5364 conc.
598 5310 750 5376 vulgo
770 5309 907 5363 dicto
927 5309 1190 5370 Africano,
1218 5325 1264 5361 c.
1284 5309 1436 5372 4i,et
1458 5310 1509 5362 in
1533 5311 1711 5366 codice

172 5379 324 5434 Eccl.
350 5377 511 5432 Afric.
543 5392 590 5430 c.
623 5377 708 5430 74.

251 5447 278 5486 lt
317 5447 408 5500 Vir
427 5446 492 5500 cl.
515 5442 560 5498 J.
584 5443 892 5498 Sirmondus
916 5445 966 5496 in
1003 5445 1112 5497 suis
1144 5444 1282 5495 notis
1309 5445 1372 5497 ad
1409 5446 1508 5499 hoc
1538 5448 1712 5500 conc-i-

173 5513 343 5568 lium:
374 5514 658 5582 ciﬂegense.
693 5513 888 5582 inquit,
927 5513 1276 5582 inrveteribus
1297 5514 1460 5574 libris,
1482 5528 1585 5566 non
1618 5513 1714 5567 Re-

173 5583 367 5652 giegse.
398 5581 452 5634 In
487 5580 813 5652 quibusdam,
845 5581 1072 5652 synodus
1093 5580 1343 5652 habitain
1365 5583 1591 5652 civitate.
1619 5582 1712 5652 Sic

175 5648 234 5718 et
260 5648 624 5718 Faustus—qui
644 5648 917 5718 episcopus
941 5648 1214 5718 Regicnsis
1239 5649 1338 5702 dici
1367 5650 1520 5718 vulgo
1557 5651 1708 5714 solet,

176 5717 248 5795 ab
265 5718 496 5795 antiquis
522 5717 860 5795 scriptoribus
883 5717 1132 5795 Ερμῆ-ἑῆς
1159 5717 1506 5795 nuncupatur,
1533 5726 1584 5771 et
1605 5727 1712 5771 ter-

181 5784 422 5840 ritorium
449 5784 680 5856 RegenSe
707 5800 736 5838 a
765 5784 1014 5855 Gregorio
1042 5785 1330 5839 'I'uroneusi
1359 5787 1447 5840 lib.
1483 5803 1563 5849 iv,
1592 5804 1704 5855 τεῳ.

1003 551 1306 606 CANONES
1345 549 1632 610 SELECTl
1659 550 1746 604 ΕΧ
1787 551 1935 604 V'ET.
1974 551 2123 605 CAN.
2166 553 2485 609 COLLECT.

1721 665 1770 718 Δ

1718 3249 1776 3326 _C

3174 549 3302 611 1011)

2099 658 2274 713 Canon
2321 662 2694 737 ﬂippaniensis,
2737 679 2838 714 trra
2868 663 2931 714 74
2957 661 2999 712 i.

1863 745 1936 799 Ne
1983 747 2301 801 interventor
2346 748 2524 817 [Edd.,
2570 748 2900 817 intercessor]
2944 749 3213 817 episcopus
3253 752 3305 803 in

1795 835 2061 896 cathedra,
2109 835 2259 903 (Var.
2301 835 2439 904 edd.)
2481 837 2567 888 ubi
2613 837 2931 889 interventor
2953 843 3052 899 est,
3087 836 3302 891 sedeat:

1796 922 1951 991 (Add.
1975 923 2095 991 aliq.
2121 924 2172 974 in
2191 924 2327 992 edd.)
2354 926 2442 977 sed
2463 926 2585 978 dare
2604 941 2812 992 operam
2840 932 3059 994 Oportet,
3087 934 3144 978 ut
3172 926 3306 980 intra

1793 1025 1986 1062 annum
2008 1013 2504 1080 episcopuspopulo
2543 1014 2711 1065 detur.
2752 1014 2898 1077 Quod
2939 1015 2982 1066 si
3023 1013 3308 1083 neglectum

1794 1095 1970 1156 fuerit,
1998 1112 2134 1166 anno
2160 1106 2400 1164 exempto
2423 1099 2737 1150 interventor
2767 1099 2848 1151 ille
2877 1099 3123 1162 discedat,
3153 1097 3309 1167 (mul-

1794 1194 1900 1236 tum
1942 1202 2051 1236 var.
2076 1186 2214 1253 edd.)
2243 1194 2294 1238 et
2318 1186 2449 1238 alius
2477 1187 2796 1240 interventor
2821 1187 3006 1254 populo
3036 1189 3308 1253 tribuatur,

1794 1272 1882 1338 qui
1909 1271 1956 1324 ei
1982 1273 2276 1339 episcopum
2303 1273 2592 1339 provideat.

2132 1359 2308 1412 Canon
2344 1361 2602 1429 Regensis,
2643 1363 2668 1400 Ιί
2707 1378 2810 1414 αήι
2828 1403 2839 1414 .
2865 1401 2876 1414 .
2897 1401 2909 1414 .
2931 1401 2942 1414 .
2969 1361 3008 1411 ι.

1863 1447 1949 1517 (In
1982 1449 2098 1501 edd.
2123 1464 2236 1499 can.
2263 1449 2340 1518 7.)
2368 1459 2406 1486 ω
2433 1448 2488 1501 Si
2517 1450 2790 1515 episcopus
2825 1450 2982 1501 alium
3016 1448 3313 1516 episcopum

1793 1535 1997 1586 venerit
2032 1534 2278 1600 sepelire,
2317 1549 2482 1601 usque
2521 1536 2585 1587 ad
2619 1534 2955 1602 septimanam
2991 1534 3219 1588 defuncti
3257 1537 3316 1588 li-

1793 1629 1912 1676 ceat
1937 1619 2051 1688 ejus
2071 1624 2346 1689 exsequias
2375 1623 2636 1676 celebrare
2661 1639 2674 1683 ;
2703 1623 2872 1683 aliter,
2898 1621 2998 1674 nisi
3034 1636 3127 1689 per
3162 1637 3309 1675 man-

1797 1709 1974 1762 datum
2001 1710 2401 1777 metropolitani.
2433 1709 2508 1762 Ne
2534 1697 2652 1776 quis
2672 1711 3030 1778 episc0porum
3061 1711 3124 1763 ad
3151 1709 3319 1764 eccle-

1798 1795 1948 1858 siam,
1979 1810 2095 1862 quae
2119 1810 2269 1849 suum
2296 1795 2534 1849 amiserit
2550 1797 2892 1859 sacerdotem,
2923 1797 3163 1859 accedat,
3196 1809 3263 1851 ne
3290 1811 3318 1850 a

1798 1881 1948 1950 plebe
1976 1883 2284 1951 decipiatur.

1943 2034 1948 2037 δ
2141 1967 2319 2021 Caium
2346 1969 2655 2023 Arelatensis
2680 1979 2725 2033 η,
2764 1987 2866 2024 trra
2894 1971 2980 2023 ΞΟ.

1811 2044 1817 2049 ’
1844 2048 2166 2124 Presbyteri
2184 2057 2265 2110 vel
2285 2057 2486 2110 diaconi
2509 2056 2595 2123 [de
2615 2059 2930 2126 presbyteris
2953 2058 3030 2110 vel
3049 2055 3321 2125 diaconis],

1798 2145 1888 2212 qui
1916 2145 2028 2198 loca
2053 2160 2166 2208 sua,
2202 2146 2254 2198 in
2288 2147 2477 2212 quibus
2501 2148 2727 2200 ordinati
2760 2157 2898 2211 sunt,
2938 2147 3127 2216 [solent
3153 2148 3324 2200 dimit-

1802 2239 1911 2284 tere
1940 2238 1995 2284 et
2031 2232 2098 2285 ad
2135 2231 2237 2284 alia
2274 2231 2386 2285 loca
2415 2246 2472 2285 se
2499 2233 2840 2303 transferunt]
2867 2235 3060 2300 absque
3092 2231 3324 2298 iussione.

1803 2317 1998 2386 (Desid.
2025 2319 2079 2370 in
2104 2317 2244 2387 edd.)
2273 2319 2502 2388 episcopi
2533 2319 2612 2372 sui
2639 2319 2949 2382 dimiserint,
2978 2321 3320 2387 deponantur.

2370 2431 2591 2488 CAPUT
2619 2429 2752 2488 XVI.

1902 2532 1966 2571 οι
2000 2532 2301 2571 PEREGRINIS
2326 2535 2597 2581 EPISCOPIS,
2630 2536 2724 2572 νει.
2761 2536 3012 2583 CLERICIS,
3043 2535 3132 2574 SEU
3162 2537 3225 2573 ΑΒ

2207 2602 2513 2641 COMITATUM
2559 2604 2921 2642 I’EBGENTIBL’S.

2109 2683 2133 2710 °
2172 2673 2347 2730 Canon
2381 2678 2772 2740 Aurelianensis,
2813 2696 2915 2731 (τινα
2943 2679 3023 2732 19.

1840 2791 1843 2793 -
1869 2761 2164 2831 Peregrinis
2191 2764 2468 2832 episcopis,
2494 2781 2611 2819 cum
2641 2767 2695 2819 in
2720 2767 2849 2820 urbe
2871 2767 3097 2828 veniunt,
3135 2767 3329 2834 placuit

1805 2848 1976 2903 locum
1999 2849 2143 2911 dare,
2171 2857 2231 2902 ut
2255 2849 2495 2904 offerant.

2181 2948 2208 2987 P
2245 2937 2421 2992 Canon
2450 2938 2712 3006 Nicetius,
2742 2957 2846 2994 a'ra
2878 2941 2956 2992 10.

1871 3038 1898 3078 ιι
1936 3027 2226 3097 Episcopus
2261 3030 2349 3096 qui
2395 3029 2446 3081 in
2496 3030 2663 3083 canali
2710 3031 3019 3083 constitutus
3061 3035 3162 3090 est,
3213 3045 3329 3082 cum

1803 3115 2223 3182 progredientem
2247 3117 2546 3184 episcopum
2573 3116 2779 3178 viderit,
2805 3117 3033 3184 inquirat
3053 3117 3326 3170 transitum

1803 3201 1934 3268 ejus,
1968 3217 2255 3271 causasque
2308 3203 2503 3268 videat,
2544 3219 2646 3272 quo
2683 3204 2862 3260 tendat
2895 3212 3160 3273 agnoscat.
3193 3204 3258 3257 Et
3285 3205 3326 3258 si

1805 3304 1901 3359 per
1924 3292 2258 3346 ambitionem
2279 3292 2462 3361 pergit,
2494 3309 2660 3360 neque
2684 3295 2735 3346 in
2759 3295 2946 3347 litteris
2969 3293 3081 3362 ejus
3109 3293 3334 3350 subscri-

1805 3380 1916 3446 hat,
1942 3395 2112 3449 neque
2136 3382 2189 3434 in
2210 3382 2575 3443 communione
2595 3398 2712 3436 eum
2741 3385 2974 3455 recipiat.

2406 3471 2540 3524 Afra
2586 3473 2651 3526 19
2686 3483 2727 3524 ι’.

1877 3571 1897 3597 ι
1938 3559 2116 3613 Liceat
2137 3560 2435 3629 episcopum
2461 3562 2712 3614 accedere
2734 3563 2797 3615 ad
2820 3566 3173 3630 possessiones
3191 3583 3332 3630 suas,

1806 3656 1863 3702 ut
1890 3649 2128 3715 disponat
2153 3647 2379 3699 fructum
2402 3647 2596 3700 laboris
2619 3649 2716 3700 sui.
2755 3650 2818 3701 Et
2840 3652 2881 3702 si
2904 3667 2996 3718 per
3017 3661 3121 3707 tres
3144 3655 3337 3709 hebdo-

1806 3735 1990 3789 madas
2017 3735 2211 3788 morari
2251 3749 2463 3789 necesse
2503 3743 2600 3798 est,
2647 3737 2698 3788 in
2738 3737 2847 3791 suis
2889 3741 3062 3807 potius
3104 3743 3339 3797 ecclesiis

1806 3831 2072 3877 moretur:
2096 3831 2186 3876 aut
2218 3823 2264 3877 si
2296 3838 2399 3892 qua
2431 3825 2666 3892 proxima
2701 3833 2782 3878 est
2813 3825 3030 3892 civitas,
3061 3839 3235 3882 tamen
3273 3845 3338 3884 na

1807 3914 1919 3967 sine
1937 3913 2156 3966 ecclesia
2182 3914 2423 3986 videatur
2447 3915 2584 3968 diem
2613 3915 2783 3968 facere
2803 3917 3123 3972 Dominicam
3149 3918 3331 3989 [Supp.

1807 4001 1930 4054 illuc
1955 3999 2211 4070 accedat].
2261 4001 2336 4053 Ita
2368 4010 2540 4054 tamen
2568 4002 2633 4056 ad
2659 4004 3038 4070 possessionem
3064 4006 3338 4074 episcopus

1807 4089 2040 4156 accedat,
2069 4097 2126 4144 ut
2152 4103 2320 4159 neque
2349 4104 2434 4144 res
2462 4089 2759 4145 domesticae
2786 4107 2881 4161 per
2910 4093 3196 4148 absentiam
3225 4095 3338 4162 ejus

1806 4219 1892 4273 54.
1917 4237 1934 4268 ι
1975 4218 2154 4286 Itaque
2180 4227 2408 4290 veterem
2438 4218 2712 4290 lectionem
2742 4218 3018 4273 conﬂrm’at
3043 4205 3338 4290 antiquissi-

1807 4303 1892 4341 ma
1921 4302 2181 4360 canonum
2211 4287 2596 4360 collectio_cod.
2640 4287 2788 4352 Hem,
2828 4303 2943 4355 qua:
2979 4287 3186 4360 ubique
3215 4305 3334 4346 cuiu

1804 4356 2069 4409 veteribus
2087 4355 2202 4407 cod.
2234 4357 2512 4408 consentit.

1881 4422 1897 4461 ι
1944 4421 2071 4492 ζει-ξι
2097 4423 2204 4475 sive
2229 4439 2476 4476 numerus
2505 4423 2603 4489 legi
2629 4439 2730 4477 non
2760 4425 2947 4492 potuit.

1874 4502 1914 4530 ω
1942 4491 2098 4543 Varie
2131 4492 2264 4544 idem
2295 4506 2461 4544 canon
2488 4492 2674 4560 legitur
2694 4491 2878 4556 in’ed.,
2911 4495 2991 4548 his
3005 4492 3204 4548 scilicet
3221 4510 3338 4548 ver-

1732 4553 1787 4613 D
1807 4559 1925 4631 bis:
1955 4577 1972 4607 ‹
1995 4560 2108 4631 haec
2127 4553 2873 4631 aute_m‘omn_iaeisequiarum
2898 4572 3146 4629 tempore,
3171 4579 3337 4631 usque

1808 4628 1893 4699 ad_
1913 4629 2186 4696 septimam
2224 4626 2450 4699 defuncti
2480 4629 2615 4680 diem
2653 4626 2795 4699 aget.
2832 4630 2980 4699 Exin
3003 4626 3062 4681 se
3100 4626 3336 4684 ecclesia:

1809 4695 2064 4758 referens,
2095 4695 2394 4748 mandatum
2419 4695 2800 4763 metropolitani
2832 4696 2983 4749 simul
3019 4711 3135 4750 cum
3170 4699 3336 4751 omni-

1806 4765 1904 4818 bus
1944 4764 2139 4817 sanctis
2170 4765 2427 4832 episcopis
2455 4765 2769 4830 opperietur.
2813 4764 2918 4817 Nec
2954 4765 3225 4832 quisquam
3271 4766 3336 4817 ad

1807 4831 2103 4891 ecclesiam,
2131 4846 2246 4897 quae
2275 4831 2531 4884 summum
2557 4832 2804 4885 amiserat
2847 4831 3188 4893 sacerdotem,
3233 4833 3332 4884 nisi

1807 4899 2189 4968 metropolitani
2215 4900 2401 4953 litteris
2438 4900 2703 4968 invitatus,
2741 4901 2980 4961 accedat;
3022 4916 3086 4953 ne
3123 4916 3151 4952 a
3187 4900 3336 4967 plebe

1807 4966 2096 5035 decipiatur
2118 4977 2170 5035 et
2198 4969 2301 5020 vim
2327 4968 2431 5035 pati
2456 4966 2677 5020 voluisse
2712 4969 2963 5020 videatur.
2989 4986 3006 5017 ι
3062 4968 3116 5020 Si
3155 4966 3332 5020 nostra

1807 5034 2042 5089 collectio
2066 5051 2093 5086 a
2121 5034 2166 5087 ι.
2201 5034 2476 5088 Sirmondo
2505 5035 2686 5089 fuisset
2707 5035 3022 5097 examinata,
3052 5043 3250 5089 tantam
3278 5036 3332 5088 in

1805 5106 1987 5157 eodem
2025 5118 2224 5156 canone
2261 5104 2660 5170 discrepantiam
2685 5103 2918 5171 profecto
2943 5119 3042 5155 non
3071 5103 3331 5156 omisisset

1805 5174 1886 5225 vir
1928 5172 2371 5239 diligentissimus,
2418 5173 2506 5238 qui
2551 5173 2603 5224 in
2647 5173 2776 5225 alios
2804 5184 3029 5226 canones
3071 5171 3313 5224 minimas

1806 5241 2083 5293 varietates
2109 5241 2421 5293 observavit.

1877 5318 1901 5345 ο
1927 5308 2084 5360 Cone.
2119 5307 2254 5359 Ατι-ι.
2288 5323 2322 5366 1,
2354 5323 2400 5360 c.
2428 5308 2513 5360 21.

1878 5384 1900 5410 °
1929 5377 2005 5428 Ex
2047 5376 2263 5429 concilio
2281 5376 2476 5430 Arelat.
2505 5391 2540 5436 ι,
2572 5388 2617 5426 c.
2647 5374 2728 5428 19.

1877 5437 2290 5515 ρ-(ῖοηῖικξειιιάη
2313 5459 2360 5498 c.
2377 5445 2459 5508 11,
2478 5445 2528 5496 in
2544 5443 2731 5512 interp.
2756 5443 2963 5515 Dionys.
2987 5451 3040 5498 et
3057 5442 3179 5500 Isid.
3199 5463 3214 5511 ;
3236 5445 3328 5500 sed

1807 5513 1860 5567 in
1886 5512 1976 5567 Gr.
2005 5527 2053 5564 c.
2085 5511 2170 5563 20.
2637 5554 2644 5560 .

1875 5593 1899 5630 τι
1938 5579 2114 5632 Prisca
2140 5575 2327 5646 intem.
2357 5594 2449 5632 nec
2478 5580 2684 5648 Dionys.
2714 5593 2810 5632 nec
2831 5578 2951 5633 Isid.

1881 5660 1901 5687 ι
1946 5649 2104 5702 Cone.
2136 5648 2359 5713 Sardic.,
2387 5664 2435 5701 c.
2465 5650 2526 5703 1‘2
2553 5646 2794 5702 iniGrasc.
2819 5663 2835 5711 ;
2865 5662 2912 5702 ε.
2954 5647 3017 5700 15
3043 5647 3094 5702 in
3134 5646 3318 5715 interp.

1808 5718 2079 5837 Dionisct
2107 5716 2226 5791 Isid.

1882 5798 1900 5824 ο
1963 5788 2115 5837 ’risca
2145 5794 2226 5837 ιιιῐε

1882 5798 1900 5824 ο
1941 5783 2115 5840 Prisca
2145 5786 2410 5854 interpret.
2442 5800 2535 5838 nec
2566 5786 2770 5853 Dionys.
2802 5799 2894 5837 nec
2931 5783 3050 5836 Isid.
