4010 6460
665 376 791 429 1011

1483 382 1791 439 CANONES
1829 381 2104 439 SELECTI
2140 385 2229 439 ΕΚ
2265 386 2416 439 VET.
2457 387 2607 441 CAN.
2645 388 2966 446 COLLECT.

3692 403 3815 455 lOI‘Z

659 485 1029 541 detrimentum
1066 491 1383 556 sustineant;
1416 499 1469 544 et
1504 507 1570 545 ne
1605 491 1906 560 frequenter
1931 492 2186 546 veniendo
2214 500 2257 559 Α
2286 495 2615 560 postmodum
2659 497 2738 550 vel
2760 498 2858 565 ipsi
2887 499 2950 553 de
2977 515 3033 554 se
3081 504 3667 572 aliquid-crin'iinosum
3708 525 3817 564 con-

658 575 722 627 ad
747 574 1008 629 civitatem
1036 577 1269 644 alterius,
1309 580 1654 648 su5picionem
1673 579 1939 647 jactantia:
1965 581 2048 634 vel
2074 596 2187 633 am-

656 661 871 717 bitionis
900 665 1150 717 incurrat.

812 742 817 745 ’
1206 752 1429 809 CAPUT
1483 754 1639 810 XVII.

2288 584 2411 639 ﬁessi
2451 594 2590 649 sunt,
2631 588 2711 640 vel
2761 590 2825 642 ab
2846 590 2964 644 aliis
3008 594 3188 647 revicti
3220 594 3315 665 [id]
3347 598 3686 665 abjiciantur.

2655 671 2830 727 Canon
2876 675 3215 745 Epaunensis.
3256 698 3361 736 arra
3390 684 3474 737 19.

2355 760 2528 814 Abbas
2553 762 2596 815 si
2621 762 2672 815 in
2697 765 2846 831 culpa
2878 769 3169 833 reperiatur
3196 769 3309 839 [aut
3334 772 3572 844 fraude],
3599 782 3657 829 et
3677 776 3819 832 inno-

653 871 717 911 ιιι
739 871 999 914 ronn'rts
1026 876 1441 926 pessuma-onum,
1465 881 1532 917 nr
1550 879 1784 921 cLsntcts
1806 879 1917 919 SINE
1944 881 2189 919 ur'rstus
2285 853 2489 898 “mem
2520 862 2576 900 se
2600 862 2842 903 asserens
2868 853 2935 905 ³1)
2955 854 3201 922 episcopo
3253 872 3349 910 δυο
3376 860 3623 927 πείρετε
3644 863 3815 916 ποιηθ-

1218 948 1627 985 ANBULASTIBUS.

1024 1026 1585 1104 Canon‘Antiochenus,
1619 1057 1723 1093 (cra
1760 1039 1809 1092 8.

714 1136 741 1163 ι
793 1124 1002 1179 Nullum
1057 1130 1446 1197 peregrinorum
1490 1129 1689 1198 absque
1732 1131 1955 1186 formata
1993 1134 2186 1201 suscipi

653 1221 877 1280 Oportet.

1154 1285 1289 1336 /Era
1332 1286 1364 1338 9
1410 1285 1546 1356 [eam
1594 1286 1668 1357 8].

714 1367 893 1437 Neque
918 1373 1250 1441 presbyteros
1270 1376 1334 1429 ad
1360 1377 1601 1446 regiones
1626 1377 1934 1446 longinquas
1960 1380 2180 1432 canoni-

643 1469 735 1510 cas
763 1459 1007 1525 epistolas
1029 1462 1171 1524 dare,
1195 1464 1297 1517 nisi
1318 1463 1383 1517 ad
1406 1464 1676 1532 episcopos
1702 1464 1952 1520 ﬁnitimos
1976 1466 2178 1535 simpli-

637 1558 726 1601 ees
753 1548 1001 1616 epistolas
1029 1551 1259 1604 mittere.

1234 1640 1268 1678 ιι
1306 1638 1442 1691 ΛΕΜ
1483 1640 1568 1693 10.

703 1724 926 1778 Vicariis
953 1741 1080 1780 vero
1108 1728 1470 1794 episcoporum
1514 1726 1767 1781 formatas
1794 1727 1970 1783 facere
1998 1728 2171 1783 liceat.

949 1814 1124 1868 Canon
1150 1814 1595 1881 Chalcedonensis,
1624 1833 1729 1870 arra
1767 1818 1850 1871 11.

704 1908 726 1938 α
764 1897 959 1955 Omnes
982 1902 1161 1969 inopes
1185 1903 1268 1955 vel
1290 1902 1581 1971 indigentes
1601 1904 1891 1958 subsidium
1911 1920 2030 1959 cum
2052 1921 2178 1974 pro-

633 1989 849 2042 batione
877 1998 1062 2057 petant
1093 1990 1458 2059 apostolicum,
1488 1991 1570 2045 vel
1598 2006 1717 2046 cum
1745 1993 1981 2061 paciﬁcis
2007 1994 2178 2048 eccle-

630 2076 857 2131 siasticis
880 2079 1240 2131 tantummodo
1264 2077 1683 2145 proﬁciscantur,
1707 2087 1762 2131 et
1779 2094 1881 2131 non
1907 2094 2170 2133 commen-

631 2166 853 2231 datitiis,
882 2168 1005 2236 quia
1032 2167 1471 2220 commendatitiae
1499 2166 1888 2219 honestioribus
1913 2168 2171 2235 personis.

837 2255 1013 2309 Canon
1037 2255 1385 2319 Laodicensis,
1426 2272 1531 2308 (era
1556 2255 1623 2310 28
1658 2251 1794 2326 [εαη.
1844 2254 1955 2326 41].

704 2343 730 2382 δ
757 2343 870 2398 Non
899 2354 1107 2414 oportet
1143 2334 1414 2423 ministros
1446 2346 1647 2410 altaris,
1692 2346 1771 2398 vel
1803 2346 1961 2399 etiam
1984 2346 2173 2400 laicum

633 2434 747 2488 sine
783 2438 1048 2491 canonicis
1074 2437 1267 2492 litteris
1289 2477 1305 2503 ,
1344 2438 1397 2491 id
1437 2447 1519 2491 est
1554 2437 1799 2503 formata,
1846 2438 2022 2507 aliquo
2047 2454 2171 2507 pro-

638 2523 820 2579 ﬁcisci.
1190 2594 1193 2595 ν

640 2680 646 2684 ι
684 2640 693 2651 -
924 2612 1102 2667 Canon
1134 2612 1579 2679 Chalcedonensis,
1626 2631 1733 2667 tera
1769 2615 1854 2669 15.

707 2716 732 2744 ο
765 2704 1077 2775 Peregrinos
1112 2706 1333 2761 clericos
1359 2707 1410 2761 in
1450 2707 1607 2762 aliam
1661 2708 1929 2762 civitatem
1979 2716 2171 2777 praeter

590 2818 594 2822 Α
626 2794 1080 2849 commendatitias
1099 2796 1302 2852 litteras
1324 2798 1405 2853 sui
1423 2798 1688 2867 episcopi,
1737 2813 1995 2868 nusquam
2020 2801 2169 2869 peni-

630 2890 714 2938 tus
738 2885 1038 2940 ministrare
1074 2888 1283 2941 debere.

734 2959 739 2964 ’
852 2970 1029 3025 Canon
1061 2975 1378 3043 Agat/tensis,
1408 2991 1514 3029 aera
1541 2975 1608 3029 26
1655 2974 1793 3047 [can.
1821 2977 1931 3050 38].

693 3063 882 3119 Clerici
921 3065 1009 3119 vel
1044 3067 1200 3119 etiam
1235 3067 1498 3132 monachi,
1528 3066 1687 3139 [Edd.
1735 3085 1837 3121 om.
1892 3064 2195 3142 monachi]:

625 3154 742 3210 sine
790 3156 1229 3229 commendatitiis
1271 3155 1462 3209 litteris
1506 3157 1585 3210 sui
1639 3158 1870 3226 episcopi
1896 3158 2161 3212 licentiam

622 3241 782 3315 (Var.
811 3244 951 3313 edd.)
986 3260 1087 3297 non
1110 3245 1380 3313 patiantur
1419 3246 1691 3315 evagandi.
1748 3246 1767 3284 ί
1797 3247 1946 3313 Quod
1991 3249 2035 3302 si
2070 3263 2162 3303 eos

621 3333 901 3386 verborum
924 3336 1179 3386 correctio
1199 3349 1301 3386 non
1318 3335 1695 3399 emendaverit,
1727 3337 1888 3391 etiam
1924 3340 2159 3392 verberi-

620 3423 721 3474 bus
746 3430 1089 3475 coerceantur
1148 3421 1450 3493 [statuimus
1470 3424 1746 3495 coerceri].

973 3509 1151 3563 Canon
1178 3511 1519 3580 Epaunensis,
1549 3529 1653 3567 σίγα
1676 3513 1709 3566 5
1734 3516 1778 3566 ε.

685 3604 1000 3673 Presbytero
1021 3602 1107 3657 vel
1128 3604 1369 3668 diacono,
1394 3605 1507 3658 sine
1531 3605 1785 3659 antistitis
1811 3606 1892 3658 sui
1920 3606 1947 3646 ιι
1971 3606 2161 3662 litteris

615 3693 924 3758 ambulanti,
990 3695 1413 3748 communionem
1440 3693 1614 3747 nullus
1639 3695 1924 3762 impendat.

929 3781 1107 3837 Canon
1132 3783 1532 3848 Aurelianensis,
1576 3800 1684 3837 tera
1721 3785 1809 3840 18.

683 3871 916 3928 Clericos
939 3872 992 3927 in
1014 3873 1235 3927 aliorum
1258 3873 1561 3928 civitatibus
1582 3873 1663 3927 vel
1704 3874 1988 3931 territoriis
2014 3892 2160 3933 com-

614 3972 908 4027 morantes,
938 3964 1005 4017 ad
1026 3964 1226 4017 nullum
1251 3963 1531 4019 clericatus
1553 3964 1808 4021 honorem
1837 3968 2034 4037 absque
2072 3970 2154 4024 sui

614 4068 872 4111 consensu
892 4056 1122 4127 episcopi
1151 4057 1341 4113 debent
1368 4046 1665 4128 promoveri
1695 4063 1738 4114 ί.

1174 4166 1396 4222 CAPUT
1434 4169 1614 4223 XVIII.

612 4269 873 4322 ρυΑιιτειι
897 4270 996 4314 γει.
1018 4270 1117 4311 Ριιο
1135 4270 1473 4318 ουιιιυδιιιιιετ
1517 4273 1696 4313 ουιιηδ
1716 4273 1931 4322 αιτιερουε
1956 4278 2152 4319 θεοκλ-

1267 4342 1460 4379 DETUB.

1027 4410 1204 4464 Canon
1226 4411 1505 4481 Nycwnus,
1536 4430 1641 4467 tera
1663 4416 1746 4469 ll.

687 4500 702 4551 i
750 4500 816 4555 Et
859 4501 905 4555 si
937 4498 1072 4555 forte
1098 4500 1379 4556 indiscrete
1404 4503 1470 4557 ad
1512 4504 1864 4558 sacerdotium
1887 4508 2146 4574 provecti.

681 4665 707 4693 ι
748 4652 925 4721 Prisca
947 4652 1137 4721 interp.
1158 4666 1256 4705 nec
1280 4652 1493 4721 Dionys.
1523 4665 1620 4705 nec
1645 4651 1765 4706 lsid.

680 4722 708 4761 δ
747 4720 863 4790 lion
899 4720 1233 4790 distinguitur
1259 4735 1288 4772 a
1314 4720 1539 4788 pras’ced.
1566 4721 1619 4773 in
1639 4721 1758 4790 erit].

682 4799 705 4857 ξ
745 4788 925 4844 Prisca
954 4788 1141 4857 interp.
1174 4803 1270 4842 nec
1288 4789 1509 4857 pionys.
1538 4802 1636 4842 nec
1671 4788 1792 4842 Isid.

677 4856 703 4896 ιι
732 4857 916 4927 grisca
946 4855 1134 4927 interp.
1170 4866 1268 4911 nec
1287 4855 1502 4927 Dionys.
1533 4871 1630 4910 nec
1653 4857 1775 4927 lsid.

684 4934 707 4993 ξ
732 4924 913 4978 Prisca
944 4924 1133 4993 interi).
1163 4940 1262 4977 nec
1289 4924 1501 4993 Dionys.
1531 4940 1629 4993 nec
1650 4925 1778 4993 lsid.

683 4991 704 5030 ί
731 4993 860 5047 Vide
887 5008 1035 5047 conc.
1072 4991 1380 5047 Veneticum
1406 4991 1446 5057 ι’,
1477 5007 1526 5048 c.
1556 4992 1608 5056 5,
1635 4992 1686 5045 6;

682 5062 708 5129 Ρ
748 5061 906 5115 Cone.
932 5062 1129 5129 Epaon,
1159 5077 1207 5114 c.
1235 5060 1287 5129 6.

658 5127 708 5166 ·¹ι
751 5129 871 5183 Var.
898 5127 1017 5183 edd.
1056 5130 1160 5184 Sed
1187 5128 1304 5182 vide
1323 5127 1516 5183 concil.
1554 5128 1732 5183 Aurel.
1758 5146 1837 5193 ιιι,
1862 5145 1907 5184 c.
1940 5129 2021 5194 15,
2046 5131 2135 5188 ubi

612 5197 713 5267 iste
739 5213 903 5267 canon
929 5199 1143 5265 perinde
1188 5198 1462 5267 citaturut
1486 5196 1677 5267 legitur
1704 5200 1754 5252 in
1778 5199 1895 5253 coll.

687 5266 706 5308 ι
738 5266 839 5336 lste
860 5282 1031 5336 canon
1053 5267 1283 5336 pertinet
1332 5266 1397 5319 ad
1442 5266 1720 5336 concilium
1757 5267 2133 5323 Aurelianense

611 5349 696 5399 ιιι,
749 5348 797 5389 c.
821 5334 904 5398 15,
945 5344 1035 5389 aut
1055 5333 1125 5387 ad
1144 5350 1175 5387 v
1204 5348 1375 5396 conc.,
1400 5347 1446 5387 c.
1475 5333 1527 5396 5,
1556 5334 1645 5387 ubi
1672 5335 1807 5388 idem
1834 5350 2020 5391 sensus
2047 5352 2131 5391 re-

614 5404 779 5457 fertur
820 5404 999 5471 paucis
1052 5404 1225 5457 verbis
1274 5404 1507 5456 mutatis.
1557 5400 1646 5456 Sic
1686 5418 1808 5457 vero
1828 5405 1880 5456 in
1908 5406 2130 5460 concilio

615 5470 914 5542 Aurel.,’__e.
943 5471 1029 5535 15,
1088 5472 1309 5527 habetur
1337 5486 1351 5523 :
1384 5488 1402 5520 ι
1431 5471 1505 5524 De
1520 5470 1606 5542 his
1647 5486 1772 5542 vero
1800 5472 2007 5542 clericis
2039 5476 2129 5542 qui

613 5540 710 5616 sub
730 5540 1371 5617 qualibet_occas_ioneaut
1400 5539 1698 5617 conditione
1720 5541 1779 5617 in
1808 5540 2030 5617 aliorum
2055 5539 2129 5595 ei-

615 5608 863 5661 vitalibus
904 5610 985 5662 vel
1039 5610 1317 5665 territoriis
1367 5608 1683 5663 crediderint
1718 5609 2125 5674 immorandum,

615 5688 681 5729 ne
726 5674 791 5729 ad
810 5676 969 5730 ullum
996 5678 1268 5733 clericatus
1295 5681 1544 5733 honorem
1569 5677 1763 5744 absque
1786 5677 1862 5731 sui
1893 5677 2125 5746 cpiscop=

2171 4419 2223 4482 D

2285 933 2354 985 rit
2401 949 2788 1003 successorem,
2837 940 2901 993 ad
2937 944 3321 1011 metropolitani
3354 945 3617 1013 judicium
3664 950 3818 1004 dedu-

2283 1029 2454 1075 catur.

2857 1116 3012 1170 zEra.
3035 1118 3124 1172 22.
3212 1086 3225 1089 Δ

2352 1200 2377 1239 ι
2406 1200 2461 1255 Si
2484 1203 2736 1259 diaconus
2789 1214 2879 1260 aut
2915 1206 3068 1276 (Var.
3117 1208 3260 1278 edd.)
3296 1216 3581 1285 presbyter
3624 1219 3818 1274 crimen

2278 1291 2503 1380 capitale
2528 1296 2871 1360 commiserit,
2917 1299 3183 1367 depositus
3215 1299 3305 1370 [ab
3352 1303 3512 1359 cilicii
3567 1308 3807 1380 honore],

2278 1372 2333 1425 in
2373 1377 2692 1429 monasterio
2720 1378 3040 1442 retrudatur,
3074 1382 3146 1437 ibi
3167 1388 3547 1454 tantummodo,
3579 1372 3813 1458 quandiu

2278 1460 2470 1515 vixerit
2511 1465 2880 1520 communione
2898 1469 3171 1523 sumenda.

2585 1551 2764 1607 Canon
2792 1555 3199 1624 Aurelianensis,
3223 1577 3330 1614 tera
3358 1561 3393 1616 6
3419 1562 3463 1616 ι.

2345 1638 2401 1692 Si
2426 1639 2678 1697 diaconus
2697 1651 2787 1697 aut
2806 1646 3084 1716 presbyter
3116 1650 3317 1704 crimen
3340 1652 3573 1720 capitale
3605 1658 3817 1711 commi-

2275 1729 2423 1794 serit,
2452 1730 2608 1785 simul
2658 1741 2712 1786 et
2751 1733 3005 1789 ollieioet
3049 1738 3419 1795 communione
3460 1741 3727 1811 privetur.

2667 1865 2671 1869 .
2894 1821 3031 1877 Era
3054 1824 3087 1878 8
3116 1836 3175 1878 In.

2343 1904 2499 1975 (Add.
2540 1907 2605 1961 in
2636 1908 2779 1980 edd‘)
2839 1909 2896 1963 Si
2946 1912 3067 1978 quis
3093 1912 3318 1969 clericus
3357 1915 3693 1974 adulterasse
3733 1930 3815 1975 aut

2273 1994 2544 2048 confessus
2566 1995 2650 2049 vel
2681 1997 2910 2051 revictus
2945 1997 3122 2065 fuerit,
3179 2000 3450 2070 depositus
3474 2005 3543 2059 ab
3572 2007 3749 2063 ot’iicio
3769 2018 3813 2063 et

2273 2080 2640 2134 communione
2662 2072 3033 2154 concessa,'[in
3062 2088 3406 2161 monasterio]
3443 2100 3559 2147 toto
3584 2102 3813 2165 tempore

2271 2168 2392 2221 vitae
2416 2181 2523 2221 sua:
2552 2169 2873 2223 retrudatur.

2902 2258 3153 2316 £1119III

2340 2343 2396 2397 Si
2439 2346 2559 2412 quis
2584 2346 2806 2402 clericus
2829 2346 3029 2403 furtum
3047 2360 3137 2404 aut
3155 2349 3437 2408 falsitatem
3464 2358 3809 2421 «immiserit.

2269 2433 2389 2499 quia
2416 2436 2657 2501 capitalia
2685 2445 2807 2491 sunt
2824 2436 2963 2513 [ipsa
2982 2440 3251 2513 crimina],
3280 2447 3659 2502 communione
3688 2464 3806 2505 eon-

2268 2538 2435 2588 ccssa,
2465 2526 2530 2576 ab
2557 2524 2741 2580 ordine
2766 2526 3097 2596 degradetur.
3287 2587 3295 2599 ι

2963 2618 3099 2672 ,ΕΜ
3124 2620 3158 2673 2
3186 2627 3230 2674 ο.

2295 2738 2299 2743 υ
2334 2701 2516 2757 Nullus
2536 2704 2845 2759 clericorum
2868 2722 2898 2759 a
2925 2709 3264 2775 subdiacono,
3285 2721 3338 2765 et
3365 2727 3549 2782 supra,
3581 2715 3671 2785 (In
3697 2718 3806 2771 edd.

2266 2791 2387 2843 add.
2422 2794 2680 2864 qna’dam)
2731 2789 2852 2849 cum
2901 2790 3066 2851 bsore
3100 2811 3258 2865 quam
3280 2807 3403 2854 ante
3450 2800 3472 2871 (
3486 2800 3611 2855 Var.
3669 2805 3806 2873 edd.)

2266 2880 2449 2936 habuit
2468 2883 2768 2938 misceatur.
2794 2884 2942 2952 Quod
2979 2886 3022 2940 si
3045 2885 3249 2953 fecerit,
3274 2887 3405 2943 laica
3431 2895 3805 2951 communione

2265 2986 2513 3026 concessa
2564 2972 2908 3044 [contentus],
2965 2975 3122 3043 (Add.
3173 2979 3411 3045 qumdam
3459 2980 3515 3032 in
3561 2981 3708 3050 edd.)
3744 2986 3812 3037 ab

2263 3060 2434 3116 oﬁicio
2459 3065 2764 3131 deponatur.
2790 3065 2940 3130 Quod
2967 3066 3011 3119 si
3048 3066 3222 3120 sciens
3248 3065 3401 3137 (Var.
3432 3068 3578 3136 cdd.)
3608 3070 3801 3137 episce

2261 3165 2359 3218 pus
2384 3150 2519 3204 suus‘
2535 3151 2709 3205 taliter
2758 3154 2947 3221 egisse,
2994 3160 3048 3207 et
3104 3168 3225 3206 eum
3252 3164 3434 3223 postea
3474 3156 3542 3209 ad
3563 3155 3795 3210 cilicium

2260 3241 2550 3304 admiserit,
2570 3243 2738 3297 tribus
2767 3242 3037 3297 mensibus
3056 3259 3174 3297 cum
3195 3243 3504 3311 poenitentia
3529 3242 3619 3315 [ad
3645 3260 3799 3316 agen-

2257 3327 2377 3381 dam
2403 3329 2794 3400 ptenitentiam]
2842 3331 2911 3384 sit
2956 3346 2985 3383 a
3007 3346 3102 3385 suo
3126 3330 3298 3386 ollicio
3316 3342 3700 3402 sequestratae.

2662 3472 2673 3479 ,
2882 3419 3018 3473 zEra
3047 3420 3078 3472 7
3111 3431 3156 3472 P.

2326 3507 2515 3562 Clerici
2547 3507 2709 3579 [Εάά.
2754 3509 2879 3562 add.
2932 3510 3021 3578 qui
3070 3524 3192 3563 cum
3245 3524 3437 3565 uxores
3484 3526 3594 3565 non
3638 3512 3795 3569 babe-

2258 3597 2411 3673 rent]
2450 3599 2819 3653 benedictione
2867 3606 3114 3667 suscepta
3165 3598 3210 3652 si
3259 3598 3501 3667 conjugis
3558 3600 3793 3654 credide-

2258 3687 2363 3740 rint
2417 3687 2674 3753 eligenda,
2728 3688 2819 3754 qui
2864 3688 3101 3741 volentes
3144 3687 3343 3755 absque
3380 3687 3486 3740 ulla
3531 3687 3793 3742 reclama-

2257 3776 2400 3829 tione
2472 3775 2525 3828 in
2577 3783 2733 3830 aetate
2784 3775 3013 3845 legitima
3076 3775 3287 3830 fuerunt
3345 3776 3615 3843 ordinati,
3674 3795 3792 3833 cum

2254 3864 2382 3930 ipsis
2413 3863 2720 3917 mulieribus
2742 3862 2898 3935 [quas
2927 3861 3246 3933 acceperint]
3280 3865 3652 3919 communione
3686 3865 3789 3935 pel-

2252 3951 2449 4006 lantur.
2503 3951 2653 4017 Quod
2681 3953 2725 4006 si
2773 3953 2970 4006 invitus
3015 3960 3106 4007 aut
3137 3953 3429 4008 reclamans
3456 3954 3618 4009 fuerit
3650 3957 3784 4011 ordi-

2254 4048 2429 4103 natus,
2481 4041 2773 4107 deponatur
2801 4041 2868 4096 ab
2900 4040 3089 4105 cilicio,
3144 4041 3236 4095 sed
3282 4057 3387 4095 non
3419 4048 3789 4107 communione

2251 4130 2494 4198 pellatur.
2522 4129 2824 4201 Episcopus
2863 4130 2954 4197 qui
3000 4130 3219 4183 invitum
3268 4139 3360 4184 aut
3411 4133 3787 4191 reclamantem

2250 4217 2574 4271 ordinaverit
2604 4216 3022 4288 [praesumpserit
3046 4217 3337 4290 ordinare],
3375 4221 3587 4276 annuali
3615 4225 3787 4292 pinni-

2250 4309 2424 4361 tentiae
2444 4308 2681 4361 subditus
2708 4307 2898 4360 missas
2918 4306 3093 4361 facere
3116 4322 3219 4362 non
3250 4318 3554 4378 praesumat.

2911 4404 3048 4459 dira
3079 4405 3143 4457 l7
3170 4416 3219 4458 (ι.

2316 4494 2391 4548 De
2426 4496 2505 4548 his
2526 4496 2614 4565 qui
2642 4497 2697 4549 in
2722 4496 2891 4549 aliena
2920 4495 3124 4549 diwcesi
3167 4494 3376 4550 clericos
3425 4499 3685 4554 ordinant.
3718 4534 3780 4543 α-

2243 4650 2440 4719 scripto
2461 4658 2617 4718 atque
2637 4663 2899 4721 consensu
2913 4648 3135 4721 debeant
3154 4650 3469 4721 promoveri.
3503 4670 3520 4702 ι
3551 4651 3627 4721 ita
3657 4669 3778 4721 quo-

2242 4716 2426 4787 que-in
2476 4716 2627 4773 co'ne.
2670 4719 2850 4787 Aurel.
2886 4732 3014 4787 v,‘c.
3042 4717 3076 4771 5
3108 4735 3120 4769 :
3156 4716 3181 4766 ’c
3215 4716 3283 4771 Ut
3305 4717 3477 4771 nullus
3528 4716 3776 4776 clericum

2241 4782 2333 4842 s'eu
2362 4788 2608 4841 lectorem
2631 4782 2881 4855 alienum,
2928 4786 3043 4855 sine
3091 4786 3182 4855 sui
3217 4787 3454 4840 cessione
3506 4789 3776 4855 pontiﬁcis

2241 4857 2321 4910 vel
2340 4870 2669 4924 promovere,
2689 4854 2773 4908 vel
2799 4855 2900 4908 sibi
2922 4853 3239 4922 quibuslibet
3265 4853 3659 4910 conditionibus
3680 4872 3773 4912 au-

2162 4972 2169 4978 .
2239 4925 2357 4978 deat
2378 4925 2663 4978 vindicare.
2698 4942 2715 4974 ι

2309 4992 2322 5042 i
2386 4993 2580 5060 lnterp.
2617 4991 2813 5046 Ruﬁni.
2850 4992 2966 5046 Vid.
3009 4990 3161 5059 epist.
3197 4990 3230 5043 6
3271 4989 3487 5044 Joannis
3526 5006 3675 5060 papa:
3706 4994 3763 5047 ll.

2306 5062 2333 5101 ιι
2380 5062 2496 5115 V'id.
2526 5062 2707 5129 titulos
2756 5074 3015 5113 canonum
3043 5060 3427 5114 Gallicanorum
3462 5069 3583 5129 post
3608 5063 3761 5128 epist.

2232 5130 2449 5198 Joannis
2480 5144 2625 5198 papae
2645 5128 2705 5198 ll.

2309 5196 2328 5237 ι
2374 5195 2534 5251 Cone.
2548 5195 2735 5250 ’Aurel.
2761 5212 2801 5259 ι,
2822 5210 2871 5251 c.
2900 5196 2952 5251 9.
2969 5196 3085 5251 Vid.
3110 5195 3291 5249 titulos
3313 5210 3571 5250 canonum
3592 5195 3754 5253 Galli-

2232 5281 2504 5330 canorum,
2551 5267 2676 5319 dist.
2707 5266 2795 5327 81,
2817 5280 2882 5320 ex
2922 5279 3070 5318 conc.
3099 5263 3295 5317 Arelat.
3317 5281 3356 5328 ι,
3386 5280 3433 5319 c.
3466 5266 3554 5319 11.

2300 5346 2339 5373 ω
2360 5334 2520 5389 Cone.
2548 5333 2727 5387 Aurel.
2757 5348 2839 5395 ιιι,
2873 5347 2921 5386 c.
2950 5331 3003 5387 8.
3036 5333 3147 5387 για.
3179 5333 3321 5388 eosd.
3367 5332 3565 5393 titulos.

2299 5415 2326 5442 υ
2352 5402 2599 5482 Ejusdem
2620 5417 2770 5456 conc.
2811 5417 2891 5482 tu,
2918 5415 2966 5455 c.
2989 5400 3044 5456 8.

2300 5483 2324 5507 ο
2350 5470 2531 5540 Ejusd.
2562 5485 2735 5535 conc.,
2758 5485 2808 5524 c.
2829 5470 2883 5523 2.

2300 5554 2324 5591 ι’
2348 5538 2525 5613 Ejusd.
2553 5554 2701 5593 conc.
2727 5555 2808 5613 ιιι,
2838 5538 2968 5613 c._7.

2294 5623 2320 5661 ⁴ι
2365 5605 2545 5678 Ejusd.
2573 5622 2722 5663 conc.
2754 5607 2933 5662 Aurel.
2967 5622 3045 5672 ιιι,
3071 5621 3118 5663 c.
3154 5605 3233 5661 15.
