4010 6396
226 420 253 474 1
267 418 372 474 οη

221 623 573 687 ordinaverit,
605 626 689 693 ve}
724 627 905 680 altaria
955 635 1367 695 consecraverit,
1422 632 1633 686 remotis
1677 635 1758 686 bis

219 728 360 780 quos
387 715 670 777 ordinavit,
687 717 868 771 altaris
894 729 1064 773 tamen
1086 723 1474 775 consecratione
1496 732 1757 786 manente,

220 810 587 872 transgressor
614 821 869 861 canonum
923 826 1114 862 annum
1144 826 1173 863 a
1203 813 1477 864 missarum
1527 812 1761 865 celebra-

223 894 372 947 tione
412 897 659 952 cessabit.

600 984 775 1037 Conon
801 985 1144 1049 Ca'saricnsis,
1182 1005 1285 1041 trra
1316 990 1363 1041 i.

295 1071 374 1124 De
417 1071 717 1139 presbyteris
776 1074 1159 1139 fornicantibus.
1187 1106 1254 1115 -—
1310 1076 1336 1114 ι)
1366 1076 1644 1145 Presbyter
1671 1077 1760 1143 qui

224 1173 449 1214 uxorem
478 1163 1038 1234 duxerit,deponatur.
1067 1163 1120 1216 Si
1143 1164 1431 1217 fornicatus
1460 1164 1635 1227 fuerit,
1659 1171 1751 1216 aut

225 1248 544 1302 adulterium
576 1251 915 1314 commiserit,
952 1253 1017 1305 ab
1049 1252 1270 1306 ecclesia
1320 1253 1596 1322 abjiciatur
1624 1253 1761 1305 inter

223 1335 394 1391 laicos
432 1339 496 1391 ad
534 1326 894 1407 pmnitentiam
918 1342 1189 1409 agendam.

562 1426 739 1480 Canon
765 1430 1121 1497 Ancyn’tanus,
1157 1445 1260 1483 arra
1281 1430 1368 1483 20.
1443 1469 1454 1479 .

301 1528 325 1556 ο
370 1516 426 1571 Si
454 1518 572 1585 quis
593 1518 900 1571 adulterium
929 1519 1270 1582 commiserit,
1311 1535 1382 1572 vn
1413 1518 1565 1571 annis
1594 1517 1763 1586 poeni-

226 1606 394 1661 tentia
414 1606 709 1674 completis,
753 1607 1043 1675 presbyteri
1092 1606 1172 1659 vel
1197 1606 1402 1659 diaconi
1432 1606 1483 1658 in
1512 1605 1761 1658 laicorum

226 1696 600 1749 communione
626 1696 927 1765 reddantur.

581 1781 759 1836 Conon
787 1782 1173 1847 Valcntinensis,
1204 1800 1307 1835 trra
1342 1784 1375 1836 5
1405 1781 1453 1835 ἀ.

1067 427 1372 481 (ἊΝΟΝΕΞ
1412 427 1687 497 SELECI!
1727 432 1813 483 liii
1853 433 2002 486 VET.
2041 435 2189 489 CAN.
2231 396 2555 494 COLLECT:

223 537 523 605 Episcopus
562 550 584 576 ιι
630 540 672 592 si
722 542 771 592 in
813 541 1027 597 alterius
1054 543 1266 597 (Μοδερδὶ
1314 548 1512 615 alienos
1538 548 1753 599 clericos
1785 555 1823 605 Α

3238 452 3371 506 1οη

2162 551 2335 604 Conon
2361 554 2732 620 Apostolorum,
2759 574 2861 609 trra
2896 559 2960 610 50
2994 571 3035 610 ι.
3283 568 3286 572 λ

1929 638 1951 674 ιι
1985 638 2042 689 Si
2089 639 2205 705 quis
2228 641 2503 707 episcopus
2537 641 2708 705 Singuli
2730 652 2984 708 potestate
3027 661 3169 711 usus,
3209 659 3261 701 et
3284 666 3374 719 per

1857 725 2008 787 banc,
2039 727 2311 779 ecclesiam
2352 729 2602 789 obtineat,
2652 731 2936 797 deponatur
2965 746 2977 783 :
3009 743 3062 786 et
3100 750 3375 806 segreget}.

1860 820 1943 864 tur
1962 828 2142 866 omnes
2165 814 2236 866 illi
2264 815 2350 881 qui
2368 817 2768 869 communicant.

2324 964 2327 967 ν
2500 901 2630 953 xEra
2658 902 2744 957 ~55.
3230 956 3237 963 ,

1924 986 2154 1065 Clericus
2197 990 2449 1044 ebrietate
2475 993 2730 1056 serviens,
2786 1003 2876 1047 aut
2918 996 3138 1055 desinat.
3165 1007 3256 1055 aut
3286 1000 3375 1060 de-

1857 1084 2097 1139 ponatur.

2336 1162 2512 1217 Conon
2556 1166 2850 1221 Matircnsts
2894 1170 2933 1221 ι.

1926 1250 1981 1304 Si
2036 1251 2183 1322 [ltem
2229 1252 2556 1306 decernimus
2580 1263 2638 1320 ut
2686 1256 2880 1319 nullus,
2934 1258 3061 1328 etc.]
3107 1262 3381 1329 presbyter

1857 1340 2125 1395 confertus
2145 1342 2283 1404 cibo,
2326 1351 2415 1395 aut
2461 1344 2759 1410 crapulatus
2785 1347 2923 1405 vino,
2972 1350 3228 1403 sacriticia
3256 1366 3405 1405 con-4

1858 1436 2104 1490 trectarc,
2146 1438 2236 1482 aut
2282 1432 2468 1484 missas
2512 1432 2682 1485 facere
2713 1432 2950 1502 [privatis
2979 1438 3226 1506 festisque
3272 1440 3357 1495 die

1856 1518 1954 1571 bus
1994 1521 2814 1591 concelebrare]-prmsnmpscrit,
2872 1524 3020 1593 (Var.
3051 1538 3095 1579 et
3126 1529 3228 1580 alia
3255 1530 3380 1583 add.

1859 1607 1912 1658 in
1936 1608 2039 1676 ed.)
2067 1608 2218 1675 juxta
2264 1626 2491 1665 canones
2517 1613 2792 1667 Africanos
2840 1616 3140 1684 dignitatem
3168 1618 3379 1672 amittat

1861 1696 2092 1750 honoris.

2191 1785 2367 1842 Conon
2391 1790 2753 1860 apostolorum,
2786 1808 2887 1845 trra
2924 1793 2990 1845 40
3016 1805 3073 1846 ιη.

301 1868 577 1940 (Οαανάαηι
607 1869 729 1921 add.
761 1870 814 1921 in
840 1869 955 1920 cdd.
988 1867 1419 1937 Diaconus(Var.
1444 1868 1582 1936 cdd.)
1606 1882 1753 1936 pres—

1903 1874 2206 1943 Episcopus,
2224 1880 2515 1947 presbyter,
2531 1881 2795 1940 diaconus,
2812 1881 2952 1942 ale-.e,
2972 1865 3068 1936 lioc
3082 1891 3162 1937 est
3175 1885 3382 1950 tabulis,

224 1962 405 2030 byter,
455 1960 538 2013 vel
588 1960 864 2027 episcopus
912 1958 955 2010 si
1004 1958 1212 2010 mortali
1264 1956 1483 2010 crimine
1531 1956 1759 2008 dixerint

224 2063 285 2102 se
312 2063 431 2101 esse
468 2049 712 2116 pollutos,
753 2047 1081 2113 deponantur
1111 2043 1163 2115 [a
1192 2042 1524 2112 supradictis
1551 2042 1760 2096 ordina-

225 2138 462 2191 tionibus
486 2134 940 2204 submoveantur],
970 2133 1122 2202 (Var.
1153 2134 1293 2201 edd.)
1328 2135 1440 2186 sive
1473 2148 1610 2184 vera:
1636 2146 1759 2185 con-

221 2225 494 2288 fessionis,
543 2227 639 2279 vel-
674 2226 950 2279 mendacii.
1003 2224 1181 2293 Neque
1200 2224 1340 2277 enim
1366 2222 1562 2275 absolvi
1599 2222 1649 2274 in
1679 2221 1761 2273 bis

221 2324 425 2385 potest,
476 2313 650 2384 (Deest
688 2315 738 2367 in
772 2312 914 2382 edd.)
948 2313 992 2365 si
1018 2313 1069 2365 in
1098 2312 1297 2380 seipsos
1351 2311 1597 2370 dixerint,
1623 2310 1761 2376 quod

223 2404 427 2457 dictum
455 2404 506 2455 in
534 2402 665 2457 alios
690 2404 983 2471 puniretur,
1027 2416 1146 2454 cum
1170 2400 1340 2453 omnis
1366 2400 1454 2467 qui
1484 2398 1581 2451 sibi
1607 2396 1763 2451 fuerit

224 2491 421 2544 mortis
457 2505 638 2554 causa,
667 2490 1128 2559 majorbomicida
1160 2488 1249 2541 sit.

606 2577 783 2630 Conon
804 2578 1099 2645 Africanus,
1123 2592 1227 2628 (τινα
1252 2573 1320 2626 44
1364 2584 1406 2625 ο.

295 2666 536 2724 Clericus
565 2664 872 2729 maledicus,
923 2665 1253 2729 maximeque
1300 2661 1353 2714 in
1382 2658 1759 2721 sacerdotibus,
1840 2668 1841 2671 ‘

216 2764 448 2827 cogatur
474 2756 539 2809 ad
563 2754 926 2823 postulandam
956 2753 1182 2806 veniam.
1213 2750 1272 2804 Si
1298 2749 1543 2812 noluerit,
1574 2748 1762 2815 degra-

221 2846 400 2907 detur,
435 2859 534 2897 nec
554 2858 783 2911 unquam
824 2843 890 2896 ad
913 2839 1140 2894 cilicium
1172 2840 1370 2906 absque
1406 2835 1765 2891 satisfactione

222 2939 524 2987 revocetur.

887 3015 1111 3070 Δέναᾶὄ
1143 3014 1186 3067 τ.

297 3130 533 3186 Clericus
552 3130 642 3199 qui
664 3128 1050 3183 adulationibus
1074 3134 1127 3182 et
1161 3124 1543 3197 proditionibus
1583 3122 1759 3192 vagari
1785 3145 1834 3209 (ι

223 3219 656 3293 deprehenditur,
711 3221 778 3273 ab
818 3218 988 3272 ollicio
1033 3219 1326 3285 deponatur
1377 3211 1758 3286 [degradetur].

879 3324 1102 3381 ΑἶγαΒὸ
1132 3326 1203 3378 3.’

296 3434 357 3493 Si
382 3437 725 3505 ptenitentem
750 3436 924 3490 sciens
944 3435 1220 3503 episcopus
1242 3431 1584 3494 ordinaverit,
1608 3430 1762 3484 ambo

221 3526 580 3597 degradentur
604 3534 658 3581 et
680 3525 949 3578 ordinator
998 3532 1052 3578 et
1100 3523 1372 3577 ordinatus
1419 3519 1546 3590 [Al.,
1602 3521 1761 3574 etiam

223 3615 295 3668 ab
323 3614 662 3693 episcopatus
681 3611 763 3665 sui
787 3610 1062 3664 ordinandi
1089 3610 1343 3664 duntaxat
1366 3615 1624 3676 potestate
1630 3606 1762 3674 ,pri-

223 3698 423 3772 vatur].
894 3756 984 3818 ’ΔΞ
990 3781 1047 3817 ra
1071 3763 1139 3819 85
1155 3763 1205 3815 ιι.

297 3876 554 3931 Similiter
578 3874 770 3947 [Simili
822 3874 1092 3929 sententiae
1140 3868 1452 3940 subiacebit]
1481 3867 1530 3923 si
1557 3868 1760 3938 episco-

221 3980 328 4036 pus
376 3966 548 4020 scieas
572 3964 895 4019 ordinaverit
917 3958 1211 4032 [clericum]
1263 3975 1380 4014 eum
1408 3960 1499 4027 qui
1527 3959 1759 4022 viduam,

220 4062 324 4110 aut
344 4054 697 4123 repudiatam,
722 4059 811 4105 aut
832 4052 1113 4105 secundam
1134 4049 1316 4103 habuit
1344 4062 1583 4102 uxorem.
1629 4057 1635 4071 '

622 4157 801 4212 Conon
825 4156 1153 4220 Arelatensis,
1184 4171 1289 4210 (ενα
1310 4155 1341 4207 7
1375 4156 1416 4208 ί.

295 4270 357 4327 Si
379 4272 656 4340 episcopus
685 4271 901 4324 alterius
916 4269 1165 4323 clericum
1186 4267 1299 4321 sine
1323 4280 1581 4321 consensu
1603 4265 1762 4335 [epis-

223 4363 358 4437 tola]
390 4364 470 4418 sui
500 4363 729 4432 episcopi
748 4360 955 4430 (Quwd.
1000 4359 1121 4413 add.
1152 4359 1206 4411 in
1246 4356 1386 4425 edd.)
1416 4356 1756 4417 ordinaverit,

1858 1972 1949 2015 aut
1969 1964 2209 2017 ebrietati
2226 1967 2480 2027 serviens,
2498 1978 2583 2020 aut
2597 1969 2816 2028 desinat,
2835 1978 2922 2022 aut
2936 1979 3077 2025 certe
3091 1972 3382 2027 damnetur.

2253 2051 2425 2105 Canon
2456 2055 2720 2118 Nicrenus,
2749 2062 2855 2109 arra
2880 2057 2944 2110 18
2972 2066 3018 2110 ιι.
3354 2040 3359 2049 ἱ

1929 2146 1952 2173 °
1986 2138 2172 2193 Clerici
2205 2138 2523 2203 fenerantes,
2557 2147 2609 2194 et
2661 2141 2747 2193 cui
2804 2154 2885 2169 Μ*
2955 2143 3115 2198 simas
3169 2147 3384 2214 exigunt

1856 2226 1938 2280 vel
1964 2242 2148 2281 usuras
2173 2242 2237 2281 ex
2265 2228 2497 2296 quolibet
2521 2237 2673 2298 negot
2947 2238 3095 2285 intnr
3123 2232 3185 2285 de
3221 2233 3379 2286 clero.

2102 2310 2117 2319 ’
2177 2315 2355 2370 Canon
2387 2316 2676 2384 Apostolon
2763 2372 2769 2379 ,
2814 2335 3004 2371 μα...
3040 2329 3081 2371 Ρ.

1925 2404 2240 2471 Episcopus,
2271 2404 2561 2470 presiyter,
2607 2403 2857 2457 diaconus
2894 2419 2960 2459 ne
3009 2420 3235 2472 unquam
3286 2422 3383 2459 51e-

1800 2506 1811 2517 '
1859 2495 2064 2549 culares
2093 2507 2246 2548 curas
2270 2500 2556 2546 assumant.
2583 2492 2673 2545 Sin
2705 2492 2872 2554 aliter,
2902 2494 3245 2562 deponantur.

2101 2584 2278 2636 Conon
2323 2580 2671 2645 Ca’sariensis,
2701 2598 2804 2635 (era
2836 2583 2868 2636 8
2895 2581 3030 2651 jcan.
3070 2582 3146 2651 9].

1927 2680 1955 2719 ιι
1987 2669 2043 2722 Si
2068 2671 2185 2737 quis
2205 2670 2481 2738 presbyter
2503 2668 2775 2723 confessus
2795 2669 2973 2733 fuerit,
2996 2671 3130 2736 quod
3156 2678 3277 2723 ante
3302 2686 3381 2725 or-

1860 2757 2176 2813 dinationem
2205 2772 2354 2810 suam
2402 2757 2657 2824 corporali
2697 2753 2915 2824 peccato
2945 2759 3118 2826 lapsus
3150 2767 3247 2821 est,
3281 2774 3384 2813 non

1860 2845 2070 2913 quidem
2111 2843 2317 2908 offerat,
2342 2851 2551 2896 maneat
2583 2851 2755 2896 tamen
2804 2844 2854 2896 in
2886 2846 3003 2898 aliis
3047 2846 3230 2901 olliciis
3263 2860 3383 2916 pro-

1858 2943 1977 3002 pter
2005 2934 2282 2987 utilitatem
2312 2934 2441 3002 ejus.

1891 3045 2124 3116 Epistula
2170 3036 2800 3128 Ilormisdce°papm_per
2843 3051 3103 3104 universas
3153 3055 3352 3122 prorin—

2519 3126 2626 3168 tias
2674 3126 2716 3168 τ.

1927 3200 1983 3256 Si
2012 3213 2033 3241 ³
2065 3201 2182 3269 quis
2211 3201 2461 3255 diaconus
2485 3241 2499 3264 ,
2539 3202 2619 3256 vel
2644 3205 2935 3272 presbyter,
2961 3213 3077 3273 post
3115 3218 3382 3275 acceptam

1857 3290 2272 3343 benedictionem
2299 3290 2557 3343 leviticam
2580 3306 2696 3344 cum
2734 3307 2896 3346 uxore
2935 3308 3029 3346 sua
3060 3295 3383 3350 incontinens

1861 3378 2145 3443 invenitur,
2169 3373 2246 3433 ab
2274 3376 2445 3432 ofﬁcio
2470 3379 2762 3446 abjiciatur.
2794 3381 2929 3434 Ecce
2957 3382 3382 3437 manifestissime

1861 3478 2069 3524 constat
2088 3468 2224 3538 quod
2249 3470 2531 3522 secundum
2559 3472 2575 3504 ί
2606 3470 2782 3524 titulos
2806 3471 3136 3538 antiquorum
3171 3471 3383 3525 Patrum

1862 3556 2064 3626 [sancto
2110 3556 2307 3623 Spiritu
2357 3565 2666 3624 suggerente
2717 3557 3070 3627 conscriptos]
3120 3574 3149 3611 a
3198 3569 3381 3613 sancto

1859 3642 2058 3696 Joanne
2104 3656 2237 3710 papa
2284 3644 2639 3706 transmissos,
2689 3651 2741 3697 et
2769 3659 2988 3697 cccxvm
3019 3646 3379 3713 episcoporum
3442 3686 3445 3689 -

1861 3733 2148 3786 sententias
2213 3746 2438 3786 canones
2493 3731 2747 3786 Gallicani
2799 3734 3066 3788 continere
3117 3735 3377 3798 videntur,

1860 3824 1999 3891 quod
2047 3822 2221 3877 clerici
2268 3822 2322 3874 in
2370 3822 2680 3875 adulterium
2708 3824 3046 3890 deprehensi,
3082 3831 3134 3876 et
3162 3834 3250 3876 aut
3279 3825 3377 3891 ipsi

1860 3909 2103 3973 confessi,
2132 3919 2221 3965 aut
2246 3911 2311 3964 ab
2360 3910 2477 3964 aliis
2510 3912 2691 3966 revicti
2714 3913 2777 3965 ad
2797 3912 3045 3967 honorem
3078 3914 3247 3967 redire
3270 3930 3376 3968 non

1859 4010 2095 4073 possunt.
2114 4003 2175 4055 Et
2185 4003 2308 4071 quia
2327 4002 2548 4056 fortasse
2564 4017 2664 4056 non
2683 4004 2888 4066 desunt,
2905 4005 3093 4071 quibus
3107 4017 3202 4072 pro
3215 4003 3375 4057 nimia

1859 4093 2053 4160 pietate
2066 4103 2220 4157 supra
2235 4090 2452 4156 scripta,
2467 4098 2767 4143 sanctorum
2782 4089 2992 4142 Patrum
3018 4088 3269 4142 severitas
3282 4088 3375 4142 mi-

1859 4182 1999 4235 nime
2022 4180 2243 4248 placeat,
2273 4179 2441 4234 sciant
2466 4193 2522 4232 se
2545 4186 2597 4231 et
2620 4194 2837 4233 cccxvm
2876 4177 3233 4246 episcoporum
3259 4189 3304 4239 ιι,
3322 4183 3376 4233 et

1859 4270 1949 4338 qui
1989 4269 2220 4337 reliquos
2247 4282 2477 4323 canones
2518 4266 2914 4327 constituerunt,
2939 4264 3019 4316 vel
3057 4271 3369 4327 statuerunt,

1861 4356 2145 4411 sententias
2187 4354 2565 4423 reprehendere
2603 4350 2685 4405 vel
2713 4351 2975 4404 damnare.
3017 4348 3119 4402 Sed
3150 4349 3371 4404 fortasse

223 4436 503 4511 ordinatus
540 4456 831 4523 deponatur
849 4492 864 4517 ,
897 4458 952 4505 et
992 4450 1259 4505 ordinator
1284 4447 1467 4500 tribus.
1497 4447 1763 4500 mensibus
1790 4443 1837 4502 υ
1862 4445 2029 4513 major
2057 4453 2138 4499 est
2163 4446 2217 4498 in
2246 4443 2347 4498 illis
2371 4443 2540 4512 pietas
2552 4440 2785 4509 quamin
2814 4436 3123 4505 supradictis
3148 4450 3370 4493 cccxvnt

192 4604 199 4609 ,
225 4544 599 4600 communione
621 4544 874 4612 privetur.

258 4728 267 4731 μ
296 4683 325 4710 ιι
377 4669 509 4724 Edd.
543 4683 559 4723 :
592 4689 611 4721 ι
647 4670 700 4724 in
729 4670 983 4725 diteceses
1011 4666 1206 4721 alienas
1225 4665 1290 4718 ad
1314 4664 1514 4718 alienos
1542 4663 1760 4718 clericos

223 4738 569 4801 ordinandos,
598 4739 679 4791 vel
718 4734 1070 4793 consecranda
1112 4733 1297 4786 altaria
1321 4732 1520 4801 irruerc
1547 4748 1650 4785 non
1677 4731 1760 4785 de-

227 4805 324 4863 bet
353 4824 366 4859 :
396 4808 534 4873 quod
560 4800 607 4860 lsi
631 4806 830 4859 fecerit.
865 4825 882 4857 ι
912 4806 1111 4859 Caetera
1134 4810 1193 4854 ut
1227 4800 1280 4852 in
1304 4800 1427 4873 coll.

299 4876 332 4917 δ
382 4867 561 4942 Prisca
590 4875 781 4942 interp.
805 4889 901 4928 nec
929 4873 1143 4939 Dionys.
1185 4867 1447 4942 ncc_lsi_d.t

298 4935 1259 5023 ξΛΡῐὶευξινίιμθτῂ.,ηεῆῡξρμιιῇελιιςο
1282 4935 1403 5023 Ιξά.
1442 4935 1447 4939 ’
1598 5000 1635 5023 η
1676 5001 1728 5023 η.

295 5010 326 5050 δ
345 5008 508 5065 Cone.
536 5000 794 5064 Valentini
814 5025 862 5063 c.
888 5009 939 5062 4.
966 5000 1081 5061 Viti.
1110 5004 1285 5058 titulos
1307 5002 1575 5058 Canonum
1597 5000 1757 5056 Galli-

231 5092 485 5134 canorum
522 5092 606 5144 ep.
635 5077 852 5131 Joannis
875 5094 913 5130 ιι
939 5076 1219 5144 subjectos.

305 5158 330 5185 ο
353 5146 513 5200 Cone.
542 5136 723 5200 Cartb.
748 5146 957 5199 nomine
977 5136 1050 5206 tv;
1071 5158 1118 5196 c.
1143 5140 1230 5203 57,
1260 5153 1348 5193 seu
1373 5137 1546 5206 potius
1562 5136 1752 5192 Statut.

232 5213 380 5269 Eccl.
414 5215 613 5281 antiq.;
642 5216 694 5268 in
717 5214 834 5269 cod.
870 5213 1026 5265 Barb.
1046 5226 1100 5281 re.
1126 5206 1227 5281 διδ.

305 5282 327 5321 ί
383 5270 655 5336 1ᾱεηι³ρξι
675 5297 817 5336 num.
867 5281 920 5335 in
961 5280 1078 5333 cod.
1126 5276 1314 5340 Barb.;
1360 5290 1508 5329 conc.
1570 5270 1751 5328 Cartb.

230 5362 303 5414 Iv,
352 5366 403 5404 c.
428 5348 515 5403 56.
812 5368 819 5376 ο

304 5420 334 5459 ε
353 5417 430 5471 ld.
461 5433 607 5471 num.
630 5418 683 5472 in
711 5417 828 5473 cod.
851 5415 1039 5479 Barb.;
1087 5429 1233 5469 conc.
1272 5412 1451 5467 Cartb.
1490 5424 1562 5473 tv,
1585 5425 1632 5463 c.
1665 5408 1749 5464 68.

301 5488 331 5526 δ
361 5485 440 5539 Id.
469 5502 523 5539 η.
567 5487 620 5539 in
645 5486 761 5540 cod.
784 5485 845 5538 B.
868 5502 881 5547 ;
906 5498 1053 5539 conc.
1078 5499 1129 5537 tv
1151 5482 1327 5536 Cartb.
1355 5497 1400 5533 c.
1428 5479 1510 5534 69.

309 5555 327 5596 ι
360 5554 520 5607 Cone.
543 5554 687 5607 Arei.
712 5568 766 5616 v,
793 5569 839 5607 c.
884 5554 936 5605 7.

305 5634 321 5671 ι
359 5621 417 5675 C.
449 5623 584 5675 19in
620 5623 737 5684 Gr.,
766 5637 813 5674 c.
846 5622 904 5674 51
955 5622 1090 5689 apud
1125 5620 1332 5685 llionys.

306 5691 335 5730 ι
366 5691 554 5758 interp.
594 5706 697 5744 non
733 5690 939 5756 Dionys.

1857 4537 2133 4607 episcopis,
2161 4533 2329 4601 major
2348 4533 2400 4586 in
2421 4532 2524 4585 illis
2549 4528 2903 4583 misericordia
2929 4527 3084 4592 quam
3115 4524 3165 4577 in
3189 4533 3369 4579 sancto

1930 4664 1946 4703 ι
1978 4663 2174 4717 Concil.
2196 4657 2661 4718 Matisconensisn,
2693 4670 2740 4708 c.
2771 4654 2823 4706 5.

1925 4744 1963 4771 ιιι
1989 4732 2048 4783 lt
2084 4732 2135 4783 in
2163 4730 2279 4793 Gr.,
2306 4745 2353 4782 c.
2400 4727 2468 4778 42
2507 4726 2639 4792 apud
2664 4723 2870 4790 Dionys.
2904 4719 3170 4775 Paululum
3194 4718 3368 4776 differt

1856 4803 1922 4856 ab
1948 4801 2135 4870 interp.
2157 4799 2403 4870 _Dionys.__
2454 4859 2478 4870 η
2524 4858 2534 4870 ,

1925 4880 1949 4905 η
1979 4868 2036 4922 C.
2066 4859 2130 4921 f9
2156 4859 2342 4930 interp.
2369 4859 2556 4915 Ruﬁni.

1926 4945 1948 4970 ο
1984 4936 2126 5002 Sing.
2146 4934 2338 5002 interp.
2624 4974 2627 4977 .

1926 5015 1952 5053 ρ
1976 4990 2106 5056 Cant
2135 5000 2167 5052 6
2201 5000 2254 5051 in
2278 4990 2477 5060 Gl‘tECO,
2513 5006 2629 5045 can.
2664 4991 2693 5060 7
2719 4991 2930 5060 interpr.
2955 4990 3163 5060 Dionys.

1921 5083 1946 5121 ιι
1973 5072 2165 5148 interp.
2183 5080 2279 5148 nec
2306 5058 3011 5148 Dionyslnec.lsidkgdm
3038 5125 3050 5148 =

1925 5150 1945 5177 τ
1973 5138 2067 5191 Hic
2094 5126 2267 5188 titulus
2285 5126 2541 5198 posterius
2563 5128 2766 5198 videtur
2790 5126 3014 5198 scriptus
3038 5126 3090 5198 in
3116 5126 3231 5179 cod.
3258 5140 3355 5179 ms.

1854 5205 2109 5273 Quidquid
2130 5202 2215 5273 sit,
2251 5194 2309 5273 ut
2332 5198 2551 5273 ipsatnet
2569 5194 2888 5248 demonstrat
2912 5194 3148 5261 cpistola,
3173 5208 3356 5265 perpe-

1854 5265 1964 5328 ﬁim
1991 5265 2230 5324 tribuitur
2256 5265 2557 5317 llormisdae.

1857 5377 1869 5391 ,
1922 5352 1942 5377 ο
1973 5340 2130 5393 Cone.
2169 5334 2355 5388 Araus.
2398 5346 2443 5396 ι,
2489 5344 2535 5384 c.
2571 5328 2669 5393 εἴη
2704 5342 2848 5382 conc.
2892 5328 3263 5385 Aurelianense
3292 5336 3361 5395 ν,

1853 5423 1898 5461 θ’
1926 5406 2096 5526 t‘i'ar.
2120 5472 2170 5523 in
2200 5469 2316 5521 edd.
2340 5476 2394 5520 ct
2419 5481 2500 5534 ap.
2525 5464 2669 5519 Grat.
2710 5464 2829 5517 dist.
2867 5463 2949 5517 50.

1919 5554 1942 5579 υ
1975 5540 2102 5594 Add.
2142 5538 2193 5591 in
2222 5537 2303 5589 ed.
2341 5554 2352 5586 :
2389 5555 2405 5581 ι
2433 5536 2694 5600 Praecepta
2726 5540 2777 5586 et
2814 5535 2975 5588 sancti
3004 5547 3146 5602 papae
3173 5541 3355 5586 aucto-

1851 5612 2077 5671 ritatcm,
2103 5614 2153 5659 et
2178 5604 2381 5658 illorum
2401 5602 2700 5671 pontiﬁcum
2726 5601 2832 5667 qui.
2872 5610 2968 5651 etc.
3007 5620 3024 5650 ι
