4010 6442
3409 149 3432 166 Ι-
3441 157 3510 188 ἰδ’

3497 201 3512 208 -
3529 189 3538 200 -
3839 189 3842 208 :

3621 215 3634 224 ι

3643 231 3648 238 .

3703 424 3821 478 ωισ

701 524 1026 596 [apostolico]
1059 525 1257 582 Joanne
1299 539 1452 597 papa,
1481 533 1648 599 major
1686 535 1913 588 charitas
1961 551 2117 604 quam
2159 535 2211 587 in
2240 535 2286 592 Δ
2312 532 2363 583 in
2385 533 2486 587 hoc
2511 534 2741 601 periculo
2769 536 2974 589 mittere
2994 535 3206 589 omnino
3232 547 3335 587 non
3353 533 3522 587 audeo
3548 533 3702 602 :quia
3736 550 3822 587 nec

706 416 838 469 ‘lOlS
1516 419 1823 476 CANONES
1861 419 2136 474 SELECTl
2172 419 2261 474 EX
2301 420 2448 475 VET.
2483 421 2636 476 CAN.
2677 421 2996 480 COLLECT.

694 611 912 678 reliquis
951 613 1143 668 sanctis
1185 618 1538 670 sacerdotibus
1572 622 1660 686 qui
1705 621 1814 674 huic
1851 623 2084 690 exempla
2135 623 2216 675 vel
2311 619 2432 672 talia
2482 629 2601 674 sunt
2633 624 2818 676 merita
2866 637 3002 689 mea,
3038 632 3097 676 ut
3129 622 3348 676 aliorum
3387 633 3610 690 peccata
3655 625 3709 676 in
3747 639 3822 676 me

694 702 923 754 remedia
949 703 1071 770 [hoc
1092 719 1187 771 pro
1225 707 1462 774 exemplo
1486 708 1565 761 vel
1589 709 1840 780 remedio]
1873 712 2212 765 ecclesiarum
2308 707 2544 774 excipere
2571 722 2881 775 przesumam
2921 728 2935 762 :
2979 725 3083 764 nec
3114 719 3312 765 tantam
3339 702 3696 778 equuentiam
3738 710 3822 762 ha-

692 788 803 840 suis
832 787 1216 843 deﬁnitionibus
1235 792 1682 848 deliberaverunt?
1711 797 1772 849 Et
1798 798 1914 851 ideo
1940 806 2029 850 aut
2051 813 2211 864 prona
2305 793 2424 854 beo,
2461 802 2516 845 ut
2539 804 2659 849 ante
2687 797 2915 850 tribunal
2954 796 3150 852 Christi
3185 803 3367 851 contra
3393 803 3568 850 tantos
3597 811 3660 850 ac
3701 796 3824 851 tales

692 873 906 947 [plena]
958 879 1224 932 voluntate
1274 883 1549 947 pneceptis
1611 884 1812 938 illorum
1864 885 2222 946 consentiant,
2304 891 2512 936 sanctos
2551 886 2865 950 sacerdotes,
2889 887 2979 954 qui
3007 901 3237 941 canones
3270 893 3603 947 statuerunt,
3641 900 3822 939 causas

691 961 842 1029 (Var.
882 965 1023 1033 edd.)
1044 973 1133 1018 aut
1157 968 1399 1020 omnibus
1424 969 1526 1020 illis
1556 971 1845 1023 contrarios
1885 985 1945 1022 se
1967 979 2019 1023 et
2046 971 2209 1023 inimi-
2238 970 2249 981 ‘
2303 973 2478 1024 dicere
2501 974 2718 1039 possim.
2747 974 2931 1028 Videat
2953 975 3329 1042 unusquisque,
3349 976 3436 1041 qui
3459 975 3618 1027 aliter
3635 976 3821 1028 sentire

686 1064 778 1103 eos
803 1065 914 1105 esse
937 1058 1270 1120 cognoscant.
1299 1055 1425 1118 Quae
1450 1064 1530 1109 est
1568 1057 1782 1124 justitite
1810 1057 2021 1110 inimica
2062 1059 2209 1111 beni-
2301 1058 2384 1111 vel
2423 1059 2700 1112 observare
2744 1061 2990 1128 disponit,
3027 1062 3254 1130 qualiter
3297 1063 3462 1129 possit
3491 1062 3544 1113 in
3586 1061 3673 1113 die
3692 1059 3821 1125 judi-

682 1141 874 1209 gnitas,
903 1143 1114 1207 palpare
1155 1143 1488 1204 eriminosos,
1517 1151 1568 1196 et
1596 1143 1812 1196 vulnera
1836 1159 2015 1197 eorum
2046 1159 2209 1212 usque
2303 1144 2368 1196 cii
2396 1145 2612 1199 reddere
2639 1147 2912 1200 rationem.
2940 1148 3049 1215 Ego
3092 1148 3145 1200 in
3187 1155 3442 1214 quantum
3473 1147 3617 1198 vires
3648 1147 3821 1211 digna-

686 1227 742 1280 in
769 1229 905 1280 diem
925 1227 1106 1292 judicii
1131 1229 1362 1281 incurata
1384 1231 1626 1283 servare?
1661 1229 1808 1295 Quod
1845 1231 1888 1283 si
1923 1246 2012 1284 eos
2036 1233 2205 1283 duris-

684 1317 872 1368 simam
895 1316 1254 1382 paenitentiam
1282 1332 1372 1383 per
1399 1318 1583 1384 plures
1619 1334 1783 1371 annos
1825 1334 1981 1386 agere
2006 1320 2206 1373 videre-

682 1417 818 1465 mus,
848 1405 923 1456 sic
952 1416 975 1444 ι
1018 1415 1069 1458 et
1108 1406 1328 1472 idipsum
1377 1415 1429 1459 et
1476 1406 1628 1459 saluti
1682 1422 1863 1459 eorum
1910 1409 2199 1469 consulere,

2305 1239 2390 1283 tur
2433 1233 2557 1284 dare
2580 1231 2738 1296 Deus,
2770 1235 2888 1288 volo
2911 1249 3094 1288 eorum
3131 1234 3567 1302 praeceptionibus
3615 1233 3822 1286 obedire

2303 1318 2586 1389 [studere];
2628 1323 2749 1387 quia
2787 1338 2904 1375 cum
2943 1324 3046 1376 illis
3072 1337 3176 1376 non
3205 1322 3367 1383 rixas,
3413 1321 3505 1374 sed
3539 1336 3756 1388 pacem,
3778 1331 3821 1374 et

2297 1407 2711 1474 qualemcunque
2734 1418 2934 1474 partem
2968 1409 3162 1463 habere
3189 1408 3445 1462 desidem.
3477 1409 3538 1461 Et
3579 1408 3683 1460 hoc
3710 1409 3817 1460 dili-

678 1499 734 1543 ut
771 1500 822 1545 et
842 1481 1099 1547 canonum
1122 1494 1430 1554 deberemus
1451 1502 1643 1548 statuta
1665 1509 1896 1548 servare.
1922 1494 2049 1548 Cum
2080 1509 2204 1547 vero
2297 1505 2481 1562 genter
2514 1495 2886 1549 attendendum
2921 1507 3018 1558 est,
3068 1505 3126 1552 ut
3163 1498 3235 1551 illi
3266 1497 3436 1568 [Quod
3467 1498 3509 1550 si
3539 1499 3820 1550 secundum

680 1583 729 1632 in
748 1582 1007 1650 aliquibus
1021 1599 1117 1638 nec
1136 1585 1467 1651 compunctio
1487 1585 1813 1648 humilitatis,
1829 1599 1925 1637 nec
1954 1585 2199 1636 instantia
2298 1583 2437 1647 quod
2461 1582 2713 1649 scriptum
2741 1595 2846 1648 est,
2889 1585 2982 1647 illi,
3013 1585 3140 1657 etc.]
3188 1586 3364 1641 clerici
3403 1587 3490 1654 qui
3519 1587 3588 1638 ad
3636 1599 3820 1640 uxores

674 1671 854 1722 orandi
893 1671 973 1724 vel
1003 1672 1274 1740 plangendi
1329 1681 1598 1740 appareat,
1639 1687 1736 1725 nec
1780 1673 1991 1725 beatum
2038 1673 2201 1724 David
2296 1670 2536 1738 proprias
2563 1671 2798 1735 redeunt,
2823 1673 2887 1724 ad
2919 1674 3175 1743 integrum
3195 1677 3262 1728 ah
3289 1674 3460 1728 ollicio
3499 1675 3820 1742 suspendan-

673 1755 964 1818 imitentur,
1021 1760 1107 1824 qui
1161 1760 1332 1811 dixit:
1369 1758 1566 1811 Lavabo
1611 1776 1699 1826 per
1748 1759 1976 1827 singulas
2030 1769 2197 1812 nocte:
2229 1822 2268 1831 _
2297 1766 2398 1810 tur.
2426 1759 2491 1813 Et
2537 1761 2614 1814 sic
2640 1761 2800 1814 etiam
2832 1761 3023 1830 digami
3069 1771 3123 1816 et
3166 1763 3585 1831 interuuptarum
3626 1765 3817 1827 mariti,

670 1842 853 1891 lectum
881 1843 1327 1911 meum,lacrymis
1366 1847 1490 1897 meis
1532 1855 1747 1898 stratum
1787 1863 1953 1897 meum
2001 1847 2194 1915 rigabu.
2229 1822 2272 1881 Β
2297 1847 2386 1914 qui
2416 1847 2596 1914 utique
2624 1863 2738 1902 rem
2780 1848 2975 1901 licitam
3014 1849 3234 1913 faciunt,
3272 1850 3448 1904 clerici
3483 1860 3662 1904 tamen
3689 1853 3819 1905 ordi-

669 1930 732 1980 lit
773 1930 896 1981 illud
948 1949 959 1981 :
1010 1930 1237 1984 Cinerem
1283 1935 1414 1986 sicut
1465 1944 1647 2002 partem
1700 1934 2068 1994 manducabam
2094 1976 2108 1998 ,
2154 1945 2201 1987 et
2295 1935 2408 1987 nari
2438 1950 2542 1987 non
2569 1943 2808 2002 possunt,
2839 1937 2957 1988 etsi
2996 1937 3222 1990 ordinati
3249 1936 3463 2000 fuerint,
3488 1937 3818 2004 dejiciantur,

667 2028 837 2082 potum
865 2035 1027 2070 meum
1050 2035 1160 2071 cum
1183 2030 1310 2096 [λεια
1330 2022 1621 2092 miscebant,
1645 2043 1740 2083 nec
1770 2042 1862 2080 eos
1888 2025 2098 2093 jejuniis
2118 2023 2196 2075 vel
2295 2022 2358 2074 de
2403 2022 2594 2088 quibus
2639 2023 2799 2074 etiam
2844 2031 3052 2077 sanctus
3101 2024 3322 2078 Faustus
3351 2009 3420 2081 ~iu
3467 2027 3692 2093 epistola
3734 2043 3818 2081 sua

664 2102 978 2162 lectionibus
1020 2133 1206 2173 vacare
1259 2121 1555 2175 videamus;
1618 2131 1896 2184 possumus
1941 2126 2195 2180 agnosce-

662 2220 721 2260 re
740 2245 756 2269 ,
786 2207 828 2260 si
860 2209 922 2258 ad
940 2208 1193 2260 honorem
1214 2207 1494 2273 pristinum
1541 2203 1795 2264 redirent,
1840 2215 1958 2255 cum
1998 2208 2194 2268 quanta

666 2295 997 2364 negligentia,
1027 2304 1080 2346 et
1109 2309 1226 2347 cum
1252 2302 1447 2361 quanto
1470 2301 1650 2357 tepore
1680 2289 1983 2360 [torpore],
2021 2296 2075 2341 et
2097 2287 2194 2339 ini-

660 2384 795 2435 mica
830 2383 1016 2435 anima:
1035 2381 1315 2435 securitate
1335 2386 1723 2451 permanerent,
1752 2377 2024 2431 credentes
2053 2375 2192 2442 quod

659 2471 738 2524 sic
777 2472 855 2524 eis
902 2487 1002 2524 non
1036 2480 1152 2524 acta
1199 2471 1351 2540 digne
1387 2469 1696 2538 pmnitentia
1731 2465 1989 2519 dimiserit
2030 2461 2190 2524 Dens,

631 2625 638 2630 ι
663 2560 920 2627 quomodo
942 2569 993 2612 et
1015 2559 1315 2612 sacerdotes
1341 2557 1620 2610 indulsisse
1645 2555 1905 2608 videntur.
1940 2552 2075 2606 Vere
2117 2551 2192 2603 di-

659 2665 720 2702 co
739 2689 754 2711 ,
793 2650 916 2717 quia
946 2649 1019 2700 illi
1051 2649 1146 2715 ipsi
1171 2648 1360 2714 quibus
1385 2661 1503 2699 eum
1529 2643 1824 2713 periculosa
1845 2639 1906 2695 'et
1928 2639 2058 2693 falsa
2090 2639 2188 2692 mi-

657 2737 940 2789 sericordia
984 2735 1257 2800 indulgere
1293 2731 1552 2796 videmur,
1603 2746 1722 2785 cum
1779 2737 1903 2782 ante
1952 2727 2184 2789 tribunal

655 2823 988 2892 Christipro
1041 2823 1196 2876 tantis
1241 2821 1470 2889 peccatis
1515 2817 1797 2873 damnandi
1842 2814 2182 2882 advenerim,

653 2925 837 2965 contra
862 2889 956 2965 nos
983 2912 1121 2979 ipsos
1146 2925 1332 2963 causas
1361 2908 1550 2962 dicturi
1573 2915 1712 2969 sunt,
1739 2905 1972 2958 dicentes
2001 2917 2016 2954 :
2043 2901 2180 2970 quod

655 3003 775 3053 dum
805 2987 1141 3068 asperitatem
1167 2999 1355 3069 linguze
1375 3012 1557 3052 eorum
1585 2996 1908 3064 expavimus,
1933 3001 2024 3047 aut
2048 2991 2178 3045 falsa

654 3087 1006 3142 blandimenta
1031 3096 1082 3141 et
1103 3087 1423 3156 periculosas
1441 3075 1767 3140 adulationes
1788 3083 2013 3136 libenter
2035 3095 2180 3134 acoe-

654 3179 842 3246 pimus,
866 3192 958 3231 nos
1000 3192 1108 3241 eos,
1137 3176 1288 3247 (Var.
1333 3173 1617 3244 amarat.)
1650 3177 1773 3230 dum
1799 3173 1904 3227 illis
1924 3171 2180 3224 inutiliter

655 3265 1038 3334 indulgeremus
1065 3266 1114 3318 in
1141 3266 1367 3334 peccatis
1380 3277 1706 3332 permanere,
1721 3269 1812 3316 aut
1830 3263 1940 3329 ipsa
1962 3266 2180 3328 peccata

656 3354 811 3406 etiam
840 3368 1030 3423 augere
1075 3353 1467 3421 permiserimus
1493 3389 1508 3414 ,
1553 3366 1656 3404 non
1688 3350 2025 3403 recordantes
2053 3345 2198 3408 illud.

654 3444 792 3510 quod
835 3443 886 3495 in
917 3441 1088 3496 Veteri
1111 3442 1448 3496 Testamento
1477 3440 1730 3508 scriptum
1755 3444 1837 3491 est
1861 3478 1874 3501 ,
1926 3435 2050 3504 quia
2078 3448 2178 3486 uno

654 3540 886 3599 peccante
931 3541 1104 3584 contra
1144 3548 1312 3586 omnes
1340 3533 1418 3584 ira
1443 3530 1536 3584 Dei
1560 3529 1806 3584 desaeviet
1833 3528 1878 3579 δ.
1906 3523 1949 3580 Ο
1970 3525 2136 3594 pietas
2161 3524 2173 3574 !

655 3640 686 3671 υ
712 3621 1094 3675 misericordia!
1121 3623 1208 3674 uni
1233 3636 1468 3688 parcere,
1498 3628 1549 3672 et
1574 3633 1755 3672 omnes
1784 3615 1962 3685 (Van)
1995 3627 2174 3668 exem-

655 3714 738 3780 plo
781 3713 916 3766 male
963 3715 1021 3765 in.
1060 3713 1338 3766 discrimen
1392 3713 1671 3765 adducere.
1721 3709 1834 3763 Non
1883 3709 1954 3761 ita
1993 3708 2178 3761 suadet

655 3812 710 3863 S.
739 3808 912 3879 (Van)
937 3808 1224 3879 Cyprianus
1256 3810 1387 3879 (Lib.
1420 3809 1482 3862 de
1509 3807 1706 3877 Lapsis)
1754 3807 1934 3862 dicens
1965 3819 1978 3857 :
2023 3823 2040 3854 ‹
2076 3804 2176 3870 Qui

653 3907 955 3966 peccantem
979 3899 1151 3952 verbis
1173 3897 1501 3952 adulantibus
1527 3897 1720 3965 palpat,
1747 3895 1997 3964 peccandi
2021 3893 2179 3948 fomi-

655 3997 758 4040 tem
783 3987 1161 4049 subministrat,
1186 4002 1283 4040 nec
1318 3989 1507 4054 premit
1536 3985 1818 4056 [reprimit]
1845 3985 2057 4046 delicta,
2085 3985 2176 4038 sed

652 4075 809 4129 fovet.
849 4095 865 4125 δ
897 4075 957 4128 Et
987 4075 1208 4128 iterum?
1231 4093 1248 4126 ι
1281 4075 1557 4143 lmperitus
1584 4083 1663 4128 est
1691 4075 1925 4127 medicus
1945 4073 2032 4140 qui
2057 4080 2176 4124 ante

651 4165 903 4232 dejectam
939 4166 1265 4233 putre-dinem
1293 4166 1592 4234 superducit
1629 4165 1831 4217 vulneri
1873 4163 2175 4216 cicatricem

653 4252 894 4320 (Multum
929 4270 1036 4306 ear.
1069 4255 1120 4306 in
1145 4253 1306 4323 add.).
1343 4273 1362 4305 ι
1393 4253 1458 4306 Et
1500 4253 1616 4307 ideo
1652 4254 1928 4322 diligenter
1955 4267 2175 4322 perpen-

652 4344 785 4406 dite,
832 4344 874 4396 si
915 4350 1005 4396 aut
1029 4350 1214 4410 potest,
1251 4349 1342 4396 aut
1383 4341 1536 4418 debet
1564 4341 1697 4405 ﬁeri,
1729 4350 1788 4394 ut
1828 4349 2089 4394 tantorum
2113 4354 2174 4393 ac

2294 2111 2465 2162 dixit:
2506 2126 2524 2159 ‹
2551 2109 2730 2164 Perdit
2754 2112 2976 2178 gratiam
3025 2115 3338 2176 consecrati,
3377 2115 3466 2181 qui
3514 2116 3693 2168 adhuc
3720 2116 3819 2167 olli-

2292 2196 2430 2248 eium
2456 2198 2566 2248 vult
2604 2207 2626 2235 ε
2659 2198 2891 2252 excitare
2918 2197 3207 2270 [exercere]
3255 2202 3450 2255 mariti.
3489 2222 3508 2253 ι
3543 2202 3679 2256 Cum
3717 2205 3819 2257 haec

2290 2305 2318 2342 a
2344 2291 2504 2344 tantis
2531 2305 2594 2344 ac
2623 2291 2814 2348 talibus
2842 2292 2969 2346 viris
2993 2300 3187 2345 statuta
3215 2294 3338 2353 sint,
3373 2308 3484 2361 qua
3499 2295 3817 2348 conscientia

2288 2379 2566 2444 quisquam
2598 2379 2774 2431 dicere
2815 2378 3025 2446 poterit,
3069 2379 3210 2445 quod
3239 2379 3325 2432 ille
3369 2380 3458 2448 qui
3504 2381 3819 2436 adulterium

2257 2465 2627 2532 icommiserit,
2657 2467 2846 2518 iterum
2876 2467 2942 2520 ad
2976 2467 3227 2522 honorem
3254 2469 3428 2522 redire
3448 2471 3657 2537 possit?
3680 2471 3820 2538 Quod

2285 2554 2328 2605 si
2361 2553 2548 2620 aliquis
2576 2555 2716 2607 dicat
2750 2571 2761 2605 :
2792 2554 2927 2622 Ergo
2951 2569 3114 2623 negas
3147 2557 3568 2610 misericordiam
3603 2559 3714 2620 Dei,
3737 2561 3818 2628 qui

2285 2641 2418 2693 dixit
2446 2656 2458 2692 :
2491 2639 2628 2692 Nolo
2653 2649 2872 2692 mortem
2909 2643 3209 2710 peccatoris,
3238 2643 3326 2695 sed
3355 2653 3408 2695 ut
3429 2656 3817 2699 convertataret

2283 2731 2432 2783 vivat.
2465 2729 2529 2782 Et
2559 2730 2686 2782 illud
2720 2747 2732 2780 :
2766 2728 3015 2798 Nunquid
3043 2731 3131 2799 qui
3170 2731 3327 2794 cadit,
3362 2747 3465 2784 non
3511 2734 3728 2800 adjicict
3771 2745 3817 2786 ut

2281 2821 2550 2888 resurgat?
2583 2819 2652 2871 Et
2705 2829 2938 2888 peccator
2987 2820 3042 2872 in
3089 2835 3384 2889 quacunque
3429 2822 3515 2874 die
3556 2838 3821 2877 conversas

2280 2910 2459 2976 fuerit,
2512 2923 2683 2960 omnes
2726 2908 3019 2975 iniquitates
3073 2907 3182 2975 ejus
3245 2906 3482 2960 oblivioni
3529 2910 3816 2962 tradentur.

2280 2996 2460 3068 (γαν.)
2490 2998 2570 3051 Ad
2602 2999 2739 3052 hanc
2771 2996 3122 3063 objectianem
3144 2997 3309 3051 libera
3332 3013 3460 3052 voce
3501 3002 3818 3068 respondere

2278 3098 2332 3142 et
2358 3103 2636 3158 possumus
2676 3097 2731 3142 et
2769 3087 3040 3142 debemus.
3071 3087 3224 3156 Absit
3244 3103 3274 3140 a
3305 3087 3480 3153 nobis,
3509 3097 3571 3142 ut
3616 3092 3681 3144 de
3709 3091 3815 3144 istis

2279 3179 2559 3234 sententiis
2584 3179 2860 3234 videamur
2887 3176 2970 3232 vel
3009 3177 3196 3231 leviter
3245 3177 3504 3234 dubitare.
3555 3165 3815 3236 Deﬁnitiso

2278 3269 2410 3324 Sitne
2436 3270 2576 3324 enim
2628 3270 2894 3325 credimus
2931 3271 3071 3339 quod
3113 3271 3160 3326 is
3201 3270 3290 3340 qui
3340 3283 3507 3339 usque
3543 3271 3611 3324 ad
3665 3273 3814 3326 tinem

2276 3360 2398 3414 vitae
2419 3375 2526 3412 suae
2553 3361 2917 3427 paenitentiam
2946 3362 3101 3430 digne
3127 3361 3295 3432 egerit
3316 3391 3336 3423 ς
3383 3373 3488 3412 non
3533 3359 3706 3413 solum
3747 3362 3814 3413 in.

2277 3447 2597 3516 dulgentiam
2631 3449 2891 3516 accipiet,
2930 3450 3022 3504 sed
3064 3449 3222 3504 etiam
3269 3449 3335 3502 ad
3358 3448 3520 3501 vitam
3564 3457 3812 3502 mtemam

2277 3535 2514 3608 [praemia
2540 3535 2759 3607 aeterna]
2783 3539 3073 3606 perveniet.
3114 3537 3338 3606 Propter
3365 3536 3618 3608 reguiam.
3640 3545 3808 3590 tamen

2275 3624 2706 3689 ecclesiasticam,
2730 3633 2782 3679 et
2803 3634 3020 3694 propter
3047 3627 3384 3695 antiquorum
3408 3625 3624 3679 Patrum
3644 3633 3808 3680 statu-

2274 3726 2325 3768 ta
2377 3730 2494 3782 qua:
2521 3715 2658 3768 absit
2684 3729 2712 3766 a
2736 3716 2888 3769 nobis
2910 3724 2969 3769 ut
2991 3725 3082 3770 aut
3106 3718 3491 3784 reprehendere
3520 3724 3614 3770 aut
3633 3717 3808 3770 discn-

2274 3813 2384 3858 tere
2413 3803 2715 3866 audeamus,
2733 3819 2851 3858 cum
2877 3799 3307 3876 eredarﬁus[eum
3341 3820 3497 3874 quem
3525 3806 3806 3877 credimus]

2273 3893 2336 3946 ad
2357 3893 2516 3946 vitam
2541 3899 2792 3946 aeternam
2812 3901 2931 3961 post
2945 3903 3211 3962 peractam
3227 3893 3586 3963 pmnitentiam
3611 3895 3804 3954 venire,

2271 3986 2337 4038 ad
2367 3985 2618 4038 honorem
2648 3983 2929 4039 clericatus
2970 3986 3258 4040 secundum
3285 3993 3548 4038 tanton
3598 3983 3803 4037 Patrum

2271 4079 2530 4140 przeccpta
2554 4073 2796 4125 novimus
2818 4087 2923 4126 non
2954 4073 3145 4127 debere
3176 4073 3403 4137 reverti;
3444 4074 3498 4125 in
3525 4081 3728 4126 tantum
3753 4082 3805 4126 ut

2273 4163 2323 4215 in
2352 4161 2641 4216 canonibus
2661 4161 2912 4230 scriptum
2931 4162 3027 4216 sit:
3047 4161 3073 4200 ἀ
3098 4179 3116 4212 ι
3140 4161 3217 4216 Ne
3244 4161 3380 4215 ullus
3401 4176 3633 4230 unquam
3657 4161 3804 4214 cleri-

2271 4267 2369 4306 cus
2391 4251 2652 4321 pmuiteus
2683 4249 2971 4304 Ordinetur.
3013 4269 3030 4302 ι
3074 4251 3139 4304 Et
3167 4250 3211 4304 si
3255 4249 3342 4305 ille
3393 4251 3482 4318 qui
3512 4249 3655 4303 ultro
3679 4251 3804 4320 petit

2269 4341 2653 4411 paenitentiam,
2683 4341 2922 4408 quamvis
2946 4353 3062 4394 eam
3087 4337 3320 4408 perfecte
3342 4347 3483 4408 agat,
3509 4353 3614 4392 non
3638 4348 3808 4408 potest

653 4433 855 4496 talium,
876 4448 1006 4501 quos
1030 4448 1186 4501 supra
1215 4433 1636 4512 memoravimus,
1659 4433 1988 4486 sacerdotum
2015 4446 2174 4486 cano-
2198 4446 2248 4505 υ
2269 4433 2546 4502 episcopus
2572 4438 2662 4484 aut
2684 4431 2959 4500 presbyter
2983 4429 3238 4493 ordinari,
3259 4429 3330 4482 ita
3369 4434 3428 4480 ut
3456 4428 3667 4482 etiamsi
3712 4443 3801 4497 per

653 4539 746 4579 nes
773 4530 1178 4587 contemnentes,
1217 4511 1366 4577 aliter
1390 4539 1546 4592 quam
1592 4524 1662 4578 illi
1711 4532 2035 4585 statuerunt,
2081 4525 2174 4576 ob-

653 4628 861 4667 servare
903 4612 984 4666 vel
1032 4627 1185 4682 agerc
1220 4627 1622 4679 prmsumamus;
1673 4615 1932 4683 praecipue
1966 4627 2082 4665 cum
2129 4613 2172 4664 si

655 4702 858 4755 illorum
892 4715 1111 4755 cccxvut
1164 4701 1546 4770 episcoporum,
1585 4701 1673 4768 qui
1717 4716 1812 4768 per
1859 4717 2044 4755 omnes
2071 4701 2173 4754 Ec-

655 4790 839 4843 l-lesias
874 4789 1092 4843 concilia
1123 4788 1234 4840 ﬁeri
1265 4786 1440 4858 (Van)
1491 4796 1800 4849 statuerunt,
1849 4796 1952 4841 tam
1992 4795 2174 4842 sancta

655 4880 859 4930 decreta
885 4877 1295 4944 neglexerimus,
1323 4890 1425 4928 non
1471 4874 1637 4928 solum
1668 4875 1784 4928 illos
1829 4874 2175 4942 despiciemus

659 4964 995 5032 (Add.qttard.
1021 4965 1073 5016 in
1103 4963 1242 5028 edd.)
1268 4963 1358 5014 sed
1387 4971 1437 5015 et
1463 4961 1734 5015 Africanos
1763 4961 2100 5032 [pontiﬁces],
2125 4972 2175 5013 et

659 5069 839 5106 omnes
855 5052 1097 5120 reliquos,
1115 5052 1202 5118 qui
1226 5051 1349 5119 ipsis
1363 5051 1723 5104 ordinantibus
1738 5066 1829 5118 per
1850 5058 2014 5104 totum
2035 5066 2178 5104 mun-

663 5143 784 5196 dum
811 5157 906 5212 pro
933 5140 1282 5196 ecclesiastica
1314 5139 1586 5206 disciplina
1637 5139 1830 5207 aliquid
1862 5148 2175 5202 statuerunt,

661 5245 780 5285 cum
818 5237 1030 5298 peccato
1074 5230 1260 5283 animze
1286 5235 1477 5284 nostra:
1503 5235 1912 5282 eontemnemus.
1960 5230 2067 5298 Ego
2098 5245 2178 5281 me

727 5417 755 5444 ι
783 5403 881 5457 Hic
904 5400 1049 5455 locus
1072 5402 1216 5456 varie
1243 5408 1296 5455 et
1332 5401 1383 5454 in
1404 5401 1485 5454 ed.
1519 5400 1674 5470 apud.
1705 5398 1852 5454 Grat.
1896 5401 2102 5470 legitur.

731 5473 760 5511 δ
784 5472 895 5526 Huc
923 5485 1086 5537 usque
1113 5470 1256 5524 Crat.

735 5551 755 5577 ε
786 5541 1130 5609 Hieronymus
1158 5539 1275 5609 lib._t
1302 5540 1552 5609 adversus
1566 5537 1895 5609 Iovinianum
1923 5557 1934 5590 :
1960 5557 1976 5588 ‹
2004 5538 2178 5603 Quan-

670 5611 753 5662 t’iu
781 5610 966 5677 impleo
984 5607 1163 5662 ἠπιωῖίιί
1192 5607 1445 5728 olliciurix,J
1466 5624 1566 5660 non
1604 5608 1791 5674 impleo
1819 5607 2118 5661 Christiani.
2155 5630 2170 5659 ι

673 5680 733 5728 [ι
756 5679 802 5728 in
830 5679 1053 5728 atullnaia
1081 5693 1174 5728 ονε)
1210 5677 1354 5728 libris
1385 5692 1411 5727 a
1453 5692 1632 5728 versus
1661 5675 1826 5728 Juvin.
1859 5695 1868 5726 :
1911 5696 1926 5726 ‹
1964 5678 2170 5728 (inania

673 5680 733 5730 lit
756 5679 802 5731 in
830 5675 1053 5747 apologia
1081 5693 1174 5747 pro
1210 5677 1354 5730 libris
1385 5675 1632 5729 aiiverszis
1661 5675 1826 5729 Juviu.
1859 5695 1868 5726 :
1911 5696 1926 5726 ι
1964 5678 2177 5744 Quanlo

2271 4523 2617 4590 ignorantiam
2667 4520 2938 4573 ordinatus
2981 4519 3173 4584 fuerit,
3222 4515 3540 4585 deiiciatur:
3582 4518 3670 4572 ille
3713 4520 3797 4588 qui

2271 4609 2470 4661 invitus
2503 4610 2567 4660 ad
2613 4607 2973 4676 pmnitentiam
3023 4607 3277 4675 agendam
3327 4608 3378 4659 in
3425 4609 3798 4662 monasterium

2272 4698 2499 4751 mittitur
2522 4697 2569 4767 (ε
2593 4705 2644 4751 et
2668 4698 2848 4766 utique
2875 4698 3000 4766 quid
3028 4698 3186 4762 aliud,
3227 4712 3384 4766 quam
3415 4699 3695 4765 pmnitens,
3726 4701 3798 4753 di-

2271 4788 2466 4842 cendus
2491 4788 2670 4854 est?),
2708 4801 2807 4854 qua
2839 4786 3169 4840 Conscientia
3213 4787 3279 4839 ad
3326 4787 3679 4841 sacerdotium
3722 4804 3796 4841 re-

2272 4875 2382 4927 dire
2419 4873 2778 4940 permittitur?
2823 4871 2985 4925 Nemo
3031 4873 3156 4926 mihi
3186 4873 3287 4926 alia
3335 4873 3581 4940 qumlibet
3615 4883 3792 4927 contra

2273 4961 2636 5014 auctoritatem
2671 4959 2809 5013 sedis
2858 4960 3172 5029 apostolicte.
3221 4960 3300 5012 vel
3347 4971 3528 5013 eontra
3577 4976 3792 5017 cccxvtn

2272 5052 2632 5118 episcoporum
2662 5060 2939 5117 praaccpta,
2966 5049 3045 5102 vel
3069 5049 3386 5118 reliquorum
3412 5065 3670 5105 canonum
3695 5064 3794 5106 sta-

2275 5148 2382 5193 tuta
2409 5138 2785 5205 obiiciat:quia
2815 5138 3062 5206 quidquid
3089 5147 3270 5192 contra
3308 5138 3512 5191 illorum
3535 5140 3792 5194 deﬁnitio-

2275 5242 2412 5290 nem,
2430 5227 2480 5279 in
2503 5226 2692 5294 quibus
2717 5225 2964 5294 Spiritum
2985 5235 3226 5280 sanctum
3240 5240 3356 5278 esse
3377 5225 3607 5280 locutum
3628 5229 3793 5285 credi-

2274 5400 2460 5467 impleo
2487 5397 2660 5452 mariti
2680 5395 2934 5467 udicium,
2953 5410 3052 5449 non
3082 5394 3268 5462 impleo
3283 5396 3645 5450 continentis.»
3672 5396 3786 5453 Vid.

2274 5465 2381 5521 not.
2414 5469 2477 5520 ad
2510 5469 2653 5520 Poen.
2679 5465 2876 5518 Tlieod.

2339 5536 2362 5573 δ
2395 5537 2551 5589 Cone.
2601 5534 2750 5586 Rom.
2803 5533 2899 5585 sub
2945 5531 3119 5586 ililaro
3164 5547 3289 5601 pp.,
3344 5547 3461 5586 can.
3523 5531 3588 5599 ὃς
3636 5547 3784 5589 eone.

2275 5605 2580 5672 Agathens.,
2610 5617 2727 5672 can.
2753 5602 2839 5654 45.

2346 5686 2366 5710 ο
2398 5673 2565 5725 Locus
2587 5674 2636 5724 in
2659 5670 2741 5724 etl.
2773 5679 3066 5739 corruptus.
