4010 6474
641 461 776 514 ιῦω

1448 446 1756 502 (ἈΝΟΝΕΞ
1795 445 2074 500 SELECTI
2113 443 2202 496 EX
2250 441 2392 496 VET.
2429 439 2581 496 CAN.
2622 437 2944 493 COLLECT.

3650 435 3774 489 10Ξο

639 566 850 638 politam
881 568 1082 625 tenam,
1125 571 1148 598 δ
1168 555 1510 627 provinciales
1543 570 1724 607 eorum
1760 553 2036 605 observare
2061 551 2150 603 de-
2179 556 2221 610 Λ
2250 560 2353 600 non
2381 543 2564 606 debeo,
2589 541 2688 610 pair
2717 543 2786 595 sil.
2810 539 3101 594 necessaria
3125 537 3405 617 iudicanda
3428 536 3774 609 [indicenda],

640 656 781 705 bent.

641 739 869 805 Epistola
911 737 1195 792 Innocentii
1210 750 1383 854 Cpapm
1425 750 1490 785 aa
1523 733 1822 838 1,Dcctmtium
1868 717 2152 797 Episcopum

1251 818 1502 854 amtmmm
1558 838 1570 852 .

1251 818 1502 869 apummm
1527 818 1570 852 νο

706 892 761 947 Si
789 893 1020 946 instituta
1049 892 1418 946 ecclesiastica,
1445 898 1503 940 ut
1524 896 1643 942 sunt
1668 901 1697 938 a
1718 886 1886 940 beatis
1911 882 2156 951 apostolis

640 983 847 1041 tradita,
884 984 1080 1048 integra
1112 980 1299 1031 vellent
1326 991 1538 1030 servare
1579 974 1874 1027 sacerdotes
1917 970 2152 1033 Domini,

641 1068 780 1120 nulla
824 1067 1129 1127 diversitas,
1175 1065 1314 1116 nulla
1358 1063 1584 1114 varietas
1623 1061 1674 1112 in
1719 1061 1842 1125 ipsis
1887 1057 2156 1110 ordinibus

641 1169 702 1206 ac
747 1150 1220 1205 consecrationibus
1265 1151 1560 1202 haberetur.
1627 1146 1730 1198 Sed
1775 1143 1912 1212 quod
1963 1141 2154 1211 [dum]

641 1247 1024 1307 unusquisque,
1071 1255 1171 1292 non
1201 1239 1335 1305 quod
1367 1237 1611 1290 traditum
1637 1245 1747 1296 est,
1775 1233 1867 1286 scd
1893 1231 2031 1300 quod
2059 1230 2158 1283 sibi

639 1333 804 1385 visum
833 1331 1016 1390 luerit,
1048 1330 1145 1382 hoc
1172 1331 1396 1382 :cstimat
1425 1343 1539 1380 esse
1565 1327 1876 1403 tenendum;
1924 1323 2043 1376 inde
2083 1323 2160 1374 di-

641 1433 790 1471 versa
821 1420 869 1470 in
901 1419 1118 1470 diversis
1147 1417 1274 1469 locis
1297 1416 1399 1486 [vel
1417 1413 1670 1482 ccclesiis]
1701 1413 1863 1465 teneri
1894 1411 2004 1480 [aut
2028 1410 2160 1463 cele-

641 1506 806 1575 brari]
855 1508 1128 1558 videantur
1160 1524 1170 1557 :
1207 1503 1357 1572 (ναν.
1403 1503 1542 1572 edd.)
1591 1503 1712 1555 hinc
1757 1501 1815 1554 ﬁt
1858 1500 2159 1554 scandalum

641 1593 862 1662 papulis,
909 1595 997 1660 qui
1026 1593 1146 1645 dum
1175 1594 1408 1646 nesciunt
1455 1591 1757 1644 traditiones
1793 1589 2034 1656 antiquas
2061 1587 2160 1638 hu-

641 1695 792 1734 mana
817 1681 1214 1748 praesumptione
1242 1687 1534 1747 corruptas,
1554 1685 1738 1744 putant
1765 1677 1861 1730 sibi
1890 1682 1979 1727 aut
1998 1673 2164 1728 eccle-

641 1772 744 1823 sias
786 1785 884 1822 non
927 1771 1238 1831 convenire,
1289 1775 1380 1820 aut
1423 1767 1686 1834 apostolos
1722 1765 1802 1817 vel
1849 1762 2163 1831 apostolicos

2249 647 2344 700 per
2370 646 2526 699 quam
2559 638 2763 683 constet
2792 628 3034 696 populum
3063 627 3127 679 ad
3155 625 3328 678 omnia
3357 640 3477 692 qua:
3504 625 3558 678 in
3590 635 3778 693 myste-

2251 720 2344 772 riis
2374 726 2597 786 aguntur
2615 725 2768 783 atque
2789 719 2838 768 in
2863 715 3094 768 Ecclesia
3114 713 3470 773 celebramur,
3492 712 3777 780 prmbuisse

2251 820 2591 867 consensum,
2628 819 2688 856 ac
2721 803 2866 856 ﬁnita
2893 815 3006 855 esse
3031 801 3176 868 pacis
3209 798 3574 851 concludentis
3604 801 3776 867 signa-

2251 893 2367 945 culo
2414 893 2853 944 demonstrentur.
2907 887 3053 957 (Cap.
3079 888 3156 954 2.)
3197 887 3269 940 De
3314 887 3620 940 nominibus
3665 901 3781 940 vero

2252 981 2554 1043 recitandis,
2584 987 2862 1046 antequam
2893 991 3074 1045 pacem
3099 973 3326 1045 [preces]
3353 975 3604 1027 sacerdos
3627 982 3782 1042 atque

2251 1084 2433 1123 eorum
2460 1069 2769 1129 oblationes,
2809 1056 3030 1134 quorum
3070 1065 3281 1118 nomina
3323 1065 3597 1117 recitanda
3640 1072 3780 1128 sunt,

2254 1172 2346 1209 sua
2373 1155 2604 1208 oratione
2631 1155 2984 1214 commendet,
3011 1167 3166 1220 quam
3195 1149 3514 1217 superﬂuum
3543 1151 3645 1212 sit,
3675 1150 3782 1216 ipse

2254 1258 2346 1312 per
2369 1251 2510 1295 tuam
2539 1241 2865 1308 prudentiam
2894 1239 3259 1307 recognoscis:
3289 1245 3361 1298 ut,
3386 1234 3536 1302 cujus
3556 1237 3781 1290 hostiam

2256 1332 2478 1384 necdum
2521 1329 2628 1382 Deo
2669 1328 2899 1390 offeras,
2949 1327 3062 1395 ejus
3108 1341 3300 1380 nomen
3345 1333 3470 1377 ante
3516 1325 3779 1385 insinues,

2259 1420 2434 1493 (ναν.)
2483 1435 2602 1474 cum
2650 1418 2720 1474 illi
2768 1417 3085 1486 incognitum
3123 1414 3252 1468 nihil
3290 1415 3376 1468 sit.
3425 1411 3784 1484 PridsWar.)

2256 1510 2396 1563 enim
2423 1507 2713 1562 oblationes
2739 1513 2861 1558 sunt
2883 1502 3332 1565 commendandae,
3363 1517 3424 1556 ac
3454 1509 3579 1555 tunc
3604 1515 3783 1556 eorum

2259 1596 2466 1650 nomina
2488 1608 2710 1662 quorum
2739 1601 2879 1656 sunt,
2897 1591 3166 1655 edicenda,
3187 1597 3246 1643 ut
3263 1591 3401 1644 inter
3419 1605 3572 1644 sacra
3594 1598 3788 1657 mysteo

2261 1684 2336 1736 ria
2359 1681 2710 1743 nominentur,
2729 1694 2829 1732 non
2853 1680 2990 1732 inter
3007 1678 3106 1732 alia
3127 1693 3242 1746 qua:
3263 1687 3383 1730 ante
3401 1678 3787 1746 prazmittimus,

2261 1781 2320 1824 ut
2361 1770 2488 1839 ipsis
2530 1769 2794 1838 mysteriis
2816 1768 2953 1821 viam
2982 1767 3169 1822 futuris
3195 1766 3438 1834 precibus
3469 1766 3782 1834 aperiamus.

643 1860 783 1911 viros
809 1861 1066 1912 contraria
1096 1861 1321 1913 sensisse
1347 1857 1462 1926 [aut
1487 1857 1553 1909 ab
1579 1855 1826 1922 apostolis
1852 1854 1932 1905 vel
1958 1858 2162 1918 aposto-
2197 1844 2234 1900 Β
2263 1857 2410 1929 (Cap.
2431 1855 2506 1926 5.)
2527 1855 2600 1908 De
2619 1855 2986 1923 consignandis
3003 1868 3127 1908 vero
3147 1851 3432 1906 infantibus
3456 1850 3790 1904 manifestum

644 1945 756 1996 licis
774 1946 899 1997 viris
917 1945 1340 1996 contrarietatem
1363 1941 1672 2011 inductam].
1697 1941 1824 2006 Quis
1839 1954 1962 2006 ergo
1977 1935 2160 2008 [enim]

643 2032 845 2084 nesciat
867 2030 974 2098 [aut
1002 2045 1100 2082 non
1129 2029 1386 2100 advertat]
1411 2029 1458 2083 id
1482 2030 1619 2097 quod
1648 2044 1677 2080 a
1703 2027 1934 2095 principe
1961 2034 2166 2093 aposto-

643 2123 810 2171 lorum
836 2117 987 2188 Petro
1018 2119 1264 2171 traditum
1293 2126 1400 2181 est,
1439 2127 1494 2171 et
1516 2120 1614 2171 hoc
1643 2132 1779 2170 nunc
1804 2130 1967 2181 usque
1995 2121 2168 2168 custo-

643 2206 798 2269 ditur,
825 2207 890 2259 ab
913 2207 1152 2260 omnibus
1179 2205 1370 2258 debere
1398 2204 1616 2266 servari,
1646 2217 1744 2256 nec
1771 2201 2046 2270 superduci
2077 2209 2169 2254 aut

643 2295 899 2348 introduci
929 2297 1121 2362 aliquid
1151 2295 1289 2362 quod
1320 2292 1496 2363 (ναν.)
1535 2293 1648 2359 ejus
1675 2292 2034 2345 auctoritatem
2064 2305 2166 2344 non

639 2370 852 2444 habeat,
886 2393 905 2419 ο
928 2382 1216 2452 prmsertim
1241 2397 1359 2434 cum
1387 2381 1456 2434 sit
1475 2379 1832 2440 manifestum,
1850 2393 1942 2446 per
1960 2391 2167 2430 omnem

646 2468 866 2530 Italiam,
898 2467 1110 2530 Gallias,
1140 2468 1436 2536 Hispanias,
1472 2467 1724 2528 Africam,
1753 2473 1909 2533 atque
1937 2464 2168 2517 Siciliam

647 2563 698 2606 ct
725 2555 920 2607 insulas
950 2554 1335 2620 interiacentes,
1361 2553 1558 2606 nullum
1587 2553 1874 2606 instituisse
1899 2551 2164 2614 ecclesias,

647 2642 745 2694 nisi
783 2654 872 2694 eos
909 2657 1039 2709 quos
1064 2642 1374 2696 venerabilis
1411 2640 1674 2710 apostolus
1704 2639 1890 2694 Petrus
1931 2647 2020 2692 aut
2057 2638 2169 2705 ejus

647 2744 974 2785 successores
1000 2731 1381 2784 constituerunt
1408 2729 1748 2784 sacerdotes?
1779 2729 1883 2780 Aut
1905 2727 2100 2794 legant,
2125 2727 2171 2780 si

646 2817 698 2872 in
723 2818 804 2870 his
827 2819 1108 2885 provinciis
1130 2819 1262 2872 alius
1281 2818 1306 2856 ιι
1323 2818 1595 2886 episetipus
1616 2815 1878 2868 invenitur
1896 2814 2172 2868 docuisse?

647 2906 712 2958 Et
738 2903 912 2973 (ναν.)
945 2921 1063 2960 cum
1094 2919 1360 2972 nunquam
1389 2905 1679 2966 invenient,
1718 2909 1924 2972 Oportet
1949 2917 2040 2956 eos
2072 2903 2174 2955 hoc

647 2997 792 3061 sequi
818 2993 953 3060 quod
984 2994 1216 3048 Ecclesia
1255 2993 1488 3046 Romana
1528 2993 1792 3054 custodit,
1837 3005 1903 3048 ex
1939 3005 2043 3058 qua
2081 3003 2172 3044 eos

648 3081 958 3150 principium
985 3081 1250 3148 accepisse
1273 3096 1374 3134 non
1401 3079 1612 3134 dubium
1639 3089 1722 3134 est
1744 3097 1755 3131 :
1785 3093 1851 3132 ne
1877 3079 1998 3132 dum
2021 3091 2175 3147 pere-

2260 1956 2364 2007 est,
2406 1961 2511 1999 non
2537 1946 2602 1999 ab
2629 1943 2729 1998 alio
2753 1957 2909 2012 quam
2938 1941 3004 1995 ab
3029 1941 3270 2008 episcopo
3298 1938 3410 1991 ﬁeri
3435 1939 3615 1990 licere.
3661 1937 3790 1990 Nam

2262 2034 2588 2102 presbyteri,
2623 2032 2748 2086 licet
2779 2031 2884 2083 sint
2910 2029 3125 2082 secundi
3155 2026 3325 2098 [Deest
3351 2024 3594 2096 secundi]
3621 2040 3792 2078 sacer-

2264 2123 2442 2183 dotes,
2488 2120 2820 2190 pontiﬁcatus
2863 2127 3033 2175 tamen
3062 2115 3259 2186 apicem
3289 2123 3390 2168 non
3420 2113 3636 2166 habent.
3685 2112 3793 2166 Hoc

2267 2220 2440 2264 autem
2473 2209 2793 2278 pontiﬁcium
2831 2207 2956 2260 solis
2990 2206 3208 2260 debetur
3241 2203 3504 2272 episcopis
3532 2201 3682 2272 [Haec
3707 2217 3794 2254 au-

2266 2308 2371 2352 tem
2412 2297 2744 2366 pontiﬁcibus
2770 2295 2894 2350 solis
2931 2293 3132 2362 deberi]
3157 2333 3170 2355 ,
3221 2299 3280 2345 ut
3322 2291 3673 2369 coqsignent,
3717 2287 3797 2343 vel

2265 2387 2587 2457 paracletum
2613 2384 2862 2454 Spiritum
2889 2382 3111 2436 tradant.
3134 2377 3312 2449 (γαν.)
3335 2377 3445 2430 Non
3473 2378 3648 2430 solum
3673 2392 3796 2431 con.

2267 2477 2483 2530 suetudo
2511 2473 2864 2528 ecclesiastica
2902 2471 3003 2524 hoc
3039 2469 3386 2528 demonstrat,
3426 2479 3612 2530 verum
3645 2467 3799 2519 etiam

2267 2564 2355 2618 illa
2381 2563 2536 2616 lectio
2571 2561 2925 2630 apostolorum
2950 2572 3066 2627 qua:
3091 2556 3285 2610 asserit
3318 2553 3532 2608 Petrum
3562 2561 3618 2606 et
3642 2553 3798 2606 Joan-

2267 2669 2388 2708 nem
2419 2665 2534 2706 esse
2563 2651 2809 2711 directos,
2846 2647 2935 2714 qui
2974 2653 3176 2700 tantum
3205 2641 3356 2712 [jam]
3384 2641 3669 2709 baptizatis
3697 2649 3800 2692 tra-

2268 2744 2395 2798 dant
2421 2741 2672 2808 Spiritum
2701 2745 2958 2792 sanctnm.
3004 2734 3136 2788 Nam
3161 2732 3500 2802 presbyteris,
3531 2746 3626 2784 seu
3655 2738 3801 2783 extra

2268 2831 2596 2900 episcopum,
2643 2841 2736 2880 seu
2781 2831 3035 2894 praesente
3061 2822 3326 2890 episcopo,
3371 2833 3492 2872 cum
3537 2819 3804 2886 baptizant

2271 2916 2431 2988 [Edd.
2464 2931 2563 2969 om.
2593 2929 2712 2969 cum
2739 2908 3049 2982 baptizant],
3081 2907 3370 2962 chrismate
3399 2919 3598 2975 ungere
3628 2901 3802 2974 (ναν.)

2269 3005 2393 3060 Hect
2415 3003 2734 3074 baptizatos,
2771 3001 2862 3054 sed
2892 2999 3030 3068 quod
3059 2997 3124 3051 ab
3151 2995 3396 3064 episcopo
3423 2991 3588 3046 fuerit
3616 3003 3801 3044 conse-

2275 3102 2477 3148 cratnm
2501 3111 2515 3145 :
2547 3107 2653 3147 non
2680 3100 2853 3145 tamen
2883 3089 3104 3141 frontem
3135 3099 3200 3138 ex
3221 3083 3406 3138 eodem
3433 3081 3552 3135 oleo
3581 3083 3804 3150 signare,

649 3170 814 3238 grinis
858 3169 1232 3224 assertionibus
1283 3169 1528 3233 student,
1582 3177 1739 3238 caput
1789 3141 2173 3222 institutionum

2273 3141 3115 3252 episcopis,
3161 3187 3281 3226 cum
3311 3169 3526 3223 tradunt
3549 3141 3802 3237 Spiritum

651 3257 927 3327 videantur
969 3259 1208 3312 amittere
1254 3255 1593 3329 [omittere].
1657 3257 1804 3326 Saepe
1847 3255 2176 3310 dilectionem

653 3355 795 3400 tuam
826 3347 891 3398 ad
921 3347 1100 3401 urbem
1127 3349 1361 3411 venisse,
1403 3363 1465 3401 ac
1491 3347 1758 3401 nobiscum
1787 3345 1964 3418 (Van)
1993 3345 2058 3399 ad
2085 3358 2176 3398 ec-

652 3435 863 3488 clesiam
891 3437 1194 3489 convenisse
1222 3451 1322 3488 non
1351 3436 1564 3489 dubium
1589 3444 1687 3498 est,
1716 3443 1770 3489 et
1794 3448 1950 3503 quem
1979 3447 2179 3486 morem

652 3524 737 3577 vel
761 3524 812 3576 in
840 3526 1207 3580 consecrandis
1237 3526 1516 3594 mysteriis,
1549 3525 1626 3580 vel
1652 3526 1704 3578 in
1731 3525 1937 3579 ceteris
1964 3523 2180 3592 agendis

655 3613 908 3686 [arcanis]
941 3623 1149 3680 teneat,
1193 3618 1518 3686 cognovisse.
1546 3628 1566 3655 ε
1590 3617 1738 3683 Quod
1775 3615 2013 3669 sulﬁcere
2041 3614 2182 3668 arbi-

655 3712 828 3757 trarer
861 3704 926 3757 ad
964 3703 1382 3758 informationem
1421 3704 1654 3758 ecelesia:
1696 3713 1798 3758 tum
1821 3703 1902 3756 vel
1929 3695 2182 3757 reforma-

654 3792 888 3852 tionem,
933 3793 1034 3845 nisi
1078 3793 1490 3860 prmdccessores
1533 3792 1607 3844 tui
1649 3792 1820 3844 minus
1857 3789 2052 3858 aliquid
2093 3797 2185 3842 aut

654 3881 807 3934 aliter
827 3883 1086 3936 tenuerint
1109 3883 1424 3941 sacerdotes.
1460 3882 1552 3936 Vel
1577 3891 1720 3937 certe
1747 3889 1869 3937 sunt
1890 3883 2070 3950 aliqui,
2095 3882 2183 3950 qui

656 3969 812 4023 aliter
835 3985 990 4038 quam
1020 3971 1254 4025 Romana
1281 3973 1514 4026 Ecclesia
1547 3973 1821 4034 observat,
1866 3974 1979 4026 hzec
2005 3973 2186 4026 obser-

656 4058 827 4112 vanda
855 4059 1050 4111 dicant.
1083 4059 1316 4124 Quorum
1340 4074 1434 4114 nos
1455 4060 1694 4114 notitiam
1721 4075 1823 4113 non
1849 4061 2184 4124 haberemus,

659 4141 762 4200 nisi
811 4147 874 4200 de
925 4146 1183 4216 aliquibus
1237 4162 1333 4202 nos
1383 4149 1730 4202 consulendos
1774 4163 1893 4202 esse
1941 4149 2184 4202 dixisses.

663 4233 864 4298 Quibus
911 4234 1109 4288 idcirco
1144 4237 1545 4304 respondemus,
1593 4251 1696 4290 non
1730 4235 1868 4305 quod
1907 4244 1958 4290 te
1993 4237 2187 4304 aliquid

663 4321 904 4390 ignorare
943 4323 1250 4389 credamus;
1301 4325 1392 4378 sed
1437 4333 1496 4378 ut
1535 4325 1724 4394 majori
1769 4327 2080 4380 auctoritate
2106 4326 2188 4379 vel

663 4417 779 4462 tuos
804 4410 1065 4476 instituas,
1085 4412 1166 4465 vel
1192 4415 1235 4467 si
1263 4415 1349 4482 qui
1378 4429 1407 4467 a
1435 4414 1686 4468 Romanis
1712 4409 1982 4485 [Romamn
2005 4415 2190 4469 Eccle-

667 4499 780 4569 siaa]
809 4502 1221 4556 institutionibus
1249 4512 1456 4568 errant,
1495 4514 1584 4558 aut
1609 4520 1968 4570 commoneas,
1995 4513 2087 4560 aut
2114 4507 2190 4560 in-

670 4588 847 4642 dicare
883 4606 983 4642 non
1011 4591 1249 4657 dill'eras;
1297 4602 1354 4644 ut
1395 4593 1534 4646 scire
1558 4593 1827 4647 valeamus
1854 4594 1942 4662 qui
1971 4593 2077 4647 sint
2101 4595 2192 4662 qui

669 4685 762 4730 aut
791 4678 1046 4730 novitates
1072 4681 1350 4743 inducunt,
1394 4688 1484 4733 aut
1509 4680 1722 4734 alterius
1750 4681 1996 4735 Ecclesia:
2036 4695 2192 4748 quam

672 4764 923 4820 Romana:
960 4767 1263 4820 existimant
1299 4767 1702 4847 consuetudines
1727 4768 1902 4840 (Van)
1931 4785 2048 4824 esse
2087 4785 2195 4822 scr-

671 4855 890 4906 vandas.
919 4853 937 4890 ΐ
957 4853 1143 4926 Pacem
1165 4855 1320 4925 igitur
1338 4857 1525 4910 asseris
1546 4866 1666 4910 ante
1688 4857 1922 4910 confecta
1947 4858 2194 4926 mysteria

674 4944 926 5008 quosdam
967 4923 1484 5012 popidis‘impcrare,
1516 4946 1595 4999 vel
1632 4945 1729 4998 sibi
1771 4945 1909 4997 inter
1946 4923 2011 4996 se
2029 4943 2196 5012 [Deest

672 5028 752 5100 se]
773 5032 1068 5085 sacerdotes
1091 5032 1325 5087 tradere:
1351 5048 1468 5086 cum
1494 5041 1612 5100 post
1630 5033 1828 5096 omnia,
1848 5047 1967 5100 qua:
1991 5031 2197 5099 aperire

791 5200 924 5256 Fere
960 5216 1140 5257 omnes
1175 5205 1290 5257 cod.
1321 5205 1395 5258 sic
1423 5204 1470 5258 le
1507 5210 1598 5258 unt
1625 5223 1637 5256 :
1670 5203 1884 5273 quidam
1911 5215 2038 5257 vero
2064 5218 2197 5256 com-

791 5269 1022 5323 iinciales.
1041 5273 1160 5324 .Vid.
1184 5281 1292 5325 not.
1319 5288 1368 5324 v.
1391 5219 1523 5325 εις.
1553 5271 1836 5325 Sirmondi.

673 5270 1022 5340 provinciales.
1041 5273 1160 5324 .Vid.
1184 5281 1292 5325 not.
1319 5288 1368 5324 v.
1391 5273 1456 5326 cl.
1478 5270 1523 5325 1.
1553 5270 1836 5340 Sirmondi.

745 5335 774 5374 δ
796 5335 900 5410 aL,
929 5337 1254 5410 innocentius
1279 5342 1526 5394 Decentio
1551 5337 1856 5410 episcopo...
1901 5341 2193 5410 Eugubino.

748 5412 772 5441 ο
797 5403 1040 5466 Quaedam
1071 5408 1122 5457 in
1150 5409 1265 5459 edd.
1295 5410 1410 5461 add.
1441 5403 1718 5466 superﬂua.

744 5469 772 5508 ἀ
801 5471 929 5544 hiate
958 5474 1009 5524 in
1035 5474 1142 5544 ed.,
1172 5469 1700 5544 aliusapostolorum,
1745 5492 1862 5530 tum
1891 5491 1994 5530 non
2019 5477 2199 5544 loqua-

681 5544 768 5618 tur
794 5538 858 5592 dc
885 5541 1148 5618 apostolis,
1179 5544 1268 5596 sed
1298 5538 1372 5595 de
1391 5545 1458 5618 iis
1480 5559 1610 5611 quos
1639 5538 1968 5600 successores
1995 5538 2199 5613 aposto-

683 5604 850 5658 lorum
877 5604 1252 5662 constituerunt
1279 5604 1592 5666 sacerdotes.

757 5683 779 5709 ε
803 5673 878 5726 Ab
907 5675 984 5729 his
1011 5691 1172 5743 usque
1195 5681 1256 5731 ad
1279 5681 1359 5732 illa
1390 5681 1572 5733 verba:
1603 5681 1792 5745 Quibus
1821 5683 2026 5748 idcirco,
2054 5682 2199 5736 locus

2273 3267 2613 3340 paracletum.
2630 3267 2801 3321 Verba
2825 3278 2948 3318 vero
2973 3262 3148 3316 dicere.
3170 3275 3272 3313 non
3295 3271 3534 3326 possum,
3557 3269 3625 3307 ne
3641 3253 3805 3323 magis

2272 3358 2495 3428 prodere
2519 3356 2817 3425 providear,
2857 3367 3015 3420 quam
3044 3345 3394 3404 consolationi
3421 3344 3514 3416 [ad
3542 3340 3806 3398 consulta-

2277 3443 2494 3515 tionem]
2523 3443 2857 3512 respondere.

2652 3547 2830 3602 Canon
2862 3545 3128 3608 Nica'nus,
3157 3559 3264 3597 (cra
3293 3542 3358 3596 i9
3383 3543 3427 3594 5.

2343 3641 2371 3680 ιι
2396 3638 2460 3692 Hi
2485 3638 2573 3706 qui
2599 3635 2848 3713 ol‘l‘ercndi
2877 3633 3195 3690 sacriﬁcium
3229 3639 3545 3700 potestatem
3582 3630 3802 3692 habent,

2277 3743 2468 3796 corpus
2504 3726 2697 3781 Christi
2741 3725 3028 3794 porrigant.
3082 3723 3326 3778 Maneant
3362 3720 3570 3774 diaconi
3615 3721 3667 3773 in
3715 3734 3806 3774 sua

2279 3830 2545 3878 mensura,
2581 3821 2633 3866 et
2662 3812 2923 3880 accipiant
2948 3810 3323 3864 eucharistiam
3353 3807 3640 3867 secundum
3669 3805 3808 3860 ordi—

2280 3917 2399 3956 nem
2426 3909 2546 3970 post
2569 3899 2928 3970 presbyteros.
2973 3895 3123 3963 Quod
3146 3895 3226 3956 ‘si,
3255 3895 3374 3964 quis
3417 3909 3524 3948 non
3557 3892 3669 3946 vult
3695 3905 3806 3966 esse

2280 3991 2568 4060 subjectus,
2595 3995 2764 4042 cesset
2789 4000 2906 4040 esse
2933 3985 3206 4039 diaconus.
3248 3982 3399 4048 Quod
3437 3983 3482 4036 si
3521 3997 3626 4035 non
3655 3978 3810 4034 fuerit

2280 4093 2512 4149 praesens
2539 4076 2811 4145 episcopus
2843 4083 2933 4127 aut
2968 4073 3258 4142 presbyter,
3299 4079 3426 4125 tunc
3459 4069 3666 4126 diaconi
3689 4071 3808 4124 dent

2281 4166 2655 4222 eucharistiam
2679 4164 2733 4216 in
2757 4161 3024 4233 papulum.

2579 4271 2756 4326 Canon
2783 4268 3218 4340 Carthaginemis,
3249 4283 3355 4322 trra
3379 4265 3449 4322 59
3476 4268 3493 4307 ί

2354 4383 2424 4440 Ut
2449 4384 2723 4446 diaconus,
2753 4387 3010 4450 praesente
3039 4379 3283 4448 episcopo
3299 4373 3694 4447 [presbytero],
3723 4387 3810 4429 eu-

2215 4451 2262 4510 D
2288 4474 2590 4529 charistiam
2618 4471 2876 4543 [corporis
2903 4467 3122 4540 Christi]
3149 4465 3364 4536 populo,
3405 4464 3587 4539 (Van)
3637 4466 3684 4522 si
3723 4477 3812 4521 ne-

2287 4579 2435 4619 cesse
2461 4563 2546 4626 sit,
2569 4561 2748 4630 jussus
2771 4567 2967 4629 eroget.

2915 4663 3180 4720 Αῖηιῧὶ.

2358 4779 2670 4835 Chrismatis
2696 4775 3022 4830 consecratio
3047 4771 3350 4846 [confectio]
3379 4779 3436 4827 et
3460 4772 3812 4829 reconciliatio

2289 4867 2653 4935 paenitentiam
2685 4852 2882 4932 absque
2905 4861 3137 4930 periculo
3165 4861 3349 4914 mortis
3393 4859 3556 4930 [Edd.
3578 4877 3682 4914 om.
3705 4862 3809 4915 abs.

2289 4969 2402 5022 per.
2430 4952 2551 5022 m.],
2582 4950 2757 5021 (ναν.)
2784 4949 2866 5004 vel
2895 4947 3222 5004 consecratio
3251 4947 3513 5018 virginum
3544 4962 3576 5002 a
3602 4948 3811 5018 presby-

2292 5041 2420 5094 teris
2449 5055 2553 5093 non
2580 5037 2688 5091 ﬁat.

2294 5209 2392 5289 iste
2418 5208 2491 5262 ita
2514 5209 2826 5289 depravatus
2849 5208 3038 5278 legitur
3059 5208 3112 5262 in
3133 5207 3218 5262 ed.
3237 5212 3298 5260 ut
3319 5203 3465 5262 nullo
3486 5205 3648 5264 modo
3669 5207 3807 5262 intel-

2293 5275 2391 5424 “si
2410 5284 2723 5424 milites“
2745 5343 2906 5424 in,“
2929 5343 3122 5424 ω’λῷ

2366 5416 2391 5453 ε
2415 5413 2470 5467 ln
2500 5411 2562 5468 G.
2592 5409 2662 5466 18
2669 5419 2722 5466 et
2746 5409 3016 5480 interpreti
3042 5411 3276 5481 Dionys.;
3307 5410 3430 5466 Ruf.
3453 5411 3556 5477 20;
3586 5410 3710 5467 Isid.
3733 5409 3807 5466 ιι.

2363 5481 2389 5553 ’ξ
2416 5481 2708 5553 Singularis
2737 5481 3004 5553 interpret-

2371 5551 2384 5588 ί
2418 5545 2621 5603 Statuta
2649 5549 2803 5603 'Eccl.
2844 5545 3054 5616 antiqua
3093 5548 3147 5601 in
3186 5547 3300 5601 cod.
3336 5545 3491 5600 Barb.
3523 5547 3624 5612 £8;
3670 5559 3804 5600 conc.

2297 5618 2476 5672 Carth.
2505 5634 2571 5680 Iv,
2597 5633 2642 5670 c.
2669 5618 2757 5671 58.

2372 5697 2384 5734 ι
2420 5679 2576 5741 Conc.
2593 5685 2770 5742 Carth.
2789 5701 2846 5744 ιι.
2865 5700 2911 5738 c.
2930 5685 2992 5749 5;
3023 5685 3074 5739 iu
3091 5683 3204 5739 cod.
3231 5682 3428 5738 Eccles.
3451 5681 3682 5736 African.
3701 5696 3744 5736 c.
3761 5679 3803 5730 6.
