4010 6412
238 407 379 466 1021

1079 410 1384 464 CANONES
1424 405 1828 462 SELECTl-EX
1869 403 2019 457 VET.
2060 402 2212 456 CAN.
2253 400 2574 455 COLLECT.

3257 397 3390 455 10Ξῖ

309 534 336 562 ι
362 519 439 574 De
464 520 870 573 reconciliatione
897 521 1238 587 paenitentiam
1263 536 1358 571 non
1373 518 1553 584 .ﬁcnda
1581 535 1610 568 a
1635 533 1772 583 prcs-
1799 516 1845 572 Δ
1872 517 2150 578 ponantur,
2169 509 2267 562 nisi
2280 509 2501 562 clericos
2519 506 2870 574 cujuscunque
2895 510 3172 576 parmehhe
3195 511 3393 564 vicinos

240 611 547 680 bytcris.——
576 607 871 675 Presbyteri
918 616 971 658 et
1013 607 1216 659 diaconi
1261 618 1449 674 praeter
1480 607 1776 673 episcopum
1873 612 1989 650 esse
2037 597 2333 663 contingat,
2381 595 2472 663 qui
2520 597 2683 647 sacris
2729 597 3033 664 pignoribus
3085 596 3392 669 [cineribus]

243 699 377 752 nihil
406 704 740 766 pratentent.
778 693 907 746 Nam
935 693 1140 745 Domini
1170 694 1385 762 populus
1414 695 1508 762 ipsi
1536 692 1779 745 commis-

1872 683 2120 752 psallendi
2152 682 2441 750 frequentia
2471 682 2805 735 famulentur.
2838 685 2851 722 ί
2883 683 3027 748 Quod
3053 686 3095 736 si
3126 686 3196 737 illi
3221 685 3399 739 defue-

241 803 340 841 sus
367 795 476 864 est,
518 793 573 838 et
611 799 708 854 pro
735 782 1008 836 animabus
1033 797 1214 835 eorum
1244 781 1352 850 ipse
1382 781 1675 833 redditurus
1700 788 1780 832 est
1875 775 2016 836 rint,
2047 789 2151 826 non
2192 780 2312 825 ante
2363 774 2570 840 proprie
2615 771 2854 842 [proprii]
2901 773 3076 826 clerici
3128 772 3235 843 [In
3273 773 3393 826 edd.

244 875 530 929 rationem.

559 968 736 1016 tianon
765 963 1208 1029 Carthagincnsis,
1238 977 1342 1014 aera
1368 961 1401 1012 2
1424 961 1469 1012 ι».

316 1055 484 1108 Nemo
511 1054 564 1104 in
595 1053 835 1120 precibus
857 1052 939 1104 vel
963 1051 1169 1102 Patrem
1197 1065 1289 1118 pro
1314 1048 1462 1108 Filio,
1488 1046 1568 1099 vel
1596 1045 1782 1098 Filium

242 1158 346 1214 pro
371 1141 529 1195 Patre
562 1141 813 1195 nominet.
856 1139 921 1192 Et
955 1153 1074 1192 cum
1100 1138 1250 1190 altari
1279 1136 1532 1188 assistunt
1560 1133 1784 1203 [assisti-

243 1226 379 1300 tur],
406 1243 616 1297 semper
639 1229 704 1281 ad
729 1226 938 1280 Patrem
967 1227 1224 1295 dirigatur
1247 1224 1437 1278 oratio.

891 1313 1026 1364 λεια
1055 1311 1087 1361 5
1112 1323 1155 1364 ε.

314 1404 629 1471 Quicunque
662 1415 848 1470 preces
875 1401 971 1453 sibi
1001 1399 1207 1452 aliunde
1235 1398 1413 1467 (Van)
1444 1398 1646 1459 seribit,
1677 1413 1783 1450 non

239 1493 325 1546 eis
353 1501 552 1552 utatur,
585 1491 683 1544 nisi
713 1490 861 1558 prius
889 1503 979 1540 eas
1006 1503 1124 1540 cum
1163 1486 1528 1541 stmctioribus
1567 1485 1785 1555 [instru-

239 1580 528 1649 ctioribus]
555 1579 808 1630 fratribus
833 1577 1132 1631 contulerit.

240 1668 268 1706 ά
297 1667 478 1722 Canon
506 1666 820 1726 'Maticensis
867 1665 928 1717 de
975 1664 1226 1784 obltétione
1274 1664 1446 1733 papuli
1489 1663 1784 1732 oﬂerenda,

928 1749 1034 1784 trra
1107 1779 1110 1782 .

928 1749 1034 1784 a’ra
1063 1749 1110 1784 0.

1875 863 2013 915 deest
2035 861 2232 932 clerici]
2261 862 2587 923 ordinentur,
2611 878 2768 930 quam
2798 864 2874 916 eis
2900 872 3201 932 competens
3227 864 3396 917 victus

1876 959 1930 1003 et
1951 951 2170 1004 vestitus
2191 951 2484 1006 substantia
2516 952 2810 1018 deputetur.

2436 1039 2654 1093 CAPUT
2684 1039 2840 1092 XXII.

2103 1143 2326 1181 ΑιτλιιιΑ
2362 1144 2460 1181 NON
2497 1144 2759 1181 SACRANDA
2799 1145 2899 1184 NISI
2940 1147 3180 1184 ιΑΡιυεΑ.

2084 1215 2259 1268 Canon
2306 1216 2642 1284 Epauncnsis,
2675 1233 2778 1268 a'ra
2815 1217 2883 1269 ἓξ)
2921 1217 3055 1287 [c‘an.
3084 1217 3192 1287 26].

1946 1301 2148 1355 Altaria
2171 1301 2269 1354 nisi
2296 1301 2497 1370 lapidea
2522 1303 2821 1355 chrismatis
2847 1301 2859 1351 i
2897 1277 3269 1357 unctionc'non
3309 1314 3398 1357 sa-
3467 1277 3473 1288 Ι

1881 1397 2111 1442 crentur.

2422 1455 2640 1510 CAPUT
2679 1455 2859 1510 XXIII.

2465 1560 2529 1597 DE
2568 1561 2627 1599 ΒΔ
2636 1562 2837 1599 Ρτιειιο.

2253 1629 2430 1684 Canon
2460 1631 2768 1694 Maticemis,
2797 1647 2902 1684 aera
2924 1633 2956 1685 5
2991 1633 3039 1682 ι.

1950 1718 2225 1773 Relatione
2242 1719 2588 1787 quorumdam
2610 1720 2960 1787 comperimus
2980 1718 3226 1786 quosdam
3245 1716 3404 1787 [Edd.

315 1823 594 1894 (Quadam
623 1822 743 1874 add.
776 1823 830 1873 in
857 1821 997 1889 edd.)
1035 1820 1391 1880 Decernimus.
1441 1829 1500 1873 ut
1545 1821 1788 1874 omnibus
1815 1834 1861 1893 Β
1885 1827 1986 1863 om.
2018 1808 2296 1879 quosdam]
2327 1809 2654 1862 Christianos
2673 1824 2775 1860 non
2800 1810 3081 1861 observare
3122 1807 3407 1875 legitimum

242 1909 435 1968 diebus
462 1910 770 1972 Dominicis,
803 1908 1030 1978 [altaris]
1065 1923 1214 1961 sacra
1238 1905 1431 1961 oblatio
1458 1907 1523 1960 ab
1547 1908 1790 1962 omnibus

241 2001 380 2054 viris
423 2008 477 2053 et
523 1997 831 2052 mulieribus
856 1996 1107 2049 offeratur
1136 2006 1241 2049 tam
1264 1998 1434 2064 .panis
1461 2011 1617 2064 quam
1643 1997 1747 2048 vini
1774 2010 1788 2047 :

243 2095 307 2140 ut
335 2101 431 2154 per
460 2087 557 2138 has
582 2084 874 2137 oblationes
892 2083 1342 2153 [immolationes],
1369 2083 1638 2151 (Quadam
1668 2083 1787 2133 add.

241 2176 299 2228 in
330 2173 472 2242 cdd.)
504 2180 842 2240 peccatorum
874 2172 1102 2224 fascibus
1139 2181 1384 2233 careant,
1432 2181 1482 2222 et
1516 2186 1632 2222 cum
1665 2170 1790 2222 Abel

243 2262 331 2315 vel
359 2262 566 2315 caeteris
587 2261 745 2330 justis
772 2258 1154 2329 [olTerentihus]
1194 2267 1494 2310 mereantur
1520 2273 1635 2310 esse
1666 2272 1790 2309 con-

244 2359 441 2404 sortes.
466 2348 662 2403 Omnes
683 2357 856 2400 autem
879 2349 966 2414 qui
989 2345 1163 2416 (Van)
1187 2346 1540 2398 definitionem
1563 2353 1791 2395 nostram

243 2456 344 2510 per
371 2439 779 2493 inobedientiam
809 2450 1066 2491 evacuarc
1095 2435 1431 2497 contendunt,
1463 2433 1793 2485 anathemate

242 2529 624 2599 peroellantur.

890 2591 1155 2646 JEra8e.

320 2689 410 2756 (In
439 2687 557 2741 edd.
589 2685 825 2756 qua’dam
853 2681 1188 2753 prmcedunt.)
1226 2679 1477 2748 Reliquia:
1506 2677 1794 2733 sacriﬁcio-

249 2793 396 2839 rum,
443 2793 562 2846 qute
606 2784 724 2844 post
768 2775 958 2828 missas
999 2774 1139 2844 [post
1165 2781 1434 2840 peractam
1462 2769 1699 2839 missam]
1739 2770 1793 2824 in

248 2867 494 2923 sacrario
523 2865 944 2932 supersederim;
990 2869 1178 2930 quarta
1219 2868 1272 2913 et
1310 2868 1455 2912 sexta
1487 2859 1617 2911 feria
1647 2859 1796 2911 inno-

249 2958 494 3013 centibus
522 2955 854 3027 [innocentes
879 2953 946 3004 ab
972 2953 1060 3004 illo
1085 2950 1232 3015 cujus
1270 2936 1484 3002 interest
1521 2950 1584 3000 ad
1620 2947 1792 3000 eccle-

249 3047 387 3102 siam
421 3040 770 3111 adducantur]
811 3041 1074 3094 indicatur
1096 3037 1350 3106 jejunium
1385 3037 1457 3106 [et
1493 3037 1688 3088 indicto
1719 3035 1796 3088 eis

1889 1897 2167 1964 baptisma,
2195 1896 2282 1962 qui
2311 1909 2441 1962 pene
2461 1911 2554 1963 per
2577 1895 2808 1962 singulos
2830 1895 2940 1948 dies
2962 1909 3022 1947 ac
3062 1892 3238 1962 (γαν.)
3265 1903 3411 1946 nata-

1886 1985 1998 2037 litia
2022 1991 2311 2051 martyrum
2343 1982 2477 2035 ﬁlios
2509 1997 2630 2035 suos
2666 1983 2952 2048 baptizant,
2977 1982 3048 2033 ita
3079 1989 3136 2033 ut
3182 1982 3266 2032 vix
3309 1982 3412 2032 duo

1889 2071 1969 2125 vel
1994 2081 2103 2124 tres
2128 2070 2460 2138 reperiantur
2480 2070 2532 2121 in
2560 2078 2741 2122 sancto
2768 2069 3094 2135 Pascha,qui
3115 2084 3208 2136 per
3226 2084 3412 2134 aquam

1890 2169 1942 2213 et
1971 2159 2224 2226 Spiritum
2254 2165 2496 2211 sanctum
2525 2165 2916 2225 regenerentur.
2966 2157 3165 2209 Idcirco
3210 2155 3414 2206 censui-

1890 2262 2004 2298 mus
2032 2255 2090 2298 ut
2115 2261 2180 2298 ex
2207 2247 2307 2300 hoc
2332 2255 2568 2313 tempore
2594 2247 2767 2300 nullus
2791 2247 3127 2313 permittatur
3148 2245 3268 2296 talia
3299 2259 3417 2312 per-

1890 2344 2122 2404 petrare,
2148 2343 2340 2402 praeter
2368 2335 2486 2388 illos
2509 2350 2640 2402 quos
2669 2335 2950 2387 inﬁrmitas
2973 2335 3155 2396 nimia,
3185 2342 3275 2386 aut
3309 2334 3419 2386 dies

1891 2432 2156 2476 extremus
2181 2417 2446 2490 compellit
2477 2422 2656 2493 [Add.,
2686 2424 2807 2476 filiis
2829 2423 2939 2476 suis
2957 2422 3272 2490 baptismum
3303 2436 3421 2489 per»

1891 2511 2108 2579 cipere].
2139 2512 2362 2578 Ideoque
2389 2511 2734 2578 praesentibus
2773 2510 3213 2564 admonitionibus
3247 2526 3273 2562 a
3312 2512 3422 2563 suis

1890 2597 2158 2650 erroribus
2183 2597 2264 2649 vel
2295 2597 2586 2665 ignorantia
2635 2597 2888 2658 revocati,
2929 2611 3111 2650 omnes
3136 2598 3349 2654 omnino
3391 2611 3424 2651 a

1891 2686 1976 2739 die
2012 2686 2410 2754 quadragesima
2439 2701 2556 2738 cum
2585 2685 2873 2738 infantibus
2901 2685 3010 2738 suis
3035 2685 3100 2736 ad
3147 2685 3423 2739 ecclesiam

1891 2776 2176 2830 observare
2230 2776 2596 2844 przecipimus,
2636 2783 2694 2827 ut
2741 2776 3126 2843 impositionem
3175 2790 3422 2826 manuum

1893 2865 2052 2918 certis
2077 2865 2260 2918 diebus
2295 2864 2489 2932 adepti,
2519 2872 2572 2916 et
2597 2864 2732 2917 sacri
2767 2864 2870 2917 olei
2917 2863 3117 2931 liquore
3161 2865 3422 2931 peruncti,

1893 2951 2109 3020 legitimi
2132 2953 2232 3006 diei
2259 2952 2543 3006 festivitate
2568 2949 2834 3017 fruantur,
2857 2960 2910 3006 et
2937 2967 3088 3007 sacro
3114 2953 3425 3021 baptismate

1895 3049 2299 3109 regenerentur;
2348 3055 2452 3107 quo
2494 3041 2716 3108 possint,
2748 3042 2793 3094 si
2818 3042 2920 3094 vita
2971 3057 3148 3094 comes
3175 3042 3347 3105 fuerit,
3375 3052 3422 3094 et

244 3133 494 3209 jejunio],
531 3142 583 3188 et
610 3145 924 3200 conspersas
946 3129 1070 3183 vino
1098 3127 1307 3181 easdem
1335 3126 1586 3194 reliquias
1610 3137 1796 3178 omnes
1824 3135 1869 3197 α
1897 3129 2180 3182 honoribus
2205 3129 2619 3183 sacerdotalibus
2640 3130 2804 3199 fungi,
2832 3139 2884 3184 et
2901 3129 3180 3199 singularis
3205 3131 3424 3183 celebra-

249 3226 538 3296 accipiant.
560 3235 567 3241 ‘

536 3314 716 3368 Oarion
741 3308 1122 3364 Aurelianensis
1146 3306 1202 3369 2,
1233 3321 1338 3358 (ενα
1376 3304 1438 3356 Η
1471 3303 1515 3356 ί.

319 3408 341 3480 (
362 3407 431 3462 1η
481 3405 600 3460 edd.
633 3401 870 3472 quantam
917 3395 1174 3466 pra’ced.)
1212 3395 1486 3448 Missarum
1523 3391 1801 3480 celebritas

250 3479 592 3573 [celebratio]
634 3489 880 3559 (Multum
906 3503 1014 3540 var.
1039 3483 1179 3554 edd.)
1208 3485 1258 3537 in
1292 3479 1799 3573 prmcipuis‘festivi:

249 3565 476 3647 tatibus,
499 3584 632 3636 hora
664 3577 822 3631 tertia
849 3576 1128 3628 inchoetur
1156 3590 1167 3623 :
1195 3586 1303 3640 quo
1333 3570 1540 3623 facilius
1572 3569 1685 3636 ipso
1721 3565 1801 3621 of-

250 3675 378 3728 ficio
404 3669 671 3739 expedito,
698 3668 720 3705 δ
745 3663 893 3717 horis
922 3660 1339 3729 competentibus
1363 3659 1465 3712 alia
1486 3656 1656 3712 oﬂicia
1677 3670 1799 3724 per-

252 3764 557 3819 solvantur.
981 3739 990 3756 \

585 3844 767 3899 Canon
797 3839 1288 3912 apostolorum,a:ra
1318 3835 1378 3888 5|
1412 3837 1460 3887 ιι.

328 3938 432 4003 Qui
482 3950 590 3990 non
643 3937 988 4002 perseverant
1034 3927 1088 3979 in
1135 3926 1403 3979 oratione.
1434 3938 1530 3976 nec
1563 3929 1800 3976 sanctam

254 4025 686 4085 communionem
730 4016 1058 4088 percipiunt,
1081 4013 1224 4068 velut
1263 4011 1656 4079 inquietudines
1697 4007 1799 4062 Ec-

253 4117 433 4173 clesia:
457 4094 847 4168 commoventes
867 4102 1234 4159 communione
1259 4100 1553 4170 priventur.

634 4195 816 4250 Canon
842 4190 1168 4262 Agathensis,
1209 4204 1315 4241 mra
1340 4186 1428 4240 44.

325 4287 755 4346 Benedictionem
798 4295 957 4350 super
998 4280 1204 4348 plebem
1260 4276 1316 4330 in
1369 4275 1592 4330 ecclesia
1642 4273 1766 4326 dare
1784 4310 1800 4335 ,

256 4377 552 4456 [fundere],
569 4382 660 4430 aut
672 4372 1014 4443 ptenitentem
1034 4369 1086 4422 in
1099 4366 1643 4456 ecclesiabenedicere
1655 4357 1806 4432 pres-

256 4453 450 4543 hytero
473 4482 577 4522 non
601 4465 726 4520 licet
749 4461 982 4533 [penitus
1005 4473 1108 4512 non
1138 4453 1374 4526 licebit].

843 4546 1062 4603 CAPUT
1096 4545 1238 4599 XXI.

460 4663 524 4702 DE
562 4657 824 4705 ιιειιρυιιε
855 4653 1160 4695 ελπτοιιωι
1200 4650 1268 4690 ΕΤ
1305 4650 1602 4690 οιιΑτοιιιιε.

474 4735 653 4789 Canon
693 4731 1048 4802 Epaunensis,
1075 4745 1181 4782 trra
1212 4727 1280 4800 $6
1317 4726 1454 4798 [εαη.
1483 4725 1594 4796 25].

334 4825 654 4880 Sanctorum
702 4819 940 4889 reliquiae
984 4819 1039 4871 in
1083 4817 1329 4872 oratoriis
1378 4815 1650 4870 villaribus
1695 4829 1799 4869 non

334 5003 362 5031 ι
389 4989 687 5060 Superioris
702 4986 921 5060 canonis
944 4985 1098 5060 ratio,
1125 4985 1318 5060 φης-ει)
1341 4985 1422 5038 ed.
1453 4985 1798 5043 desideratur.

337 5061 368 5099 ι
391 5051 551 5113 Cone.
576 5055 1006 5124 Carthaginensis
1029 5069 1110 5116 ιιι,
1137 5051 1296 5124 0.23.

341 5139 363 5166 ο
388 5127 444 5181 In
471 5127 554 5180 ed.
582 5121 920 5191 distinguitur
946 5138 975 5175 a
1002 5121 1337 5191 praecedenti.

337 5194 366 5236 δ
391 5195 551 5249 Cone.
577 5189 976 5247 Matisconensis
999 5189 1059 5256 ιι,
1085 5205 1133 5245 e.
1159 5189 1211 5242 4.

345 5277 368 5305 ⁸
392 5263 571 5332 Ejusd.
599 5276 746 5316 conc.
772 5259 898 5332 c._6.

348 5333 368 5372 ι
394 5327 573 5385 Δύιει.
597 5345 679 5393 ιιι,
706 5343 754 5382 c.
783 5327 869 5381 ﬂ.

343 5401 372 5443 ⁸
408 5399 596 5453 Fusius
613 5411 802 5466 expon.
833 5396 887 5450 in
914 5395 1033 5452 edd.

343 5470 368 5508 ιι
407 5468 537 5522 Can.
574 5469 606 5521 9
630 5464 908 5530 in'Grmco,
937 5480 986 5520 c.
1017 5465 1082 5519 10
1119 5464 1308 5533 interp.
1350 5467 1593 5534 Dionys.,
1625 5480 1655 5518 a
1699 5481 1800 5534 qua

243 5547 246 5550 ‘
274 5537 544 5604 paululum
568 5535 744 5604 dilfert
770 5535 866 5604 ista
889 5534 1078 5602 interp.
1566 5603 1571 5604 ί
1611 5545 1643 5604 _‘

356 5608 364 5644 ί
425 5606 495 5658 De
525 5603 810 5672 appendice
840 5602 956 5662 ista,
976 5617 1090 5672 qum
1117 5617 1216 5655 non
1247 5612 1413 5656 exstat
1445 5603 1578 5672 apud
1606 5602 1796 5658 Blll‘Cil.

273 5684 325 5725 et
356 5669 723 5737 lvonem','\"id.
749 5678 856 5723 not.
887 5686 934 5724 γ.
967 5669 1030 5722 rl.
1055 5669 1098 5723 Ι.
1135 5672 1291 5722 Sirm.

1897 3218 2038 3271 tione
2064 3215 2362 3270 festivitatis
2387 3215 2775 3285 [celebrationis
2793 3216 3122 3270 solemnitate
3144 3216 3291 3286 frui].

2236 3302 2414 3356 Canon
2453 3302 2814 3368 Laodicensis,
2849 3320 2956 3357 αντα
2995 3304 3081 3357 55.

1970 3393 1990 3434 ι
2021 3393 2172 3460 Quod
2199 3409 2301 3447 non
2337 3403 2544 3462 oportet
2571 3409 2888 3462 quemquam
2931 3394 2997 3447 ad
3024 3395 3287 3462 baptisma
3313 3402 3426 3463 post

1897 3487 2027 3542 duas
2050 3483 2467 3554 quadragesimae
2495 3483 2850 3537 hebdomadas
2879 3483 3104 3536 admitti.

2533 3574 2608 3627 ’Ᾱῗ
2616 3591 2671 3626 ra
2700 3575 2786 3628 46.

1964 3679 2005 3706 ιι
2023 3665 2170 3733 Quod
2189 3672 2428 3735 oporteat
2446 3678 2536 3717 eos
2555 3666 2641 3732 qui
2665 3665 2729 3717 ad
2752 3665 3010 3733 baptisma
3022 3663 3256 3726 veniunt,
3274 3661 3428 3717 fidem

1896 3753 2123 3815 discere,
2151 3761 2203 3805 et
2235 3753 2417 3819 quinta
2448 3749 2582 3804 feria
2612 3751 2949 3804 hebdomadze
2974 3749 3188 3818 majoris
3230 3751 3427 3818 episco-

1895 3856 1964 3910 po
1986 3850 2076 3894 aut
2099 3842 2411 3910 presbytero
2444 3840 2752 3893 memoriter
2779 3841 3018 3893 reddere.

2536 3926 2671 3980 Era
2695 3926 2782 3979 47.

1967 4029 1994 4063 ι’
2025 4017 2247 4087 Oportet
2281 4031 2374 4072 eos
2406 4017 2494 4085 qui
2522 4017 2574 4070 in
2602 4018 2914 4086 :egritudine
2944 4017 3240 4086 percipiunt
3267 4016 3424 4083 bapti-
3463 4038 3468 4042 -

1898 4122 2090 4170 smum,
2117 4106 2269 4159 ﬁdem
2297 4107 2619 4174 perdiscere,
2647 4113 2699 4158 et
2725 4107 2861 4160 scire
2881 4105 3029 4173 cujus
3050 4105 3284 4159 muneris
3309 4118 3429 4175 par-

1898 4195 2086 4263 ticipes
2104 4193 2229 4250 facti
2251 4204 2390 4250 sunt.

2239 4285 2421 4341 Canon
2466 4277 2762 4356 Africanus,
2792 4305 2897 4341 trra
2932 4287 3000 4341 25
3039 4295 3083 4339 ο.

1968 4378 2273 4446 Baptizandi
2301 4392 2492 4432 nomen
2522 4393 2674 4432 suum
2696 4377 2838 4441 dent,
2863 4385 2916 4431 et
2937 4377 3025 4431 diu
3053 4377 3149 4430 sub
3175 4375 3300 4448 [Ed.
3326 4391 3428 4430 om.

1828 4450 1882 4511 Ι)
1904 4465 2022 4536 sub]
2049 4465 2366 4520 abstinentia
2391 4466 2498 4519 vini
2526 4474 2580 4520 et
2603 4467 2871 4530 carnium,
2898 4480 2960 4519 ac
2988 4480 3174 4519 manus
3217 4463 3431 4535 imposiv

1900 4555 2044 4610 tione
2068 4556 2256 4611 crebro
2276 4555 2558 4611 examinati
2583 4557 2872 4624 percipiant
2898 4556 3231 4622 baptismum.

2517 4643 2652 4697 Afra
2677 4644 2744 4696 24
2771 4655 2816 4696 Ρ.

1968 4731 2222 4802 Ncophyti
2244 4733 2544 4801 aliquandiu
2565 4740 2618 4786 et
2646 4732 2806 4804 [Edd.
2829 4749 2931 4786 om.
2955 4730 3029 4802 et]
3061 4747 3090 4784 a
3113 4727 3424 4784 lautioribus

1900 4820 2067 4888 epulis
2087 4828 2141 4874 et
2165 4821 2478 4890 spectaculis
2497 4829 2550 4874 et
2574 4821 2884 4890 conjugibus
2906 4819 3218 4872 abstineant.

1972 4987 1985 5037 i
2034 4987 2412 5058 Lugdunensis,
2435 4989 2948 5058 unguine,quomodo
2969 4996 3021 5043 et
3040 4987 3176 5056 apud
3195 4987 3420 5049 Ivonem,

1899 5073 1950 5124 p.
1973 5072 2197 5179 :néggz.
2497 5056 2779 5179 not.cv.3'cl.
2799 5056 2848 5111 ι.
2875 5058 3034 5111 Sirm.

2183 5164 2196 5177 .
2274 5142 2302 5178 a
2331 5143 2343 5177 ι
2483 5165 2495 5176 .
2525 5143 2582 5179 ιι.
2643 5165 2655 5177 .
2721 5165 2734 5177 .

1976 5140 1998 5165 ι
2033 5140 2196 5179 ωηο.
2222 5140 2495 5178 mauscon.
2525 5143 2582 5188 ιι,
2608 5141 2655 5178 c.
2683 5140 2734 5179 ὕ.

1976 5192 1994 5230 ‘-
2032 5193 2307 5246 Paulnlum
2332 5193 2504 5248 dill'ert
2525 5196 2589 5247 ab
2619 5194 2808 5262 interp.
2836 5194 3045 5262 Dionys.

1972 5274 2009 5301 ω
2033 5263 2308 5332 lnterpret.
2335 5277 2431 5332 nec
2459 5263 2671 5332 Dionys.
2702 5277 2798 5332 nec
2824 5261 2947 5332 Isid.

1972 5341 1999 5368 ιι
2035 5330 2229 5400 Interp.
2257 5346 2354 5400 nec
2375 5330 2712 5400 Dionysnec
2735 5330 2857 5400 Isid.

1971 5406 1995 5432 °
2037 5391 2242 5452 Statu-ta
2283 5399 2422 5453 Eccl.
2467 5391 2714 5466 antiqua;
2766 5399 2820 5453 in
2862 5398 2977 5453 cod.
3027 5395 3184 5451 Barlo.
3230 5407 3279 5449 c.
3318 5391 3418 5456 25;

1902 5482 2048 5521 conc.
2077 5467 2322 5536 Carthag.
2346 5483 2415 5529 tv,
2445 5483 2490 5521 c.
2514 5466 2598 5520 δι.

1973 5535 2169 5657 Ρςδιὲἅ.
2196 5528 2334 5592 Eccl.
2366 5545 2510 5602 ant.;
2541 5537 2593 5590 in
2621 5537 2733 5591 cod.
2758 5535 2911 5590 Barb.
2941 5551 2988 5591 c.
3021 5534 3118 5598 24;
3165 5547 3214 5589 c.
3235 5528 3434 5589 Carth-

1904 5621 1975 5668 IV,
2005 5619 2048 5657 c.
2085 5619 2167 5657 δυ.
