4010 6482
647 474 778 527 1025

1244 578 1376 628 ίΕνα
1411 577 1546 628 41⁸.

713 665 895 719 Mulier
925 665 1196 732 baptizare
1223 680 1323 715 non
1359 669 1660 732 prmsumat.

977 750 1150 803 Canon
1180 751 1561 809 Aurasicorum,
1595 763 1697 798 trra
1719 745 1754 796 2
1771 745 1819 795 ι’.

707 838 911 890 Nullum
942 839 1318 896 ministrorum,
1357 835 1444 901 qui
1493 833 1790 900 baptizandi
1831 829 2026 896 recepit
2053 827 2163 881 olli-

636 926 796 985 cium,
820 927 932 976 sine
959 926 1239 976 chrismate
1261 938 1476 988 usquam
1512 922 1704 973 debere
1747 917 2009 985 progredi,
2039 916 2157 982 quia

639 1011 775 1063 inter
801 1027 893 1062 nos
921 1012 1113 1078 placuit
1139 1021 1159 1047 ε
1192 1011 1350 1061 semel
1376 1006 1670 1060 chrismari.
1697 1006 1769 1056 De
1794 1019 1856 1057 eo
1878 1012 2048 1056 autem
2071 1003 2159 1069 qui

633 1100 690 1154 in
721 1099 1372 1166 baptismatenecessitate
1404 1096 1623 1148 faciente
1667 1092 1843 1161 (γαν.)
1877 1094 1990 1146 sine
2018 1090 2159 1143 ebri-

637 1193 804 1238 smate
832 1185 1008 1248 fuerit,
1033 1186 1084 1236 in
1113 1183 1510 1236 conﬁrmatione
1553 1180 1800 1232 sacerdos
1848 1192 1967 1230 eum
2014 1189 2158 1229 com-

632 1282 844 1328 moneat
874 1274 920 1326 ἀ.

938 1363 1112 1415 Conon
1170 1359 1627 1419 Neormsariensis,
1651 1372 1756 1410 mra
1795 1354 1846 1406 6.

704 1461 727 1488 ο
748 1449 1094 1515 Pnegnantes,
1119 1448 1164 1499 si
1191 1461 1404 1498 necesse
1431 1447 1514 1507 sit,
1539 1451 1744 1510 oportet
1763 1439 2037 1507 baptizari.
2069 1437 2157 1492 Ni-

632 1537 706 1591 hil
748 1546 918 1587 autem
963 1535 1012 1585 in
1044 1535 1142 1585 hoc
1171 1540 1500 1585 sacramento
1522 1542 1798 1581 commune
1827 1536 1906 1580 est
1931 1526 2040 1589 illi,
2068 1527 2157 1592 qui

630 1626 800 1677 editur
829 1640 841 1674 τ
873 1623 993 1689 quia
1022 1621 1260 1672 voluntas
1287 1625 1338 1671 et
1365 1619 1585 1670 liberum
1623 1615 1902 1668 arbitrium
1929 1613 1982 1667 in
2029 1628 2153 1667 con-

629 1717 858 1771 fessione
887 1714 1200 1767 declaratur.

955 1798 1130 1851 Conon
1158 1795 1516 1866 apostolorum,
1548 1809 1652 1846 arra
1678 1792 1746 1845 48
1783 1791 1823 1842 ί.

1460 463 1767 529 GANONES
1804 460 2078 516 SELECTI
2116 459 2204 512 EX
2245 460 2397 514 VET.
2437 461 2586 516 CAN.
2625 460 2943 516 COLLECT.

3327 116 3356 128 τ

3373 141 3388 150 .
3901 145 3904 148 .

3445 193 3460 202 ο
3513 199 3522 208 ι

3573 213 3580 224 Ι
3663 217 3670 228 ι
3835 217 3838 220 ~

3647 465 3772 520 1091

2186 575 2228 626 Α
2260 572 2568 625 necessitate
2594 588 2712 624 cum
2748 587 2870 625 vase
2897 579 2987 624 aut
3016 587 3133 624 cum
3162 573 3402 626 manibus
3429 588 3563 640 aqua
3593 575 3643 628 in
3680 591 3771 630 no—

2258 656 2398 707 mine
2437 663 2630 709 sanctae
2664 655 2934 710 Trinitatis
2982 658 3343 724 baptizaverit,
3385 659 3612 713 ﬁrmiter
3655 676 3770 730 per-

2259 743 2506 816 manebit,
2529 745 2821 811 praesertim
2845 752 2963 798 eum
3005 746 3288 799 necessitas
3317 745 3416 800 hoc
3453 760 3704 816 exposcat
3727 759 3770 803 π.

2891 821 3024 882 Afra
3065 831 3146 883 16.

2321 918 2398 970 De
2423 920 2711 987 presbytero
2739 920 2824 986 qui
2867 920 3067 986 ignorat
3107 921 3385 972 orationem
3433 921 3770 974 ﬂaminicam.

2254 1037 2321 1046 ——-
2353 1016 2376 1041 °
2400 1007 2679 1075 Presbyter
2706 1009 2794 1074 qui
2822 1007 3108 1061 orationem
3137 1007 3461 1060 Dominicam
3487 1024 3588 1061 non
3618 1018 3772 1073 tenet,

2255 1109 2351 1147 nec
2385 1095 2695 1163 symbolum,
2721 1109 2888 1162 neque
2921 1096 3166 1162 psalmos,
3193 1097 3237 1149 si
3266 1097 3541 1164 episcopus
3569 1098 3668 1150 fuit
3692 1101 3776 1167 qui

2254 1199 2372 1237 eum
2393 1186 2670 1246 benedixit,
2689 1187 2775 1238 hic
2797 1186 3021 1253 primum
3039 1185 3268 1238 omnium
3282 1186 3612 1253 dignitatem,
3625 1201 3790 1253 quam.

2254 1274 2432 1326 illicite
2461 1274 2819 1340 praesumpsit,
2844 1273 3050 1326 amittat
3077 1291 3088 1326 :
3116 1281 3169 1326 et
3191 1275 3290 1326 sub
3333 1273 3573 1326 districta
3615 1275 3779 1341 pmni.

2254 1361 2414 1414 tentia
2439 1362 2579 1414 omni
2609 1371 2843 1429 tempore
2873 1362 2990 1415 vita:
3019 1376 3126 1414 sua:
3149 1362 3201 1414 in
3249 1362 3570 1414 monasterio
3607 1363 3774 1429 degat.

2253 1447 2482 1500 Infantes
2518 1463 2665 1510 vero,
2689 1463 2820 1516 quos
2860 1449 2912 1500 in
2953 1435 3132 1501 Sancta
3176 1448 3431 1501 Trinitate
3477 1448 3775 1517 baptizavit.

2252 1536 2501 1603 baptizati
2523 1545 2883 1603 permaneant.

2887 1624 3020 1676 Era
3061 1623 3141 1676 17.

2326 1724 2352 1761 ρ
2379 1713 2477 1779 Qui
2519 1728 2644 1766 vero
2689 1714 2759 1765 ita
2805 1713 3090 1780 baptizant,
3137 1721 3196 1765 ut
3223 1713 3437 1766 dicant:
3487 1713 3543 1766 ln
3572 1714 3798 1767 nomine'

2257 1803 2429 1855 Patris
2457 1817 2653 1871 mergo,
2685 1804 2736 1855 in
2763 1803 2974 1855 nomine
3015 1802 3132 1855 Filii
3185 1817 3382 1870 mergo,
3445 1812 3500 1856 et
3551 1802 3782 1871 Spiritus

702 1896 725 1932 ⁸
747 1892 801 1945 εί
824 1891 940 1958 (Illis
958 1889 1106 1955 j'ma
1129 1891 1446 1954 Pmcepmm
1465 1883 1668 1934 Domini
1689 1896 1790 1934 "0“
1812 1876 2154 1946 halm“verit
2182 1867 2228 1927 Β
2254 1892 2419 1944 sancti
2450 1867 2646 1964 mergo.
2674 1889 2738 1943 lli
2763 1890 2850 1957 qui
2881 1891 2949 1941 ita
2977 1897 3098 1942 sunt
3133 1867 3404 1955 baptizati,
3435 1891 3532 1942 etsi
3563 1867 3778 1952 rustice,

629 1981 684 2033 in
716 1978 923 2030 nomine
952 1974 1142 2035 Patris,
1174 1980 1226 2025 et
1263 1971 1412 2034 Filii,
1437 1978 1488 2022 et
1514 1969 1740 2037 Spiritus
1764 1967 1949 2028 sancti,
1983 1967 2071 2019 sed
2102 1966 2158 2018 in

629 2067 796 2118 tribus
824 2065 935 2118 sine
961 2061 1107 2114 initio
1131 2059 1421 2128 principiis,
1451 2066 1542 2110 aut
1592 2059 1644 2111 in
1690 2055 1858 2109 tribus
1902 2053 2040 2116 ﬁliis,
2066 2061 2156 2106 aut

630 2155 682 2206 in
707 2154 870 2206 tribus
889 2149 1185 2220 paracletis,
1213 2147 1522 2214 deponatur.

1240 2236 1372 2288 Αἶγα
1399 2235 1465 2287 69
1489 2236 1539 2286 Ιι.

703 2335 718 2371 ί
751 2329 804 2382 Si
837 2329 952 2396 quis
978 2343 1079 2380 non
1123 2326 1315 2379 trinam
1370 2323 1681 2377 mersionem
1721 2322 1877 2376 unius
1919 2322 2152 2391 mysterii

628 2418 879 2480 celebrat,
911 2418 1220 2482 deponatur.
1666 2481 1670 2485 _

937 2499 1112 2553 Conon
1142 2497 1537 2561 Aurastcorum,
1564 2513 1669 2550 trra
1704 2496 1761 2548 11
1801 2493 1843 2546 i.

695 2589 876 2642 Subito
898 2589 1258 2641 obtumescens
1297 2585 1481 2656 [prout
1499 2591 1667 2638 status
1690 2582 1804 2650 ejus
1828 2581 1941 2653 est]
1980 2583 2151 2649 baptis

629 2679 737 2733 zari
761 2686 850 2731 aut
875 2677 1232 2747 paenitentiam
1255 2676 1494 2742 accipere
1519 2680 1721 2742 potest;
1778 2672 1823 2726 si
1868 2671 2151 2725 voluntatis

625 2759 901 2841 prmteritaa
950 2766 1242 2821 testimonia
1286 2763 1452 2836 (Var.
1491 2772 1536 2814 et
1577 2762 1697 2814 add.
1727 2763 1781 2812 in
1813 2759 1970 2829 edd.)
2006 2759 2150 2826 justa

600 2867 610 2880 '
625 2856 838 2911 fuerint.

1112 2940 1246 2993 Era
1276 2940 1338 2993 l2
1367 2939 1502 3010 [εαη.
1535 2937 1642 3010 15].

697 3030 1004 3083 Amentibus
1045 3043 1367 3097 quzecunquc
1395 3026 1606 3095 pictatis
1646 3030 1789 3090 sunt,
1811 3023 2148 3080 conferantur

625 3115 1006 3192 [conferenda].

800 3207 863 3260 In
886 3205 1094 3275 epistola
1122 3205 1284 3258 sancti
1314 3201 1484 3257 Siricii
1523 3219 1685 3272 papas,
1730 3219 1835 3256 tera
1886 3201 1969 3254 M.

695 3295 721 3334 ιι
760 3295 1038 3363 Presbyter
1058 3295 1146 3361 qui
1182 3293 1235 3345 in
1267 3293 1388 3345 vino
1425 3290 1656 3358 baptizat
1691 3290 1930 3358 proxima
1967 3303 2148 3344 neces-

625 3384 800 3443 sitate,
825 3390 882 3433 ut
908 3397 1043 3448 arger
1071 3395 1173 3432 non
1213 3378 1554 3448 periclitetur,
1575 3391 1671 3445 pro
1696 3377 1785 3430 tali
1813 3392 1870 3430 re
1915 3377 2053 3430 nulla
2098 3379 2148 3431 ei

629 3470 781 3536 culpa
805 3468 1114 3522 ascribatur.
1146 3467 1200 3519 Si
1230 3481 1354 3519 vero
1391 3479 1524 3532 aqua
1552 3463 1752 3527 aderat,
1783 3472 1835 3516 et
1863 3465 2150 3518 necessitas

626 3558 748 3612 talis
773 3572 873 3610 non
899 3557 1134 3625 urgebat,
1169 3555 1254 3608 hic
1287 3553 1647 3608 communione
1673 3551 1928 3618 privetur,
1956 3558 2008 3603 et
2029 3562 2148 3618 pcn-

627 3645 861 3698 nitentize
882 3644 1255 3711 submittatur.
1283 3640 1455 3694 lnfans
1490 3653 1615 3695 vero
1652 3638 1756 3701 ille,
1781 3638 1824 3691 si
1863 3637 1924 3690 in
1965 3645 2148 3691 sancta

627 3735 885 3789 Trinitate
908 3731 1204 3801 baptizatus
1225 3738 1327 3793 cst,
1349 3731 1400 3783 in
1420 3746 1482 3783 eo
1500 3730 1759 3798 baptismo
1772 3734 2076 3797 permaneat
2105 3725 2145 3778 ι.

1263 3818 1397 3870 zEra
1423 3817 1504 3869 15.

695 3923 731 3949 ω
772 3909 825 3964 Si
860 3909 1110 3964 infantem
1157 3909 1207 3961 in
1255 3907 1484 3976 periculo
1529 3906 1865 3961 constitutum
1913 3905 2149 3973 proxima

694 4097 718 4125 ι
748 4085 880 4136 Stat.
926 4081 1068 4135 Eccl.
1106 4089 1247 4144 ant.;
1302 4080 1353 4132 in
1393 4079 1508 4133 cod.
1558 4079 1713 4132 Barb.
1757 4094 1804 4134 c.
1844 4077 1941 4144 41;
1994 4094 2144 4133 conc.

625 4154 802 4209 Carth.
831 4168 903 4214 iv,
926 4168 974 4205 c.
1012 4149 1125 4201 100.

695 4223 721 4260 b
761 4221 822 4272 ν.
846 4213 913 4270 cl.
953 4219 1144 4269 Fronto
1168 4215 1384 4268 Ducrcus
1416 4233 1427 4266 :
1463 4232 1480 4263 ι
1528 4214 1583 4266 ln
1613 4213 1792 4269 codice
1821 4215 2026 4284 Tiliano
2063 4217 2151 4271 hic

625 4302 792 4344 canon
835 4286 1091 4353 secundus
1134 4292 1214 4335 est
1242 4301 1252 4333 :
1283 4285 1503 4353 primus
1524 4292 1696 4353 autem
1715 4284 1811 4353 qui
1838 4285 2144 4353 sequitur.)

698 4368 716 4393 ε
749 4356 808 4406 ν.
834 4354 897 4406 cl.
931 4352 978 4422 .l.
1005 4351 1162 4405 Sirm.
1196 4368 1258 4422 εΗ(
1286 4350 1752 4422 aemelchrismari,‘
1790 4350 2151 4422 vulgatigcodi-

627 4439 732 4484 ces,
757 4431 808 4476 et
831 4421 1130 4481 Gratianus,
1161 4419 1354 4488 aliique
1375 4419 1696 4477 collectores,
1722 4419 1957 4472 semel'in
1988 4420 2150 4488 bapti-

2171 3173 2218 3235 C

2253 1985 2426 2032 tamen
2454 1979 2506 2030 in
2540 1977 2747 2030 nomine
2772 1984 2965 2029 sanctae
2992 1975 3265 2028 Trinitatis
3292 1976 3538 2044 baptizati
3563 1985 3716 2036 sunt.

2699 2081 2762 2117 DE
2800 2080 3028 2118 ITERATO
3066 2080 3336 2118 BAPTISMO.

2885 2150 3016 2203 Αἶγα
3054 2149 3140 2203 24.

2318 2241 2672 2310 (Desideratur
2701 2243 2754 2294 in
2780 2240 2920 2311 edd.)
2949 2240 3048 2305 Qui
3079 2242 3143 2295 ad
3179 2241 3422 2297 iteratum
3459 2242 3778 2310 baptismum

2249 2330 2656 2397 suscipiendum,
2705 2331 2786 2382 vel
2832 2337 2972 2383 metu
3007 2330 3194 2392 coacti,
3243 2329 3322 2380 vel
3350 2345 3532 2383 errore
3574 2330 3779 2398 decepti

2249 2427 2390 2481 sunt,
2421 2429 2472 2471 et
2498 2436 2603 2472 non
2627 2434 2683 2472 se
2709 2426 2856 2472 extra
2898 2419 3168 2472 catholicae
3214 2418 3334 2472 fidei
3385 2432 3777 2474 sacramentum

2249 2510 2419 2576 egisse
2456 2517 2796 2575 cognoscunt,
2841 2525 2946 2562 non
2994 2509 3261 2563 societatis
3307 2519 3517 2576 nostra;
3552 2510 3651 2563 nisi
3691 2525 3783 2578 per

2249 2612 2435 2650 manus
2469 2597 2853 2666 impositionem
2892 2599 3142 2666 episcopi,
3190 2599 3611 2652 communionem
3651 2600 3781 2652 reci-

2245 2685 2412 2754 piant,
2462 2694 2697 2755 tempora
2726 2701 2853 2741 vero
2878 2687 3109 2756 episcopi
3158 2688 3509 2741 constituente
3558 2688 3777 2756 judicio,

2246 2785 2402 2843 prout
2438 2792 2814 2831 conversurum
2856 2779 3060 2831 animos
3094 2777 3284 2830 viderit
3319 2777 3400 2830 vel
3452 2780 3780 2845 perspexerit

2247 2878 2363 2918 esse
2383 2866 2618 2930 devotos,
2646 2866 2898 2919 habentes
2921 2866 3078 2920 etiam
3112 2865 3305 2919 seniles
3323 2873 3528 2927 mtates,
3555 2866 3777 2920 intuitus

2245 2961 2299 3007 et
2327 2954 2682 3021 periculorum
2702 2954 3056 3023 aegritudines.
3083 2953 3138 3006 ln
3153 2954 3343 3022 quibus
3360 2954 3403 3006 si
3419 2955 3539 3021 quis
3561 2953 3632 3006 ita
3653 2970 3775 3022 gra-

2245 3042 2380 3095 viter
2409 3050 2642 3111 urgetur,
2677 3050 2735 3096 ut
2763 3043 2826 3098 de
2852 3042 3018 3097 salute
3043 3040 3156 3109 eius
3183 3041 3512 3109 desperetur,
3533 3057 3772 3096 commu-

2247 3133 2421 3186 nionis
2443 3133 2610 3201 gratia
2639 3133 2998 3186 subveniatur.

2592 3220 2767 3273 Conon
2812 3219 3174 3290 apostolorum,
3212 3237 3317 3274 a’ra
3339 3219 3424 3274 46.

2318 3321 2338 3348 τ
2379 3311 2433 3364 Si
2467 3309 2584 3379 quis
2608 3325 2728 3363 eum
2750 3310 2839 3378 qui
2865 3317 3010 3363 recte
3047 3309 3344 3377 baptizatus
3365 3315 3464 3375 est,
3487 3307 3666 3364 sciens
3691 3322 3768 3362 re-

2244 3397 2608 3467 baptizaverit,
2651 3398 2958 3464 deponatur.

2795 3484 3017 3540 CAPUT
3065 3485 3228 3541 XXV.

2246 3595 2310 3633 ΒΕ
2363 3592 2783 3640 ΟΟΝΡΙΒΙᾼΤΙΟΝΒ
2824 3591 2838 3629 2
2905 3591 2971 3631 ετ
3016 3592 3237 3631 ΡΒΛΝΒΙΛ
3289 3593 3338 3630 IN
3390 3592 3633 3632 ECCLESIA
3679 3593 3772 3632 NON

2281 3661 2472 3708 FIANT}
2505 3663 2572 3700 ΕΤ
2597 3662 2730 3708 QUOD
2761 3662 2843 3700 DIE
2865 3661 3110 3700 DOIINICO
3137 3661 3270 3700 GENU
3292 3661 3390 3699 NON
3416 3661 3740 3700 FLECTATCR.

2522 3806 2526 3809 _
2587 3733 2653 3785 In
2677 3733 2886 3801 epistola
2908 3733 2938 3784 Ι
2962 3733 3243 3804 Innocentii
3268 3749 3429 3802 papa'.

2319 3832 2339 3858 τ
2360 3822 2515 3876 Liber
2540 3821 2757 3891 [Verum
2781 3829 2836 3876 et
2861 3821 2945 3873 illa
2973 3821 3145 3892 lectio]
3175 3823 3397 3875 Actuum
3421 3823 3772 3890 apostolorum

2246 3910 2436 3964 asserit
2476 3909 2690 3964 Petrum
2716 3918 2771 3963 et
2817 3907 3072 3964 Joannem
3115 3925 3230 3964 esse
3257 3911 3505 3974 directos,
3545 3913 3634 3980 qui
3666 3920 3775 3964 tan-

2246 4078 2512 4156 clitantem
2549 4075 2801 4156 infantem
2834 4076 3137 4156 baptizavit,
3161 4076 3372 4156 nullaei
3400 4077 3590 4156 exinde
3609 4080 3773 4156 ascri-

2246 4146 2391 4199 bitur
2409 4143 2857 4215 culpa._lnfantes_
2872 4143 2954 4215 sic
2980 4153 3322 4215 permaneant
3357 4145 3410 4197 in
3459 4147 3572 4213 ipso
3608 4147 3772 4215 bapti-

2248 4227 2381 4267 smo.
2408 4211 2536 4283 Nam
2566 4213 2611 4266 si
2635 4227 2771 4279 aqua
2797 4212 2961 4265 adfuit
2983 4211 3237 4283 pmsens,
3255 4213 3345 4283 ille
3369 4211 3647 4283 presbyter
3676 4211 3769 4269 ex.

2248 4281 2664 4336 communicetur
2689 4319 2702 4344 ,
2752 4289 2804 4334 et
2854 4281 3174 4349 pmoitentia:
3226 4281 3564 4344 submittatur
3587 4322 3604 4347 ,
3652 4286 3771 4351 quia

2248 4359 2431 4420 contra
2477 4363 2733 4420 canonum
2777 4351 3086 4420 sententiam
3132 4352 3695 4420 agere__pr:esumpsit.
3748 4370 3765 4402 ι

2249 4419 2412 4472 Recte
2454 4417 2518 4469 ad
2565 4418 2852 4485 marginem
2891 4417 3052 4471 Conc.
3091 4417 3237 4470 nom
3263 4417 3388 4469 edit.
3419 4417 3634 4471 notatur
3676 4421 3770 4472 ista

626 4502 806 4565 smine“
826 4489 1110 4565 cnrismari.
1154 4487 1216 4536 Et
1248 4485 1370 4565 vero
1399 4495 1607 4563 eertum.
1638 4497 1718 4564 est
1743 4488 1806 4540 de
1835 4485 2148 4565 baptismate
2175 4496 2223 4554 υ
2247 4486 2452 4565 γεῶδε
2486 4485 2718 4550 Infantes
2756 4487 2832 4538 sic
2866 4494 3195 4565 permaneant
3251 4486 3305 4565 in
3345 4485 3765 4565 ipsoubaptisino,

628 4561 731 4627 agi.
776 4556 878 4627 Sed
919 4570 1035 4627 cum
1082 4555 1191 4606 haec
1218 4555 1373 4627 verba
1420 4555 1472 4606 in
1503 4554 1742 4627 antiquis
1759 4554 2144 4627 exemplaribus

627 4621 730 4680 non
761 4626 883 4685 sint,
911 4634 960 4676 et
990 4623 1239 4690 glossema
1264 4624 1486 4689 sapiant,
1512 4621 1815 4690 religiofuit
1849 4621 1928 4676 ea'
1954 4624 2146 4690 retine-

627 4711 705 4748 re.
742 4713 757 4742 ι
782 4693 855 4743 Ex
878 4707 979 4757 quo
1001 4698 1142 4760 patet
1167 4690 1355 4755 ubique
1378 4689 1742 4760 comantiquis
1762 4689 2146 4760 exemplaribus

628 4760 921 4816 consentire
941 4759 1300 4812 collectionem
1331 4759 1446 4811 eod.
1475 4757 1733 4809 Herovall.

695 4830 719 4867 ἀ
759 4825 905 4894 Apud
938 4827 1126 4878 Burcb.
1155 4832 1206 4877 et
1243 4825 1384 4877 lvon.
1421 4844 1434 4878 :
1465 4827 1518 4877 in
1553 4824 1936 4890 conﬁrmatione
1977 4842 2146 4880 sacer-

627 4897 758 4949 dotis
787 4895 1088 4962 perficietur.

701 4976 723 5001 ε
758 4961 945 5029 lnterp.
977 4977 1069 5014 nec
1090 4961 1300 5030 Dionys.
1325 4977 1421 5014 nec
1441 4962 1562 5014 lsid.

701 5031 722 5070 ἲ
759 5030 815 5083 1η
837 5029 924 5082 Gr.
950 5031 1034 5082 48.

698 5102 725 5206 ἶ
760 5098 890 5218 ἵζειιὲ
914 5096 1062 5217 ad“?
1091 5096 1280 5162 interp.
1313 5097 1523 5164 Dionys.
1545 5134 1559 5158 ,
1601 5112 1628 5147 a
1657 5111 1760 5163 qua
1790 5095 2070 5165 discrepat.

792 5183 821 5217 n
898 5181 938 5216 r.
1039 5204 1050 5215 .

701 5168 725 5206 ι)
769 5167 821 5218 ln
850 5167 938 5218 Gr.
964 5167 1050 5217 l9.

707 5235 722 5307 ξ
764 5235 1035 5311 interpret.
1079 5232 1312 5311 Dionysz,
1345 5246 1372 5283 a
1399 5247 1502 5311 quo
1522 5231 1799 5300 discrepat.

702 5299 716 5348 i
763 5300 820 5352 G.
852 5301 911 5350 12
939 5317 1084 5354 conc.
1120 5299 1445 5353 Arausicani.

701 5368 727 5434 lt
770 5368 1100 5434 Desideratur
1129 5370 1179 5419 in
1211 5369 1294 5422 ed.
1322 5383 1405 5434 ep.
1435 5367 1626 5419 Siricii.

705 5433 733 5504 1A
765 5432 954 5504 Eadem
977 5435 1155 5504 paucis
1176 5432 1584 5504 verbis—mutatis
1605 5436 1832 5488 citantur
1849 5450 1910 5488 ex
1927 5435 2141 5504 epistola

635 5502 807 5554 Siricii
831 5502 894 5553 ad
907 5503 1200 5568 episcopum
1216 5502 1502 5558 llimerium
1518 5502 2008 5557 Tarraconensem'a
2025 5503 2143 5557 Stc-

635 5571 810 5636 pbano
832 5582 960 5634 papa
975 5567 1016 5620 ll
1031 5567 1093 5620 ini
1109 5571 1215 5623 suis
1234 5571 1298 5622 ad
1313 5571 1455 5622 varia
1470 5573 1703 5624 consulta
1719 5573 1846 5625 Brit.
1871 5573 2144 5624 monacho-

638 5649 755 5686 rum
782 5637 1043 5701 responsis
1059 5651 1175 5708 _cap.
1205 5639 1284 5699 ll,
1310 5640 1406 5690 hoc
1430 5641 1580 5690 modo
1611 5658 1621 5689 :
1654 5658 1670 5688 ι
1707 5639 1761 5692 Si
1789 5641 1839 5691 in
1862 5641 1981 5692 vino
2003 5641 2140 5708 quis,

636 5709 908 5772 proiiterea
939 5705 1072 5769 quod
1100 5720 1280 5771 aqua»:
1313 5723 1409 5756 :zmi
1442 5708 1752 5769 inveniebat,
1773 5708 1980 5760 omnino
2010 5705 2143 5775 peri-

2245 4569 2361 4608 esse
2383 4553 2635 4621 glossema
2664 4563 2754 4606 aut
2781 4568 2810 4606 e
2833 4554 3066 4622 margine
3090 4554 3141 4604 in
3168 4561 3363 4606 textum
3386 4569 3414 4606 a
3441 4553 3660 4608 librario
3696 4568 3770 4608 te-

2246 4636 2389 4691 mere
2414 4622 2701 4691 intrusum,
2730 4630 2820 4674 aut
2845 4635 2908 4691 ex
2932 4622 3185 4691 proximis
3210 4622 3516 4691 canonibus.
3547 4637 3644 4691 per
3692 4624 3770 4676 in-

2244 4690 2444 4743 curiam
2472 4689 2801 4742 translatum.
2831 4690 3004 4756 Quare
3032 4690 3118 4742 hic
3153 4688 3297 4742 locus
3321 4688 3592 4744 emendari
3617 4692 3769 4747 debet

2244 4757 2466 4812 lectione
2494 4759 2885 4813 accuratissima
2913 4758 3030 4812 cod.
3061 4756 3427 4811 Herovalliani.

2311 4837 2351 4866 ω
2380 4826 2562 4894 Desid.
2591 4825 2645 4877 in
2670 4827 2754 4879 ed.
2781 4841 2865 4894 ep.
2890 4825 3045 4879 Siric.

2312 4903 2338 4930 ιι
2376 4893 2571 4962 Eadem
2599 4893 2679 4962 sic,
2704 4892 2965 4962 leguntur
2991 4894 3044 4945 in
3091 4892 3287 4947 eisdem
3339 4895 3604 4962 responsis
3651 4895 3764 4950 Ste-

2243 4963 2400 5032 phani
2423 4961 2486 5025 ll,
2515 4976 2631 5029 cap.
2663 4961 2728 5013 η
2755 4961 2773 5014 ἑ
2805 4978 2825 5011 ι
2861 4961 2916 5032 Si
2956 4961 3077 5032 licet
3106 4961 3604 5032 pernecessitatem
3650 4980 3764 5018 cum

2242 5027 2463 5093 concha,
2493 5027 2723 5082 aut—cum
2750 5027 3231 5100 manibus,_infanti
3252 5029 3308 5100 in
3337 5027 3641 5100 infirmitate
3677 5048 3763 5100 po—

2242 5101 2546 5177 sitoaquam
2568 5112 2726 5177 super
2748 5105 2904 5177 captu
2923 5098 3159 5177 fundere,
3181 5106 3236 5177 et
3253 5097 3338 5176 sic.
3349 5097 3642 5177 baptizare.
3660 5097 3763 5155 Hoc

2240 5165 2517 5234 baptisma,
2545 5165 2591 5234 si
2629 5165 2682 5217 in
2727 5166 2935 5218 nomine
2964 5173 3157 5218 sancte
3196 5165 3466 5220 Trinitatis
3495 5177 3761 5234 peractum

2241 5233 2425 5296 fuerit,
2450 5233 2672 5285 ﬁrmiter
2697 5234 3061 5300 permanebit:
3087 5235 3376 5301 ρι’ωδονιὶῐη
3417 5233 3539 5288 cum
3587 5251 3762 5291 neces-

2241 5303 2369 5356 sitas
2403 5304 2502 5355 hoc
2521 5309 2785 5368 exposcat.
2832 5321 2850 5352 ι

2312 5378 2338 5491 ζ
2382 5369 2555 5491 ξξεὶᾱ.
2590 5369 2644 5421 in
2671 5370 2754 5422 ed.
2771 5383 2853 5438 ep.
2873 5369 2978 5424 Sir.
2995 5370 3110 5424 Vid.
3137 5370 3292 5439 Resp.
3317 5369 3498 5440 Steph.
3523 5385 3675 5440 νίψω
3698 5370 3755 5443 μ’

2241 5453 2355 5492 Cal).
2382 5453 2466 5491 10.

2304 5453 2593 5625 Eligam.
2613 5503 2674 5556 in
2694 5505 2777 5558 ed.
2805 5520 2889 5574 ep.
2917 5505 3072 5560 Sirio.
3111 5506 3264 5576 Resp.
3307 5507 3486 5576 Steph.
3513 5521 3662 5577 papa:
3695 5505 3755 5570 ll,

2243 5589 2355 5626 C80.
2386 5589 2405 5625 ‘I
2418 5589 2468 5625 4.

2305 5589 2355 5690 θ’
2370 5589 2559 5708 Ιῖιῖὲνι).
2593 5655 2693 5693 non
2727 5639 2938 5708 Dionys.

2315 5722 2331 5746 τ
2370 5710 2493 5776 Cap.
2524 5711 2571 5762 5.
2604 5710 2727 5762 \‘ide
2753 5724 2928 5778 supra.
