  <div class='ocr_page' id='page_1' title='image "/cluster/home/n/w/nwhite01/storage/ocr_20150623/99-100/uc1.31175006946845/522.png"; bbox 0 0 4010 6464; ppageno 0'>
   <div class='ocr_carea' id='block_1_1' title="bbox 235 535 377 590">
    <p class='ocr_par' dir='ltr' id='par_1_1' title="bbox 235 535 377 590">
     <span class='ocr_line' id='line_1_1' title="bbox 235 535 377 590; baseline -0.007 -1"><span class='ocrx_word' id='word_1_1' title='bbox 235 535 377 590; x_wconf 69' lang='grc'><strong>1025</strong></span> 
     </span>
    </p>
   </div>
   <div class='ocr_carea' id='block_1_2' title="bbox 230 637 1816 717">
    <p class='ocr_par' dir='ltr' id='par_1_2' title="bbox 230 637 1816 717">
     <span class='ocr_line' id='line_1_2' title="bbox 230 637 1816 717; baseline -0.003 -18"><span class='ocrx_word' id='word_1_2' title='bbox 230 658 348 699; x_wconf 77' lang='lat' dir='ltr'><strong>tum</strong></span> <span class='ocrx_word' id='word_1_3' title='bbox 373 642 523 717; x_wconf 84' lang='lat' dir='ltr'><strong>[jam]</strong></span> <span class='ocrx_word' id='word_1_4' title='bbox 561 641 836 710; x_wconf 82' lang='lat' dir='ltr'><strong>baptizatis</strong></span> <span class='ocrx_word' id='word_1_5' title='bbox 860 639 1108 707; x_wconf 74' lang='lat' dir='ltr'><strong>Spiritum</strong></span> <span class='ocrx_word' id='word_1_6' title='bbox 1135 640 1336 693; x_wconf 88' lang='lat' dir='ltr'><strong>darent.</strong></span> <span class='ocrx_word' id='word_1_7' title='bbox 1376 637 1506 690; x_wconf 87' lang='lat' dir='ltr'><strong>Nam</strong></span> <span class='ocrx_word' id='word_1_8' title='bbox 1531 637 1745 703; x_wconf 81' lang='lat' dir='ltr'><strong>presby-</strong></span> <span class='ocrx_word' id='word_1_9' title='bbox 1775 639 1816 695; x_wconf 78' lang='grc' dir='ltr'><strong>Α</strong></span> 
     </span>
    </p>
   </div>
   <div class='ocr_carea' id='block_1_3' title="bbox 232 723 1746 796">
    <p class='ocr_par' dir='ltr' id='par_1_3' title="bbox 232 723 1746 796">
     <span class='ocr_line' id='line_1_3' title="bbox 232 723 1746 796; baseline -0.009 -9"><span class='ocrx_word' id='word_1_10' title='bbox 232 733 385 796; x_wconf 80' lang='lat' dir='ltr'><strong>teris,</strong></span> <span class='ocrx_word' id='word_1_11' title='bbox 426 746 515 785; x_wconf 89' lang='lat' dir='ltr'><strong>seu</strong></span> <span class='ocrx_word' id='word_1_12' title='bbox 543 740 689 782; x_wconf 80' lang='lat' dir='ltr'><strong>extra</strong></span> <span class='ocrx_word' id='word_1_13' title='bbox 713 729 1029 795; x_wconf 86' lang='lat' dir='ltr'><strong>episcopum,</strong></span> <span class='ocrx_word' id='word_1_14' title='bbox 1074 728 1182 778; x_wconf 87' lang='lat' dir='ltr'><strong>sive</strong></span> <span class='ocrx_word' id='word_1_15' title='bbox 1208 734 1466 792; x_wconf 67' lang='lat' dir='ltr'><strong>praesente</strong></span> <span class='ocrx_word' id='word_1_16' title='bbox 1504 723 1746 791; x_wconf 89' lang='lat' dir='ltr'><strong>episcopo</strong></span> 
     </span>
    </p>
   </div>
   <div class='ocr_carea' id='block_1_4' title="bbox 228 813 1748 888">
    <p class='ocr_par' dir='ltr' id='par_1_4' title="bbox 228 813 1748 888">
     <span class='ocr_line' id='line_1_4' title="bbox 228 813 1748 888; baseline -0.009 -14"><span class='ocrx_word' id='word_1_17' title='bbox 228 835 354 874; x_wconf 82' lang='lat' dir='ltr'><strong>cum</strong></span> <span class='ocrx_word' id='word_1_18' title='bbox 388 818 544 888; x_wconf 84' lang='lat' dir='ltr'><strong>[Edd.</strong></span> <span class='ocrx_word' id='word_1_19' title='bbox 573 833 672 869; x_wconf 89' lang='lat' dir='ltr'><strong>om.</strong></span> <span class='ocrx_word' id='word_1_20' title='bbox 702 816 841 884; x_wconf 89' lang='lat' dir='ltr'><strong>cum]</strong></span> <span class='ocrx_word' id='word_1_21' title='bbox 891 815 1176 881; x_wconf 70' lang='lat' dir='ltr'><strong>baptizant,</strong></span> <span class='ocrx_word' id='word_1_22' title='bbox 1226 813 1508 888; x_wconf 85' lang='lat' dir='ltr'><strong>chrismate</strong></span> <span class='ocrx_word' id='word_1_23' title='bbox 1552 823 1748 878; x_wconf 80' lang='lat' dir='ltr'><strong>ungere</strong></span> 
     </span>
    </p>
   </div>
   <div class='ocr_carea' id='block_1_5' title="bbox 199 885 1749 972">
    <p class='ocr_par' dir='ltr' id='par_1_5' title="bbox 199 885 1749 972">
     <span class='ocr_line' id='line_1_5' title="bbox 199 885 1749 972; baseline -0.006 -13"><span class='ocrx_word' id='word_1_24' title='bbox 199 885 492 969; x_wconf 47' lang='lat' dir='ltr'><strong>licem—sed</strong></span> <span class='ocrx_word' id='word_1_25' title='bbox 517 905 652 972; x_wconf 89' lang='lat' dir='ltr'><strong>quod</strong></span> <span class='ocrx_word' id='word_1_26' title='bbox 682 905 746 955; x_wconf 91' lang='lat' dir='ltr'><strong>ab</strong></span> <span class='ocrx_word' id='word_1_27' title='bbox 773 903 1015 970; x_wconf 89' lang='lat' dir='ltr'><strong>episcopo</strong></span> <span class='ocrx_word' id='word_1_28' title='bbox 1043 901 1197 954; x_wconf 82' lang='lat' dir='ltr'><strong>fuerit</strong></span> <span class='ocrx_word' id='word_1_29' title='bbox 1227 885 1623 961; x_wconf 86' lang='lat' dir='ltr'><strong>consecratum,</strong></span> <span class='ocrx_word' id='word_1_30' title='bbox 1647 913 1749 950; x_wconf 88' lang='lat' dir='ltr'><strong>non</strong></span> 
     </span>
    </p>
   </div>
   <div class='ocr_carea' id='block_1_6' title="bbox 229 984 1750 1058">
    <p class='ocr_par' dir='ltr' id='par_1_6' title="bbox 229 984 1750 1058">
     <span class='ocr_line' id='line_1_6' title="bbox 229 984 1750 1058; baseline -0.007 -13"><span class='ocrx_word' id='word_1_31' title='bbox 229 1001 410 1046; x_wconf 78' lang='lat' dir='ltr'><strong>tamen</strong></span> <span class='ocrx_word' id='word_1_32' title='bbox 449 992 667 1044; x_wconf 91' lang='lat' dir='ltr'><strong>frontem</strong></span> <span class='ocrx_word' id='word_1_33' title='bbox 698 1004 763 1043; x_wconf 77' lang='lat' dir='ltr'><strong>ex</strong></span> <span class='ocrx_word' id='word_1_34' title='bbox 787 989 966 1042; x_wconf 86' lang='lat' dir='ltr'><strong>eodem</strong></span> <span class='ocrx_word' id='word_1_35' title='bbox 999 985 1154 1058; x_wconf 90' lang='lat' dir='ltr'><strong>[oleo]</strong></span> <span class='ocrx_word' id='word_1_36' title='bbox 1197 987 1422 1053; x_wconf 77' lang='lat' dir='ltr'><strong>signare,</strong></span> <span class='ocrx_word' id='word_1_37' title='bbox 1449 985 1587 1052; x_wconf 90' lang='lat' dir='ltr'><strong>quod</strong></span> <span class='ocrx_word' id='word_1_38' title='bbox 1627 984 1750 1037; x_wconf 88' lang='lat' dir='ltr'><strong>solis</strong></span> 
     </span>
    </p>
   </div>
   <div class='ocr_carea' id='block_1_7' title="bbox 229 1071 1760 1146">
    <p class='ocr_par' dir='ltr' id='par_1_7' title="bbox 229 1071 1760 1146">
     <span class='ocr_line' id='line_1_7' title="bbox 229 1071 1760 1146; baseline -0.005 -15"><span class='ocrx_word' id='word_1_39' title='bbox 229 1081 454 1134; x_wconf 81' lang='lat' dir='ltr'><strong>debetur</strong></span> <span class='ocrx_word' id='word_1_40' title='bbox 491 1078 765 1146; x_wconf 84' lang='lat' dir='ltr'><strong>episcopis,</strong></span> <span class='ocrx_word' id='word_1_41' title='bbox 808 1093 926 1130; x_wconf 91' lang='lat' dir='ltr'><strong>cum</strong></span> <span class='ocrx_word' id='word_1_42' title='bbox 967 1075 1179 1130; x_wconf 87' lang='lat' dir='ltr'><strong>tradunt</strong></span> <span class='ocrx_word' id='word_1_43' title='bbox 1226 1073 1480 1141; x_wconf 86' lang='lat' dir='ltr'><strong>Spiritum</strong></span> <span class='ocrx_word' id='word_1_44' title='bbox 1523 1071 1760 1140; x_wconf 80' lang='lat' dir='ltr'><strong>paracle—‘</strong></span> 
     </span>
    </p>
   </div>
   <div class='ocr_carea' id='block_1_8' title="bbox 229 1177 366 1220">
    <p class='ocr_par' dir='ltr' id='par_1_8' title="bbox 229 1177 366 1220">
     <span class='ocr_line' id='line_1_8' title="bbox 229 1177 366 1220; baseline -0.007 0"><span class='ocrx_word' id='word_1_45' title='bbox 229 1177 366 1220; x_wconf 85' lang='lat' dir='ltr'><strong>tum.</strong></span> 
     </span>
    </p>
   </div>
   <div class='ocr_carea' id='block_1_9' title="bbox 533 1249 1446 1314">
    <p class='ocr_par' dir='ltr' id='par_1_9' title="bbox 533 1249 1446 1314">
     <span class='ocr_line' id='line_1_9' title="bbox 533 1249 1446 1314; baseline -0.008 -8"><span class='ocrx_word' id='word_1_46' title='bbox 533 1253 709 1306; x_wconf 87' lang='lat' dir='ltr'><strong>Canon</strong></span> <span class='ocrx_word' id='word_1_47' title='bbox 746 1253 1132 1314; x_wconf 78' lang='lat' dir='ltr'><strong>Aurasicorum,</strong></span> <span class='ocrx_word' id='word_1_48' title='bbox 1169 1267 1272 1303; x_wconf 67' lang='lat' dir='ltr'><strong>aera</strong></span> <span class='ocrx_word' id='word_1_49' title='bbox 1316 1249 1351 1302; x_wconf 83' lang='lat'><strong>2</strong></span> <span class='ocrx_word' id='word_1_50' title='bbox 1399 1260 1446 1299; x_wconf 80' lang='grc' dir='ltr'>ι.</span> 
     </span>
    </p>
   </div>
   <div class='ocr_carea' id='block_1_10' title="bbox 302 1335 1751 1412">
    <p class='ocr_par' dir='ltr' id='par_1_10' title="bbox 302 1335 1751 1412">
     <span class='ocr_line' id='line_1_10' title="bbox 302 1335 1751 1412; baseline -0.007 -17"><span class='ocrx_word' id='word_1_51' title='bbox 302 1342 433 1410; x_wconf 83' lang='lat' dir='ltr'><strong>Cum</strong></span> <span class='ocrx_word' id='word_1_52' title='bbox 458 1343 755 1396; x_wconf 84' lang='lat' dir='ltr'><strong>chrismatis</strong></span> <span class='ocrx_word' id='word_1_53' title='bbox 781 1342 942 1412; x_wconf 77' lang='lat' dir='ltr'><strong>ipsius</strong></span> <span class='ocrx_word' id='word_1_54' title='bbox 969 1341 1175 1393; x_wconf 80' lang='lat' dir='ltr'><strong>nonnisi</strong></span> <span class='ocrx_word' id='word_1_55' title='bbox 1201 1355 1301 1391; x_wconf 87' lang='lat' dir='ltr'><strong>una</strong></span> <span class='ocrx_word' id='word_1_56' title='bbox 1339 1335 1632 1391; x_wconf 77' lang='lat' dir='ltr'><strong>benedictio</strong></span> <span class='ocrx_word' id='word_1_57' title='bbox 1652 1341 1751 1396; x_wconf 89' lang='lat' dir='ltr'><strong>est,</strong></span> 
     </span>
    </p>
   </div>
   <div class='ocr_carea' id='block_1_11' title="bbox 228 1414 1753 1498">
    <p class='ocr_par' dir='ltr' id='par_1_11' title="bbox 228 1414 1753 1498">
     <span class='ocr_line' id='line_1_11' title="bbox 228 1414 1753 1498; baseline -0.003 -18"><span class='ocrx_word' id='word_1_58' title='bbox 228 1445 338 1482; x_wconf 90' lang='lat' dir='ltr'><strong>non</strong></span> <span class='ocrx_word' id='word_1_59' title='bbox 364 1431 706 1498; x_wconf 75' lang='lat' dir='ltr'><strong>przcjudicans</strong></span> <span class='ocrx_word' id='word_1_60' title='bbox 737 1414 1036 1497; x_wconf 81' lang='lat' dir='ltr'><strong>quidquam,</strong></span> <span class='ocrx_word' id='word_1_61' title='bbox 1073 1428 1162 1480; x_wconf 90' lang='lat' dir='ltr'><strong>sed</strong></span> <span class='ocrx_word' id='word_1_62' title='bbox 1190 1436 1247 1480; x_wconf 93' lang='lat' dir='ltr'><strong>ut</strong></span> <span class='ocrx_word' id='word_1_63' title='bbox 1271 1427 1298 1466; x_wconf 69' lang='grc' dir='ltr'>ι»</span> <span class='ocrx_word' id='word_1_64' title='bbox 1324 1440 1427 1479; x_wconf 90' lang='lat' dir='ltr'><strong>non</strong></span> <span class='ocrx_word' id='word_1_65' title='bbox 1457 1422 1753 1478; x_wconf 89' lang='lat' dir='ltr'><strong>necessaria</strong></span> 
     </span>
    </p>
   </div>
   <div class='ocr_carea' id='block_1_12' title="bbox 229 1517 1104 1585">
    <p class='ocr_par' dir='ltr' id='par_1_12' title="bbox 229 1517 1104 1585">
     <span class='ocr_line' id='line_1_12' title="bbox 229 1517 1104 1585; baseline 0 -17"><span class='ocrx_word' id='word_1_66' title='bbox 229 1518 488 1570; x_wconf 72' lang='lat' dir='ltr'><strong>habeatur</strong></span> <span class='ocrx_word' id='word_1_67' title='bbox 523 1519 742 1585; x_wconf 88' lang='lat' dir='ltr'><strong>repetita</strong></span> <span class='ocrx_word' id='word_1_68' title='bbox 784 1517 1104 1570; x_wconf 82' lang='lat' dir='ltr'><strong>chrismatio.</strong></span> 
     </span>
    </p>
   </div>
   <div class='ocr_carea' id='block_1_13' title="bbox 535 1601 1438 1667">
    <p class='ocr_par' dir='ltr' id='par_1_13' title="bbox 535 1601 1438 1667">
     <span class='ocr_line' id='line_1_13' title="bbox 535 1601 1438 1667; baseline -0.004 -10"><span class='ocrx_word' id='word_1_69' title='bbox 535 1603 713 1657; x_wconf 84' lang='lat' dir='ltr'><strong>Canon</strong></span> <span class='ocrx_word' id='word_1_70' title='bbox 749 1605 1093 1667; x_wconf 67' lang='lat' dir='ltr'><strong>Arelatensis,</strong></span> <span class='ocrx_word' id='word_1_71' title='bbox 1132 1619 1237 1656; x_wconf 78' lang='lat' dir='ltr'><strong>trra</strong></span> <span class='ocrx_word' id='word_1_72' title='bbox 1283 1601 1350 1654; x_wconf 82' lang='lat'><strong>26</strong></span> <span class='ocrx_word' id='word_1_73' title='bbox 1395 1611 1438 1653; x_wconf 76' lang='grc' dir='ltr'><strong>ο.</strong></span> 
     </span>
    </p>
   </div>
   <div class='ocr_carea' id='block_1_14' title="bbox 302 1687 1757 1760">
    <p class='ocr_par' dir='ltr' id='par_1_14' title="bbox 302 1687 1757 1760">
     <span class='ocr_line' id='line_1_14' title="bbox 302 1687 1757 1760; baseline -0.005 -15"><span class='ocrx_word' id='word_1_74' title='bbox 302 1692 611 1746; x_wconf 74' lang='lat' dir='ltr'><strong>l-lzereticum</strong></span> <span class='ocrx_word' id='word_1_75' title='bbox 635 1689 962 1760; x_wconf 75' lang='lat' dir='ltr'><strong>[Hacrcticos]</strong></span> <span class='ocrx_word' id='word_1_76' title='bbox 993 1690 1045 1741; x_wconf 92' lang='lat' dir='ltr'><strong>in</strong></span> <span class='ocrx_word' id='word_1_77' title='bbox 1079 1689 1262 1741; x_wconf 88' lang='lat' dir='ltr'><strong>mortis</strong></span> <span class='ocrx_word' id='word_1_78' title='bbox 1305 1687 1607 1740; x_wconf 85' lang='lat' dir='ltr'><strong>discrimine</strong></span> <span class='ocrx_word' id='word_1_79' title='bbox 1632 1700 1757 1739; x_wconf 86' lang='lat' dir='ltr'><strong>con-</strong></span> 
     </span>
    </p>
   </div>
   <div class='ocr_carea' id='block_1_15' title="bbox 209 1775 1753 1854">
    <p class='ocr_par' dir='ltr' id='par_1_15' title="bbox 209 1775 1753 1854">
     <span class='ocr_line' id='line_1_15' title="bbox 209 1775 1753 1854; baseline -0.008 -16"><span class='ocrx_word' id='word_1_80' title='bbox 209 1784 496 1844; x_wconf 89' lang='lat' dir='ltr'><strong>-stitutum,</strong></span> <span class='ocrx_word' id='word_1_81' title='bbox 520 1782 563 1834; x_wconf 90' lang='lat' dir='ltr'><strong>si</strong></span> <span class='ocrx_word' id='word_1_82' title='bbox 589 1781 876 1835; x_wconf 88' lang='lat' dir='ltr'><strong>catholicus</strong></span> <span class='ocrx_word' id='word_1_83' title='bbox 903 1792 1018 1832; x_wconf 88' lang='lat' dir='ltr'><strong>esse</strong></span> <span class='ocrx_word' id='word_1_84' title='bbox 1047 1777 1328 1854; x_wconf 75' lang='lat' dir='ltr'><strong>desiderat,</strong></span> <span class='ocrx_word' id='word_1_85' title='bbox 1356 1785 1407 1829; x_wconf 90' lang='lat' dir='ltr'><strong>et</strong></span> <span class='ocrx_word' id='word_1_86' title='bbox 1432 1775 1520 1845; x_wconf 90' lang='lat' dir='ltr'><strong>[si]</strong></span> <span class='ocrx_word' id='word_1_87' title='bbox 1549 1775 1753 1842; x_wconf 85' lang='lat' dir='ltr'><strong>episco-</strong></span> 
     </span>
    </p>
   </div>
   <div class='ocr_carea' id='block_1_16' title="bbox 225 1862 1756 1948">
    <p class='ocr_par' dir='ltr' id='par_1_16' title="bbox 225 1862 1756 1948">
     <span class='ocr_line' id='line_1_16' title="bbox 225 1862 1756 1948; baseline -0.006 -25"><span class='ocrx_word' id='word_1_88' title='bbox 225 1880 332 1938; x_wconf 80' lang='lat' dir='ltr'><strong>pus</strong></span> <span class='ocrx_word' id='word_1_89' title='bbox 358 1870 569 1948; x_wconf 44' lang='lat' dir='ltr'><strong>desitba</strong></span> <span class='ocrx_word' id='word_1_90' title='bbox 592 1869 895 1936; x_wconf 81' lang='lat' dir='ltr'><strong>presbytero</strong></span> <span class='ocrx_word' id='word_1_91' title='bbox 920 1881 1038 1920; x_wconf 89' lang='lat' dir='ltr'><strong>cum</strong></span> <span class='ocrx_word' id='word_1_92' title='bbox 1072 1864 1370 1918; x_wconf 83' lang='lat' dir='ltr'><strong>chrismatis</strong></span> <span class='ocrx_word' id='word_1_93' title='bbox 1393 1862 1756 1916; x_wconf 77' lang='lat' dir='ltr'><strong>benedictione</strong></span> 
     </span>
    </p>
   </div>
   <div class='ocr_carea' id='block_1_17' title="bbox 225 1957 764 2025">
    <p class='ocr_par' dir='ltr' id='par_1_17' title="bbox 225 1957 764 2025">
     <span class='ocr_line' id='line_1_17' title="bbox 225 1957 764 2025; baseline -0.009 -13"><span class='ocrx_word' id='word_1_94' title='bbox 225 1957 528 2024; x_wconf 81' lang='lat' dir='ltr'><strong>consignari</strong></span> <span class='ocrx_word' id='word_1_95' title='bbox 549 1957 764 2025; x_wconf 85' lang='lat' dir='ltr'><strong>placuit.</strong></span> 
     </span>
    </p>
   </div>
   <div class='ocr_carea' id='block_1_18' title="bbox 574 2040 1410 2112">
    <p class='ocr_par' dir='ltr' id='par_1_18' title="bbox 574 2040 1410 2112">
     <span class='ocr_line' id='line_1_18' title="bbox 574 2040 1410 2112; baseline -0.005 -15"><span class='ocrx_word' id='word_1_96' title='bbox 574 2043 749 2098; x_wconf 82' lang='lat' dir='ltr'><strong>Canon</strong></span> <span class='ocrx_word' id='word_1_97' title='bbox 790 2043 1137 2112; x_wconf 77' lang='lat' dir='ltr'><strong>Epaunensis,</strong></span> <span class='ocrx_word' id='word_1_98' title='bbox 1187 2057 1292 2094; x_wconf 79' lang='lat' dir='ltr'><strong>(cra</strong></span> <span class='ocrx_word' id='word_1_99' title='bbox 1330 2040 1410 2093; x_wconf 77' lang='grc'><strong>16.</strong></span> 
     </span>
    </p>
   </div>
   <div class='ocr_carea' id='block_1_19' title="bbox 301 2123 1754 2206">
    <p class='ocr_par' dir='ltr' id='par_1_19' title="bbox 301 2123 1754 2206">
     <span class='ocr_line' id='line_1_19' title="bbox 301 2123 1754 2206; baseline -0.005 -17"><span class='ocrx_word' id='word_1_100' title='bbox 301 2136 458 2206; x_wconf 56' lang='lat' dir='ltr'><strong>[Adet</strong></span> <span class='ocrx_word' id='word_1_101' title='bbox 485 2136 536 2189; x_wconf 84' lang='lat' dir='ltr'><strong>in</strong></span> <span class='ocrx_word' id='word_1_102' title='bbox 573 2135 732 2188; x_wconf 76' lang='lat' dir='ltr'><strong>edd.’:</strong></span> <span class='ocrx_word' id='word_1_103' title='bbox 775 2134 1109 2202; x_wconf 80' lang='lat' dir='ltr'><strong>presbyteros</strong></span> <span class='ocrx_word' id='word_1_104' title='bbox 1146 2139 1363 2200; x_wconf 85' lang='lat' dir='ltr'><strong>propter</strong></span> <span class='ocrx_word' id='word_1_105' title='bbox 1392 2123 1613 2183; x_wconf 88' lang='lat' dir='ltr'><strong>salutem</strong></span> <span class='ocrx_word' id='word_1_106' title='bbox 1642 2129 1754 2182; x_wconf 85' lang='lat' dir='ltr'><strong>ani-</strong></span> 
     </span>
    </p>
   </div>
   <div class='ocr_carea' id='block_1_20' title="bbox 225 2217 1755 2290">
    <p class='ocr_par' dir='ltr' id='par_1_20' title="bbox 225 2217 1755 2290">
     <span class='ocr_line' id='line_1_20' title="bbox 225 2217 1755 2290; baseline -0.005 -15"><span class='ocrx_word' id='word_1_107' title='bbox 225 2237 438 2275; x_wconf 85' lang='lat' dir='ltr'><strong>marum</strong></span> <span class='ocrx_word' id='word_1_108' title='bbox 489 2237 644 2290; x_wconf 90' lang='lat' dir='ltr'><strong>quam</strong></span> <span class='ocrx_word' id='word_1_109' title='bbox 673 2222 724 2272; x_wconf 89' lang='lat' dir='ltr'><strong>in</strong></span> <span class='ocrx_word' id='word_1_110' title='bbox 765 2221 974 2272; x_wconf 89' lang='lat' dir='ltr'><strong>cunctis</strong></span> <span class='ocrx_word' id='word_1_111' title='bbox 1019 2217 1304 2287; x_wconf 88' lang='lat' dir='ltr'><strong>optamus.]</strong></span> <span class='ocrx_word' id='word_1_112' title='bbox 1357 2217 1654 2284; x_wconf 88' lang='lat' dir='ltr'><strong>Desperatis</strong></span> <span class='ocrx_word' id='word_1_113' title='bbox 1703 2223 1755 2269; x_wconf 90' lang='lat' dir='ltr'><strong>et</strong></span> 
     </span>
    </p>
   </div>
   <div class='ocr_carea' id='block_1_21' title="bbox 223 2304 1757 2370">
    <p class='ocr_par' dir='ltr' id='par_1_21' title="bbox 223 2304 1757 2370">
     <span class='ocr_line' id='line_1_21' title="bbox 223 2304 1757 2370; baseline -0.008 -4"><span class='ocrx_word' id='word_1_114' title='bbox 223 2308 657 2366; x_wconf 84' lang='lat' dir='ltr'><strong>decumbentibus</strong></span> <span class='ocrx_word' id='word_1_115' title='bbox 715 2307 996 2370; x_wconf 73' lang='lat' dir='ltr'><strong>hereticis,</strong></span> <span class='ocrx_word' id='word_1_116' title='bbox 1054 2307 1097 2359; x_wconf 88' lang='lat' dir='ltr'><strong>si</strong></span> <span class='ocrx_word' id='word_1_117' title='bbox 1155 2306 1555 2359; x_wconf 87' lang='lat' dir='ltr'><strong>conversionem</strong></span> <span class='ocrx_word' id='word_1_118' title='bbox 1611 2304 1757 2356; x_wconf 84' lang='lat' dir='ltr'><strong>subi-</strong></span> 
     </span>
    </p>
   </div>
   <div class='ocr_carea' id='block_1_22' title="bbox 226 2390 1752 2466">
    <p class='ocr_par' dir='ltr' id='par_1_22' title="bbox 226 2390 1752 2466">
     <span class='ocr_line' id='line_1_22' title="bbox 226 2390 1752 2466; baseline -0.006 -13"><span class='ocrx_word' id='word_1_119' title='bbox 226 2410 341 2453; x_wconf 83' lang='lat' dir='ltr'><strong>tam</strong></span> <span class='ocrx_word' id='word_1_120' title='bbox 384 2404 587 2466; x_wconf 87' lang='lat' dir='ltr'><strong>petant,</strong></span> <span class='ocrx_word' id='word_1_121' title='bbox 631 2411 662 2448; x_wconf 89' lang='lat' dir='ltr'><strong>a</strong></span> <span class='ocrx_word' id='word_1_122' title='bbox 723 2397 1029 2464; x_wconf 82' lang='lat' dir='ltr'><strong>presbytero</strong></span> <span class='ocrx_word' id='word_1_123' title='bbox 1081 2391 1234 2463; x_wconf 65' lang='lat' dir='ltr'><strong>[Van</strong></span> <span class='ocrx_word' id='word_1_124' title='bbox 1277 2390 1420 2461; x_wconf 84' lang='lat' dir='ltr'><strong>edd.]</strong></span> <span class='ocrx_word' id='word_1_125' title='bbox 1469 2392 1752 2446; x_wconf 87' lang='lat' dir='ltr'><strong>chrismate</strong></span> 
     </span>
    </p>
   </div>
   <div class='ocr_carea' id='block_1_23' title="bbox 223 2479 1757 2556">
    <p class='ocr_par' dir='ltr' id='par_1_23' title="bbox 223 2479 1757 2556">
     <span class='ocr_line' id='line_1_23' title="bbox 223 2479 1757 2556; baseline -0.007 -16"><span class='ocrx_word' id='word_1_126' title='bbox 223 2488 579 2556; x_wconf 86' lang='lat' dir='ltr'><strong>permittimus</strong></span> <span class='ocrx_word' id='word_1_127' title='bbox 599 2485 883 2538; x_wconf 81' lang='lat' dir='ltr'><strong>subveniri.</strong></span> <span class='ocrx_word' id='word_1_128' title='bbox 915 2482 1062 2549; x_wconf 83' lang='lat' dir='ltr'><strong>Quod</strong></span> <span class='ocrx_word' id='word_1_129' title='bbox 1085 2497 1267 2535; x_wconf 87' lang='lat' dir='ltr'><strong>omnes</strong></span> <span class='ocrx_word' id='word_1_130' title='bbox 1293 2480 1549 2543; x_wconf 91' lang='lat' dir='ltr'><strong>conversi,</strong></span> <span class='ocrx_word' id='word_1_131' title='bbox 1572 2479 1616 2532; x_wconf 92' lang='lat' dir='ltr'><strong>si</strong></span> <span class='ocrx_word' id='word_1_132' title='bbox 1642 2479 1757 2532; x_wconf 92' lang='lat' dir='ltr'><strong>sani</strong></span> 
     </span>
    </p>
   </div>
   <div class='ocr_carea' id='block_1_24' title="bbox 224 2571 1386 2640">
    <p class='ocr_par' dir='ltr' id='par_1_24' title="bbox 224 2571 1386 2640">
     <span class='ocr_line' id='line_1_24' title="bbox 224 2571 1386 2640; baseline -0.006 -13"><span class='ocrx_word' id='word_1_133' title='bbox 224 2581 372 2636; x_wconf 86' lang='lat' dir='ltr'><strong>sunt,</strong></span> <span class='ocrx_word' id='word_1_134' title='bbox 399 2574 465 2626; x_wconf 89' lang='lat' dir='ltr'><strong>ab</strong></span> <span class='ocrx_word' id='word_1_135' title='bbox 491 2573 733 2640; x_wconf 88' lang='lat' dir='ltr'><strong>episcopo</strong></span> <span class='ocrx_word' id='word_1_136' title='bbox 759 2571 1000 2625; x_wconf 82' lang='lat' dir='ltr'><strong>noverint</strong></span> <span class='ocrx_word' id='word_1_137' title='bbox 1019 2571 1386 2639; x_wconf 82' lang='lat' dir='ltr'><strong>expetendum.</strong></span> 
     </span>
    </p>
   </div>
   <div class='ocr_carea' id='block_1_25' title="bbox 299 2652 1758 2713">
    <p class='ocr_par' dir='ltr' id='par_1_25' title="bbox 299 2652 1758 2713">
     <span class='ocr_line' id='line_1_25' title="bbox 299 2652 1758 2713; baseline -0.006 0"><span class='ocrx_word' id='word_1_138' title='bbox 299 2659 326 2698; x_wconf 66' lang='grc' dir='ltr'>τι</span> <span class='ocrx_word' id='word_1_139' title='bbox 362 2659 745 2713; x_wconf 72' lang='grc' dir='ltr'>Ρωιιίιριιιὶιιιιε</span> <span class='ocrx_word' id='word_1_140' title='bbox 785 2667 962 2710; x_wconf 85' lang='lat' dir='ltr'><strong>autem</strong></span> <span class='ocrx_word' id='word_1_141' title='bbox 1010 2656 1313 2710; x_wconf 83' lang='lat' dir='ltr'><strong>chrismatis</strong></span> <span class='ocrx_word' id='word_1_142' title='bbox 1354 2655 1532 2709; x_wconf 90' lang='lat' dir='ltr'><strong>unctio</strong></span> <span class='ocrx_word' id='word_1_143' title='bbox 1558 2652 1758 2707; x_wconf 87' lang='lat' dir='ltr'><strong>infundi</strong></span> 
     </span>
    </p>
   </div>
   <div class='ocr_carea' id='block_1_26' title="bbox 225 2740 1761 2814">
    <p class='ocr_par' dir='ltr' id='par_1_26' title="bbox 225 2740 1761 2814">
     <span class='ocr_line' id='line_1_26' title="bbox 225 2740 1761 2814; baseline -0.004 -14"><span class='ocrx_word' id='word_1_144' title='bbox 225 2763 334 2800; x_wconf 87' lang='lat' dir='ltr'><strong>non</strong></span> <span class='ocrx_word' id='word_1_145' title='bbox 364 2754 554 2814; x_wconf 83' lang='lat' dir='ltr'><strong>potest,</strong></span> <span class='ocrx_word' id='word_1_146' title='bbox 584 2745 707 2812; x_wconf 89' lang='lat' dir='ltr'><strong>quia</strong></span> <span class='ocrx_word' id='word_1_147' title='bbox 744 2760 906 2814; x_wconf 77' lang='lat' dir='ltr'><strong>genus</strong></span> <span class='ocrx_word' id='word_1_148' title='bbox 947 2753 1028 2798; x_wconf 88' lang='lat' dir='ltr'><strong>est</strong></span> <span class='ocrx_word' id='word_1_149' title='bbox 1052 2743 1387 2798; x_wconf 87' lang='lat' dir='ltr'><strong>sacramenti.</strong></span> <span class='ocrx_word' id='word_1_150' title='bbox 1415 2740 1546 2795; x_wconf 87' lang='lat' dir='ltr'><strong>Nam</strong></span> <span class='ocrx_word' id='word_1_151' title='bbox 1570 2742 1761 2809; x_wconf 89' lang='lat' dir='ltr'><strong>quibus</strong></span> 
     </span>
    </p>
   </div>
   <div class='ocr_carea' id='block_1_27' title="bbox 227 2833 1762 2904">
    <p class='ocr_par' dir='ltr' id='par_1_27' title="bbox 227 2833 1762 2904">
     <span class='ocr_line' id='line_1_27' title="bbox 227 2833 1762 2904; baseline -0.003 -15"><span class='ocrx_word' id='word_1_152' title='bbox 227 2837 433 2904; x_wconf 83' lang='lat' dir='ltr'><strong>reliqua</strong></span> <span class='ocrx_word' id='word_1_153' title='bbox 478 2844 805 2891; x_wconf 88' lang='lat' dir='ltr'><strong>sacramenta</strong></span> <span class='ocrx_word' id='word_1_154' title='bbox 846 2834 1410 2904; x_wconf 75' lang='lat' dir='ltr'><strong>negantur-,‘quomodo</strong></span> <span class='ocrx_word' id='word_1_155' title='bbox 1451 2833 1552 2886; x_wconf 90' lang='lat' dir='ltr'><strong>hoc</strong></span> <span class='ocrx_word' id='word_1_156' title='bbox 1598 2847 1762 2901; x_wconf 72' lang='lat' dir='ltr'><strong>genus</strong></span> 
     </span>
    </p>
   </div>
   <div class='ocr_carea' id='block_1_28' title="bbox 228 2920 1418 2995">
    <p class='ocr_par' dir='ltr' id='par_1_28' title="bbox 228 2920 1418 2995">
     <span class='ocr_line' id='line_1_28' title="bbox 228 2920 1418 2995; baseline -0.003 -18"><span class='ocrx_word' id='word_1_157' title='bbox 228 2923 441 2994; x_wconf 73' lang='lat' dir='ltr'><strong>[unum]</strong></span> <span class='ocrx_word' id='word_1_158' title='bbox 462 2933 675 2995; x_wconf 84' lang='lat' dir='ltr'><strong>putatur</strong></span> <span class='ocrx_word' id='word_1_159' title='bbox 703 2939 852 2993; x_wconf 88' lang='lat' dir='ltr'><strong>posse</strong></span> <span class='ocrx_word' id='word_1_160' title='bbox 872 2934 924 2979; x_wconf 91' lang='lat' dir='ltr'><strong>et</strong></span> <span class='ocrx_word' id='word_1_161' title='bbox 951 2923 1091 2977; x_wconf 86' lang='lat' dir='ltr'><strong>credi</strong></span> <span class='ocrx_word' id='word_1_162' title='bbox 1122 2920 1418 2993; x_wconf 77' lang='lat' dir='ltr'><strong>[concedi]?</strong></span> 
     </span>
    </p>
   </div>
   <div class='ocr_carea' id='block_1_29' title="bbox 607 3010 1543 3085">
    <p class='ocr_par' dir='ltr' id='par_1_29' title="bbox 607 3010 1543 3085">
     <span class='ocr_line' id='line_1_29' title="bbox 607 3010 1543 3085; baseline -0.005 -19"><span class='ocrx_word' id='word_1_163' title='bbox 607 3012 782 3066; x_wconf 86' lang='lat' dir='ltr'><strong>Canon</strong></span> <span class='ocrx_word' id='word_1_164' title='bbox 803 3011 1148 3074; x_wconf 84' lang='lat' dir='ltr'><strong>Laodicensis,</strong></span> <span class='ocrx_word' id='word_1_165' title='bbox 1172 3027 1276 3064; x_wconf 76' lang='lat' dir='ltr'><strong>tera</strong></span> <span class='ocrx_word' id='word_1_166' title='bbox 1300 3010 1388 3063; x_wconf 90' lang='lat'><strong>28.</strong></span> <span class='ocrx_word' id='word_1_167' title='bbox 1541 3083 1543 3085; x_wconf 14' lang='grc' dir='ltr'><strong><em>ι</em></strong></span> 
     </span>
    </p>
   </div>
   <div class='ocr_carea' id='block_1_30' title="bbox 277 3098 1762 3170">
    <p class='ocr_par' dir='ltr' id='par_1_30' title="bbox 277 3098 1762 3170">
     <span class='ocr_line' id='line_1_30' title="bbox 277 3098 1762 3170; baseline -0.002 -17"><span class='ocrx_word' id='word_1_168' title='bbox 277 3100 378 3154; x_wconf 64' lang='grc' dir='ltr'><em>ιυε</em></span> <span class='ocrx_word' id='word_1_169' title='bbox 399 3101 632 3170; x_wconf 67' lang='lat' dir='ltr'><strong>prandiis~</strong></span> <span class='ocrx_word' id='word_1_170' title='bbox 659 3100 1004 3154; x_wconf 71' lang='lat' dir='ltr'><strong>ecclesiarum.</strong></span> <span class='ocrx_word' id='word_1_171' title='bbox 1037 3129 1106 3140; x_wconf 89' lang='lat'><strong>—</strong></span> <span class='ocrx_word' id='word_1_172' title='bbox 1138 3111 1160 3138; x_wconf 86' lang='lat'><strong><em>°</em></strong></span> <span class='ocrx_word' id='word_1_173' title='bbox 1195 3100 1253 3154; x_wconf 79' lang='lat' dir='ltr'><strong>in</strong></span> <span class='ocrx_word' id='word_1_174' title='bbox 1295 3098 1516 3156; x_wconf 82' lang='lat' dir='ltr'><strong>ecclesia</strong></span> <span class='ocrx_word' id='word_1_175' title='bbox 1542 3098 1762 3166; x_wconf 71' lang='lat' dir='ltr'><strong>prantia</strong></span> 
     </span>
    </p>
   </div>
   <div class='ocr_carea' id='block_1_31' title="bbox 229 3186 721 3257">
    <p class='ocr_par' dir='ltr' id='par_1_31' title="bbox 229 3186 721 3257">
     <span class='ocr_line' id='line_1_31' title="bbox 229 3186 721 3257; baseline 0 -14"><span class='ocrx_word' id='word_1_176' title='bbox 229 3186 362 3243; x_wconf 72' lang='lat' dir='ltr'><strong>ﬁeri</strong></span> <span class='ocrx_word' id='word_1_177' title='bbox 375 3203 481 3243; x_wconf 84' lang='lat' dir='ltr'><strong>non</strong></span> <span class='ocrx_word' id='word_1_178' title='bbox 511 3188 721 3257; x_wconf 82' lang='lat' dir='ltr'><strong>debere.</strong></span> 
     </span>
    </p>
   </div>
   <div class='ocr_carea' id='block_1_32' title="bbox 411 3272 1382 3348">
    <p class='ocr_par' dir='ltr' id='par_1_32' title="bbox 411 3272 1382 3348">
     <span class='ocr_line' id='line_1_32' title="bbox 411 3272 1382 3348; baseline -0.004 -15"><span class='ocrx_word' id='word_1_179' title='bbox 411 3297 416 3299; x_wconf 72' lang='lat'><em>‘</em></span> <span class='ocrx_word' id='word_1_180' title='bbox 619 3277 640 3316; x_wconf 69' lang='grc' dir='ltr'><strong>ί</strong></span> <span class='ocrx_word' id='word_1_181' title='bbox 667 3277 844 3332; x_wconf 75' lang='lat' dir='ltr'><strong>Conon</strong></span> <span class='ocrx_word' id='word_1_182' title='bbox 872 3272 1140 3348; x_wconf 15' lang='lat' dir='ltr'><strong>Nicwn‘as,</strong></span> <span class='ocrx_word' id='word_1_183' title='bbox 1169 3294 1272 3331; x_wconf 72' lang='lat' dir='ltr'><strong>trra</strong></span> <span class='ocrx_word' id='word_1_184' title='bbox 1295 3277 1382 3330; x_wconf 91' lang='lat'><strong>20.</strong></span> 
     </span>
    </p>
   </div>
   <div class='ocr_carea' id='block_1_33' title="bbox 302 3361 1763 3428">
    <p class='ocr_par' dir='ltr' id='par_1_33' title="bbox 302 3361 1763 3428">
     <span class='ocr_line' id='line_1_33' title="bbox 302 3361 1763 3428; baseline -0.001 -12"><span class='ocrx_word' id='word_1_185' title='bbox 302 3366 329 3404; x_wconf 77' lang='grc' dir='ltr'><strong><em>ε</em></strong></span> <span class='ocrx_word' id='word_1_186' title='bbox 352 3363 408 3416; x_wconf 84' lang='lat' dir='ltr'><strong>In</strong></span> <span class='ocrx_word' id='word_1_187' title='bbox 440 3363 524 3417; x_wconf 87' lang='lat' dir='ltr'><strong>die</strong></span> <span class='ocrx_word' id='word_1_188' title='bbox 547 3363 837 3427; x_wconf 85' lang='lat' dir='ltr'><strong>Dominico,</strong></span> <span class='ocrx_word' id='word_1_189' title='bbox 869 3372 939 3428; x_wconf 77' lang='lat' dir='ltr'><strong>,et</strong></span> <span class='ocrx_word' id='word_1_190' title='bbox 983 3365 1036 3416; x_wconf 90' lang='lat' dir='ltr'><strong>in</strong></span> <span class='ocrx_word' id='word_1_191' title='bbox 1084 3364 1270 3416; x_wconf 88' lang='lat' dir='ltr'><strong>diebus</strong></span> <span class='ocrx_word' id='word_1_192' title='bbox 1296 3361 1655 3425; x_wconf 88' lang='lat' dir='ltr'><strong>Pentecostes,</strong></span> <span class='ocrx_word' id='word_1_193' title='bbox 1703 3370 1763 3415; x_wconf 88' lang='lat' dir='ltr'><strong>ut</strong></span> 
     </span>
    </p>
   </div>
   <div class='ocr_carea' id='block_1_34' title="bbox 224 3448 1762 3513">
    <p class='ocr_par' dir='ltr' id='par_1_34' title="bbox 224 3448 1762 3513">
     <span class='ocr_line' id='line_1_34' title="bbox 224 3448 1762 3513; baseline -0.003 -8"><span class='ocrx_word' id='word_1_194' title='bbox 224 3451 407 3508; x_wconf 87' lang='lat' dir='ltr'><strong>omnia</strong></span> <span class='ocrx_word' id='word_1_195' title='bbox 442 3451 494 3503; x_wconf 91' lang='lat' dir='ltr'><strong>in</strong></span> <span class='ocrx_word' id='word_1_196' title='bbox 537 3450 796 3504; x_wconf 82' lang='lat' dir='ltr'><strong>universis</strong></span> <span class='ocrx_word' id='word_1_197' title='bbox 841 3449 969 3504; x_wconf 89' lang='lat' dir='ltr'><strong>locis</strong></span> <span class='ocrx_word' id='word_1_198' title='bbox 1010 3456 1360 3503; x_wconf 89' lang='lat' dir='ltr'><strong>consonanter</strong></span> <span class='ocrx_word' id='word_1_199' title='bbox 1397 3448 1762 3513; x_wconf 56' lang='lat' dir='ltr'><strong>observentur,</strong></span> 
     </span>
    </p>
   </div>
   <div class='ocr_carea' id='block_1_35' title="bbox 231 3535 1767 3608">
    <p class='ocr_par' dir='ltr' id='par_1_35' title="bbox 231 3535 1767 3608">
     <span class='ocr_line' id='line_1_35' title="bbox 231 3535 1767 3608; baseline -0.001 -18"><span class='ocrx_word' id='word_1_200' title='bbox 231 3538 435 3608; x_wconf 65' lang='lat' dir='ltr'><strong>plausit</strong></span> <span class='ocrx_word' id='word_1_201' title='bbox 479 3545 663 3591; x_wconf 82' lang='lat' dir='ltr'><strong>sancto</strong></span> <span class='ocrx_word' id='word_1_202' title='bbox 686 3537 912 3607; x_wconf 83' lang='lat' dir='ltr'><strong>concilio</strong></span> <span class='ocrx_word' id='word_1_203' title='bbox 935 3543 1135 3591; x_wconf 86' lang='lat' dir='ltr'><strong>stantes</strong></span> <span class='ocrx_word' id='word_1_204' title='bbox 1172 3536 1390 3590; x_wconf 86' lang='lat' dir='ltr'><strong>Domino</strong></span> <span class='ocrx_word' id='word_1_205' title='bbox 1422 3544 1544 3588; x_wconf 81' lang='lat' dir='ltr'><strong>vota</strong></span> <span class='ocrx_word' id='word_1_206' title='bbox 1571 3535 1767 3605; x_wconf 83' lang='lat' dir='ltr'><strong>persol-</strong></span> 
     </span>
    </p>
   </div>
   <div class='ocr_carea' id='block_1_36' title="bbox 177 3616 382 3682">
    <p class='ocr_par' dir='ltr' id='par_1_36' title="bbox 177 3616 382 3682">
     <span class='ocr_line' id='line_1_36' title="bbox 177 3616 382 3682; baseline 0 -2"><span class='ocrx_word' id='word_1_207' title='bbox 177 3616 184 3621; x_wconf 59' lang='grc'><em>’</em></span> <span class='ocrx_word' id='word_1_208' title='bbox 233 3641 382 3682; x_wconf 87' lang='lat' dir='ltr'><strong>vere.</strong></span> 
     </span>
    </p>
   </div>
   <div class='ocr_carea' id='block_1_37' title="bbox 776 3714 1215 3772">
    <p class='ocr_par' dir='ltr' id='par_1_37' title="bbox 776 3714 1215 3772">
     <span class='ocr_line' id='line_1_37' title="bbox 776 3714 1215 3772; baseline -0.005 -4"><span class='ocrx_word' id='word_1_209' title='bbox 776 3714 997 3772; x_wconf 79' lang='lat' dir='ltr'><strong>CAPUT</strong></span> <span class='ocrx_word' id='word_1_210' title='bbox 1034 3714 1215 3767; x_wconf 79' lang='lat' dir='ltr'><strong>XXVL</strong></span> 
     </span>
    </p>
   </div>
   <div class='ocr_carea' id='block_1_38' title="bbox 232 3798 1767 3866">
    <p class='ocr_par' dir='ltr' id='par_1_38' title="bbox 232 3798 1767 3866">
     <span class='ocr_line' id='line_1_38' title="bbox 232 3798 1767 3866; baseline -0.003 -9"><span class='ocrx_word' id='word_1_211' title='bbox 232 3818 298 3858; x_wconf 78' lang='lat' dir='ltr'><strong>ns</strong></span> <span class='ocrx_word' id='word_1_212' title='bbox 329 3814 548 3866; x_wconf 59' lang='lat' dir='ltr'><strong>pascua,</strong></span> <span class='ocrx_word' id='word_1_213' title='bbox 572 3817 638 3856; x_wconf 72' lang='grc' dir='ltr'><strong>ετ</strong></span> <span class='ocrx_word' id='word_1_214' title='bbox 669 3816 753 3856; x_wconf 76' lang='lat' dir='ltr'><strong>nm</strong></span> <span class='ocrx_word' id='word_1_215' title='bbox 786 3798 1061 3863; x_wconf 71' lang='lat' dir='ltr'><strong>nouimco,</strong></span> <span class='ocrx_word' id='word_1_216' title='bbox 1092 3817 1159 3854; x_wconf 80' lang='grc' dir='ltr'><strong>ετ</strong></span> <span class='ocrx_word' id='word_1_217' title='bbox 1196 3815 1434 3864; x_wconf 73' lang='grc' dir='ltr'>ιιειιουιε</span> <span class='ocrx_word' id='word_1_218' title='bbox 1462 3813 1767 3863; x_wconf 58' lang='lat' dir='ltr'><strong>rss&#39;nvrra-</strong></span> 
     </span>
    </p>
   </div>
   <div class='ocr_carea' id='block_1_39' title="bbox 923 3884 1088 3922">
    <p class='ocr_par' dir='ltr' id='par_1_39' title="bbox 923 3884 1088 3922">
     <span class='ocr_line' id='line_1_39' title="bbox 923 3884 1088 3922; baseline -0.006 0"><span class='ocrx_word' id='word_1_219' title='bbox 923 3884 1088 3922; x_wconf 77' lang='lat' dir='ltr'><strong>TIBUS.</strong></span> 
     </span>
    </p>
   </div>
   <div class='ocr_carea' id='block_1_40' title="bbox 515 3951 1390 4021">
    <p class='ocr_par' dir='ltr' id='par_1_40' title="bbox 515 3951 1390 4021">
     <span class='ocr_line' id='line_1_40' title="bbox 515 3951 1390 4021; baseline -0.001 -10"><span class='ocrx_word' id='word_1_220' title='bbox 515 3951 519 3954; x_wconf 31' lang='grc'><em>⁴</em></span> <span class='ocrx_word' id='word_1_221' title='bbox 606 3957 798 4011; x_wconf 75' lang='lat' dir='ltr'><strong>Conon</strong></span> <span class='ocrx_word' id='word_1_222' title='bbox 822 3957 1167 4021; x_wconf 72' lang='lat' dir='ltr'><strong>Arelatensis,</strong></span> <span class='ocrx_word' id='word_1_223' title='bbox 1195 3972 1300 4011; x_wconf 65' lang='lat' dir='ltr'><strong>aera</strong></span> <span class='ocrx_word' id='word_1_224' title='bbox 1341 3957 1390 4010; x_wconf 81' lang='lat' dir='ltr'><strong>l.</strong></span> 
     </span>
    </p>
   </div>
   <div class='ocr_carea' id='block_1_41' title="bbox 304 4043 1766 4119">
    <p class='ocr_par' dir='ltr' id='par_1_41' title="bbox 304 4043 1766 4119">
     <span class='ocr_line' id='line_1_41' title="bbox 304 4043 1766 4119; baseline -0.001 -21"><span class='ocrx_word' id='word_1_225' title='bbox 304 4046 460 4119; x_wconf 79' lang='lat' dir='ltr'><strong>(Var.</strong></span> <span class='ocrx_word' id='word_1_226' title='bbox 507 4047 650 4117; x_wconf 77' lang='lat' dir='ltr'><strong>edd.)</strong></span> <span class='ocrx_word' id='word_1_227' title='bbox 701 4047 1011 4116; x_wconf 82' lang='lat' dir='ltr'><strong>Censuimus</strong></span> <span class='ocrx_word' id='word_1_228' title='bbox 1069 4046 1227 4113; x_wconf 76' lang='lat' dir='ltr'><strong>igitur</strong></span> <span class='ocrx_word' id='word_1_229' title='bbox 1273 4044 1473 4098; x_wconf 82' lang='lat' dir='ltr'><strong>Pascha</strong></span> <span class='ocrx_word' id='word_1_230' title='bbox 1525 4043 1766 4108; x_wconf 88' lang='lat' dir='ltr'><strong>Domini,</strong></span> 
     </span>
    </p>
   </div>
   <div class='ocr_carea' id='block_1_42' title="bbox 233 4135 1284 4211">
    <p class='ocr_par' dir='ltr' id='par_1_42' title="bbox 233 4135 1284 4211">
     <span class='ocr_line' id='line_1_42' title="bbox 233 4135 1284 4211; baseline -0.008 -17"><span class='ocrx_word' id='word_1_231' title='bbox 233 4156 332 4211; x_wconf 87' lang='lat' dir='ltr'><strong>per</strong></span> <span class='ocrx_word' id='word_1_232' title='bbox 367 4147 533 4192; x_wconf 89' lang='lat' dir='ltr'><strong>totum</strong></span> <span class='ocrx_word' id='word_1_233' title='bbox 555 4138 735 4193; x_wconf 89' lang='lat' dir='ltr'><strong>orbem</strong></span> <span class='ocrx_word' id='word_1_234' title='bbox 758 4153 862 4191; x_wconf 91' lang='lat' dir='ltr'><strong>uno</strong></span> <span class='ocrx_word' id='word_1_235' title='bbox 889 4137 973 4190; x_wconf 93' lang='lat' dir='ltr'><strong>die</strong></span> <span class='ocrx_word' id='word_1_236' title='bbox 993 4135 1284 4190; x_wconf 91' lang='lat' dir='ltr'><strong>observari.</strong></span> 
     </span>
    </p>
   </div>
   <div class='ocr_carea' id='block_1_43' title="bbox 545 4221 1466 4287">
    <p class='ocr_par' dir='ltr' id='par_1_43' title="bbox 545 4221 1466 4287">
     <span class='ocr_line' id='line_1_43' title="bbox 545 4221 1466 4287; baseline -0.007 -7"><span class='ocrx_word' id='word_1_237' title='bbox 545 4226 724 4280; x_wconf 81' lang='lat' dir='ltr'><strong>Canon</strong></span> <span class='ocrx_word' id='word_1_238' title='bbox 749 4225 1127 4279; x_wconf 79' lang='lat' dir='ltr'><strong>Aurelianensis</strong></span> <span class='ocrx_word' id='word_1_239' title='bbox 1145 4263 1159 4287; x_wconf 90' lang='lat'><strong>,</strong></span> <span class='ocrx_word' id='word_1_240' title='bbox 1187 4239 1294 4277; x_wconf 72' lang='lat' dir='ltr'><strong>mra</strong></span> <span class='ocrx_word' id='word_1_241' title='bbox 1311 4221 1382 4275; x_wconf 89' lang='lat'><strong>22</strong></span> <span class='ocrx_word' id='word_1_242' title='bbox 1418 4222 1466 4274; x_wconf 63' lang='grc' dir='ltr'><strong>δ.</strong></span> 
     </span>
    </p>
   </div>
   <div class='ocr_carea' id='block_1_44' title="bbox 311 4308 1767 4386">
    <p class='ocr_par' dir='ltr' id='par_1_44' title="bbox 311 4308 1767 4386">
     <span class='ocr_line' id='line_1_44' title="bbox 311 4308 1767 4386; baseline -0.008 -15"><span class='ocrx_word' id='word_1_243' title='bbox 311 4316 380 4372; x_wconf 88' lang='lat' dir='ltr'><strong>Ut</strong></span> <span class='ocrx_word' id='word_1_244' title='bbox 416 4316 542 4369; x_wconf 82' lang='lat' dir='ltr'><strong>nulli</strong></span> <span class='ocrx_word' id='word_1_245' title='bbox 589 4316 780 4369; x_wconf 77' lang='lat' dir='ltr'><strong>civium</strong></span> <span class='ocrx_word' id='word_1_246' title='bbox 813 4311 1000 4385; x_wconf 70' lang='grc' dir='ltr'><strong>(ναν.)</strong></span> <span class='ocrx_word' id='word_1_247' title='bbox 1043 4312 1286 4386; x_wconf 48' lang='lat' dir='ltr'><strong>Pascha,</strong></span> <span class='ocrx_word' id='word_1_248' title='bbox 1313 4310 1496 4363; x_wconf 86' lang='lat' dir='ltr'><strong>Natale</strong></span> <span class='ocrx_word' id='word_1_249' title='bbox 1543 4308 1767 4380; x_wconf 86' lang='lat' dir='ltr'><strong>Domini,</strong></span> 
     </span>
    </p>
   </div>
   <div class='ocr_carea' id='block_1_45' title="bbox 230 4396 1774 4471">
    <p class='ocr_par' dir='ltr' id='par_1_45' title="bbox 230 4396 1774 4471">
     <span class='ocr_line' id='line_1_45' title="bbox 230 4396 1774 4471; baseline -0.01 -8"><span class='ocrx_word' id='word_1_250' title='bbox 230 4407 322 4463; x_wconf 76' lang='lat' dir='ltr'><strong>vel</strong></span> <span class='ocrx_word' id='word_1_251' title='bbox 365 4403 820 4471; x_wconf 68' lang='lat' dir='ltr'><strong>Quinquag’esimze</strong></span> <span class='ocrx_word' id='word_1_252' title='bbox 845 4401 1202 4454; x_wconf 84' lang='lat' dir='ltr'><strong>solemnitates</strong></span> <span class='ocrx_word' id='word_1_253' title='bbox 1228 4400 1280 4451; x_wconf 91' lang='lat' dir='ltr'><strong>in</strong></span> <span class='ocrx_word' id='word_1_254' title='bbox 1307 4398 1429 4451; x_wconf 89' lang='lat' dir='ltr'><strong>villa</strong></span> <span class='ocrx_word' id='word_1_255' title='bbox 1456 4396 1616 4450; x_wconf 84' lang='lat' dir='ltr'><strong>liceat</strong></span> <span class='ocrx_word' id='word_1_256' title='bbox 1639 4396 1774 4449; x_wconf 83' lang='lat' dir='ltr'><strong>cele-</strong></span> 
     </span>
    </p>
   </div>
   <div class='ocr_carea' id='block_1_46' title="bbox 233 4487 1636 4564">
    <p class='ocr_par' dir='ltr' id='par_1_46' title="bbox 233 4487 1636 4564">
     <span class='ocr_line' id='line_1_46' title="bbox 233 4487 1636 4564; baseline -0.011 -9"><span class='ocrx_word' id='word_1_257' title='bbox 233 4500 418 4564; x_wconf 83' lang='lat' dir='ltr'><strong>brare,</strong></span> <span class='ocrx_word' id='word_1_258' title='bbox 442 4495 540 4552; x_wconf 87' lang='lat' dir='ltr'><strong>nisi</strong></span> <span class='ocrx_word' id='word_1_259' title='bbox 565 4507 717 4564; x_wconf 89' lang='lat' dir='ltr'><strong>quem</strong></span> <span class='ocrx_word' id='word_1_260' title='bbox 751 4492 1028 4547; x_wconf 81' lang='lat' dir='ltr'><strong>inﬁrmitas</strong></span> <span class='ocrx_word' id='word_1_261' title='bbox 1062 4489 1369 4558; x_wconf 82' lang='lat' dir='ltr'><strong>probabitur</strong></span> <span class='ocrx_word' id='word_1_262' title='bbox 1387 4487 1636 4541; x_wconf 85' lang='lat' dir='ltr'><strong>tenuisse.</strong></span> 
     </span>
    </p>
   </div>
   <div class='ocr_carea' id='block_1_47' title="bbox 312 4653 1766 4730">
    <p class='ocr_par' dir='ltr' id='par_1_47' title="bbox 312 4653 1766 4730">
     <span class='ocr_line' id='line_1_47' title="bbox 312 4653 1766 4730; baseline -0.009 -13"><span class='ocrx_word' id='word_1_263' title='bbox 312 4676 340 4704; x_wconf 75' lang='grc' dir='ltr'><strong>ι</strong></span> <span class='ocrx_word' id='word_1_264' title='bbox 365 4663 422 4716; x_wconf 91' lang='lat' dir='ltr'><strong>ln</strong></span> <span class='ocrx_word' id='word_1_265' title='bbox 460 4661 685 4730; x_wconf 78' lang='lat' dir='ltr'><strong>vulgatis</strong></span> <span class='ocrx_word' id='word_1_266' title='bbox 711 4661 762 4724; x_wconf 79' lang='grc' dir='ltr'><strong>ί,</strong></span> <span class='ocrx_word' id='word_1_267' title='bbox 803 4659 895 4714; x_wconf 88' lang='lat' dir='ltr'><strong>sed</strong></span> <span class='ocrx_word' id='word_1_268' title='bbox 921 4658 974 4711; x_wconf 82' lang='lat' dir='ltr'><strong>in</strong></span> <span class='ocrx_word' id='word_1_269' title='bbox 1000 4656 1178 4710; x_wconf 81' lang='lat' dir='ltr'><strong>codice</strong></span> <span class='ocrx_word' id='word_1_270' title='bbox 1200 4655 1402 4709; x_wconf 86' lang='lat' dir='ltr'><strong>Titiano</strong></span> <span class='ocrx_word' id='word_1_271' title='bbox 1437 4661 1491 4706; x_wconf 88' lang='lat' dir='ltr'><strong>et</strong></span> <span class='ocrx_word' id='word_1_272' title='bbox 1525 4653 1766 4706; x_wconf 85' lang='lat' dir='ltr'><strong>omnibus</strong></span> 
     </span>
    </p>
   </div>
   <div class='ocr_carea' id='block_1_48' title="bbox 239 4731 573 4792">
    <p class='ocr_par' dir='ltr' id='par_1_48' title="bbox 239 4731 573 4792">
     <span class='ocr_line' id='line_1_48' title="bbox 239 4731 573 4792; baseline -0.012 -7"><span class='ocrx_word' id='word_1_273' title='bbox 239 4731 494 4792; x_wconf 75' lang='lat' dir='ltr'><strong>antiquis,</strong></span> <span class='ocrx_word' id='word_1_274' title='bbox 520 4731 573 4782; x_wconf 87' lang='lat'><strong>2.</strong></span> 
     </span>
    </p>
   </div>
   <div class='ocr_carea' id='block_1_49' title="bbox 313 4788 1766 4862">
    <p class='ocr_par' dir='ltr' id='par_1_49' title="bbox 313 4788 1766 4862">
     <span class='ocr_line' id='line_1_49' title="bbox 313 4788 1766 4862; baseline -0.009 -11"><span class='ocrx_word' id='word_1_275' title='bbox 313 4801 340 4838; x_wconf 76' lang='lat' dir='ltr'><strong>b</strong></span> <span class='ocrx_word' id='word_1_276' title='bbox 366 4788 651 4850; x_wconf 63' lang='lat' dir='ltr'><strong>l&#39;stalectiu</strong></span> <span class='ocrx_word' id='word_1_277' title='bbox 697 4794 853 4862; x_wconf 81' lang='lat' dir='ltr'><strong>hujus</strong></span> <span class='ocrx_word' id='word_1_278' title='bbox 881 4792 1122 4862; x_wconf 75' lang='lat' dir='ltr'><strong>canonis,</strong></span> <span class='ocrx_word' id='word_1_279' title='bbox 1169 4792 1233 4862; x_wconf 84' lang='lat' dir='ltr'><strong>de</strong></span> <span class='ocrx_word' id='word_1_280' title='bbox 1270 4802 1371 4856; x_wconf 91' lang='lat' dir='ltr'><strong>qua</strong></span> <span class='ocrx_word' id='word_1_281' title='bbox 1413 4788 1553 4862; x_wconf 81' lang='lat' dir='ltr'><strong>acris</strong></span> <span class='ocrx_word' id='word_1_282' title='bbox 1592 4788 1766 4839; x_wconf 89' lang='lat' dir='ltr'><strong>admo-</strong></span> 
     </span>
    </p>
   </div>
   <div class='ocr_carea' id='block_1_50' title="bbox 239 4855 1765 4931">
    <p class='ocr_par' dir='ltr' id='par_1_50' title="bbox 239 4855 1765 4931">
     <span class='ocr_line' id='line_1_50' title="bbox 239 4855 1765 4931; baseline -0.01 -11"><span class='ocrx_word' id='word_1_283' title='bbox 239 4869 365 4921; x_wconf 89' lang='lat' dir='ltr'><strong>dum</strong></span> <span class='ocrx_word' id='word_1_284' title='bbox 394 4864 589 4931; x_wconf 78' lang='lat' dir='ltr'><strong>agitata</strong></span> <span class='ocrx_word' id='word_1_285' title='bbox 616 4861 713 4914; x_wconf 86' lang='lat' dir='ltr'><strong>fuit</strong></span> <span class='ocrx_word' id='word_1_286' title='bbox 734 4855 869 4913; x_wconf 81' lang='lat' dir='ltr'><strong>inter</strong></span> <span class='ocrx_word' id='word_1_287' title='bbox 904 4855 1301 4931; x_wconf 25' lang='lat' dir='ltr'><strong>eruditos‘viros</strong></span> <span class='ocrx_word' id='word_1_288' title='bbox 1327 4855 1607 4931; x_wconf 70' lang='lat' dir='ltr'><strong>contentio2</strong></span> <span class='ocrx_word' id='word_1_289' title='bbox 1637 4868 1765 4931; x_wconf 76' lang='lat' dir='ltr'><strong>con-</strong></span> 
     </span>
    </p>
   </div>
   <div class='ocr_carea' id='block_1_51' title="bbox 244 4921 1767 4987">
    <p class='ocr_par' dir='ltr' id='par_1_51' title="bbox 244 4921 1767 4987">
     <span class='ocr_line' id='line_1_51' title="bbox 244 4921 1767 4987; baseline -0.01 0"><span class='ocrx_word' id='word_1_290' title='bbox 244 4921 716 4987; x_wconf 50' lang='lat' dir='ltr'><strong>ﬁrmatvveriorem</strong></span> <span class='ocrx_word' id='word_1_291' title='bbox 764 4941 881 4983; x_wconf 87' lang='lat' dir='ltr'><strong>esse</strong></span> <span class='ocrx_word' id='word_1_292' title='bbox 924 4926 1235 4980; x_wconf 88' lang='lat' dir='ltr'><strong>sententiam</strong></span> <span class='ocrx_word' id='word_1_293' title='bbox 1275 4939 1325 4975; x_wconf 91' lang='lat' dir='ltr'><strong>v.</strong></span> <span class='ocrx_word' id='word_1_294' title='bbox 1363 4922 1425 4976; x_wconf 91' lang='lat' dir='ltr'><strong>cl.</strong></span> <span class='ocrx_word' id='word_1_295' title='bbox 1482 4938 1544 4976; x_wconf 91' lang='lat' dir='ltr'><strong>ac</strong></span> <span class='ocrx_word' id='word_1_296' title='bbox 1575 4921 1767 4974; x_wconf 84' lang='lat' dir='ltr'><strong>doetis-</strong></span> 
     </span>
    </p>
   </div>
   <div class='ocr_carea' id='block_1_52' title="bbox 241 4991 1602 5068">
    <p class='ocr_par' dir='ltr' id='par_1_52' title="bbox 241 4991 1602 5068">
     <span class='ocr_line' id='line_1_52' title="bbox 241 4991 1602 5068; baseline -0.01 -12"><span class='ocrx_word' id='word_1_297' title='bbox 241 5001 363 5056; x_wconf 81' lang='lat' dir='ltr'><strong>simi</strong></span> <span class='ocrx_word' id='word_1_298' title='bbox 389 4999 437 5068; x_wconf 74' lang='lat' dir='ltr'><strong>J.</strong></span> <span class='ocrx_word' id='word_1_299' title='bbox 471 4997 752 5068; x_wconf 72' lang='lat' dir='ltr'><strong>Sirmondi,</strong></span> <span class='ocrx_word' id='word_1_300' title='bbox 785 4996 933 5068; x_wconf 61' lang='lat' dir='ltr'><strong>cujus</strong></span> <span class='ocrx_word' id='word_1_301' title='bbox 957 4993 1074 5068; x_wconf 75' lang='lat' dir='ltr'><strong>vide</strong></span> <span class='ocrx_word' id='word_1_302' title='bbox 1103 5002 1255 5046; x_wconf 86' lang='lat' dir='ltr'><strong>notas</strong></span> <span class='ocrx_word' id='word_1_303' title='bbox 1279 4991 1602 5068; x_wconf 76' lang='lat' dir='ltr'><strong>posthumas.</strong></span> 
     </span>
    </p>
   </div>
   <div class='ocr_carea' id='block_1_53' title="bbox 318 5053 1766 5126">
    <p class='ocr_par' dir='ltr' id='par_1_53' title="bbox 318 5053 1766 5126">
     <span class='ocr_line' id='line_1_53' title="bbox 318 5053 1766 5126; baseline -0.012 -3"><span class='ocrx_word' id='word_1_304' title='bbox 318 5077 343 5106; x_wconf 73' lang='grc' dir='ltr'><strong>ο</strong></span> <span class='ocrx_word' id='word_1_305' title='bbox 379 5067 536 5122; x_wconf 86' lang='lat' dir='ltr'><strong>Cone.</strong></span> <span class='ocrx_word' id='word_1_306' title='bbox 571 5053 896 5126; x_wconf 61' lang='lat' dir='ltr'><strong>Arausic.&#39;r&#39;,</strong></span> <span class='ocrx_word' id='word_1_307' title='bbox 925 5077 971 5116; x_wconf 95' lang='lat' dir='ltr'><strong>c.</strong></span> <span class='ocrx_word' id='word_1_308' title='bbox 1000 5062 1022 5113; x_wconf 86' lang='lat' dir='ltr'><strong>l</strong></span> <span class='ocrx_word' id='word_1_309' title='bbox 1049 5078 1062 5124; x_wconf 89' lang='lat'><strong>;</strong></span> <span class='ocrx_word' id='word_1_310' title='bbox 1096 5075 1244 5114; x_wconf 90' lang='lat' dir='ltr'><strong>conc.</strong></span> <span class='ocrx_word' id='word_1_311' title='bbox 1271 5053 1468 5111; x_wconf 67' lang='lat' dir='ltr'><strong>Arelat.</strong></span> <span class='ocrx_word' id='word_1_312' title='bbox 1516 5074 1572 5120; x_wconf 82' lang='grc' dir='ltr'>ιι,</span> <span class='ocrx_word' id='word_1_313' title='bbox 1603 5070 1651 5110; x_wconf 91' lang='lat' dir='ltr'><strong>c.</strong></span> <span class='ocrx_word' id='word_1_314' title='bbox 1678 5053 1766 5106; x_wconf 85' lang='lat'><strong>26.</strong></span> 
     </span>
    </p>
   </div>
   <div class='ocr_carea' id='block_1_54' title="bbox 316 5127 1493 5193">
    <p class='ocr_par' dir='ltr' id='par_1_54' title="bbox 316 5127 1493 5193">
     <span class='ocr_line' id='line_1_54' title="bbox 316 5127 1493 5193; baseline -0.009 -5"><span class='ocrx_word' id='word_1_315' title='bbox 316 5134 343 5174; x_wconf 68' lang='grc' dir='ltr'><em>δ</em></span> <span class='ocrx_word' id='word_1_316' title='bbox 369 5134 652 5188; x_wconf 82' lang='lat' dir='ltr'><strong>Innocentii</strong></span> <span class='ocrx_word' id='word_1_317' title='bbox 677 5133 695 5185; x_wconf 90' lang='lat' dir='ltr'><strong>l</strong></span> <span class='ocrx_word' id='word_1_318' title='bbox 728 5146 811 5193; x_wconf 87' lang='lat' dir='ltr'><strong>ep.</strong></span> <span class='ocrx_word' id='word_1_319' title='bbox 840 5132 905 5184; x_wconf 86' lang='lat' dir='ltr'><strong>ad</strong></span> <span class='ocrx_word' id='word_1_320' title='bbox 947 5129 1274 5190; x_wconf 79' lang='lat' dir='ltr'><strong>Recentium,</strong></span> <span class='ocrx_word' id='word_1_321' title='bbox 1299 5140 1414 5193; x_wconf 88' lang='lat' dir='ltr'><strong>cap.</strong></span> <span class='ocrx_word' id='word_1_322' title='bbox 1442 5127 1493 5178; x_wconf 91' lang='lat'><strong>8.</strong></span> 
     </span>
    </p>
   </div>
   <div class='ocr_carea' id='block_1_55' title="bbox 320 5147 1551 5277">
    <p class='ocr_par' dir='ltr' id='par_1_55' title="bbox 320 5147 1551 5277">
     <span class='ocr_line' id='line_1_55' title="bbox 320 5147 1493 5193; baseline -0.009 -5"><span class='ocrx_word' id='word_1_323' title='bbox 320 5147 343 5174; x_wconf 79' lang='grc'><strong><em>³</em></strong></span> <span class='ocrx_word' id='word_1_324' title='bbox 369 5147 652 5188; x_wconf 77' lang='lat' dir='ltr'><strong>Innocentii</strong></span> <span class='ocrx_word' id='word_1_325' title='bbox 677 5147 695 5185; x_wconf 85' lang='grc' dir='ltr'><strong>ι</strong></span> <span class='ocrx_word' id='word_1_326' title='bbox 728 5147 758 5187; x_wconf 89' lang='lat' dir='ltr'><strong>e</strong></span> <span class='ocrx_word' id='word_1_327' title='bbox 799 5170 811 5182; x_wconf 96' lang='lat'><strong>.</strong></span> <span class='ocrx_word' id='word_1_328' title='bbox 840 5147 905 5184; x_wconf 85' lang='lat' dir='ltr'><strong>au</strong></span> <span class='ocrx_word' id='word_1_329' title='bbox 947 5147 1274 5190; x_wconf 76' lang='lat' dir='ltr'><strong>necentlum,</strong></span> <span class='ocrx_word' id='word_1_330' title='bbox 1299 5147 1414 5193; x_wconf 78' lang='lat' dir='ltr'><strong>cap.</strong></span> <span class='ocrx_word' id='word_1_331' title='bbox 1442 5147 1493 5178; x_wconf 81' lang='grc' dir='ltr'><strong>ο.</strong></span> 
     </span>
     <span class='ocr_line' id='line_1_56' title="bbox 320 5147 1551 5277; baseline -0.006 -23"><span class='ocrx_word' id='word_1_332' title='bbox 320 5202 588 5277; x_wconf 62' lang='lat' dir='ltr'><strong>finterpr.</strong></span> <span class='ocrx_word' id='word_1_333' title='bbox 627 5213 726 5253; x_wconf 89' lang='lat' dir='ltr'><strong>nec</strong></span> <span class='ocrx_word' id='word_1_334' title='bbox 748 5147 957 5277; x_wconf 58' lang='lat' dir='ltr'><strong>lgionxs.</strong></span> <span class='ocrx_word' id='word_1_335' title='bbox 993 5194 1227 5277; x_wconf 57' lang='lat' dir='ltr'><strong>neclsid.</strong></span> <span class='ocrx_word' id='word_1_336' title='bbox 1365 5268 1402 5277; x_wconf 27' lang='grc' dir='ltr'><em>Α</em></span> <span class='ocrx_word' id='word_1_337' title='bbox 1453 5259 1551 5277; x_wconf 40' lang='grc' dir='ltr'><strong>,μ’</strong></span> 
     </span>
    </p>
   </div>
   <div class='ocr_carea' id='block_1_56' title="bbox 323 5257 1771 5321">
    <p class='ocr_par' dir='ltr' id='par_1_56' title="bbox 323 5257 1771 5321">
     <span class='ocr_line' id='line_1_57' title="bbox 323 5257 1771 5321; baseline -0.01 1"><span class='ocrx_word' id='word_1_338' title='bbox 323 5268 343 5306; x_wconf 71' lang='grc' dir='ltr'>ί</span> <span class='ocrx_word' id='word_1_339' title='bbox 399 5257 690 5321; x_wconf 68' lang='lat' dir='ltr'><strong>llic&#39;canon</strong></span> <span class='ocrx_word' id='word_1_340' title='bbox 725 5257 983 5318; x_wconf 87' lang='lat' dir='ltr'><strong>omittitur</strong></span> <span class='ocrx_word' id='word_1_341' title='bbox 1019 5279 1049 5316; x_wconf 89' lang='lat' dir='ltr'><strong>a</strong></span> <span class='ocrx_word' id='word_1_342' title='bbox 1095 5263 1302 5321; x_wconf 70' lang='lat' dir='ltr'><strong>Rufino.</strong></span> <span class='ocrx_word' id='word_1_343' title='bbox 1353 5268 1408 5315; x_wconf 90' lang='lat' dir='ltr'><strong>et</strong></span> <span class='ocrx_word' id='word_1_344' title='bbox 1443 5257 1771 5312; x_wconf 86' lang='lat' dir='ltr'><strong>desideratur</strong></span> 
     </span>
    </p>
   </div>
   <div class='ocr_carea' id='block_1_57' title="bbox 247 5324 1770 5392">
    <p class='ocr_par' dir='ltr' id='par_1_57' title="bbox 247 5324 1770 5392">
     <span class='ocr_line' id='line_1_58' title="bbox 247 5324 1770 5392; baseline -0.011 0"><span class='ocrx_word' id='word_1_345' title='bbox 247 5339 302 5392; x_wconf 90' lang='lat' dir='ltr'><strong>in</strong></span> <span class='ocrx_word' id='word_1_346' title='bbox 332 5334 451 5390; x_wconf 90' lang='lat' dir='ltr'><strong>cod.</strong></span> <span class='ocrx_word' id='word_1_347' title='bbox 493 5335 636 5389; x_wconf 86' lang='lat' dir='ltr'><strong>Eccl.</strong></span> <span class='ocrx_word' id='word_1_348' title='bbox 665 5334 817 5387; x_wconf 79' lang='lat' dir='ltr'><strong>Rom.</strong></span> <span class='ocrx_word' id='word_1_349' title='bbox 851 5331 980 5386; x_wconf 81' lang='lat' dir='ltr'><strong>Vide</strong></span> <span class='ocrx_word' id='word_1_350' title='bbox 1016 5338 1125 5384; x_wconf 92' lang='lat' dir='ltr'><strong>not.</strong></span> <span class='ocrx_word' id='word_1_351' title='bbox 1160 5346 1212 5382; x_wconf 88' lang='lat' dir='ltr'><strong>v.</strong></span> <span class='ocrx_word' id='word_1_352' title='bbox 1246 5330 1314 5384; x_wconf 86' lang='lat' dir='ltr'><strong>cl.</strong></span> <span class='ocrx_word' id='word_1_353' title='bbox 1353 5327 1511 5384; x_wconf 87' lang='lat' dir='ltr'><strong>Sirm.</strong></span> <span class='ocrx_word' id='word_1_354' title='bbox 1541 5325 1606 5380; x_wconf 88' lang='lat' dir='ltr'><strong>ad</strong></span> <span class='ocrx_word' id='word_1_355' title='bbox 1633 5324 1770 5377; x_wconf 87' lang='lat' dir='ltr'><strong>hunc</strong></span> 
     </span>
    </p>
   </div>
   <div class='ocr_carea' id='block_1_58' title="bbox 254 5405 514 5458">
    <p class='ocr_par' dir='ltr' id='par_1_58' title="bbox 254 5405 514 5458">
     <span class='ocr_line' id='line_1_59' title="bbox 254 5405 514 5458; baseline -0.012 0"><span class='ocrx_word' id='word_1_356' title='bbox 254 5405 514 5458; x_wconf 75' lang='lat' dir='ltr'><strong>codicem.</strong></span> 
     </span>
    </p>
   </div>
   <div class='ocr_carea' id='block_1_59' title="bbox 323 5464 1230 5538">
    <p class='ocr_par' dir='ltr' id='par_1_59' title="bbox 323 5464 1230 5538">
     <span class='ocr_line' id='line_1_60' title="bbox 323 5464 1230 5538; baseline -0.01 -12"><span class='ocrx_word' id='word_1_357' title='bbox 323 5474 348 5512; x_wconf 76' lang='grc' dir='ltr'><strong>ι</strong></span> <span class='ocrx_word' id='word_1_358' title='bbox 373 5471 566 5538; x_wconf 86' lang='lat' dir='ltr'><strong>Interp.</strong></span> <span class='ocrx_word' id='word_1_359' title='bbox 592 5482 690 5538; x_wconf 87' lang='lat' dir='ltr'><strong>nec</strong></span> <span class='ocrx_word' id='word_1_360' title='bbox 721 5467 1074 5538; x_wconf 80' lang='lat' dir='ltr'><strong>Dionys._r_iec</strong></span> <span class='ocrx_word' id='word_1_361' title='bbox 1110 5464 1230 5518; x_wconf 89' lang='lat' dir='ltr'><strong>lsid.</strong></span> 
     </span>
    </p>
   </div>
   <div class='ocr_carea' id='block_1_60' title="bbox 320 5531 1028 5597">
    <p class='ocr_par' dir='ltr' id='par_1_60' title="bbox 320 5531 1028 5597">
     <span class='ocr_line' id='line_1_61' title="bbox 320 5531 1028 5597; baseline -0.01 -5"><span class='ocrx_word' id='word_1_362' title='bbox 320 5539 347 5576; x_wconf 67' lang='grc' dir='ltr'>δ</span> <span class='ocrx_word' id='word_1_363' title='bbox 388 5531 548 5592; x_wconf 73' lang='lat' dir='ltr'><strong>Cone.</strong></span> <span class='ocrx_word' id='word_1_364' title='bbox 581 5531 756 5592; x_wconf 78' lang='lat' dir='ltr'><strong>Aurel.</strong></span> <span class='ocrx_word' id='word_1_365' title='bbox 786 5531 914 5597; x_wconf 49' lang='lat' dir='ltr'><strong>Ife.</strong></span> <span class='ocrx_word' id='word_1_366' title='bbox 941 5533 1028 5586; x_wconf 84' lang='lat'><strong>25.</strong></span> 
     </span>
    </p>
   </div>
   <div class='ocr_carea' id='block_1_61' title="bbox 331 5597 1258 5661">
    <p class='ocr_par' dir='ltr' id='par_1_61' title="bbox 331 5597 1258 5661">
     <span class='ocr_line' id='line_1_62' title="bbox 331 5597 1258 5661; baseline -0.01 -3"><span class='ocrx_word' id='word_1_367' title='bbox 331 5610 343 5644; x_wconf 71' lang='grc' dir='ltr'><strong>ί</strong></span> <span class='ocrx_word' id='word_1_368' title='bbox 389 5605 549 5657; x_wconf 80' lang='lat' dir='ltr'><strong>Cone.</strong></span> <span class='ocrx_word' id='word_1_369' title='bbox 594 5601 986 5655; x_wconf 83' lang='lat' dir='ltr'><strong>Matisconensis</strong></span> <span class='ocrx_word' id='word_1_370' title='bbox 1013 5616 1086 5661; x_wconf 84' lang='grc' dir='ltr'>ιι,</span> <span class='ocrx_word' id='word_1_371' title='bbox 1125 5613 1172 5652; x_wconf 90' lang='lat' dir='ltr'><strong>c.</strong></span> <span class='ocrx_word' id='word_1_372' title='bbox 1204 5597 1258 5649; x_wconf 84' lang='lat'><strong>2.</strong></span> 
     </span>
    </p>
   </div>
   <div class='ocr_carea' id='block_1_62' title="bbox 328 5665 1294 5731">
    <p class='ocr_par' dir='ltr' id='par_1_62' title="bbox 328 5665 1294 5731">
     <span class='ocr_line' id='line_1_63' title="bbox 328 5665 1294 5731; baseline -0.004 -11"><span class='ocrx_word' id='word_1_373' title='bbox 328 5672 340 5720; x_wconf 87' lang='lat' dir='ltr'><strong>i</strong></span> <span class='ocrx_word' id='word_1_374' title='bbox 381 5672 579 5725; x_wconf 78' lang='lat' dir='ltr'><strong>Concil.</strong></span> <span class='ocrx_word' id='word_1_375' title='bbox 613 5668 1020 5723; x_wconf 72' lang='lat' dir='ltr'><strong>Matisconensis.</strong></span> <span class='ocrx_word' id='word_1_376' title='bbox 1060 5682 1130 5731; x_wconf 89' lang='grc' dir='ltr'>ιι,</span> <span class='ocrx_word' id='word_1_377' title='bbox 1160 5681 1206 5720; x_wconf 90' lang='lat' dir='ltr'><strong>c.</strong></span> <span class='ocrx_word' id='word_1_378' title='bbox 1245 5665 1294 5717; x_wconf 77' lang='lat' dir='ltr'><strong>l.</strong></span> 
     </span>
    </p>
   </div>
   <div class='ocr_carea' id='block_1_63' title="bbox 330 5735 1082 5806">
    <p class='ocr_par' dir='ltr' id='par_1_63' title="bbox 330 5735 1082 5806">
     <span class='ocr_line' id='line_1_64' title="bbox 330 5735 1082 5806; baseline -0.009 -13"><span class='ocrx_word' id='word_1_379' title='bbox 330 5742 350 5779; x_wconf 69' lang='grc' dir='ltr'><strong>ιι</strong></span> <span class='ocrx_word' id='word_1_380' title='bbox 385 5741 538 5792; x_wconf 79' lang='lat' dir='ltr'><strong>.llulta</strong></span> <span class='ocrx_word' id='word_1_381' title='bbox 579 5735 943 5806; x_wconf 63' lang='lat' dir='ltr'><strong>praeceduntin</strong></span> <span class='ocrx_word' id='word_1_382' title='bbox 967 5749 1082 5787; x_wconf 87' lang='lat' dir='ltr'><strong>can.</strong></span> 
     </span>
    </p>
   </div>
   <div class='ocr_carea' id='block_1_64' title="bbox 1057 525 2526 584">
    <p class='ocr_par' dir='ltr' id='par_1_64' title="bbox 1057 525 2526 584">
     <span class='ocr_line' id='line_1_65' title="bbox 1057 525 2526 584; baseline -0.004 0"><span class='ocrx_word' id='word_1_383' title='bbox 1057 528 1364 584; x_wconf 82' lang='lat' dir='ltr'><strong>CANONES</strong></span> <span class='ocrx_word' id='word_1_384' title='bbox 1402 527 1674 581; x_wconf 84' lang='lat' dir='ltr'><strong>SELECTI</strong></span> <span class='ocrx_word' id='word_1_385' title='bbox 1709 526 1798 581; x_wconf 70' lang='lat' dir='ltr'><strong>EX</strong></span> <span class='ocrx_word' id='word_1_386' title='bbox 1836 525 1986 582; x_wconf 74' lang='lat' dir='ltr'><strong>VET.</strong></span> <span class='ocrx_word' id='word_1_387' title='bbox 2025 525 2171 580; x_wconf 68' lang='lat' dir='ltr'><strong>CAN.</strong></span> <span class='ocrx_word' id='word_1_388' title='bbox 2211 525 2526 580; x_wconf 82' lang='lat' dir='ltr'><strong>COLLECT.</strong></span> 
     </span>
    </p>
   </div>
   <div class='ocr_carea' id='block_1_65' title="bbox 3215 523 3345 576">
    <p class='ocr_par' dir='ltr' id='par_1_65' title="bbox 3215 523 3345 576">
     <span class='ocr_line' id='line_1_66' title="bbox 3215 523 3345 576; baseline -0.015 0"><span class='ocrx_word' id='word_1_389' title='bbox 3215 529 3237 576; x_wconf 75' lang='grc' dir='ltr'><strong>ί</strong></span> <span class='ocrx_word' id='word_1_390' title='bbox 3247 523 3345 576; x_wconf 82' lang='lat'><strong>026</strong></span> 
     </span>
    </p>
   </div>
   <div class='ocr_carea' id='block_1_66' title="bbox 2184 631 3002 693">
    <p class='ocr_par' dir='ltr' id='par_1_66' title="bbox 2184 631 3002 693">
     <span class='ocr_line' id='line_1_67' title="bbox 2184 631 3002 693; baseline -0.001 -10"><span class='ocrx_word' id='word_1_391' title='bbox 2184 631 2357 684; x_wconf 84' lang='lat' dir='ltr'><strong>Canon</strong></span> <span class='ocrx_word' id='word_1_392' title='bbox 2382 631 2673 682; x_wconf 70' lang='lat' dir='ltr'><strong>Maricensis</strong></span> <span class='ocrx_word' id='word_1_393' title='bbox 2694 669 2708 693; x_wconf 92' lang='lat'><strong>,</strong></span> <span class='ocrx_word' id='word_1_394' title='bbox 2751 647 2853 683; x_wconf 62' lang='grc' dir='ltr'><strong>(τινα</strong></span> <span class='ocrx_word' id='word_1_395' title='bbox 2884 631 2918 682; x_wconf 91' lang='lat'><strong>2</strong></span> <span class='ocrx_word' id='word_1_396' title='bbox 2963 636 3002 682; x_wconf 82' lang='lat' dir='ltr'><strong>i.</strong></span> 
     </span>
    </p>
   </div>
   <div class='ocr_carea' id='block_1_67' title="bbox 1914 718 3357 786">
    <p class='ocr_par' dir='ltr' id='par_1_67' title="bbox 1914 718 3357 786">
     <span class='ocr_line' id='line_1_68' title="bbox 1914 718 3357 786; baseline 0.002 -15"><span class='ocrx_word' id='word_1_397' title='bbox 1914 719 2108 772; x_wconf 84' lang='lat' dir='ltr'><strong>Pascha</strong></span> <span class='ocrx_word' id='word_1_398' title='bbox 2140 719 2315 786; x_wconf 84' lang='lat' dir='ltr'><strong>itaque</strong></span> <span class='ocrx_word' id='word_1_399' title='bbox 2344 727 2598 780; x_wconf 90' lang='lat' dir='ltr'><strong>nostrum,</strong></span> <span class='ocrx_word' id='word_1_400' title='bbox 2625 719 2675 770; x_wconf 91' lang='lat' dir='ltr'><strong>in</strong></span> <span class='ocrx_word' id='word_1_401' title='bbox 2714 733 2815 785; x_wconf 91' lang='lat' dir='ltr'><strong>quo</strong></span> <span class='ocrx_word' id='word_1_402' title='bbox 2846 734 3078 772; x_wconf 89' lang='lat' dir='ltr'><strong>summus</strong></span> <span class='ocrx_word' id='word_1_403' title='bbox 3098 718 3357 775; x_wconf 84' lang='lat' dir='ltr'><strong>Sacerdos</strong></span> 
     </span>
    </p>
   </div>
   <div class='ocr_carea' id='block_1_68' title="bbox 1845 806 3354 877">
    <p class='ocr_par' dir='ltr' id='par_1_68' title="bbox 1845 806 3354 877">
     <span class='ocr_line' id='line_1_69' title="bbox 1845 806 3354 877; baseline 0 -16"><span class='ocrx_word' id='word_1_404' title='bbox 1845 823 1906 862; x_wconf 87' lang='lat' dir='ltr'><strong>ac</strong></span> <span class='ocrx_word' id='word_1_405' title='bbox 1929 807 2163 861; x_wconf 82' lang='lat' dir='ltr'><strong>Pontifex</strong></span> <span class='ocrx_word' id='word_1_406' title='bbox 2191 822 2286 874; x_wconf 89' lang='lat' dir='ltr'><strong>pro</strong></span> <span class='ocrx_word' id='word_1_407' title='bbox 2326 807 2520 868; x_wconf 79' lang='lat' dir='ltr'><strong>nostris</strong></span> <span class='ocrx_word' id='word_1_408' title='bbox 2562 806 2761 860; x_wconf 85' lang='lat' dir='ltr'><strong>delictis</strong></span> <span class='ocrx_word' id='word_1_409' title='bbox 2805 807 3097 860; x_wconf 77' lang='lat' dir='ltr'><strong>immolatus</strong></span> <span class='ocrx_word' id='word_1_410' title='bbox 3123 817 3205 861; x_wconf 90' lang='lat' dir='ltr'><strong>est</strong></span> <span class='ocrx_word' id='word_1_411' title='bbox 3243 807 3354 877; x_wconf 71' lang='lat' dir='ltr'><strong>[AL</strong></span> 
     </span>
    </p>
   </div>
   <div class='ocr_carea' id='block_1_69' title="bbox 1845 893 3358 963">
    <p class='ocr_par' dir='ltr' id='par_1_69' title="bbox 1845 893 3358 963">
     <span class='ocr_line' id='line_1_70' title="bbox 1845 893 3358 963; baseline 0.001 -16"><span class='ocrx_word' id='word_1_412' title='bbox 1845 896 1966 947; x_wconf 85' lang='lat' dir='ltr'><strong>add.</strong></span> <span class='ocrx_word' id='word_1_413' title='bbox 2008 894 2199 946; x_wconf 90' lang='lat' dir='ltr'><strong>nullam</strong></span> <span class='ocrx_word' id='word_1_414' title='bbox 2233 895 2428 946; x_wconf 85' lang='lat' dir='ltr'><strong>habens</strong></span> <span class='ocrx_word' id='word_1_415' title='bbox 2471 893 2858 946; x_wconf 82' lang='lat' dir='ltr'><strong>obnoxietatem</strong></span> <span class='ocrx_word' id='word_1_416' title='bbox 2912 894 3151 963; x_wconf 74' lang='lat' dir='ltr'><strong>peqcati].</strong></span> <span class='ocrx_word' id='word_1_417' title='bbox 3199 895 3358 949; x_wconf 76' lang='lat' dir='ltr'><strong>debe—</strong></span> 
     </span>
    </p>
   </div>
   <div class='ocr_carea' id='block_1_70' title="bbox 1847 989 3359 1059">
    <p class='ocr_par' dir='ltr' id='par_1_70' title="bbox 1847 989 3359 1059">
     <span class='ocr_line' id='line_1_71' title="bbox 1847 989 3359 1059; baseline -0.002 -12"><span class='ocrx_word' id='word_1_418' title='bbox 1847 1008 1961 1047; x_wconf 92' lang='lat' dir='ltr'><strong>mus</strong></span> <span class='ocrx_word' id='word_1_419' title='bbox 1987 1007 2167 1046; x_wconf 87' lang='lat' dir='ltr'><strong>omncs</strong></span> <span class='ocrx_word' id='word_1_420' title='bbox 2208 989 2388 1044; x_wconf 78' lang='lat' dir='ltr'><strong>festive</strong></span> <span class='ocrx_word' id='word_1_421' title='bbox 2433 989 2803 1059; x_wconf 79' lang='lat' dir='ltr'><strong>[festivissime]</strong></span> <span class='ocrx_word' id='word_1_422' title='bbox 2851 991 3040 1052; x_wconf 88' lang='lat' dir='ltr'><strong>colere,</strong></span> <span class='ocrx_word' id='word_1_423' title='bbox 3077 999 3130 1042; x_wconf 88' lang='lat' dir='ltr'><strong>et</strong></span> <span class='ocrx_word' id='word_1_424' title='bbox 3166 991 3359 1044; x_wconf 73' lang='lat' dir='ltr'><strong>sedula</strong></span> 
     </span>
    </p>
   </div>
   <div class='ocr_carea' id='block_1_71' title="bbox 1847 1078 3360 1134">
    <p class='ocr_par' dir='ltr' id='par_1_71' title="bbox 1847 1078 3360 1134">
     <span class='ocr_line' id='line_1_72' title="bbox 1847 1078 3360 1134; baseline -0.003 0"><span class='ocrx_word' id='word_1_425' title='bbox 1847 1079 2223 1134; x_wconf 85' lang='lat' dir='ltr'><strong>observationis</strong></span> <span class='ocrx_word' id='word_1_426' title='bbox 2255 1079 2553 1131; x_wconf 83' lang='lat' dir='ltr'><strong>sinceritate</strong></span> <span class='ocrx_word' id='word_1_427' title='bbox 2583 1079 2632 1130; x_wconf 91' lang='lat' dir='ltr'><strong>in</strong></span> <span class='ocrx_word' id='word_1_428' title='bbox 2658 1078 2894 1129; x_wconf 90' lang='lat' dir='ltr'><strong>omnibus</strong></span> <span class='ocrx_word' id='word_1_429' title='bbox 2922 1079 3156 1131; x_wconf 86' lang='lat' dir='ltr'><strong>venerari</strong></span> <span class='ocrx_word' id='word_1_430' title='bbox 3184 1095 3197 1129; x_wconf 90' lang='lat'><strong>:</strong></span> <span class='ocrx_word' id='word_1_431' title='bbox 3225 1088 3284 1132; x_wconf 93' lang='lat' dir='ltr'><strong>ut</strong></span> <span class='ocrx_word' id='word_1_432' title='bbox 3306 1079 3360 1131; x_wconf 91' lang='lat' dir='ltr'><strong>in</strong></span> 
     </span>
    </p>
   </div>
   <div class='ocr_carea' id='block_1_72' title="bbox 1851 1157 3365 1236">
    <p class='ocr_par' dir='ltr' id='par_1_72' title="bbox 1851 1157 3365 1236">
     <span class='ocr_line' id='line_1_73' title="bbox 1851 1157 3365 1236; baseline -0.001 -14"><span class='ocrx_word' id='word_1_433' title='bbox 1851 1170 1951 1223; x_wconf 88' lang='lat' dir='ltr'><strong>illis</strong></span> <span class='ocrx_word' id='word_1_434' title='bbox 1974 1157 2314 1222; x_wconf 81' lang='lat' dir='ltr'><strong>sanetissimis</strong></span> <span class='ocrx_word' id='word_1_435' title='bbox 2355 1176 2551 1233; x_wconf 83' lang='lat' dir='ltr'><strong>septem</strong></span> <span class='ocrx_word' id='word_1_436' title='bbox 2581 1167 2778 1227; x_wconf 74' lang='lat' dir='ltr'><strong>diebus,</strong></span> <span class='ocrx_word' id='word_1_437' title='bbox 2811 1167 2978 1218; x_wconf 89' lang='lat' dir='ltr'><strong>nullus</strong></span> <span class='ocrx_word' id='word_1_438' title='bbox 3005 1167 3193 1219; x_wconf 87' lang='lat' dir='ltr'><strong>servile</strong></span> <span class='ocrx_word' id='word_1_439' title='bbox 3229 1181 3365 1236; x_wconf 88' lang='lat' dir='ltr'><strong>opus</strong></span> 
     </span>
    </p>
   </div>
   <div class='ocr_carea' id='block_1_73' title="bbox 1851 1251 3366 1322">
    <p class='ocr_par' dir='ltr' id='par_1_73' title="bbox 1851 1251 3366 1322">
     <span class='ocr_line' id='line_1_74' title="bbox 1851 1251 3366 1322; baseline -0.001 -15"><span class='ocrx_word' id='word_1_440' title='bbox 1851 1256 2037 1309; x_wconf 86' lang='lat' dir='ltr'><strong>audeat</strong></span> <span class='ocrx_word' id='word_1_441' title='bbox 2073 1253 2273 1314; x_wconf 83' lang='lat' dir='ltr'><strong>facere;</strong></span> <span class='ocrx_word' id='word_1_442' title='bbox 2322 1252 2410 1304; x_wconf 88' lang='lat' dir='ltr'><strong>sed</strong></span> <span class='ocrx_word' id='word_1_443' title='bbox 2439 1267 2619 1304; x_wconf 87' lang='lat' dir='ltr'><strong>omnes</strong></span> <span class='ocrx_word' id='word_1_444' title='bbox 2647 1251 2843 1320; x_wconf 88' lang='lat' dir='ltr'><strong>[simul]</strong></span> <span class='ocrx_word' id='word_1_445' title='bbox 2868 1254 3181 1316; x_wconf 59' lang='lat' dir='ltr'><strong>’coadunati,</strong></span> <span class='ocrx_word' id='word_1_446' title='bbox 3215 1255 3366 1322; x_wconf 86' lang='lat' dir='ltr'><strong>bym-</strong></span> 
     </span>
    </p>
   </div>
   <div class='ocr_carea' id='block_1_74' title="bbox 1851 1339 3366 1410">
    <p class='ocr_par' dir='ltr' id='par_1_74' title="bbox 1851 1339 3366 1410">
     <span class='ocr_line' id='line_1_75' title="bbox 1851 1339 3366 1410; baseline -0.001 -14"><span class='ocrx_word' id='word_1_447' title='bbox 1851 1343 1934 1396; x_wconf 87' lang='lat' dir='ltr'><strong>nis</strong></span> <span class='ocrx_word' id='word_1_448' title='bbox 1999 1342 2329 1410; x_wconf 74' lang='lat' dir='ltr'><strong>paschalibus</strong></span> <span class='ocrx_word' id='word_1_449' title='bbox 2380 1340 2704 1406; x_wconf 77' lang='lat' dir='ltr'><strong>indulgentes</strong></span> <span class='ocrx_word' id='word_1_450' title='bbox 2748 1339 2923 1409; x_wconf 69' lang='grc' dir='ltr'><strong>(γαν.)</strong></span> <span class='ocrx_word' id='word_1_451' title='bbox 2972 1352 3366 1408; x_wconf 80' lang='lat' dir='ltr'><strong>perseveranter</strong></span> 
     </span>
    </p>
   </div>
   <div class='ocr_carea' id='block_1_75' title="bbox 1851 1428 3368 1497">
    <p class='ocr_par' dir='ltr' id='par_1_75' title="bbox 1851 1428 3368 1497">
     <span class='ocr_line' id='line_1_76' title="bbox 1851 1428 3368 1497; baseline -0.001 -14"><span class='ocrx_word' id='word_1_452' title='bbox 1851 1440 2042 1484; x_wconf 83' lang='lat' dir='ltr'><strong>nostrae</strong></span> <span class='ocrx_word' id='word_1_453' title='bbox 2066 1431 2353 1497; x_wconf 70' lang='lat' dir='ltr'><strong>prmsentiae</strong></span> <span class='ocrx_word' id='word_1_454' title='bbox 2389 1428 2713 1480; x_wconf 86' lang='lat' dir='ltr'><strong>devotionern</strong></span> <span class='ocrx_word' id='word_1_455' title='bbox 2757 1429 3070 1493; x_wconf 79' lang='lat' dir='ltr'><strong>quotidianis</strong></span> <span class='ocrx_word' id='word_1_456' title='bbox 3097 1430 3368 1482; x_wconf 81' lang='lat' dir='ltr'><strong>sacrificiis</strong></span> 
     </span>
    </p>
   </div>
   <div class='ocr_carea' id='block_1_76' title="bbox 1851 1517 3368 1583">
    <p class='ocr_par' dir='ltr' id='par_1_76' title="bbox 1851 1517 3368 1583">
     <span class='ocr_line' id='line_1_77' title="bbox 1851 1517 3368 1583; baseline -0.002 -11"><span class='ocrx_word' id='word_1_457' title='bbox 1851 1528 2190 1579; x_wconf 88' lang='lat' dir='ltr'><strong>ostentemus,</strong></span> <span class='ocrx_word' id='word_1_458' title='bbox 2221 1517 2490 1570; x_wconf 84' lang='lat' dir='ltr'><strong>laudantes</strong></span> <span class='ocrx_word' id='word_1_459' title='bbox 2531 1525 2819 1568; x_wconf 83' lang='lat' dir='ltr'><strong>creatorem</strong></span> <span class='ocrx_word' id='word_1_460' title='bbox 2861 1530 2923 1566; x_wconf 90' lang='lat' dir='ltr'><strong>ac</strong></span> <span class='ocrx_word' id='word_1_461' title='bbox 2950 1524 3368 1583; x_wconf 77' lang='lat' dir='ltr'><strong>regeneratorem</strong></span> 
     </span>
    </p>
   </div>
   <div class='ocr_carea' id='block_1_77' title="bbox 1853 1603 2914 1671">
    <p class='ocr_par' dir='ltr' id='par_1_77' title="bbox 1853 1603 2914 1671">
     <span class='ocr_line' id='line_1_78' title="bbox 1853 1603 2914 1671; baseline -0.007 -12"><span class='ocrx_word' id='word_1_462' title='bbox 1853 1614 2088 1659; x_wconf 88' lang='lat' dir='ltr'><strong>nostrum</strong></span> <span class='ocrx_word' id='word_1_463' title='bbox 2115 1619 2350 1671; x_wconf 82' lang='lat' dir='ltr'><strong>vespere,</strong></span> <span class='ocrx_word' id='word_1_464' title='bbox 2393 1618 2545 1656; x_wconf 88' lang='lat' dir='ltr'><strong>mane</strong></span> <span class='ocrx_word' id='word_1_465' title='bbox 2590 1609 2643 1655; x_wconf 85' lang='lat' dir='ltr'><strong>et</strong></span> <span class='ocrx_word' id='word_1_466' title='bbox 2681 1603 2914 1654; x_wconf 83' lang='lat' dir='ltr'><strong>meridie.</strong></span> 
     </span>
    </p>
   </div>
   <div class='ocr_carea' id='block_1_78' title="bbox 2195 1691 3026 1755">
    <p class='ocr_par' dir='ltr' id='par_1_78' title="bbox 2195 1691 3026 1755">
     <span class='ocr_line' id='line_1_79' title="bbox 2195 1691 3026 1755; baseline 0 -11"><span class='ocrx_word' id='word_1_467' title='bbox 2195 1691 2369 1744; x_wconf 82' lang='lat' dir='ltr'><strong>Canon</strong></span> <span class='ocrx_word' id='word_1_468' title='bbox 2411 1693 2734 1755; x_wconf 66' lang='lat' dir='ltr'><strong>Dlalicensis,</strong></span> <span class='ocrx_word' id='word_1_469' title='bbox 2773 1710 2881 1746; x_wconf 68' lang='lat' dir='ltr'><strong>tera</strong></span> <span class='ocrx_word' id='word_1_470' title='bbox 2925 1695 2947 1745; x_wconf 84' lang='lat' dir='ltr'><strong>l</strong></span> <span class='ocrx_word' id='word_1_471' title='bbox 2985 1693 3026 1744; x_wconf 84' lang='lat' dir='ltr'><strong>i.</strong></span> 
     </span>
    </p>
   </div>
   <div class='ocr_carea' id='block_1_79' title="bbox 1924 1778 3372 1853">
    <p class='ocr_par' dir='ltr' id='par_1_79' title="bbox 1924 1778 3372 1853">
     <span class='ocr_line' id='line_1_80' title="bbox 1924 1778 3372 1853; baseline 0.005 -20"><span class='ocrx_word' id='word_1_472' title='bbox 1924 1779 1951 1818; x_wconf 69' lang='grc' dir='ltr'><strong>ι</strong></span> <span class='ocrx_word' id='word_1_473' title='bbox 1981 1778 2248 1836; x_wconf 87' lang='lat' dir='ltr'><strong>Custodilc</strong></span> <span class='ocrx_word' id='word_1_474' title='bbox 2295 1779 2430 1832; x_wconf 90' lang='lat' dir='ltr'><strong>dicm</strong></span> <span class='ocrx_word' id='word_1_475' title='bbox 2469 1780 2814 1843; x_wconf 89' lang='lat' dir='ltr'><strong>Dominicum,</strong></span> <span class='ocrx_word' id='word_1_476' title='bbox 2841 1783 2929 1848; x_wconf 92' lang='lat' dir='ltr'><strong>qui</strong></span> <span class='ocrx_word' id='word_1_477' title='bbox 2963 1797 3059 1835; x_wconf 87' lang='lat' dir='ltr'><strong>nos</strong></span> <span class='ocrx_word' id='word_1_478' title='bbox 3086 1783 3253 1837; x_wconf 90' lang='lat' dir='ltr'><strong>denuo</strong></span> <span class='ocrx_word' id='word_1_479' title='bbox 3278 1794 3372 1853; x_wconf 85' lang='lat' dir='ltr'><strong>pe-</strong></span> 
     </span>
    </p>
   </div>
   <div class='ocr_carea' id='block_1_80' title="bbox 1854 1870 3373 1938">
    <p class='ocr_par' dir='ltr' id='par_1_80' title="bbox 1854 1870 3373 1938">
     <span class='ocr_line' id='line_1_81' title="bbox 1854 1870 3373 1938; baseline 0.005 -17"><span class='ocrx_word' id='word_1_480' title='bbox 1854 1871 2009 1938; x_wconf 85' lang='lat' dir='ltr'><strong>perit,</strong></span> <span class='ocrx_word' id='word_1_481' title='bbox 2036 1878 2089 1922; x_wconf 88' lang='lat' dir='ltr'><strong>et</strong></span> <span class='ocrx_word' id='word_1_482' title='bbox 2128 1885 2156 1921; x_wconf 90' lang='lat' dir='ltr'><strong>a</strong></span> <span class='ocrx_word' id='word_1_483' title='bbox 2203 1870 2431 1938; x_wconf 89' lang='lat' dir='ltr'><strong>peccatis</strong></span> <span class='ocrx_word' id='word_1_484' title='bbox 2460 1871 2702 1923; x_wconf 87' lang='lat' dir='ltr'><strong>omnibus</strong></span> <span class='ocrx_word' id='word_1_485' title='bbox 2742 1870 3002 1925; x_wconf 88' lang='lat' dir='ltr'><strong>liberavit.</strong></span> <span class='ocrx_word' id='word_1_486' title='bbox 3049 1873 3230 1927; x_wconf 80' lang='lat' dir='ltr'><strong>Nullus</strong></span> <span class='ocrx_word' id='word_1_487' title='bbox 3275 1889 3373 1928; x_wconf 78' lang='lat' dir='ltr'><strong>no-</strong></span> 
     </span>
    </p>
   </div>
   <div class='ocr_carea' id='block_1_81' title="bbox 1853 1958 3375 2029">
    <p class='ocr_par' dir='ltr' id='par_1_81' title="bbox 1853 1958 3375 2029">
     <span class='ocr_line' id='line_1_82' title="bbox 1853 1958 3375 2029; baseline 0.003 -17"><span class='ocrx_word' id='word_1_488' title='bbox 1853 1967 2019 2012; x_wconf 80' lang='lat' dir='ltr'><strong>strum</strong></span> <span class='ocrx_word' id='word_1_489' title='bbox 2057 1958 2331 2029; x_wconf 80' lang='lat' dir='ltr'><strong>[vestrum]</strong></span> <span class='ocrx_word' id='word_1_490' title='bbox 2365 1959 2530 2013; x_wconf 87' lang='lat' dir='ltr'><strong>litium</strong></span> <span class='ocrx_word' id='word_1_491' title='bbox 2569 1958 2837 2012; x_wconf 85' lang='lat' dir='ltr'><strong>fomitibus</strong></span> <span class='ocrx_word' id='word_1_492' title='bbox 2861 1970 3029 2022; x_wconf 87' lang='lat' dir='ltr'><strong>vacet,</strong></span> <span class='ocrx_word' id='word_1_493' title='bbox 3053 1961 3227 2015; x_wconf 80' lang='lat' dir='ltr'><strong>nullus</strong></span> <span class='ocrx_word' id='word_1_494' title='bbox 3252 1976 3375 2016; x_wconf 83' lang='lat' dir='ltr'><strong>cau-</strong></span> 
     </span>
    </p>
   </div>
   <div class='ocr_carea' id='block_1_82' title="bbox 1852 2045 3379 2106">
    <p class='ocr_par' dir='ltr' id='par_1_82' title="bbox 1852 2045 3379 2106">
     <span class='ocr_line' id='line_1_83' title="bbox 1852 2045 3379 2106; baseline 0.003 -9"><span class='ocrx_word' id='word_1_495' title='bbox 1852 2059 2028 2097; x_wconf 88' lang='lat' dir='ltr'><strong>sarum</strong></span> <span class='ocrx_word' id='word_1_496' title='bbox 2053 2046 2285 2098; x_wconf 88' lang='lat' dir='ltr'><strong>actiones</strong></span> <span class='ocrx_word' id='word_1_497' title='bbox 2309 2052 2573 2106; x_wconf 80' lang='lat' dir='ltr'><strong>exerceat,</strong></span> <span class='ocrx_word' id='word_1_498' title='bbox 2602 2060 2755 2098; x_wconf 85' lang='lat' dir='ltr'><strong>nemo</strong></span> <span class='ocrx_word' id='word_1_499' title='bbox 2781 2046 2880 2098; x_wconf 86' lang='lat' dir='ltr'><strong>sibi</strong></span> <span class='ocrx_word' id='word_1_500' title='bbox 2908 2045 3063 2098; x_wconf 81' lang='lat' dir='ltr'><strong>talem</strong></span> <span class='ocrx_word' id='word_1_501' title='bbox 3089 2050 3379 2101; x_wconf 83' lang='lat' dir='ltr'><strong>necessita-</strong></span> 
     </span>
    </p>
   </div>
   <div class='ocr_carea' id='block_1_83' title="bbox 1851 2129 3378 2198">
    <p class='ocr_par' dir='ltr' id='par_1_83' title="bbox 1851 2129 3378 2198">
     <span class='ocr_line' id='line_1_84' title="bbox 1851 2129 3378 2198; baseline 0.005 -17"><span class='ocrx_word' id='word_1_502' title='bbox 1851 2136 1957 2182; x_wconf 88' lang='lat' dir='ltr'><strong>tem</strong></span> <span class='ocrx_word' id='word_1_503' title='bbox 2005 2129 2270 2192; x_wconf 76' lang='lat' dir='ltr'><strong>exhibeat,</strong></span> <span class='ocrx_word' id='word_1_504' title='bbox 2317 2144 2432 2197; x_wconf 65' lang='lat' dir='ltr'><strong>qua:</strong></span> <span class='ocrx_word' id='word_1_505' title='bbox 2471 2130 2652 2196; x_wconf 81' lang='lat' dir='ltr'><strong>jugum</strong></span> <span class='ocrx_word' id='word_1_506' title='bbox 2699 2131 2989 2184; x_wconf 88' lang='lat' dir='ltr'><strong>cervicibus</strong></span> <span class='ocrx_word' id='word_1_507' title='bbox 3033 2131 3378 2198; x_wconf 87' lang='lat' dir='ltr'><strong>juvencorum</strong></span> 
     </span>
    </p>
   </div>
   <div class='ocr_carea' id='block_1_84' title="bbox 1852 2218 3382 2287">
    <p class='ocr_par' dir='ltr' id='par_1_84' title="bbox 1852 2218 3382 2287">
     <span class='ocr_line' id='line_1_85' title="bbox 1852 2218 3382 2287; baseline 0.002 -15"><span class='ocrx_word' id='word_1_508' title='bbox 1852 2221 2119 2286; x_wconf 85' lang='lat' dir='ltr'><strong>imponere</strong></span> <span class='ocrx_word' id='word_1_509' title='bbox 2146 2227 2314 2287; x_wconf 82' lang='lat' dir='ltr'><strong>cogat.</strong></span> <span class='ocrx_word' id='word_1_510' title='bbox 2346 2219 2525 2270; x_wconf 83' lang='lat' dir='ltr'><strong>Estote</strong></span> <span class='ocrx_word' id='word_1_511' title='bbox 2561 2232 2741 2270; x_wconf 91' lang='lat' dir='ltr'><strong>omnes</strong></span> <span class='ocrx_word' id='word_1_512' title='bbox 2781 2218 2835 2269; x_wconf 91' lang='lat' dir='ltr'><strong>in</strong></span> <span class='ocrx_word' id='word_1_513' title='bbox 2886 2218 3091 2286; x_wconf 84' lang='lat' dir='ltr'><strong>hymnis</strong></span> <span class='ocrx_word' id='word_1_514' title='bbox 3128 2227 3183 2272; x_wconf 90' lang='lat' dir='ltr'><strong>et</strong></span> <span class='ocrx_word' id='word_1_515' title='bbox 3216 2219 3382 2276; x_wconf 75' lang='lat' dir='ltr'><strong>laudi-</strong></span> 
     </span>
    </p>
   </div>
   <div class='ocr_carea' id='block_1_85' title="bbox 1852 2307 2878 2375">
    <p class='ocr_par' dir='ltr' id='par_1_85' title="bbox 1852 2307 2878 2375">
     <span class='ocr_line' id='line_1_86' title="bbox 1852 2307 2878 2375; baseline -0.002 -13"><span class='ocrx_word' id='word_1_516' title='bbox 1852 2309 1951 2362; x_wconf 85' lang='lat' dir='ltr'><strong>bus</strong></span> <span class='ocrx_word' id='word_1_517' title='bbox 1969 2308 2081 2373; x_wconf 90' lang='lat' dir='ltr'><strong>Dei,</strong></span> <span class='ocrx_word' id='word_1_518' title='bbox 2115 2308 2310 2371; x_wconf 90' lang='lat' dir='ltr'><strong>animo,</strong></span> <span class='ocrx_word' id='word_1_519' title='bbox 2339 2322 2662 2375; x_wconf 87' lang='lat' dir='ltr'><strong>corporeque</strong></span> <span class='ocrx_word' id='word_1_520' title='bbox 2689 2307 2878 2360; x_wconf 89' lang='lat' dir='ltr'><strong>intenti</strong></span> 
     </span>
    </p>
   </div>
   <div class='ocr_carea' id='block_1_86' title="bbox 2127 2395 3108 2461">
    <p class='ocr_par' dir='ltr' id='par_1_86' title="bbox 2127 2395 3108 2461">
     <span class='ocr_line' id='line_1_87' title="bbox 2127 2395 3108 2461; baseline 0.002 -12"><span class='ocrx_word' id='word_1_521' title='bbox 2127 2395 2301 2449; x_wconf 78' lang='lat' dir='ltr'><strong>Carum</strong></span> <span class='ocrx_word' id='word_1_522' title='bbox 2331 2397 2732 2461; x_wconf 80' lang='lat' dir='ltr'><strong>Aurelianensis,</strong></span> <span class='ocrx_word' id='word_1_523' title='bbox 2777 2414 2882 2450; x_wconf 70' lang='lat' dir='ltr'><strong>trra</strong></span> <span class='ocrx_word' id='word_1_524' title='bbox 2941 2397 3002 2451; x_wconf 77' lang='lat' dir='ltr'><strong>2i</strong></span> <span class='ocrx_word' id='word_1_525' title='bbox 3068 2397 3108 2450; x_wconf 77' lang='grc' dir='ltr'>ι.</span> 
     </span>
    </p>
   </div>
   <div class='ocr_carea' id='block_1_87' title="bbox 1922 2457 3383 2554">
    <p class='ocr_par' dir='ltr' id='par_1_87' title="bbox 1922 2457 3383 2554">
     <span class='ocr_line' id='line_1_88' title="bbox 1922 2457 3383 2554; baseline 0.005 -19"><span class='ocrx_word' id='word_1_526' title='bbox 1922 2474 2386 2552; x_wconf 73' lang='grc' dir='ltr'>ρυὶιι’ρειδιιειδιιιιι</span> <span class='ocrx_word' id='word_1_527' title='bbox 2431 2457 2803 2554; x_wconf 49' lang='grc' dir='ltr'><strong>θςιῖρορλυιίε]</strong></span> <span class='ocrx_word' id='word_1_528' title='bbox 2834 2485 2918 2538; x_wconf 89' lang='lat' dir='ltr'><strong>die</strong></span> <span class='ocrx_word' id='word_1_529' title='bbox 2950 2486 3222 2542; x_wconf 84' lang='lat' dir='ltr'><strong>Dominico</strong></span> <span class='ocrx_word' id='word_1_530' title='bbox 3263 2502 3383 2542; x_wconf 79' lang='lat' dir='ltr'><strong>cum</strong></span> 
     </span>
    </p>
   </div>
   <div class='ocr_carea' id='block_1_88' title="bbox 1855 2568 3386 2640">
    <p class='ocr_par' dir='ltr' id='par_1_88' title="bbox 1855 2568 3386 2640">
     <span class='ocr_line' id='line_1_89' title="bbox 1855 2568 3386 2640; baseline 0.004 -16"><span class='ocrx_word' id='word_1_531' title='bbox 1855 2568 2086 2632; x_wconf 84' lang='lat' dir='ltr'><strong>caballis,</strong></span> <span class='ocrx_word' id='word_1_532' title='bbox 2125 2580 2179 2624; x_wconf 90' lang='lat' dir='ltr'><strong>et</strong></span> <span class='ocrx_word' id='word_1_533' title='bbox 2204 2572 2393 2634; x_wconf 90' lang='lat' dir='ltr'><strong>bubus,</strong></span> <span class='ocrx_word' id='word_1_534' title='bbox 2431 2578 2521 2623; x_wconf 91' lang='lat' dir='ltr'><strong>aut</strong></span> <span class='ocrx_word' id='word_1_535' title='bbox 2539 2573 2794 2624; x_wconf 86' lang='lat' dir='ltr'><strong>vehiculis</strong></span> <span class='ocrx_word' id='word_1_536' title='bbox 2830 2573 3014 2626; x_wconf 88' lang='lat' dir='ltr'><strong>itinera</strong></span> <span class='ocrx_word' id='word_1_537' title='bbox 3038 2575 3122 2640; x_wconf 80' lang='lat' dir='ltr'><strong>agi</strong></span> <span class='ocrx_word' id='word_1_538' title='bbox 3160 2590 3268 2628; x_wconf 90' lang='lat' dir='ltr'><strong>non</strong></span> <span class='ocrx_word' id='word_1_539' title='bbox 3293 2577 3386 2631; x_wconf 88' lang='lat' dir='ltr'><strong>de-</strong></span> 
     </span>
    </p>
   </div>
   <div class='ocr_carea' id='block_1_89' title="bbox 1853 2657 3454 2730">
    <p class='ocr_par' dir='ltr' id='par_1_89' title="bbox 1853 2657 3454 2730">
     <span class='ocr_line' id='line_1_90' title="bbox 1853 2657 3454 2730; baseline 0.003 -21"><span class='ocrx_word' id='word_1_540' title='bbox 1853 2657 1978 2710; x_wconf 91' lang='lat' dir='ltr'><strong>bere</strong></span> <span class='ocrx_word' id='word_1_541' title='bbox 2002 2673 2015 2709; x_wconf 90' lang='lat'><strong>:</strong></span> <span class='ocrx_word' id='word_1_542' title='bbox 2048 2672 2216 2727; x_wconf 90' lang='lat' dir='ltr'><strong>neque</strong></span> <span class='ocrx_word' id='word_1_543' title='bbox 2241 2659 2397 2711; x_wconf 88' lang='lat' dir='ltr'><strong>ullam</strong></span> <span class='ocrx_word' id='word_1_544' title='bbox 2423 2674 2532 2712; x_wconf 92' lang='lat' dir='ltr'><strong>rem</strong></span> <span class='ocrx_word' id='word_1_545' title='bbox 2560 2659 2622 2712; x_wconf 88' lang='lat' dir='ltr'><strong>ad</strong></span> <span class='ocrx_word' id='word_1_546' title='bbox 2648 2661 2841 2713; x_wconf 90' lang='lat' dir='ltr'><strong>victum</strong></span> <span class='ocrx_word' id='word_1_547' title='bbox 2867 2676 3183 2730; x_wconf 73' lang='lat' dir='ltr'><strong>prazparare,</strong></span> <span class='ocrx_word' id='word_1_548' title='bbox 3212 2665 3289 2717; x_wconf 88' lang='lat' dir='ltr'><strong>vel</strong></span> <span class='ocrx_word' id='word_1_549' title='bbox 3317 2665 3384 2721; x_wconf 89' lang='lat' dir='ltr'><strong>ad</strong></span> <span class='ocrx_word' id='word_1_550' title='bbox 3445 2707 3454 2714; x_wconf 91' lang='lat'><strong>.</strong></span> 
     </span>
    </p>
   </div>
   <div class='ocr_carea' id='block_1_90' title="bbox 1857 2748 3387 2819">
    <p class='ocr_par' dir='ltr' id='par_1_90' title="bbox 1857 2748 3387 2819">
     <span class='ocr_line' id='line_1_91' title="bbox 1857 2748 3387 2819; baseline 0.006 -19"><span class='ocrx_word' id='word_1_551' title='bbox 1857 2748 2081 2800; x_wconf 88' lang='lat' dir='ltr'><strong>nitorem</strong></span> <span class='ocrx_word' id='word_1_552' title='bbox 2126 2748 2313 2802; x_wconf 91' lang='lat' dir='ltr'><strong>domus</strong></span> <span class='ocrx_word' id='word_1_553' title='bbox 2352 2749 2432 2802; x_wconf 89' lang='lat' dir='ltr'><strong>vel</strong></span> <span class='ocrx_word' id='word_1_554' title='bbox 2485 2751 2712 2802; x_wconf 91' lang='lat' dir='ltr'><strong>hominis</strong></span> <span class='ocrx_word' id='word_1_555' title='bbox 2745 2753 3095 2819; x_wconf 87' lang='lat' dir='ltr'><strong>pertinentem</strong></span> <span class='ocrx_word' id='word_1_556' title='bbox 3129 2753 3387 2810; x_wconf 84' lang='lat' dir='ltr'><strong>ullatenus</strong></span> 
     </span>
    </p>
   </div>
   <div class='ocr_carea' id='block_1_91' title="bbox 1855 2834 3385 2908">
    <p class='ocr_par' dir='ltr' id='par_1_91' title="bbox 1855 2834 3385 2908">
     <span class='ocr_line' id='line_1_92' title="bbox 1855 2834 3385 2908; baseline 0.007 -22"><span class='ocrx_word' id='word_1_557' title='bbox 1855 2848 2123 2896; x_wconf 81' lang='lat' dir='ltr'><strong>exercere,</strong></span> <span class='ocrx_word' id='word_1_558' title='bbox 2174 2834 2312 2902; x_wconf 68' lang='lat' dir='ltr'><strong>(quas</strong></span> <span class='ocrx_word' id='word_1_559' title='bbox 2364 2849 2449 2888; x_wconf 90' lang='lat' dir='ltr'><strong>res</strong></span> <span class='ocrx_word' id='word_1_560' title='bbox 2494 2839 2659 2904; x_wconf 75' lang='lat' dir='ltr'><strong>magis</strong></span> <span class='ocrx_word' id='word_1_561' title='bbox 2709 2839 2776 2891; x_wconf 89' lang='lat' dir='ltr'><strong>ad</strong></span> <span class='ocrx_word' id='word_1_562' title='bbox 2817 2837 3086 2893; x_wconf 69' lang='lat' dir='ltr'><strong>Iudaicam</strong></span> <span class='ocrx_word' id='word_1_563' title='bbox 3117 2856 3276 2908; x_wconf 85' lang='lat' dir='ltr'><strong>quam</strong></span> <span class='ocrx_word' id='word_1_564' title='bbox 3317 2842 3385 2896; x_wconf 88' lang='lat' dir='ltr'><strong>ad</strong></span> 
     </span>
    </p>
   </div>
   <div class='ocr_carea' id='block_1_92' title="bbox 1857 2923 3429 2999">
    <p class='ocr_par' dir='ltr' id='par_1_92' title="bbox 1857 2923 3429 2999">
     <span class='ocr_line' id='line_1_93' title="bbox 1857 2923 3429 2999; baseline 0.005 -24"><span class='ocrx_word' id='word_1_565' title='bbox 1857 2923 2203 2999; x_wconf 84' lang='lat' dir='ltr'><strong>Christianam</strong></span> <span class='ocrx_word' id='word_1_566' title='bbox 2238 2925 2637 2976; x_wconf 85' lang='lat' dir='ltr'><strong>observantiam</strong></span> <span class='ocrx_word' id='word_1_567' title='bbox 2679 2928 2905 2993; x_wconf 87' lang='lat' dir='ltr'><strong>pertinet</strong></span> <span class='ocrx_word' id='word_1_568' title='bbox 2943 2927 3228 2996; x_wconf 86' lang='lat' dir='ltr'><strong>[pertinere</strong></span> <span class='ocrx_word' id='word_1_569' title='bbox 3262 2946 3387 2998; x_wconf 85' lang='lat' dir='ltr'><strong>pro—</strong></span> <span class='ocrx_word' id='word_1_570' title='bbox 3425 2933 3429 2940; x_wconf 90' lang='grc'><em>’</em></span> 
     </span>
    </p>
   </div>
   <div class='ocr_carea' id='block_1_93' title="bbox 1857 3008 3388 3080">
    <p class='ocr_par' dir='ltr' id='par_1_93' title="bbox 1857 3008 3388 3080">
     <span class='ocr_line' id='line_1_94' title="bbox 1857 3008 3388 3080; baseline 0.005 -19"><span class='ocrx_word' id='word_1_571' title='bbox 1857 3008 2056 3078; x_wconf 91' lang='lat' dir='ltr'><strong>batur])</strong></span> <span class='ocrx_word' id='word_1_572' title='bbox 2087 3009 2137 3063; x_wconf 91' lang='lat' dir='ltr'><strong>id</strong></span> <span class='ocrx_word' id='word_1_573' title='bbox 2181 3011 2465 3062; x_wconf 87' lang='lat' dir='ltr'><strong>statuimus</strong></span> <span class='ocrx_word' id='word_1_574' title='bbox 2504 3019 2562 3063; x_wconf 91' lang='lat' dir='ltr'><strong>ut</strong></span> <span class='ocrx_word' id='word_1_575' title='bbox 2606 3011 2690 3063; x_wconf 90' lang='lat' dir='ltr'><strong>die</strong></span> <span class='ocrx_word' id='word_1_576' title='bbox 2733 3011 3024 3075; x_wconf 89' lang='lat' dir='ltr'><strong>Dominico,</strong></span> <span class='ocrx_word' id='word_1_577' title='bbox 3081 3014 3217 3080; x_wconf 91' lang='lat' dir='ltr'><strong>quod</strong></span> <span class='ocrx_word' id='word_1_578' title='bbox 3265 3024 3388 3069; x_wconf 89' lang='lat' dir='ltr'><strong>ante</strong></span> 
     </span>
    </p>
   </div>
   <div class='ocr_carea' id='block_1_94' title="bbox 1858 3093 3385 3165">
    <p class='ocr_par' dir='ltr' id='par_1_94' title="bbox 1858 3093 3385 3165">
     <span class='ocr_line' id='line_1_95' title="bbox 1858 3093 3385 3165; baseline 0.007 -19"><span class='ocrx_word' id='word_1_579' title='bbox 1858 3094 1974 3148; x_wconf 79' lang='lat' dir='ltr'><strong>ﬁeri</strong></span> <span class='ocrx_word' id='word_1_580' title='bbox 1997 3093 2166 3159; x_wconf 90' lang='lat' dir='ltr'><strong>licuit,</strong></span> <span class='ocrx_word' id='word_1_581' title='bbox 2189 3097 2361 3158; x_wconf 86' lang='lat' dir='ltr'><strong>liceat.</strong></span> <span class='ocrx_word' id='word_1_582' title='bbox 2389 3098 2460 3150; x_wconf 92' lang='lat' dir='ltr'><strong>De</strong></span> <span class='ocrx_word' id='word_1_583' title='bbox 2481 3112 2639 3165; x_wconf 86' lang='lat' dir='ltr'><strong>opere</strong></span> <span class='ocrx_word' id='word_1_584' title='bbox 2667 3107 2839 3152; x_wconf 85' lang='lat' dir='ltr'><strong>tamen</strong></span> <span class='ocrx_word' id='word_1_585' title='bbox 2868 3100 3045 3161; x_wconf 81' lang='lat' dir='ltr'><strong>rurali,</strong></span> <span class='ocrx_word' id='word_1_586' title='bbox 3077 3101 3126 3154; x_wconf 88' lang='lat' dir='ltr'><strong>id</strong></span> <span class='ocrx_word' id='word_1_587' title='bbox 3163 3111 3244 3156; x_wconf 87' lang='lat' dir='ltr'><strong>est</strong></span> <span class='ocrx_word' id='word_1_588' title='bbox 3270 3118 3385 3156; x_wconf 89' lang='lat' dir='ltr'><strong>ara-</strong></span> 
     </span>
    </p>
   </div>
   <div class='ocr_carea' id='block_1_95' title="bbox 1787 3183 3390 3281">
    <p class='ocr_par' dir='ltr' id='par_1_95' title="bbox 1787 3183 3390 3281">
     <span class='ocr_line' id='line_1_96' title="bbox 1787 3183 3390 3281; baseline 0.006 -47"><span class='ocrx_word' id='word_1_589' title='bbox 1787 3217 1835 3281; x_wconf 76' lang='lat' dir='ltr'>c</span> <span class='ocrx_word' id='word_1_590' title='bbox 1865 3190 1914 3235; x_wconf 90' lang='lat' dir='ltr'><strong>ta</strong></span> <span class='ocrx_word' id='word_1_591' title='bbox 1950 3183 2180 3246; x_wconf 70' lang='lat' dir='ltr'><strong>mvinea,</strong></span> <span class='ocrx_word' id='word_1_592' title='bbox 2225 3185 2474 3268; x_wconf 75' lang='lat' dir='ltr'><strong>sectione,</strong></span> <span class='ocrx_word' id='word_1_593' title='bbox 2518 3186 2846 3248; x_wconf 79' lang='lat' dir='ltr'><strong>excussione,</strong></span> <span class='ocrx_word' id='word_1_594' title='bbox 2893 3197 3095 3251; x_wconf 77' lang='lat' dir='ltr'><strong>exarto,</strong></span> <span class='ocrx_word' id='word_1_595' title='bbox 3142 3188 3223 3243; x_wconf 85' lang='lat' dir='ltr'><strong>vel</strong></span> <span class='ocrx_word' id='word_1_596' title='bbox 3269 3204 3390 3259; x_wconf 83' lang='lat' dir='ltr'><strong>sepe</strong></span> 
     </span>
    </p>
   </div>
   <div class='ocr_carea' id='block_1_96' title="bbox 1863 3273 3387 3345">
    <p class='ocr_par' dir='ltr' id='par_1_96' title="bbox 1863 3273 3387 3345">
     <span class='ocr_line' id='line_1_97' title="bbox 1863 3273 3387 3345; baseline 0.004 -19"><span class='ocrx_word' id='word_1_597' title='bbox 1863 3274 2163 3328; x_wconf 89' lang='lat' dir='ltr'><strong>censuimus</strong></span> <span class='ocrx_word' id='word_1_598' title='bbox 2203 3273 2600 3336; x_wconf 81' lang='lat' dir='ltr'><strong>abstinendum;</strong></span> <span class='ocrx_word' id='word_1_599' title='bbox 2629 3289 2731 3342; x_wconf 90' lang='lat' dir='ltr'><strong>quo</strong></span> <span class='ocrx_word' id='word_1_600' title='bbox 2757 3273 2960 3328; x_wconf 87' lang='lat' dir='ltr'><strong>facilius</strong></span> <span class='ocrx_word' id='word_1_601' title='bbox 3009 3276 3072 3328; x_wconf 92' lang='lat' dir='ltr'><strong>ad</strong></span> <span class='ocrx_word' id='word_1_602' title='bbox 3113 3277 3387 3345; x_wconf 88' lang='lat' dir='ltr'><strong>ecclesiam</strong></span> 
     </span>
    </p>
   </div>
   <div class='ocr_carea' id='block_1_97' title="bbox 1861 3346 3389 3428">
    <p class='ocr_par' dir='ltr' id='par_1_97' title="bbox 1861 3346 3389 3428">
     <span class='ocr_line' id='line_1_98' title="bbox 1861 3346 3389 3428; baseline 0.005 -15"><span class='ocrx_word' id='word_1_603' title='bbox 1861 3363 2149 3425; x_wconf 87' lang='lat' dir='ltr'><strong>venientes,</strong></span> <span class='ocrx_word' id='word_1_604' title='bbox 2173 3363 2428 3415; x_wconf 88' lang='lat' dir='ltr'><strong>orationis</strong></span> <span class='ocrx_word' id='word_1_605' title='bbox 2452 3364 2631 3428; x_wconf 67' lang='lat' dir='ltr'><strong>gratia:</strong></span> <span class='ocrx_word' id='word_1_606' title='bbox 2656 3372 2858 3416; x_wconf 87' lang='lat' dir='ltr'><strong>vacent.</strong></span> <span class='ocrx_word' id='word_1_607' title='bbox 2888 3346 3034 3428; x_wconf 81' lang='lat' dir='ltr'><strong>Quod</strong></span> <span class='ocrx_word' id='word_1_608' title='bbox 3075 3367 3118 3418; x_wconf 91' lang='lat' dir='ltr'><strong>si</strong></span> <span class='ocrx_word' id='word_1_609' title='bbox 3149 3367 3389 3420; x_wconf 86' lang='lat' dir='ltr'><strong>inventus</strong></span> 
     </span>
    </p>
   </div>
   <div class='ocr_carea' id='block_1_98' title="bbox 1861 3448 3389 3520">
    <p class='ocr_par' dir='ltr' id='par_1_98' title="bbox 1861 3448 3389 3520">
     <span class='ocr_line' id='line_1_99' title="bbox 1861 3448 3389 3520; baseline 0.005 -19"><span class='ocrx_word' id='word_1_610' title='bbox 1861 3448 2019 3502; x_wconf 82' lang='lat' dir='ltr'><strong>fuerit</strong></span> <span class='ocrx_word' id='word_1_611' title='bbox 2041 3449 2159 3517; x_wconf 87' lang='lat' dir='ltr'><strong>quis</strong></span> <span class='ocrx_word' id='word_1_612' title='bbox 2182 3449 2233 3501; x_wconf 91' lang='lat' dir='ltr'><strong>in</strong></span> <span class='ocrx_word' id='word_1_613' title='bbox 2259 3451 2504 3517; x_wconf 90' lang='lat' dir='ltr'><strong>operibus</strong></span> <span class='ocrx_word' id='word_1_614' title='bbox 2532 3466 2688 3518; x_wconf 86' lang='lat' dir='ltr'><strong>supra</strong></span> <span class='ocrx_word' id='word_1_615' title='bbox 2724 3453 2952 3519; x_wconf 82' lang='lat' dir='ltr'><strong>scriptis,</strong></span> <span class='ocrx_word' id='word_1_616' title='bbox 2977 3467 3091 3520; x_wconf 71' lang='lat' dir='ltr'><strong>qua:</strong></span> <span class='ocrx_word' id='word_1_617' title='bbox 3113 3453 3389 3509; x_wconf 78' lang='lat' dir='ltr'><strong>interdicta</strong></span> 
     </span>
    </p>
   </div>
   <div class='ocr_carea' id='block_1_99' title="bbox 1862 3537 3388 3608">
    <p class='ocr_par' dir='ltr' id='par_1_99' title="bbox 1862 3537 3388 3608">
     <span class='ocr_line' id='line_1_100' title="bbox 1862 3537 3388 3608; baseline 0.003 -16"><span class='ocrx_word' id='word_1_618' title='bbox 1862 3546 2005 3600; x_wconf 87' lang='lat' dir='ltr'><strong>sunt,</strong></span> <span class='ocrx_word' id='word_1_619' title='bbox 2043 3537 2142 3608; x_wconf 91' lang='lat' dir='ltr'><strong>[se]</strong></span> <span class='ocrx_word' id='word_1_620' title='bbox 2172 3551 2444 3601; x_wconf 76' lang='lat' dir='ltr'><strong>exercere;</strong></span> <span class='ocrx_word' id='word_1_621' title='bbox 2488 3539 2714 3605; x_wconf 82' lang='lat' dir='ltr'><strong>qualiter</strong></span> <span class='ocrx_word' id='word_1_622' title='bbox 2745 3540 3006 3592; x_wconf 86' lang='lat' dir='ltr'><strong>emendari</strong></span> <span class='ocrx_word' id='word_1_623' title='bbox 3056 3541 3241 3594; x_wconf 89' lang='lat' dir='ltr'><strong>debeat</strong></span> <span class='ocrx_word' id='word_1_624' title='bbox 3285 3557 3388 3596; x_wconf 93' lang='lat' dir='ltr'><strong>non</strong></span> 
     </span>
    </p>
   </div>
   <div class='ocr_carea' id='block_1_100' title="bbox 1865 3625 3390 3695">
    <p class='ocr_par' dir='ltr' id='par_1_100' title="bbox 1865 3625 3390 3695">
     <span class='ocr_line' id='line_1_101' title="bbox 1865 3625 3390 3695; baseline 0.004 -17"><span class='ocrx_word' id='word_1_625' title='bbox 1865 3626 1918 3679; x_wconf 91' lang='lat' dir='ltr'><strong>in</strong></span> <span class='ocrx_word' id='word_1_626' title='bbox 1955 3625 2100 3678; x_wconf 86' lang='lat' dir='ltr'><strong>Laici</strong></span> <span class='ocrx_word' id='word_1_627' title='bbox 2128 3625 2476 3688; x_wconf 81' lang='lat' dir='ltr'><strong>districtione,</strong></span> <span class='ocrx_word' id='word_1_628' title='bbox 2503 3626 2593 3693; x_wconf 79' lang='lat' dir='ltr'><strong>sed</strong></span> <span class='ocrx_word' id='word_1_629' title='bbox 2629 3625 2682 3676; x_wconf 91' lang='lat' dir='ltr'><strong>in</strong></span> <span class='ocrx_word' id='word_1_630' title='bbox 2723 3627 3009 3678; x_wconf 83' lang='lat' dir='ltr'><strong>sacerdotis</strong></span> <span class='ocrx_word' id='word_1_631' title='bbox 3049 3630 3390 3695; x_wconf 76' lang='lat' dir='ltr'><strong>castigatione</strong></span> 
     </span>
    </p>
   </div>
   <div class='ocr_carea' id='block_1_101' title="bbox 1865 3714 2138 3774">
    <p class='ocr_par' dir='ltr' id='par_1_101' title="bbox 1865 3714 2138 3774">
     <span class='ocr_line' id='line_1_102' title="bbox 1865 3714 2138 3774; baseline -0.007 -8"><span class='ocrx_word' id='word_1_632' title='bbox 1865 3714 2138 3774; x_wconf 87' lang='lat' dir='ltr'><strong>consistat.</strong></span> 
     </span>
    </p>
   </div>
   <div class='ocr_carea' id='block_1_102' title="bbox 1945 3812 3301 3891">
    <p class='ocr_par' dir='ltr' id='par_1_102' title="bbox 1945 3812 3301 3891">
     <span class='ocr_line' id='line_1_103' title="bbox 1945 3812 3301 3891; baseline 0.003 -18"><span class='ocrx_word' id='word_1_633' title='bbox 1945 3819 2120 3873; x_wconf 82' lang='lat' dir='ltr'><strong>Canon</strong></span> <span class='ocrx_word' id='word_1_634' title='bbox 2161 3820 2540 3874; x_wconf 81' lang='lat' dir='ltr'><strong>Aurelianensis</strong></span> <span class='ocrx_word' id='word_1_635' title='bbox 2588 3812 2650 3891; x_wconf 67' lang='lat' dir='ltr'><strong>tle</strong></span> <span class='ocrx_word' id='word_1_636' title='bbox 2704 3822 2872 3875; x_wconf 79' lang='lat' dir='ltr'><strong>missa:</strong></span> <span class='ocrx_word' id='word_1_637' title='bbox 2907 3825 3301 3891; x_wconf 75' lang='lat' dir='ltr'><strong>emectatione,</strong></span> 
     </span>
    </p>
   </div>
   <div class='ocr_carea' id='block_1_103' title="bbox 2440 3889 2969 3962">
    <p class='ocr_par' dir='ltr' id='par_1_103' title="bbox 2440 3889 2969 3962">
     <span class='ocr_line' id='line_1_104' title="bbox 2440 3889 2969 3962; baseline -0.004 -20"><span class='ocrx_word' id='word_1_638' title='bbox 2440 3905 2544 3942; x_wconf 75' lang='lat' dir='ltr'><strong>wra</strong></span> <span class='ocrx_word' id='word_1_639' title='bbox 2589 3889 2735 3962; x_wconf 47' lang='lat' dir='ltr'><strong>24p&quot;.</strong></span> <span class='ocrx_word' id='word_1_640' title='bbox 2965 3915 2969 3919; x_wconf 94' lang='lat'><strong><em>-</em></strong></span> 
     </span>
    </p>
   </div>
   <div class='ocr_carea' id='block_1_104' title="bbox 1934 3997 3392 4070">
    <p class='ocr_par' dir='ltr' id='par_1_104' title="bbox 1934 3997 3392 4070">
     <span class='ocr_line' id='line_1_105' title="bbox 1934 3997 3392 4070; baseline 0.001 -20"><span class='ocrx_word' id='word_1_641' title='bbox 1934 3997 2063 4051; x_wconf 89' lang='lat' dir='ltr'><strong>Cum</strong></span> <span class='ocrx_word' id='word_1_642' title='bbox 2093 3999 2156 4050; x_wconf 90' lang='lat' dir='ltr'><strong>ad</strong></span> <span class='ocrx_word' id='word_1_643' title='bbox 2181 3997 2518 4050; x_wconf 86' lang='lat' dir='ltr'><strong>celebrandas</strong></span> <span class='ocrx_word' id='word_1_644' title='bbox 2554 3998 2742 4050; x_wconf 87' lang='lat' dir='ltr'><strong>missas</strong></span> <span class='ocrx_word' id='word_1_645' title='bbox 2769 3997 2844 4067; x_wconf 90' lang='lat' dir='ltr'><strong>[in</strong></span> <span class='ocrx_word' id='word_1_646' title='bbox 2878 3998 2969 4051; x_wconf 86' lang='lat' dir='ltr'><strong>Dei</strong></span> <span class='ocrx_word' id='word_1_647' title='bbox 3008 3999 3238 4070; x_wconf 83' lang='lat' dir='ltr'><strong>nomine]</strong></span> <span class='ocrx_word' id='word_1_648' title='bbox 3273 4015 3392 4056; x_wconf 86' lang='lat' dir='ltr'><strong>con-</strong></span> 
     </span>
    </p>
   </div>
   <div class='ocr_carea' id='block_1_105' title="bbox 1865 4083 3393 4152">
    <p class='ocr_par' dir='ltr' id='par_1_105' title="bbox 1865 4083 3393 4152">
     <span class='ocr_line' id='line_1_106' title="bbox 1865 4083 3393 4152; baseline 0.001 -14"><span class='ocrx_word' id='word_1_649' title='bbox 1865 4086 2009 4138; x_wconf 89' lang='lat' dir='ltr'><strong>venit</strong></span> <span class='ocrx_word' id='word_1_650' title='bbox 2033 4085 2271 4152; x_wconf 87' lang='lat' dir='ltr'><strong>populus,</strong></span> <span class='ocrx_word' id='word_1_651' title='bbox 2313 4099 2414 4137; x_wconf 92' lang='lat' dir='ltr'><strong>non</strong></span> <span class='ocrx_word' id='word_1_652' title='bbox 2451 4091 2571 4136; x_wconf 89' lang='lat' dir='ltr'><strong>ante</strong></span> <span class='ocrx_word' id='word_1_653' title='bbox 2596 4083 2828 4137; x_wconf 89' lang='lat' dir='ltr'><strong>discedat</strong></span> <span class='ocrx_word' id='word_1_654' title='bbox 2858 4099 3014 4152; x_wconf 90' lang='lat' dir='ltr'><strong>quam</strong></span> <span class='ocrx_word' id='word_1_655' title='bbox 3052 4086 3223 4139; x_wconf 75' lang='lat' dir='ltr'><strong>missa:</strong></span> <span class='ocrx_word' id='word_1_656' title='bbox 3246 4100 3393 4139; x_wconf 87' lang='lat' dir='ltr'><strong>com-</strong></span> 
     </span>
    </p>
   </div>
   <div class='ocr_carea' id='block_1_106' title="bbox 1868 4172 3392 4243">
    <p class='ocr_par' dir='ltr' id='par_1_106' title="bbox 1868 4172 3392 4243">
     <span class='ocr_line' id='line_1_107' title="bbox 1868 4172 3392 4243; baseline 0.003 -19"><span class='ocrx_word' id='word_1_657' title='bbox 1868 4175 2110 4242; x_wconf 84' lang='lat' dir='ltr'><strong>pleantur</strong></span> <span class='ocrx_word' id='word_1_658' title='bbox 2139 4172 2334 4242; x_wconf 76' lang='lat' dir='ltr'><strong>[missae</strong></span> <span class='ocrx_word' id='word_1_659' title='bbox 2365 4172 2667 4224; x_wconf 85' lang='lat' dir='ltr'><strong>solemnitas</strong></span> <span class='ocrx_word' id='word_1_660' title='bbox 2698 4172 3062 4243; x_wconf 87' lang='lat' dir='ltr'><strong>compleatur].</strong></span> <span class='ocrx_word' id='word_1_661' title='bbox 3089 4173 3151 4226; x_wconf 87' lang='lat' dir='ltr'><strong>Et</strong></span> <span class='ocrx_word' id='word_1_662' title='bbox 3171 4174 3256 4226; x_wconf 90' lang='lat' dir='ltr'><strong>ubi</strong></span> <span class='ocrx_word' id='word_1_663' title='bbox 3281 4176 3392 4243; x_wconf 81' lang='lat' dir='ltr'><strong>epi-</strong></span> 
     </span>
    </p>
   </div>
   <div class='ocr_carea' id='block_1_107' title="bbox 1868 4262 3386 4330">
    <p class='ocr_par' dir='ltr' id='par_1_107' title="bbox 1868 4262 3386 4330">
     <span class='ocr_line' id='line_1_108' title="bbox 1868 4262 3386 4330; baseline 0.001 -14"><span class='ocrx_word' id='word_1_664' title='bbox 1868 4277 2055 4330; x_wconf 87' lang='lat' dir='ltr'><strong>scopus</strong></span> <span class='ocrx_word' id='word_1_665' title='bbox 2078 4269 2101 4295; x_wconf 90' lang='lat'><strong><em>°</em></strong></span> <span class='ocrx_word' id='word_1_666' title='bbox 2131 4262 2307 4323; x_wconf 90' lang='lat' dir='ltr'><strong>fuerit,</strong></span> <span class='ocrx_word' id='word_1_667' title='bbox 2338 4262 2753 4314; x_wconf 87' lang='lat' dir='ltr'><strong>benedictionem</strong></span> <span class='ocrx_word' id='word_1_668' title='bbox 2788 4263 3051 4330; x_wconf 73' lang='lat' dir='ltr'><strong>accipiant</strong></span> <span class='ocrx_word' id='word_1_669' title='bbox 3078 4263 3386 4318; x_wconf 78' lang='lat' dir='ltr'><strong>sacerdotis.</strong></span> 
     </span>
    </p>
   </div>
   <div class='ocr_carea' id='block_1_108' title="bbox 2461 4371 2779 4425">
    <p class='ocr_par' dir='ltr' id='par_1_108' title="bbox 2461 4371 2779 4425">
     <span class='ocr_line' id='line_1_109' title="bbox 2461 4371 2779 4425; baseline -0.013 -1"><span class='ocrx_word' id='word_1_670' title='bbox 2461 4371 2595 4424; x_wconf 63' lang='lat' dir='ltr'><strong>Era</strong></span> <span class='ocrx_word' id='word_1_671' title='bbox 2632 4372 2699 4425; x_wconf 80' lang='lat'><strong>28</strong></span> <span class='ocrx_word' id='word_1_672' title='bbox 2751 4383 2779 4420; x_wconf 75' lang='grc' dir='ltr'><strong>Ρ</strong></span> 
     </span>
    </p>
   </div>
   <div class='ocr_carea' id='block_1_109' title="bbox 1791 4481 3385 4582">
    <p class='ocr_par' dir='ltr' id='par_1_109' title="bbox 1791 4481 3385 4582">
     <span class='ocr_line' id='line_1_110' title="bbox 1791 4481 3385 4582; baseline 0.001 -44"><span class='ocrx_word' id='word_1_673' title='bbox 1791 4520 1844 4582; x_wconf 75' lang='lat' dir='ltr'><strong><em>D</em></strong></span> <span class='ocrx_word' id='word_1_674' title='bbox 1935 4484 2221 4552; x_wconf 87' lang='lat' dir='ltr'><strong>Episcopus</strong></span> <span class='ocrx_word' id='word_1_675' title='bbox 2254 4481 2623 4570; x_wconf 35' lang='lat' dir='ltr'><strong>si’inllrmitate</strong></span> <span class='ocrx_word' id='word_1_676' title='bbox 2651 4496 2754 4535; x_wconf 91' lang='lat' dir='ltr'><strong>non</strong></span> <span class='ocrx_word' id='word_1_677' title='bbox 2780 4481 2937 4536; x_wconf 86' lang='lat' dir='ltr'><strong>fuerit</strong></span> <span class='ocrx_word' id='word_1_678' title='bbox 2957 4482 3256 4551; x_wconf 90' lang='lat' dir='ltr'><strong>impeditus,</strong></span> <span class='ocrx_word' id='word_1_679' title='bbox 3293 4499 3385 4540; x_wconf 89' lang='lat' dir='ltr'><strong>ec-</strong></span> 
     </span>
    </p>
   </div>
   <div class='ocr_carea' id='block_1_110' title="bbox 1935 4649 2709 4712">
    <p class='ocr_par' dir='ltr' id='par_1_110' title="bbox 1935 4649 2709 4712">
     <span class='ocr_line' id='line_1_111' title="bbox 1935 4649 2709 4712; baseline -0.006 -4"><span class='ocrx_word' id='word_1_680' title='bbox 1935 4653 1953 4692; x_wconf 79' lang='grc' dir='ltr'><strong>ι</strong></span> <span class='ocrx_word' id='word_1_681' title='bbox 1982 4653 2179 4708; x_wconf 90' lang='lat' dir='ltr'><strong>Concil.</strong></span> <span class='ocrx_word' id='word_1_682' title='bbox 2208 4651 2385 4704; x_wconf 82' lang='lat' dir='ltr'><strong>Aurel.</strong></span> <span class='ocrx_word' id='word_1_683' title='bbox 2423 4667 2516 4712; x_wconf 88' lang='grc' dir='ltr'>ιιι,</span> <span class='ocrx_word' id='word_1_684' title='bbox 2542 4665 2591 4705; x_wconf 93' lang='lat' dir='ltr'><strong>c.</strong></span> <span class='ocrx_word' id='word_1_685' title='bbox 2622 4649 2709 4704; x_wconf 89' lang='lat'><strong>28.</strong></span> 
     </span>
    </p>
   </div>
   <div class='ocr_carea' id='block_1_111' title="bbox 1931 4717 3092 4774">
    <p class='ocr_par' dir='ltr' id='par_1_111' title="bbox 1931 4717 3092 4774">
     <span class='ocr_line' id='line_1_112' title="bbox 1931 4717 3092 4774; baseline -0.003 0"><span class='ocrx_word' id='word_1_686' title='bbox 1931 4733 1970 4760; x_wconf 73' lang='grc' dir='ltr'><strong>ιι</strong></span> <span class='ocrx_word' id='word_1_687' title='bbox 1998 4722 2140 4774; x_wconf 81' lang='lat' dir='ltr'><strong>Mult.</strong></span> <span class='ocrx_word' id='word_1_688' title='bbox 2165 4736 2276 4772; x_wconf 87' lang='lat' dir='ltr'><strong>var.</strong></span> <span class='ocrx_word' id='word_1_689' title='bbox 2306 4720 2421 4772; x_wconf 82' lang='lat' dir='ltr'><strong>Vld.</strong></span> <span class='ocrx_word' id='word_1_690' title='bbox 2445 4726 2556 4772; x_wconf 90' lang='lat' dir='ltr'><strong>not.</strong></span> <span class='ocrx_word' id='word_1_691' title='bbox 2581 4734 2631 4770; x_wconf 88' lang='lat' dir='ltr'><strong>v.</strong></span> <span class='ocrx_word' id='word_1_692' title='bbox 2656 4719 2722 4772; x_wconf 88' lang='lat' dir='ltr'><strong>cl.</strong></span> <span class='ocrx_word' id='word_1_693' title='bbox 2741 4717 2788 4771; x_wconf 83' lang='lat' dir='ltr'><strong>J.</strong></span> <span class='ocrx_word' id='word_1_694' title='bbox 2811 4717 3092 4772; x_wconf 88' lang='lat' dir='ltr'><strong>Sirmondi.</strong></span> 
     </span>
    </p>
   </div>
   <div class='ocr_carea' id='block_1_112' title="bbox 1932 4784 2813 4849">
    <p class='ocr_par' dir='ltr' id='par_1_112' title="bbox 1932 4784 2813 4849">
     <span class='ocr_line' id='line_1_113' title="bbox 1932 4784 2813 4849; baseline -0.009 -6"><span class='ocrx_word' id='word_1_695' title='bbox 1932 4799 1960 4828; x_wconf 77' lang='grc'><strong>⁸³</strong></span> <span class='ocrx_word' id='word_1_696' title='bbox 2003 4789 2160 4842; x_wconf 85' lang='lat' dir='ltr'><strong>Cone.</strong></span> <span class='ocrx_word' id='word_1_697' title='bbox 2196 4786 2372 4838; x_wconf 84' lang='lat' dir='ltr'><strong>Aurel.</strong></span> <span class='ocrx_word' id='word_1_698' title='bbox 2402 4802 2454 4849; x_wconf 89' lang='grc' dir='ltr'>ι,</span> <span class='ocrx_word' id='word_1_699' title='bbox 2477 4801 2524 4838; x_wconf 91' lang='lat' dir='ltr'><strong>c.</strong></span> <span class='ocrx_word' id='word_1_700' title='bbox 2550 4786 2636 4837; x_wconf 87' lang='lat'><strong>26.</strong></span> <span class='ocrx_word' id='word_1_701' title='bbox 2803 4784 2813 4794; x_wconf 82' lang='lat'><strong>&#39;</strong></span> 
     </span>
    </p>
   </div>
   <div class='ocr_carea' id='block_1_113' title="bbox 1934 4852 3387 4909">
    <p class='ocr_par' dir='ltr' id='par_1_113' title="bbox 1934 4852 3387 4909">
     <span class='ocr_line' id='line_1_114' title="bbox 1934 4852 3387 4909; baseline -0.001 -1"><span class='ocrx_word' id='word_1_702' title='bbox 1934 4864 1958 4890; x_wconf 93' lang='lat'><strong>°</strong></span> <span class='ocrx_word' id='word_1_703' title='bbox 1996 4856 2088 4909; x_wconf 81' lang='lat' dir='ltr'><strong>Vir</strong></span> <span class='ocrx_word' id='word_1_704' title='bbox 2122 4855 2190 4908; x_wconf 90' lang='lat' dir='ltr'><strong>cl.</strong></span> <span class='ocrx_word' id='word_1_705' title='bbox 2243 4852 2291 4905; x_wconf 82' lang='lat' dir='ltr'><strong>J.</strong></span> <span class='ocrx_word' id='word_1_706' title='bbox 2344 4852 2653 4906; x_wconf 88' lang='lat' dir='ltr'><strong>Sirmondus</strong></span> <span class='ocrx_word' id='word_1_707' title='bbox 2696 4867 2710 4904; x_wconf 95' lang='lat'>:</span> <span class='ocrx_word' id='word_1_708' title='bbox 2761 4871 2780 4902; x_wconf 76' lang='grc' dir='ltr'><strong>ι</strong></span> <span class='ocrx_word' id='word_1_709' title='bbox 2834 4853 3110 4907; x_wconf 87' lang='lat' dir='ltr'><strong>Librorum</strong></span> <span class='ocrx_word' id='word_1_710' title='bbox 3155 4853 3387 4908; x_wconf 88' lang='lat' dir='ltr'><strong>omnium</strong></span> 
     </span>
    </p>
   </div>
   <div class='ocr_carea' id='block_1_114' title="bbox 1865 4919 3384 4988">
    <p class='ocr_par' dir='ltr' id='par_1_114' title="bbox 1865 4919 3384 4988">
     <span class='ocr_line' id='line_1_115' title="bbox 1865 4919 3384 4988; baseline -0.002 -11"><span class='ocrx_word' id='word_1_711' title='bbox 1865 4938 2120 4978; x_wconf 88' lang='lat' dir='ltr'><strong>consensu</strong></span> <span class='ocrx_word' id='word_1_712' title='bbox 2142 4929 2398 4988; x_wconf 82' lang='lat' dir='ltr'><strong>expuncta</strong></span> <span class='ocrx_word' id='word_1_713' title='bbox 2421 4928 2502 4973; x_wconf 90' lang='lat' dir='ltr'><strong>est</strong></span> <span class='ocrx_word' id='word_1_714' title='bbox 2529 4919 2751 4988; x_wconf 78' lang='lat' dir='ltr'><strong>negatio,</strong></span> <span class='ocrx_word' id='word_1_715' title='bbox 2778 4936 2893 4988; x_wconf 60' lang='lat' dir='ltr'><strong>qua».</strong></span> <span class='ocrx_word' id='word_1_716' title='bbox 2921 4923 2972 4973; x_wconf 90' lang='lat' dir='ltr'><strong>in</strong></span> <span class='ocrx_word' id='word_1_717' title='bbox 3003 4921 3222 4988; x_wconf 64' lang='lat' dir='ltr'><strong>vulgatis</strong></span> <span class='ocrx_word' id='word_1_718' title='bbox 3247 4930 3384 4986; x_wconf 89' lang='lat' dir='ltr'><strong>erat,</strong></span> 
     </span>
    </p>
   </div>
   <div class='ocr_carea' id='block_1_115' title="bbox 1865 4986 3386 5057">
    <p class='ocr_par' dir='ltr' id='par_1_115' title="bbox 1865 4986 3386 5057">
     <span class='ocr_line' id='line_1_116' title="bbox 1865 4986 3386 5057; baseline -0.001 -13"><span class='ocrx_word' id='word_1_719' title='bbox 1865 4999 2142 5057; x_wconf 87' lang='lat' dir='ltr'><strong>manetque</strong></span> <span class='ocrx_word' id='word_1_720' title='bbox 2169 4986 2306 5042; x_wconf 80' lang='lat' dir='ltr'><strong>nunc</strong></span> <span class='ocrx_word' id='word_1_721' title='bbox 2331 4990 2490 5057; x_wconf 69' lang='lat' dir='ltr'><strong>etiarn</strong></span> <span class='ocrx_word' id='word_1_722' title='bbox 2524 4986 2657 5057; x_wconf 81' lang='lat' dir='ltr'><strong>apud</strong></span> <span class='ocrx_word' id='word_1_723' title='bbox 2695 4986 3016 5057; x_wconf 76' lang='lat' dir='ltr'><strong>Gratianum,</strong></span> <span class='ocrx_word' id='word_1_724' title='bbox 3046 4986 3386 5057; x_wconf 77' lang='lat' dir='ltr'><strong>Siepiscopus</strong></span> 
     </span>
    </p>
   </div>
   <div class='ocr_carea' id='block_1_116' title="bbox 1865 5054 3388 5125">
    <p class='ocr_par' dir='ltr' id='par_1_116' title="bbox 1865 5054 3388 5125">
     <span class='ocr_line' id='line_1_117' title="bbox 1865 5054 3388 5125; baseline -0.001 -14"><span class='ocrx_word' id='word_1_725' title='bbox 1865 5074 1966 5111; x_wconf 81' lang='lat' dir='ltr'><strong>non</strong></span> <span class='ocrx_word' id='word_1_726' title='bbox 1993 5054 2165 5125; x_wconf 78' lang='lat' dir='ltr'><strong>fuerit,</strong></span> <span class='ocrx_word' id='word_1_727' title='bbox 2192 5073 2286 5124; x_wconf 91' lang='lat' dir='ltr'><strong>pro</strong></span> <span class='ocrx_word' id='word_1_728' title='bbox 2313 5071 2417 5123; x_wconf 91' lang='lat' dir='ltr'><strong>quo</strong></span> <span class='ocrx_word' id='word_1_729' title='bbox 2459 5054 2801 5125; x_wconf 72' lang='lat' dir='ltr'><strong>Burchardus</strong></span> <span class='ocrx_word' id='word_1_730' title='bbox 2813 5056 2914 5125; x_wconf 87' lang='lat' dir='ltr'><strong>lib.</strong></span> <span class='ocrx_word' id='word_1_731' title='bbox 2932 5123 2940 5125; x_wconf 21' lang='grc' dir='ltr'><em>Α</em></span> <span class='ocrx_word' id='word_1_732' title='bbox 2960 5071 3046 5116; x_wconf 89' lang='grc' dir='ltr'>ιιι,</span> <span class='ocrx_word' id='word_1_733' title='bbox 3077 5054 3188 5125; x_wconf 77' lang='lat' dir='ltr'><strong>cap.</strong></span> <span class='ocrx_word' id='word_1_734' title='bbox 3221 5054 3306 5125; x_wconf 78' lang='lat'><strong>29,</strong></span> <span class='ocrx_word' id='word_1_735' title='bbox 3335 5067 3388 5125; x_wconf 85' lang='lat' dir='ltr'><strong>et</strong></span> 
     </span>
    </p>
   </div>
   <div class='ocr_carea' id='block_1_117' title="bbox 1863 5121 3382 5192">
    <p class='ocr_par' dir='ltr' id='par_1_117' title="bbox 1863 5121 3382 5192">
     <span class='ocr_line' id='line_1_118' title="bbox 1863 5121 3382 5192; baseline -0.003 -14"><span class='ocrx_word' id='word_1_736' title='bbox 1863 5127 1952 5178; x_wconf 88' lang='lat' dir='ltr'><strong>lvo</strong></span> <span class='ocrx_word' id='word_1_737' title='bbox 1975 5121 2106 5192; x_wconf 88' lang='lat' dir='ltr'><strong>part.</strong></span> <span class='ocrx_word' id='word_1_738' title='bbox 2135 5121 2217 5185; x_wconf 77' lang='grc' dir='ltr'><strong>ιη’,</strong></span> <span class='ocrx_word' id='word_1_739' title='bbox 2260 5121 2375 5190; x_wconf 78' lang='lat' dir='ltr'><strong>cap.</strong></span> <span class='ocrx_word' id='word_1_740' title='bbox 2420 5122 2508 5185; x_wconf 73' lang='grc'><strong>54,</strong></span> <span class='ocrx_word' id='word_1_741' title='bbox 2542 5121 2819 5192; x_wconf 79' lang='lat' dir='ltr'><strong>legunt_,.Si</strong></span> <span class='ocrx_word' id='word_1_742' title='bbox 2864 5123 3121 5192; x_wconf 66' lang='lat' dir='ltr'><strong>episcopus</strong></span> <span class='ocrx_word' id='word_1_743' title='bbox 3141 5121 3382 5192; x_wconf 52' lang='lat' dir='ltr'><strong>defuerit.</strong></span> 
     </span>
    </p>
   </div>
   <div class='ocr_carea' id='block_1_118' title="bbox 1865 5189 3384 5257">
    <p class='ocr_par' dir='ltr' id='par_1_118' title="bbox 1865 5189 3384 5257">
     <span class='ocr_line' id='line_1_119' title="bbox 1865 5189 3384 5257; baseline -0.005 -10"><span class='ocrx_word' id='word_1_744' title='bbox 1865 5189 2025 5248; x_wconf 80' lang='lat' dir='ltr'><strong>Error</strong></span> <span class='ocrx_word' id='word_1_745' title='bbox 2047 5193 2166 5245; x_wconf 90' lang='lat' dir='ltr'><strong>inde</strong></span> <span class='ocrx_word' id='word_1_746' title='bbox 2201 5189 2372 5252; x_wconf 88' lang='lat' dir='ltr'><strong>natus,</strong></span> <span class='ocrx_word' id='word_1_747' title='bbox 2397 5193 2520 5257; x_wconf 87' lang='lat' dir='ltr'><strong>quia</strong></span> <span class='ocrx_word' id='word_1_748' title='bbox 2541 5189 2860 5244; x_wconf 82' lang='lat' dir='ltr'><strong>sacerdotem</strong></span> <span class='ocrx_word' id='word_1_749' title='bbox 2880 5189 2976 5242; x_wconf 86' lang='lat' dir='ltr'><strong>hoc</strong></span> <span class='ocrx_word' id='word_1_750' title='bbox 3003 5189 3384 5257; x_wconf 74' lang='lat' dir='ltr'><strong>locodiversurn</strong></span> 
     </span>
    </p>
   </div>
   <div class='ocr_carea' id='block_1_119' title="bbox 1866 5255 3386 5328">
    <p class='ocr_par' dir='ltr' id='par_1_119' title="bbox 1866 5255 3386 5328">
     <span class='ocr_line' id='line_1_120' title="bbox 1866 5255 3386 5328; baseline -0.005 -12"><span class='ocrx_word' id='word_1_751' title='bbox 1866 5275 1981 5316; x_wconf 84' lang='lat' dir='ltr'><strong>esse</strong></span> <span class='ocrx_word' id='word_1_752' title='bbox 2004 5267 2252 5328; x_wconf 85' lang='lat' dir='ltr'><strong>putarunt</strong></span> <span class='ocrx_word' id='word_1_753' title='bbox 2276 5259 2342 5328; x_wconf 78' lang='lat' dir='ltr'><strong>ab</strong></span> <span class='ocrx_word' id='word_1_754' title='bbox 2368 5255 2771 5328; x_wconf 71' lang='lat' dir='ltr'><strong>episcopo,cum</strong></span> <span class='ocrx_word' id='word_1_755' title='bbox 2800 5258 2936 5309; x_wconf 88' lang='lat' dir='ltr'><strong>idem</strong></span> <span class='ocrx_word' id='word_1_756' title='bbox 2962 5257 3047 5308; x_wconf 89' lang='lat' dir='ltr'><strong>sit.</strong></span> <span class='ocrx_word' id='word_1_757' title='bbox 3081 5255 3386 5328; x_wconf 60' lang='lat' dir='ltr'><strong>g_Quod_vir</strong></span> 
     </span>
    </p>
   </div>
   <div class='ocr_carea' id='block_1_120' title="bbox 1866 5321 3382 5391">
    <p class='ocr_par' dir='ltr' id='par_1_120' title="bbox 1866 5321 3382 5391">
     <span class='ocr_line' id='line_1_121' title="bbox 1866 5321 3382 5391; baseline -0.004 -9"><span class='ocrx_word' id='word_1_758' title='bbox 1866 5321 2198 5382; x_wconf 74' lang='lat' dir='ltr'><strong>doctissimus</strong></span> <span class='ocrx_word' id='word_1_759' title='bbox 2225 5321 2606 5386; x_wconf 78' lang='lat' dir='ltr'><strong>animadvertit,</strong></span> <span class='ocrx_word' id='word_1_760' title='bbox 2643 5324 2694 5376; x_wconf 94' lang='lat' dir='ltr'><strong>id</strong></span> <span class='ocrx_word' id='word_1_761' title='bbox 2731 5335 2936 5391; x_wconf 91' lang='lat' dir='ltr'><strong>quoque</strong></span> <span class='ocrx_word' id='word_1_762' title='bbox 2963 5321 3382 5391; x_wconf 88' lang='lat' dir='ltr'><strong>manifestissime</strong></span> 
     </span>
    </p>
   </div>
   <div class='ocr_carea' id='block_1_121' title="bbox 1867 5390 3388 5460">
    <p class='ocr_par' dir='ltr' id='par_1_121' title="bbox 1867 5390 3388 5460">
     <span class='ocr_line' id='line_1_122' title="bbox 1867 5390 3388 5460; baseline -0.006 -11"><span class='ocrx_word' id='word_1_763' title='bbox 1867 5396 2164 5450; x_wconf 89' lang='lat' dir='ltr'><strong>declaratur</strong></span> <span class='ocrx_word' id='word_1_764' title='bbox 2191 5408 2389 5447; x_wconf 89' lang='lat' dir='ltr'><strong>canone</strong></span> <span class='ocrx_word' id='word_1_765' title='bbox 2424 5407 2637 5460; x_wconf 91' lang='lat' dir='ltr'><strong>prorsus</strong></span> <span class='ocrx_word' id='word_1_766' title='bbox 2661 5390 2814 5460; x_wconf 84' lang='lat' dir='ltr'><strong>simili</strong></span> <span class='ocrx_word' id='word_1_767' title='bbox 2832 5390 3388 5460; x_wconf 69' lang='lat' dir='ltr'><strong>conciliiAurelianen-</strong></span> 
     </span>
    </p>
   </div>
   <div class='ocr_carea' id='block_1_122' title="bbox 1867 5453 3386 5526">
    <p class='ocr_par' dir='ltr' id='par_1_122' title="bbox 1867 5453 3386 5526">
     <span class='ocr_line' id='line_1_123' title="bbox 1867 5453 3386 5526; baseline -0.007 -8"><span class='ocrx_word' id='word_1_768' title='bbox 1867 5466 1940 5518; x_wconf 90' lang='lat' dir='ltr'><strong>sis</strong></span> <span class='ocrx_word' id='word_1_769' title='bbox 1981 5478 2073 5526; x_wconf 85' lang='lat' dir='ltr'><strong>nl,</strong></span> <span class='ocrx_word' id='word_1_770' title='bbox 2101 5477 2218 5516; x_wconf 89' lang='lat' dir='ltr'><strong>can.</strong></span> <span class='ocrx_word' id='word_1_771' title='bbox 2247 5462 2354 5514; x_wconf 83' lang='lat'><strong>29:</strong></span> <span class='ocrx_word' id='word_1_772' title='bbox 2391 5453 2517 5512; x_wconf 58' lang='lat' dir='ltr'><strong>(De</strong></span> <span class='ocrx_word' id='word_1_773' title='bbox 2557 5459 2730 5526; x_wconf 83' lang='lat' dir='ltr'><strong>missis</strong></span> <span class='ocrx_word' id='word_1_774' title='bbox 2767 5453 2937 5514; x_wconf 80' lang='lat' dir='ltr'><strong>nullus</strong></span> <span class='ocrx_word' id='word_1_775' title='bbox 2973 5458 3386 5526; x_wconf 17' lang='lat' dir='ltr'><strong>laicorum‘ante</strong></span> 
     </span>
    </p>
   </div>
   <div class='ocr_carea' id='block_1_123' title="bbox 1869 5516 3384 5596">
    <p class='ocr_par' dir='ltr' id='par_1_123' title="bbox 1869 5516 3384 5596">
     <span class='ocr_line' id='line_1_124' title="bbox 1869 5516 3384 5596; baseline -0.008 -10"><span class='ocrx_word' id='word_1_776' title='bbox 1869 5516 2116 5591; x_wconf 75' lang='lat' dir='ltr'><strong>discedat,</strong></span> <span class='ocrx_word' id='word_1_777' title='bbox 2149 5543 2304 5596; x_wconf 89' lang='lat' dir='ltr'><strong>quam</strong></span> <span class='ocrx_word' id='word_1_778' title='bbox 2333 5527 2612 5596; x_wconf 24' lang='lat' dir='ltr'><strong>ADominica</strong></span> <span class='ocrx_word' id='word_1_779' title='bbox 2653 5516 2854 5596; x_wconf 78' lang='lat' dir='ltr'><strong>dicatur</strong></span> <span class='ocrx_word' id='word_1_780' title='bbox 2880 5525 3077 5596; x_wconf 82' lang='lat' dir='ltr'><strong>oratio;</strong></span> <span class='ocrx_word' id='word_1_781' title='bbox 3127 5533 3177 5577; x_wconf 90' lang='lat' dir='ltr'><strong>et</strong></span> <span class='ocrx_word' id='word_1_782' title='bbox 3203 5523 3247 5596; x_wconf 84' lang='lat' dir='ltr'><strong>si</strong></span> <span class='ocrx_word' id='word_1_783' title='bbox 3271 5520 3384 5590; x_wconf 73' lang='lat' dir='ltr'><strong>epi-</strong></span> 
     </span>
    </p>
   </div>
   <div class='ocr_carea' id='block_1_124' title="bbox 1870 5593 3378 5666">
    <p class='ocr_par' dir='ltr' id='par_1_124' title="bbox 1870 5593 3378 5666">
     <span class='ocr_line' id='line_1_125' title="bbox 1870 5593 3378 5666; baseline -0.009 -12"><span class='ocrx_word' id='word_1_784' title='bbox 1870 5613 2057 5666; x_wconf 84' lang='lat' dir='ltr'><strong>scopus</strong></span> <span class='ocrx_word' id='word_1_785' title='bbox 2074 5593 2298 5666; x_wconf 66' lang='lat' dir='ltr'><strong>praesens</strong></span> <span class='ocrx_word' id='word_1_786' title='bbox 2324 5593 2498 5666; x_wconf 75' lang='lat' dir='ltr'><strong>fuerit,</strong></span> <span class='ocrx_word' id='word_1_787' title='bbox 2529 5596 2640 5666; x_wconf 58' lang='lat' dir='ltr'><strong>eius</strong></span> <span class='ocrx_word' id='word_1_788' title='bbox 2664 5593 2956 5648; x_wconf 89' lang='lat' dir='ltr'><strong>benedictio</strong></span> <span class='ocrx_word' id='word_1_789' title='bbox 2992 5595 3334 5659; x_wconf 77' lang='lat' dir='ltr'><strong>exspectetur.</strong></span> <span class='ocrx_word' id='word_1_790' title='bbox 3353 5605 3378 5642; x_wconf 76' lang='grc' dir='ltr'><strong>ι</strong></span> 
     </span>
    </p>
   </div>
   <div class='ocr_carea' id='block_1_125' title="bbox 1942 5663 2978 5728">
    <p class='ocr_par' dir='ltr' id='par_1_125' title="bbox 1942 5663 2978 5728">
     <span class='ocr_line' id='line_1_126' title="bbox 1942 5663 2978 5728; baseline -0.006 -10"><span class='ocrx_word' id='word_1_791' title='bbox 1942 5663 1973 5718; x_wconf 68' lang='grc' dir='ltr'>ιῑ</span> <span class='ocrx_word' id='word_1_792' title='bbox 1994 5663 2154 5720; x_wconf 79' lang='lat' dir='ltr'><strong>Cone.</strong></span> <span class='ocrx_word' id='word_1_793' title='bbox 2184 5663 2360 5719; x_wconf 84' lang='lat' dir='ltr'><strong>Aurel.</strong></span> <span class='ocrx_word' id='word_1_794' title='bbox 2397 5680 2444 5728; x_wconf 90' lang='grc' dir='ltr'>ι,</span> <span class='ocrx_word' id='word_1_795' title='bbox 2483 5677 2529 5715; x_wconf 90' lang='lat' dir='ltr'><strong>c.</strong></span> <span class='ocrx_word' id='word_1_796' title='bbox 2558 5663 2642 5717; x_wconf 76' lang='lat'><strong>5!.</strong></span> <span class='ocrx_word' id='word_1_797' title='bbox 2971 5683 2978 5690; x_wconf 86' lang='lat'><strong>-</strong></span> 
     </span>
    </p>
   </div>
  </div>
