4010 6406
705 410 720 457 l
731 406 832 463 035

696 600 946 669 ampliore
974 616 1171 657 Summa
1197 617 1289 671 pro
1328 613 1542 671 accepto
1564 608 1732 673 pretio
1758 605 2055 660 reddidisse.

1069 687 1241 741 Canon
1275 689 1571 758 Agat/tensis
1598 731 1611 753 ,
1644 709 1746 744 (τινα
1777 693 1827 744 6.

760 772 1014 842 Quidquid
1037 790 1130 841 per
1167 774 1282 828 fidei
1304 779 1634 831 commissum
1665 778 1944 831 dimittitur
1969 778 2199 832 ecclesias

694 859 808 929 [aut
850 861 1135 915 sacerdotis
1166 864 1370 916 nomine
1397 872 1487 915 aut
1533 863 1790 933 ecclesiae]
1838 874 1928 916 aut
1964 864 2197 924 custodi,

692 948 829 1001 inter
863 947 1131 1001 facultates
1154 950 1382 1003 eceesitn
1423 966 1525 1002 non
1553 951 1938 1017 computabitur
1962 949 2199 1019 [ecclesia

691 1046 991 1105 computare
1015 1044 1101 1088 aut
1122 1037 1345 1089 retinere
1374 1051 1475 1088 non
1504 1036 1737 1104 poterit].

1333 1140 1465 1192 Era
1503 1141 1556 1191 7.

756 1248 985 1302 Casellas
1008 1264 1152 1309 vero,
1175 1249 1254 1302 vel
1277 1251 1529 1316 mancipia
1560 1248 1891 1319 [mancipiola
1923 1247 2199 1318 ecclesias],

691 1336 857 1404 (Mult.
904 1338 1020 1390 add.
1066 1346 1119 1389 et
1154 1337 1272 1389 Var.
1322 1338 1459 1391 etin
1502 1338 1705 1391 caeteris
1740 1351 1854 1403 quae
1897 1337 2200 1404 sequuntur)

689 1433 779 1477 aut
802 1439 923 1477 vasa
947 1425 1215 1478 ministerii
1241 1426 1473 1479 ecclesize
1493 1425 1632 1476 nullo
1660 1424 1812 1476 modo
1836 1412 2051 1490 possunt
2075 1424 2202 1476 alie-

692 1526 835 1564 nare.
884 1511 1032 1576 Quod
1058 1513 1101 1565 si
1129 1514 1413 1565 necessitas
1443 1511 1705 1579 compellit
1747 1520 1892 1565 certa
1923 1526 2021 1578 pro
2058 1510 2205 1563 utili-

691 1606 795 1650 tate
825 1598 1078 1660 ecclesiae,
1107 1606 1163 1650 ut
1193 1599 1387 1665 aliquid
1410 1599 1749 1661 distrahatur,
1790 1598 1927 1665 apud
1969 1598 2099 1651 duos
2123 1598 2203 1649 vel

692 1696 799 1738 tres
833 1686 1174 1755 provinciales
1200 1688 1468 1756 episcopos
1504 1702 1661 1741 causa
1704 1685 2031 1741 necessitatis
2058 1696 2201 1739 eom-

689 1774 954 1840 probetur,
983 1782 1040 1824 nt
1073 1774 1138 1826 ab
1159 1774 1285 1841 ipsis
1311 1774 1538 1828 venditio
1564 1774 1873 1837 roboretur;
1902 1772 2079 1835 aliter,
2100 1787 2201 1826 non

693 1861 901 1913 valebit.

990 1950 1162 2002 Cimon
1191 1950 1585 2013 Aurelianensis,
1617 1968 1721 2002 (cra
1752 1951 1813 2003 15
1841 1962 1887 2002 ι.

761 2036 816 2091 Si
855 2038 1075 2091 clericus
1119 2048 1209 2091 aut
1255 2039 1418 2092 laicus
1462 2040 1558 2092 sub
1601 2047 1866 2107 potentum
1919 2037 2208 2106 patrocinio

694 2125 950 2198 [nomine]
982 2142 1065 2181 res
1089 2113 1325 2181 ecclesia:
1352 2127 1439 2196 [ad
1474 2129 1560 2195 jus
1586 2118 1822 2181 ecclesia:
1866 2124 2205 2196 pertinentes]

691 2222 989 2282 contempto
1038 2214 1280 2283 pontifice
1324 2215 1535 2281 petierit
1565 2215 1643 2267 vel
1690 2213 1981 2281 possederit
2009 2212 2210 2283 [petere

694 2316 788 2355 seu
812 2302 1080 2369 possidere
1112 2300 1542 2370 praesumpserit],
1576 2299 1844 2370 [primum]
1870 2302 2211 2354 admoneatur

694 2404 808 2457 quae
826 2389 1039 2441 abstulit
1059 2388 1280 2441 civiliter
1312 2386 1616 2441 reformare.
1662 2387 1953 2457 (Quwdam.
1982 2386 2128 2455 add.)
2152 2385 2209 2438 Si

693 2478 1059 2543 contempserit
1087 2475 1262 2546 (ναν.)
1288 2490 1317 2527 a
1342 2474 1606 2527 liminibus
1626 2473 1862 2527 ecclesia:
1882 2480 2206 2534 coercentur,

695 2567 855 2616 donec
876 2577 936 2616 ea
960 2577 1076 2615 cum
1103 2560 1454 2614 satisfactione
1483 2560 1739 2612 restituat.

1022 2648 1084 2699 In
1119 2646 1331 2715 epistola
1356 2645 1524 2700 εἰν-ἱεξῆ
1544 2663 1709 2715 papa',
1740 2661 1843 2700 a'ra
1869 2646 1922 2698 2.

762 2738 788 2776 b
828 2736 881 2788 Si
912 2750 1006 2803 per
1030 2734 1317 2803 simplicem
1341 2734 1639 2802 episcopum
1684 2748 1768 2788 res
1793 2733 2027 2788 ecclesiae
2053 2733 2209 2789 amis-

696 2839 764 2877 saa
810 2822 1021 2883 fuerint,
1058 2823 1346 2876 successori
1390 2820 1503 2888 ejus
1543 2822 1853 2890 suggerendi
1900 2821 2211 2892 aditusnon

697 2919 912 2980 negetur
935 2928 948 2973 ;
980 2920 1031 2962 et
1052 2911 1200 2976 juxta
1224 2910 1533 2963 sententiam
1557 2924 1815 2963 canonum
1832 2909 2062 2962 ecclesia:
2081 2924 2214 2978 pne—

691 2996 939 3062 jadieium
968 2996 1106 3049 nullo
1134 3004 1365 3065 tempore
1408 2995 1522 3059 fiat,
1572 2996 1692 3063 quia
1720 3010 1821 3047 una
1848 3002 1929 3049 est
1955 3002 2062 3052 toto
2085 3010 2214 3052 urbe

697 3083 900 3160 diffusa.
1037 3148 1048 3159 ρ

1059 3170 1231 3224 Conon
1261 3170 1586 3235 Milituensis,
1612 3187 1717 3226 tera
1742 3173 1827 3226 i3.

767 3291 789 3318 ο
830 3279 887 3331 Si
930 3279 1049 3346 quis
1096 3278 1399 3333 munuscula
1424 3280 1775 3346 cujuscunque
1808 3280 2041 3348 qualibet
2084 3284 2220 3334 scri-

699 3378 851 3435 ptura
886 3365 1070 3419 collata
1112 3365 1341 3418 ecclesiae
1385 3364 1722 3429 fraudaverit,
1776 3364 2043 3427 invaserit,
2098 3367 2218 3419 reti-

701 3453 889 3513 nuerit,
922 3452 1271 3518 subrepserit,
1298 3459 1351 3504 et
1375 3466 1404 3503 a
1440 3452 1711 3505 sacerdote
1738 3451 2088 3506 commonitus
2112 3460 2218 3505 sta-

701 3541 793 3592 titn
820 3539 1004 3593 collata
1032 3553 1133 3591 non
1168 3538 1485 3601 reddiderit,
1508 3540 1872 3615 communione
1902 3539 2143 3606 pellatur.

1073 3645 1247 3698 Canon
1271 3646 1590 3715 Agathensis,
1618 3663 1723 3701 mra
1751 3647 1836 3705 26.

772 3752 827 3805 Si
863 3752 1083 3806 clericus
1110 3752 1249 3822 [quis
1278 3754 1341 3806 de
1390 3752 1616 3824 clericis]
1659 3755 1992 3817 documenta,
2028 3759 2216 3826 quibus

705 3842 973 3897 ecclesiam
998 3842 1289 3910 possederit
1315 3842 1571 3912 [ecclesiae
1615 3844 1875 3910 possessio
1914 3844 2173 3916 firmatur]
2198 3885 2213 3910 ,

703 3927 882 3997 (γαν.)
910 3930 1283 3996 suppresserit,
1306 3930 1588 3996 negaverit,
1614 3937 1704 3982 aut
1722 3930 2033 3986 adversariis
2059 3934 2217 3985 tradi-

704 4016 858 4078 derit,
885 4015 1132 4083 quidquid
1157 4030 1249 4083 per
1286 4016 1656 4070 abstinentiam
1695 4015 2029 4090 [absentiam]
2057 4021 2216 4074 docu-

708 4110 999 4155 mentorum
1022 4104 1264 4154 damnum
1298 4104 1534 4157 ecclesite
1575 4104 1771 4158 illatum
1799 4105 1977 4171 fuerit,
2007 4110 2069 4162 de
2097 4125 2216 4177 pro-

708 4190 834 4259 priis
871 4189 1203 4243 facultatibus
1238 4190 1435 4253 reddat,
1474 4200 1526 4245 et
1562 4197 1929 4269 communione
1957 4199 2211 4264 privetur.

707 4278 752 4331 is
784 4278 965 4341 etiam,
994 4278 1082 4343 qui
1109 4278 1159 4330 in
1181 4276 1372 4331 damno
1392 4278 1631 4353 ecclesiae.
1650 4281 1991 4335 instrumenta
2026 4283 2216 4353 sollici-

707 4366 895 4417 taverit
915 4363 1091 4433 [impie
1116 4365 1406 4419 sollicitatis
1428 4348 1814 4440 traditoribus],
1858 4370 1941 4425 vel
1972 4348 2216 4439 suscepe-

710 4453 809 4516 rit,
838 4455 952 4519 pari
975 4454 1232 4507 sententia
1260 4451 1492 4508 feriatur.

1001 4538 1175 4591 Conon
1208 4541 1581 4597 Aurelianensis
1600 4584 1614 4607 ,
1645 4561 1749 4598 (era
1775 4546 1843 4599 53
1866 4546 1912 4597 ἀ.

777 4627 1023 4697 Quisquis
1043 4629 1262 4698 agellum
1282 4631 1515 4685 ecclesiae
1536 4647 1565 4686 a
1593 4634 1866 4688 sacerdote
1883 4637 2080 4703 ceperit
2102 4652 2220 4705 pos-

712 4715 981 4768 sidendum
1011 4716 1083 4785 [in
1105 4716 1189 4770 die
1213 4717 1331 4772 vitae
1351 4733 1457 4772 sua:
1475 4733 1571 4786 pro
1591 4718 1901 4788 quacunque
1922 4723 2220 4777 misericor-

713 4801 798 4853 dia
843 4816 872 4853 a
897 4803 1183 4864 sacerdote,
1221 4806 1303 4857 cui
1331 4813 1560 4872 potestas
1586 4805 1716 4877 est],
1746 4810 2091 4877 quodcunque
2122 4811 2220 4863 ibi-

713 4887 827 4939 dem
846 4886 1143 4956 profecerit,
1167 4886 1423 4944 alicnaudi
1444 4892 1635 4946 nullam
1658 4895 1847 4948 habeat
1873 4905 2177 4963 potestatem
2203 4917 2216 4951 :

728 4988 804 5027 rec
829 4966 1237 5043 [sibi]‘parentes
1275 4979 1439 5046 ipsius
1457 4979 1649 5048 aliquid
1670 4984 1860 5038 exinde
1906 4984 1991 5037 rett
2036 5000 2096 5039 ea
2144 5000 2199 5038 re
2234 5031 2243 5039 .

715 5061 972 5114 aestiment
999 5063 1384 5117 vindicandum.

777 5199 803 5227 ι
840 5187 996 5255 Cone.
1023 5188 1199 5241 Aurel.
1239 5206 1370 5255 me.
1395 5192 1481 5245 25.

779 5255 807 5292 δ
842 5254 1177 5307 Desideratur
1200 5258 1253 5310 in
1288 5261 1368 5311 ed.

780 5331 804 5401 ξ
843 5321 971 5401 ξ’ἱίιε
990 5323 1265 5401 concilium
1288 5326 1635 5401 Arvernense,

779 5387 805 5427 δ
841 5386 1000 5441 Cone.
1029 5389 1203 5442 Aurel.
1227 5407 1299 5453 tv,
1326 5406 1373 5445 c.
1395 5395 1481 5447 24.

780 5466 805 5527 ς
835 5453 1359 5527 gonc._ttt_Cartltag.
1387 5474 1436 5515 c.
1459 5461 1547 5515 49.

783 5522 803 5561 τ
833 5520 965 5596 Stat.
997 5522 1138 5596 Eccl.
1184 5520 1345 5579 antia'.
1385 5528 1437 5581 in
1462 5530 1574 5583 cod.
1604 5528 1757 5584 Barb.
1790 5545 1837 5584 c.
1868 5530 1963 5596 li;
1991 5545 2138 5585 conc.
2168 5546 2219 5586 tv

720 5585 891 5642 Cartli.
925 5604 971 5643 c.
1002 5590 1089 5642 23.
1142 5654 1151 5659 _
1950 5585 1961 5596 ’
2164 5630 2165 5633 η

1730 5342 1775 5381 c.
1800 5330 1880 5381 14.

1503 408 1806 467 (ΙΛΝΟΝΕΞ
1844 409 2120 466 SELECTI
2155 409 2245 465 ex
2282 409 2430 465 ver.
2471 408 2622 467 CAN.
2661 395 2981 467 COLLECT'.

695 524 841 585 ptor';
889 516 1009 583 quia
1054 530 1188 585 stepe
1244 519 1497 587 contingit
1550 521 1915 575 distractarum
1966 523 2197 577 redditus
2226 526 2267 581 Α

3514 101 3875 177 ’τ

3685 408 3821 463 1030

2590 518 2764 575 Conon
2795 520 3224 589 Carthagmensis,
3251 536 3353 571 trra
3377 518 3445 572 52
3473 526 3515 568 ⁸.

2361 608 2549 662 Clerici
2571 610 2658 676 qui
2678 609 2872 676 aliquid
2883 617 3185 675 comparant
3205 606 3413 660 nomine
3426 620 3539 666 suo,
3564 612 3822 672 tanquam

2298 712 2468 749 rerum
2497 697 2882 751 Domiuiearum
2907 698 3172 750 invasores
3208 701 3485 755 teneantur
3508 692 3825 762 [invasionis

2296 784 2515 836 crimine
2541 791 2816 836 teneantur
2843 782 3105 849 obnoxii],
3145 782 3244 834 nisi
3272 782 3324 834 in
3352 780 3573 835 ecclesia
3613 795 3711 833 sua
3732 795 3823 833 ea-

2296 869 2411 921 dem
2440 870 2707 923 intulerint
2737 869 3020 939 [Admouiti
3048 869 3282 923 ecclesia:
3320 869 3500 922 eadem
3531 856 3644 935 ip‘sa
3688 883 3819 921 con-

2299 957 2554 1027 tulerint].
2591 958 2645 1011 Si
2677 967 2854 1011 autem
2888 958 3037 1026 [ipsis
3058 957 3267 1026 proprie
3282 957 3479 1025 aliquid
3505 957 3824 1009 liberalitate

2298 1045 2533 1111 alicujus,
2558 1047 2640 1100 vel
2663 1048 2992 1101 successione
3016 1044 3360 1116 cognationis]
3377 1058 3442 1097 ex
3462 1045 3682 1111 propria
3703 1059 3823 1097 suco

2297 1133 2532 1186 cessione
2556 1133 2631 1187 eis
2658 1133 2854 1202 aliquid
2900 1134 3199 1196 obvenerit,
3228 1131 3423 1186 faciant
3466 1132 3659 1186 exinde
3679 1130 3821 1198 quod

2298 1231 2476 1270 eorum
2506 1219 2770 1286 proposito
2795 1220 3053 1285 congruit.
3100 1217 3247 1283 Quod
3272 1219 3318 1271 si
3357 1232 3388 1269 a
3420 1232 3517 1271 suo
3551 1216 3824 1285 preposito

2300 1302 2627 1375 [retrorsum]
2653 1308 3064 1360 exorbitaverint
3080 1346 3093 1367 ,
3128 1307 3324 1359 honore
3348 1303 3721 1358 ecclesiastico
3746 1304 3826 1355 ina

2297 1391 2461 1461 digni,
2492 1402 2735 1460 tanquam
2760 1394 2962 1462 reprobi
2982 1394 3307 1462 judicentur.

2806 1517 3025 1585 CAPUT
3058 1517 3290 1571 χχχιχ.

2633 1622 2695 1659 ιε
2730 1621 3073 1661 ολυεητιιιυδ
3104 1622 3171 1660 ΕΤ
3202 1621 3483 1673 ιιιυιειιῦε.

2668 1710 2844 1766 Canon
2875 1713 3171 1782 Africanus,
3196 1730 3300 1766 cera
3328 1714 3363 1768 ὅ
3391 1712 3434 1766 τ.

2236 1830 2277 1887 ο
2318 1882 2323 1887 ,
2373 1820 2443 1877 Ut
2464 1820 2739 1889 episcopus
2767 1820 2959 1875 nullius
2996 1836 3207 1875 causam
3236 1819 3414 1874 audiat
3454 1821 3656 1889 absque
3696 1833 3830 1890 puc-

2303 1911 2471 1966 sentia
2496 1910 2806 1964 clericorum
2849 1924 3083 1972 suorum,
3112 1909 3233 1977 quia
3259 1910 3407 1962 irrita
3435 1911 3538 1963 erit
3564 1911 3831 1964 sententia

2303 1997 2553 2067 episcopi,
2581 1996 2683 2050 nisi
2706 1994 3015 2049 clericorum
3042 1995 3318 2063 praesentia
3352 1995 3717 2049 confirmetur.

2905 2084 3039 2138 .Era
3070 2086 3134 2138 l0
3165 2088 3189 2125 ⁸

2373 2176 2443 2230 Ut
2465 2173 2737 2245 epicopas
2762 2183 3091 2230 accusatores
3132 2175 3356 2228 fratrum
3383 2178 3831 2231 excommunicet.

2305 2264 2370 2318 Et
2397 2263 2440 2317 si
2470 2264 2865 2318 emendaverint
2901 2263 3108 2326 vitium,
3138 2263 3455 2330 recipiantur
3499 2264 3565 2318 ad
3593 2278 3835 2317 commu-

2304 2354 2533 2417 nionem,
2563 2361 2616 2406 et
2640 2367 2742 2407 non
2769 2352 2835 2405 ad
2859 2352 3075 2406 clerum.

2912 2437 3048 2490 Era
3074 2437 3143 2491 30
3169 2438 3196 2477 ιι

2373 2522 2671 2578 Catholicus
2697 2523 2784 2592 qui
2810 2537 3021 2577 causam
3052 2537 3199 2577 suam
3235 2520 3367 2592 [sive
3387 2522 3587 2589 justam
3608 2524 3724 2577 sive
3756 2525 3838 2576 in-

2300 2610 2516 2683 justam]
2544 2613 2609 2666 ad
2630 2612 2882 2679 judicium
2907 2612 3122 2666 alterius
3166 2611 3285 2666 fidei
3319 2611 3510 2679 judicis
3547 2624 3839 2683 provocat,

2305 2699 2805 2755 excommunicetur.
3298 2750 3321 2781 δ

2911 2789 3042 2842 dira
3070 2788 3181 2841 θλ

2376 2875 2718 2942 Ουωτεοάιιηι
2748 2876 2799 2929 in
2823 2874 3035 2941 judicio,
3067 2876 3338 2944 cujusnam
3365 2875 3433 2929 sit
3455 2873 3709 2939 sationis,
3741 2890 3836 2929 cu-

2302 2962 2389 3034 jus
2413 2964 2534 3019 fidei
2558 2965 2604 3019 is
2630 2965 2718 3032 qui
2746 2972 2973 3024 accusat,
3003 2972 3058 3016 et
3084 2965 3172 3031 qui
3200 2971 3493 3017 accusatur.
3524 2963 3717 3017 Falsus
3746 2979 3835 3016 ac-

2309 3058 2521 3105 cusator
2562 3058 2713 3105 extra
2757 3050 3044 3104 Ecclesiam
3075 3049 3182 3106 fiat,
3226 3052 3389 3103 donec
3431 3050 3742 3116 pcenitendo
3784 3064 3838 3102 se

2236 3133 2282 3193 ϐ
2312 3140 2570 3194 emendet.

2913 3224 3049 3277 Afra
3078 3223 3221 3278 52L

2378 3311 2609 3366 Caveant
2653 3311 2857 3379 iudices
2908 3311 3164 3375 ecclesia,
3216 3325 3282 3363 ne
3328 3310 3545 3363 absente
3585 3323 3653 3364 eo
3690 3311 3838 3379 cujus

2311 3417 2470 3456 causa
2506 3401 2806 3465 ventilatur,
2852 3401 3165 3453 sententiam
3207 3397 3506 3467 proferant;
3534 3399 3661 3465 quia
3690 3400 3839 3453 irrita

2311 3490 2432 3553 erit,
2462 3490 2565 3542 imo
2590 3497 2645 3542 et
2669 3503 2879 3543 causam
2906 3488 2958 3540 in
2988 3486 3185 3557 synodo
3212 3484 3447 3554 profecto
3478 3484 3701 3542 dabunt.

2915 3574 3051 3628 {Era
3079 3574 3145 3628 53
3176 3574 3223 3625 κ.

2379 3663 2665 3733 Episcopus
2706 3662 2885 3732 (Van)
2913 3661 3243 3715 dissidentes
3265 3659 3518 3722 homines,
3560 3659 3628 3713 ad
3654 3670 3837 3728 pacem

2311 3754 2480 3823 magis
2498 3768 2655 3820 quam
2680 3753 2745 3806 ad
2766 3751 3021 3817 judicium
3048 3751 3368 3804 cohortetur.
3410 3742 3415 3751 ’

2340 3898 2343 3901 .
2504 3841 2679 3896 Canon
2707 3840 3146 3902 Chalcedonensis,
3175 3854 3279 3891 trra
3308 3837 3339 3889 4
3365 3836 3516 3907 [Cum
3543 3836 3621 3907 9].

2384 3932 2402 3972 ι
2433 3933 2547 3988 Non
2585 3924 2791 4000 oportet
2828 3931 3049 3985 clericos
3094 3928 3612 3983 habentes‘invicem
3655 3928 3839 3980 adver-

2312 4038 2427 4077 sum
2468 4036 2525 4075 se
2562 4020 2768 4088 negotia
2799 4019 3091 4087 relinquere
3131 4018 3396 4085 proprium
3427 4016 3755 4083 episcopum,
3779 4025 3835 4067 et

2312 4109 2377 4162 ad
2404 4106 2671 4161 smeularia
2694 4104 2887 4173 judicia
2918 4102 3196 4157 convolare
3220 4117 3233 4155 :
3263 4103 3353 4155 sed
3382 4102 3550 4170 magis
3573 4101 3715 4169 apud
3755 4116 3837 4169 sy-

2312 4195 2506 4247 nodum
2530 4194 2849 4263 judicentur.

2313 4316 2377 4353 υι
2414 4314 2645 4354 ςιειιιειδ
2677 4313 2765 4361 θυι
2801 4315 2865 4351 ΑΒ
2909 4311 3185 4353 διευιλιιε
3220 4312 3457 4351 ισυιοιιῖιι
3503 4312 3831 4352 εοκνοιλκτ.

2535 4386 2712 4440 Canon
2740 4387 3059 4455 Agathensis,
3087 4402 3192 4439 arra
3219 4387 3278 4439 3'1
3314 4383 3465 4456 [Cum
3491 4386 3610 4455 32].

2246 4434 2294 4492 υ
2382 4434 3833 4540 (πετὼῌέᾧέᾘίζιὲέιῖρὲειῖιὶιὲιῖιῇιὶᾱξεῖριιιατεηι

2307 4561 2557 4629 judicem,
2588 4560 2832 4627 episcopo
2859 4574 2962 4613 non
2989 4559 3344 4628 permittente,
3370 4558 3615 4626 pulsare:
3647 4560 3693 4613 si
3730 4561 3834 4630 pul-

2313 4654 2457 4701 satus
2480 4644 2653 4708 fuerit,
2683 4646 3021 4713 respondeat;
3038 4658 3147 4698 non
3173 4654 3428 4714 proponat
3461 4664 3473 4697 :
3503 4660 3602 4700 nec
3647 4647 3832 4701 audeat

2314 4733 2585 4810 criminale
2630 4735 2892 4801 negotium
2937 4734 3002 4785 ad
3041 4734 3289 4787 smculare
3320 4733 3579 4810 judicium
3604 4734 3837 4800 perferre

2316 4820 2392 4891 [in
2416 4808 2609 4889 judicio
2637 4820 2872 4873 smculari
2896 4820 3226 4891 proponere].
3258 4819 3315 4873 Si
3353 4821 3471 4888 quis
3507 4808 3835 4875 saecularium

2317 4888 2760 4975 pericalumniam
2805 4888 3083 4959 ecclesiam
3130 4888 3220 4957 θιῆ
3252 4904 3498 4957 clericum
3545 4902 3835 4975 fatigaverit

2322 4994 2563 5066 [fatigare
2606 4994 2906 5057 tentaverit,
2947 5002 3001 5047 et
3039 4993 3210 5064 victus
3248 4991 3447 5063 fuerit],
3491 4995 3558 5047 ab
3601 4995 3835 5048 ecclesia

2325 5081 2609 5143 liminibus,
2629 5086 2684 5133 et
2706 5094 2736 5131 a
2761 5080 3123 5134 communione
3149 5078 3572 5151 [catholicorum]
3595 5090 3836 5134 arceatur

2395 5212 2419 5248 ε
2444 5209 2501 5262 In
2531 5207 2645 5262 cod.
2671 5207 2824 5260 Barb.
2849 5222 2897 5259 c.
2932 5207 3027 5270 t7;
3058 5221 3205 5260 conc.
3234 5222 3286 5260 tv
3304 5204 3483 5261 Carth.
3509 5219 3558 5258 c.
3589 5205 3679 5259 55.

2392 5278 2418 5315 ιι
2449 5277 2503 5329 In
2532 5276 2646 5328 cod.
2673 5275 2825 5326 Bari).
2856 5289 2904 5326 c.
2933 5274 3039 5337 50;
3069 5289 3217 5327 conc.
3244 5290 3292 5327 tv
3321 5274 3501 5326 Carth.
3529 5288 3579 5327 c.
3609 5275 3701 5328 87.

2399 5344 2413 5382 ί
2437 5344 2492 5394 1η
2518 5342 2634 5395 cod.
2666 5340 2820 5393 Bari).
2848 5356 2897 5393 c.
2929 5342 3024 5401 53;
3052 5357 3199 5394 conc.
3229 5358 3280 5395 tv
3308 5340 3488 5394 Carab.
3512 5356 3565 5394 c.
3589 5341 3681 5394 96.

2394 5407 2408 5457 i
2444 5410 2498 5461 In
2523 5410 2637 5461 (δολί.
2664 5408 2818 5459 Bari).
2843 5424 2888 5460 c.
2918 5409 3013 5470 53;
3044 5423 3190 5471 cqnc.
3223 5424 3272 5461 tv
3297 5407 3476 5460 Cartb.
3500 5423 3549 5461 c.
3575 5408 3668 5461 3t.

2393 5476 2416 5513 ¹ί
2445 5478 2499 5528 In
2521 5476 2637 5527 cod.
2667 5475 2822 5527 Bari).
2854 5491 2902 5527 c.
2934 5476 2999 5527 54
3025 5492 3039 5537 ;
3067 5475 3226 5528 Cone.
3260 5491 3309 5528 tv
3332 5475 3507 5529 Cat-tit.
3534 5490 3583 5530 c.
3609 5473 3701 5531 εδ.

2400 5544 2413 5579 ι
2441 5544 2628 5609 interp.
2659 5558 2753 5596 nec
2777 5542 2986 5612 Dionys.
3013 5556 3108 5596 nec
3134 5542 3252 5596 lsid.
3346 5600 3349 5607 γ
