4010 6406
190 484 208 535 l
219 483 322 537 0‘57

1015 473 1324 526 CANOMES
1360 471 1634 525 SELECTI
1674 470 1763 522 EX
1804 468 1955 523 VET.
1998 470 2147 524 CAN.
2181 470 2509 557 ΔΕΟΙᾸΕΕΤ.

3195 456 3327 529 less

180 598 347 650 usque
390 582 455 634 ad
502 582 719 649 dignam,
757 580 1119 646 pmnitentiam
1167 579 1187 649 [
1191 582 1288 633 nisi
1338 581 1491 649 digne
1543 577 1709 644 poeni-
1738 577 1784 633 Α
1812 576 1907 641 ipsi
1947 578 2195 631 dirimant
2224 579 2555 646 quaestiones.
2604 588 2656 631 et
2684 580 2889 632 ﬁrmum
2926 583 3174 649 probetur
3195 583 3333 652 judi-
3426 652 3432 659 ἡ

184 672 389 725 tueritl.

352 671 369 739 1
503 755 679 809 Conon
706 756 1107 816 Aurelianensis,
1139 769 1245 805 arra
1272 756 1339 806 35
1370 766 1416 804 α.

252 844 488 898 Clericus
518 841 815 911 [cujuslibet
841 840 1050 909 gradus]
1082 842 1192 893 sine
1219 840 1479 906 pontificis
1500 840 1578 891 sui
1600 855 1716 907 per-

182 932 371 991 missu,
419 930 614 982 nullum
661 930 726 982 ad
753 928 1001 981 saeculare
1029 928 1282 995 judicium
1317 937 1598 994 pnesumat
1642 936 1717 979 at-

184 1020 399 1071 trahere
435 1031 448 1068 :
479 1032 646 1083 neque
690 1017 823 1068 laico
873 1014 1188 1084 [inconsulto
1227 1014 1517 1085 sacerdote]
1564 1015 1717 1067 liceat

183 1105 436 1158 clericum
468 1104 520 1156 in
551 1104 797 1156 saeculare
820 1104 1072 1169 judicium
1095 1103 1361 1155 exhibere.

548 1192 725 1245 Conon
751 1191 1063 1251 Maticensis,
1093 1207 1197 1243 tera
1224 1190 1287 1242 10
1309 1192 1356 1241 b.

254 1280 321 1334 Et
354 1295 419 1334 ne
446 1281 665 1334 clericus
696 1281 859 1332 inscio
901 1280 1146 1347 episcopo
1174 1280 1236 1331 de
1260 1266 1480 1331 ecclesia
1510 1280 1717 1330 abstra-

182 1367 367 1430 hatur,
408 1375 498 1420 aut
547 1365 791 1431 injuriam
820 1367 1052 1433 aliquam
1091 1365 1325 1432 patiatur
1353 1382 1363 1416 :
1395 1364 1485 1417 sed
1531 1365 1573 1417 si
1603 1365 1719 1431 quis

185 1457 442 1509 adversus
478 1455 696 1508 clericos
721 1454 916 1522 aliquid
965 1454 1227 1516 habuerit,
1265 1454 1319 1506 in
1344 1454 1582 1514 notitiam
1611 1454 1720 1520 epi-

185 1543 334 1609 scOpi
378 1542 651 1609 producat,
683 1550 735 1594 et
784 1542 893 1609 ipse
931 1540 1135 1610 iustitia
1159 1548 1424 1607 praeeunte
1474 1540 1720 1595 discutiat

186 1643 397 1681 080535.

795 1714 927 1766 {Era
958 1713 1026 1766 22
1053 1725 1099 1765 ⁸⁵.
1482 1758 1487 1769 ι

256 1800 438 1868 Neque
466 1800 644 1870 (ναν.)
669 1803 828 1869 juilex
858 1801 1103 1854 clericum
1134 1802 1324 1868 absque
1352 1815 1507 1854 causa
1536 1802 1710 1854 crimi-

1818 678 1973 715 ('lUll].

2292 754 2425 807 /Era
2456 757 2518 808 14
2548 754 2698 825 [Cum
2736 757 2844 826 15].

1842 904 1849 913 π
1890 837 1899 873 ¹
1934 837 2030 902 Qui
2080 840 2145 890 ab
2209 842 2450 894 omnibus
2508 845 2768 911 episcopis
2819 848 3338 912 comprovincialibus

1815 940 2098 979 consonam
2128 930 2325 995 recepit
2352 932 2682 993 sententiam,
2714 933 2781 985 ab
2806 934 2921 986 aliis
2950 934 3165 987 ulterius
3202 936 3339 1004 judi-

1814 1013 1922 1063 cari
1952 1028 2055 1065 non
2084 1018 2293 1080 poterit,
2328 1016 2426 1067 nisi
2465 1018 2760 1085 episcopum
2804 1020 3050 1073 Romamn
3098 1022 3341 1075 Ecclesia:

1816 1098 2170 1165 appellaverit,
2204 1109 2259 1152 ut
2291 1111 2567 1155 renovetur
2594 1118 2831 1156 examen.

2122 1184 2298 1239 Conon
2324 1187 2753 1256 Carthaginiensis,
2784 1209 2887 1244 (cra
2914 1194 2947 1244 2
2973 1206 3009 1231 ω

1884 1270 2130 1338 Quisquis
2174 1272 2535 1340 episcoporum
2590 1286 2896 1341 accusatur,
2952 1281 3015 1332 ad
3060 1283 3337 1348 primatem

1817 1358 2097 1422 provinciae
2145 1358 2306 1426 ipsius
2351 1373 2564 1412 causam
2611 1361 2812 1417 deferat
2854 1377 3147 1431 accusator,
3188 1384 3282 1423 nec
3312 1385 3342 1422 ιι

1819 1446 2181 1499 communione
2203 1448 2566 1513 suspendatur,
2590 1449 2672 1500 cui
2693 1449 2890 1503 crimen
2912 1454 3219 1519 intenditur,
3246 1456 3343 1510 nisi

1818 1530 1884 1583 ad
1930 1546 2141 1584 causam
2170 1534 2440 1586 dicendam
2472 1533 2777 1603 [electorum
2820 1538 3089 1605 judicium
3118 1542 3201 1593 die
3240 1552 3346 1595 sta-

1821 1617 1953 1687 tuta]
1976 1620 2216 1686 primatis
2244 1620 2433 1673 litteris
2458 1632 2774 1678 convocatus
2797 1626 3011 1680 minime
3032 1631 3343 1693 occurrerit,

1819 1707 1918 1759 hoc
1938 1714 2018 1759 est
2040 1707 2177 1760 inter
2209 1706 2389 1777 [infra]
2418 1709 2645 1777 spatium
2676 1714 2870 1765 mensis
2894 1729 2957 1766 ex
2988 1716 3070 1768 die
3096 1732 3196 1783 qua
3225 1732 3345 1771 eum

1821 1796 2021 1850 litteras
2046 1798 2308 1865 accepisse
2337 1800 2648 1851 constiterit.
2677 1799 2823 1865 Quod
2848 1803 2890 1854 si
2920 1802 3165 1875 [aliquas]
3198 1821 3347 1861 veras

188 1885 319 1949 nali,
342 1887 443 1939 hoc
470 1886 888 1949 est,homicidio,
915 1884 1055 1938 furto
1083 1894 1169 1937 aut
1197 1885 1471 1949 maleficio,
1502 1886 1566 1938 ad
1585 1886 1725 1953 judi-
1756 1870 1797 1927 Β
1823 1898 2011 1937 causas
2056 1886 2384 1938 necessitatis
2432 1888 2733 1953 probaverit
2779 1870 2943 1957 (Addi
2967 1900 3013 1943 et
3031 1870 3179 1961 ιω..)
3200 1933 3213 1955 ,
3253 1908 3347 1961 pro

186 1976 332 2027 cium
360 1977 653 2042 pet-trahat.
684 1975 832 2040 Quod
883 1974 927 2027 si
976 1973 1176 2036 fecerit,
1207 1975 1434 2041 quandiu
1478 1975 1724 2042 episcopo

192 2062 321 2131 [loci
352 2061 510 2132 illius]
539 2063 706 2114 visum
735 2061 895 2115 fuerit
920 2080 933 2114 :
961 2062 1027 2114 ab
1054 2061 1275 2114 ecclesia
1303 2060 1560 2130 {ecclesia}
1585 2061 1724 2113 limi-

191 2149 370 2220 nibus]
400 2158 665 2212 arceatur,
696 2158 751 2202 et
774 2149 1140 2201 communione
1167 2149 1421 2216 privetur.

816 2233 951 2286 JEra
979 2235 1043 2287 18
1068 2234 1115 2285 ἀ.

261 2322 363 2386 Qui
394 2323 697 2376 innocentes
720 2333 747 2361 ε
775 2321 838 2375 ad
864 2322 1126 2390 principes
1150 2321 1230 2375 vel
1260 2321 1325 2374 ad
1345 2320 1550 2388 judices
1573 2336 1727 2375 accu-

190 2417 329 2468 sant,
363 2410 407 2463 si
440 2410 665 2464 clericus
696 2409 1047 2479 [honoratior]
1076 2418 1174 2470 est,
1200 2409 1514 2478 degradetur
1542 2408 1629 2479 [ab
1650 2410 1727 2463 of—

190 2495 298 2550 ficii
326 2498 405 2550 sui
435 2498 618 2551 ordine
649 2496 977 2566 regradetur]
1016 2510 1028 2548 :
1059 2498 1101 2549 si
1132 2511 1256 2549 vero
1286 2497 1471 2559 laicus,
1494 2511 1729 2550 commu»

189 2583 351 2637 nione
380 2585 634 2651 privetur.

515 2669 693 2722 Conon
717 2669 1150 2737 Carthagi-icnsis,
1181 2686 1285 2721 rem
1318 2670 1397 2722 l2.

262 2752 283 2791 ί
312 2753 375 2809 Si
421 2756 557 2809 inter
580 2758 853 2824 episc0pos
896 2758 959 2810 de
1002 2758 1160 2808 rebus
1204 2759 1429 2810 terrenis
1461 2757 1728 2811 contentio

188 2852 309 2897 orta
338 2843 516 2906 fuerit,
544 2845 682 2898 inter
708 2846 829 2898 anni
856 2845 1083 2913 spatium
1111 2860 1205 2913 per
1228 2846 1476 2913 epistolas
1504 2845 1729 2898 fratrum

188 2932 497 2986 commoniti
540 2941 633 2985 aut
661 2934 796 2984 inter
822 2946 877 2985 se
906 2943 999 2986 aut
1042 2934 1093 2985 in
1122 2934 1402 3000 przesentia
1443 2933 1728 2985 electorum

192 3019 463 3087 negotium
489 3032 677 3072 sanare
703 3018 969 3071 festinent.
1013 3019 1160 3083 Quod
1200 3021 1287 3086 qui
1317 3019 1596 3081 distulerit,
1635 3021 1727 3072 do—

194 3120 295 3158 nec
322 3106 435 3173 ipsa
458 3106 693 3161 causatio
720 3107 1023 3175 abrogetur,
1054 3122 1083 3159 a
1106 3106 1364 3159 cliaritate
1392 3106 1613 3159 fratrum
1638 3108 1729 3159 lia-

192 3192 385 3245 beatur
409 3196 729 3260 extraneus.§

492 3280 558 3335 In
583 3281 795 3349 epistola
822 3267 1000 3336 Siricii’
1022 3299 1188 3351 papce,
1217 3299 1321 3335 trra
1351 3284 1437 3335 52.

268 3367 343 3422 De
366 3369 526 3422 rebus
568 3369 801 3423 ecclesiae
842 3378 957 3422 orta
986 3372 1250 3423 contentio
1279 3372 1343 3423 ad
1374 3371 1729 3439 metropolita-

200 3473 330 3512 num
355 3458 660 3513 deducatur.
686 3459 825 3513 Nihil
852 3459 1007 3513 liceat
1033 3468 1154 3513 ante
1180 3461 1468 3529 principem
1498 3460 1600 3513 ulla
1646 3476 1730 3512 ra-

198 3550 342 3602 tione
374 3550 641 3617 suspendi,
671 3550 762 3603 sed
790 3550 1152 3619 episcoporum
1171 3550 1368 3618 judicio
1396 3554 1725 3605 terminetur.

777 3658 997 3740 carui
1036 3658 1145 3711 XL.

200 3782 263 3818 Ιιε
300 3779 561 3829 ειιιεροιδο,
599 3780 694 3818 ιῈι.
746 3778 979 3819 CLERICIS
1012 3780 1287 3820 ACCUSATIS
1339 3782 1406 3819 ΕΤ
1447 3781 1731 3829 Αςευειιτο-

784 3848 834 3885 ιιι
842 3848 931 3885 Βυϐ
966 3846 1100 3886 εοιιυ
1107 3848 1139 3885 ΙΙ
1147 3871 1160 3883 .

595 3919 770 3974 Canon
800 3919 1061 3982 Nicamus,
1094 3937 1199 3972 aera
1228 3921 1293 3973 M
1320 3924 1361 3973 ε.

269 4029 295 4066 h
326 4026 381 4081 Si
411 4028 685 4096 episcopus
706 4026 969 4093 judicatus
1009 4025 1166 4078 fuerit
1212 4025 1265 4078 in
1311 4026 1411 4079 alia
1441 4042 1633 4091 causa,
1678 4014 1731 4083 et

201 4116 314 4183 ipse
340 4114 582 4177 voluerit,
618 4096 897 4167 renovetur
922 4114 1200 4168 concilium
1240 4130 1254 4166 :
1282 4125 1334 4169 et
1359 4118 1622 4170 scribatur
1665 4120 1731 4172 ab

200 4204 463 4272 episcopis
504 4203 595 4269 qui
641 4217 852 4277 causam
882 4204 1316 4257 examinaverunt
1359 4205 1595 4259 Romano
1622 4208 1732 4277 epi—

202 4303 379 4358 scopo,
408 4298 461 4343 et
485 4298 543 4342 ut
564 4290 675 4343 inse
691 4290 1009 4356 iudicaverit
1036 4291 1333 4358 impleatur.

834 4376 1025 4429 .Era3
1054 4379 1094 4428 ί.

272 4484 285 4511 ι
322 4463 473 4535 Alius
498 4478 621 4517 vero
645 4464 917 4532 episcopus
943 4466 995 4517 in
1022 4465 1139 4518 loco
1164 4466 1297 4532 ejus,
1321 4469 1409 4537 qui
1435 4468 1729 4524 Romanum
1758 4487 1806 4543 ι)

202 4549 504 4617 episc0pum
548 4551 844 4619 appellavit,
874 4566 974 4603 non
1002 4552 1273 4607 ordinetur
1312 4562 1432 4609 ante
1460 4558 1727 4610 examina-

156 4636 364 4689 ztionis
393 4650 625 4689 causam.

414 4723 590 4777 Conon
621 4726 982 4790 Antiocheam,
1006 4744 1109 4781 aera
1142 4729 1205 4783 16
1234 4729 1384 4801 [Can.
1417 4732 1522 4804 H].

275 4813 301 4852 ι
330 4812 385 4865 Si
408 4814 682 4881 contigerit
709 4823 767 4866 ut
790 4814 1064 4882 episcopus
1088 4816 1151 4871 de
1178 4819 1438 4873 eriminali
1467 4837 1624 4877 causa
1644 4840 1731 4878 ae-

204 4909 440 4962 cusetur,
466 4909 520 4951 et
552 4900 771 4954 diversa:
797 4904 1071 4956 sententia
1102 4914 1283 4957 contra
1309 4921 1427 4959 eum
1450 4910 1585 4975 apud
1614 4911 1718 4978 epi-

205 4999 394 5052 scapos
418 4986 774 5052 proferantur;
803 4988 997 5054 placuit
1023 4991 1478 5058 metropolitanum
1514 4995 1731 5051 alterius

206 5072 488 5137 provincia:
515 5075 772 5135 revocari,
802 5086 854 5127 et
875 5077 1071 5144 aliquot
1097 5092 1216 5131 cum
1251 5094 1313 5132 eo
1340 5083 1641 5152 episcopos;
1675 5096 1732 5139 ut

280 5211 303 5238 ⁸
333 5200 492 5267 Cane.
524 5202 702 5255 Aurel.
732 5219 811 5267 ιιι,
836 5219 885 5258 c.
915 5205 1002 5258 52.

277 5268 304 5303 δ
332 5266 491 5336 Quae.
524 5266 861 5334 Matiscon.i,
894 5288 943 5325 c.
972 5273 1023 5336 7,
1050 5285 1102 5327 et
1125 5293 1160 5329 ιι
1210 5293 1260 5329 c.
1289 5279 1370 5330 10.

280 5345 301 5410 ξ
331 5332 494 5410 Eone.
521 5337 721 5392 Matisc.
751 5332 864 5410 I,_c.
899 5340 946 5391 7.

275 5400 301 5438 ά
330 5400 506 5460 Ejusd.
535 5419 683 5459 conc.
717 5420 764 5458 c.
797 5406 879 5460 18.

277 5480 301 5506 ο
335 5470 455 5520 Var.
486 5470 613 5525 Vide
640 5482 747 5527 not.
780 5474 877 5526 viri
906 5474 968 5527 cl.
994 5475 1042 5528 J.
1076 5477 1358 5535 Sirmoudi.

286 5534 303 5571 ί
338 5536 452 5587 Vid.
480 5550 626 5590 eone.
657 5554 709 5592 iv
734 5539 913 5595 Carth.
939 5558 986 5595 c.
1015 5544 1096 5599 59.

184 5644 189 5651 .
283 5605 307 5641 ε
342 5602 501 5655 Cone.
533 5604 829 5660 Sardicens.
861 5624 908 5661 c.
936 5612 985 5663 5.

278 5672 301 5707 δ
332 5670 456 5722 Var.
482 5674 615 5740 apud
641 5674 850 5742 Dionys.
880 5685 933 5729 et
959 5678 1076 5732 lsid.

1823 1972 2013 2038 quibus
2054 1988 2157 2025 non
2191 1975 2503 2038 occurrerit,
2532 1977 2667 2029 intra
2695 1978 2855 2030 alium
2900 1994 3133 2034 mensem
3178 1997 3346 2037 cauae

1822 2073 1930 2112 sua
1953 2058 2185 2113 dicendae
2214 2059 2513 2131 [integram]
2553 2064 2742 2117 habeat
2786 2065 3119 2131 facultatem;
3165 2085 3346 2125 verum

1823 2154 1939 2213 post
1966 2161 2196 2200 mensem
2221 2150 2502 2246 secundum
2527 2152 2704 2205 tandiu
2734 2169 2838 2207 non
2862 2159 3232 2246 communicet.
3259 2163 3338 2216 do

1821 2241 1919 2282 nec
1956 2235 2228 2294 purgetur.
2270 2228 2327 2281 Si
2372 2237 2546 2283 autem
2575 2245 2681 2283 nec
2709 2235 2774 2286 ad
2802 2228 3354 2290 concilium'anniver-

1819 2315 2013 2369 sarium
2055 2312 2232 2385 (Van)
2259 2318 2573 2381 occurrerit,
2600 2325 2659 2370 ut
2680 2320 2761 2372 vel
2806 2322 2873 2375 ibi
2918 2336 3088 2376 causae
3120 2338 3226 2377 suae
3252 2334 3357 2380 tet--

1820 2402 2103 2465 minentur,
2134 2405 2245 2471 ipse
2274 2405 2327 2456 in
2355 2420 2411 2458 se
2438 2407 2789 2463 damnationis
2814 2413 3131 2467 sententiam
3160 2416 3357 2471 dixisse

1815 2490 2094 2559 iudicetur.
2128 2492 2385 2561 Tempore
2412 2510 2538 2549 sane
2576 2511 2680 2563 quo
2720 2514 2821 2551 non
2852 2504 3224 2565 communicat,
3256 2519 3357 2561 nec

1820 2580 1871 2631 in
1894 2595 1985 2632 sua
2008 2580 2157 2647 plebe
2196 2580 2440 2650 [ecclesia
2464 2585 2543 2635 vel
2568 2586 2821 2657 parmcia]
2845 2592 3221 2645 communicet:
3249 2593 3351 2651 Ac-

1818 2677 2033 2721 cusator
2089 2679 2262 2722 autem
2305 2670 2436 2736 ejus,
2488 2673 2532 2724 si
2581 2690 2848 2742 nunquam
2896 2678 3077 2733 diebus
3119 2660 3351 2736 dicenda:

1818 2773 1992 2811 causa:
2018 2757 2260 2821 defuerit,
2284 2776 2337 2813 -a
2364 2764 2731 2820 communione
2758 2781 2861 2819 non
2899 2779 3249 2824 remm'eatur.
3294 2772 3351 2825 Si

1818 2860 1946 2901 vero
1994 2848 2276 2916 aliquando
2315 2849 2559 2914 defuerit,
2610 2850 2946 2922 [subtrahens
2981 2857 3058 2927 se]
3108 2861 3350 2914 restituta

1818 2935 1833 3004 (
1846 2934 1994 3002 Var.)
2028 2938 2395 2991 communione
2440 2941 2711 3007 episcopo,
2764 2943 2875 3010 ipse
2922 2955 3253 2999 removeatur
3296 2946 3349 3019 [a

1814 3026 2179 3077 communione
2211 3028 2544 3098 accusator];
2576 3029 2646 3081 ita
2679 3038 2874 3095 tamen,
2910 3042 2968 3085 ut
2995 3034 3090 3101 ipsi
3128 3036 3353 3090 donetur

1817 3113 1934 3183 [ipsi
1962 3130 2065 3168 non
2093 3116 2373 3188 adimatur]
2405 3117 2625 3173 facultas
2648 3135 2819 3175 causae
2845 3126 3171 3193 peragendae,
3211 3129 3253 3179 si
3294 3128 3352 3182 Se

1756 3193 1877 3254 Cad
1906 3203 2045 3255 diem
2073 3219 2351 3259 occurrere
2381 3206 2557 3276 (ναν.)
2588 3209 2833 3273 voluisse,
2870 3213 2961 3264 sed
2986 3228 3088 3266 non
3116 3216 3349 3281 potuisse

1810 3292 2131 3358 probaverit.
2157 3294 2175 3360 (
2184 3294 2232 3345 Μ
2240 3294 2332 3346 ult.
2358 3312 2465 3348 var.
2494 3306 2541 3349 et
2563 3299 2796 3366 qua’dam
2819 3301 2966 3370 add.)
2988 3302 3347 3373 Adaccusan-

1813 3377 1937 3430 dum
1967 3388 2139 3433 tamen
2164 3382 2245 3436 vel
2275 3385 2598 3449 arguendum
2626 3401 2691 3439 ne
2734 3387 2853 3455 quis
2883 3389 3213 3457 admittatur,
3244 3395 3342 3448 nisi

1810 3467 1901 3533 qui
1928 3468 2169 3536 proprias
2193 3484 2401 3534 causas,
2429 3488 2532 3525 non
2555 3481 2731 3528 tamen
2757 3476 3145 3534 ecclesiasticas
3171 3480 3352 3536 dicere

1811 3559 2054 3613 voluerit.
2087 3570 2114 3598 ιι
2144 3559 2199 3614 Si
2214 3563 2489 3631 presbyter
2511 3564 2866 3619 autdiaconus
2882 3566 3077 3621 fuerint
3093 3572 3348 3632 accusati.

1811 3649 2059 3716 adjuncto
2086 3649 2186 3703 sibi
2206 3665 2273 3704 ex
2300 3652 2486 3705 vicinis
2512 3652 2642 3706 locis
2664 3652 2806 3723 [cum
2835 3656 3050 3723 proprio
3076 3659 3348 3728 episcopo]

1809 3734 2043 3805 legitimo
2080 3753 2301 3791 numero
2326 3739 2644 3808 collegarum
2686 3740 2839 3811 [quos
2868 3744 2935 3797 ab
2970 3745 3157 3799 eodem
3194 3761 3349 3801 accu-

1820 3826 2236 3896 sati~petierint,]
2266 3829 2316 3880 in
2345 3830 2637 3897 presbyteri
2649 3832 2883 3897 ,nomine
2912 3848 3025 3897 sex,
3051 3836 3104 3887 in
3141 3836 3347 3890 diaconi

1809 3921 1919 3965 tres
1941 3913 2172 3981 episcopi
2210 3914 2443 3980 ipsorum
2478 3930 2666 3971 causas
2689 3917 2993 3983 discutiant,
3023 3922 3205 3976 eadem
3234 3906 3346 3977 die-

1812 4015 1927 4051 rum
1954 4000 2036 4053 vel
2080 4000 2409 4065 dilationum,
2440 4010 2493 4057 et
2518 4018 2548 4056 a
2574 4007 2944 4060 communione
2971 4010 3346 4071 remotionum,

1808 4100 1861 4143 et
1885 4092 2208 4145 discussione
2235 4106 2599 4159 personarum,
2629 4096 2767 4148 inter
2792 4107 3127 4153 accusatores
3168 4108 3221 4153 et
3255 4116 3349 4155 eos

1808 4179 1897 4244 qui
1920 4187 2257 4243 accusantur,
2286 4178 2451 4234 forma
2479 4191 2707 4235 servata.
2737 4182 3077 4253 Reliquorum
3110 4184 3353 4257 [clerico-

1804 4264 1951 4329 rum]
1990 4275 2166 4320 autem
2212 4282 2401 4323 causas
2447 4270 2589 4323 solus
2628 4272 2789 4327 etiam
2818 4274 3095 4338 episconus
3126 4274 3227 4327 loci
3264 4288 3354 4327 co-

1828 4346 2043 4404 gnoscat
2070 4346 2121 4391 et
2151 4338 2315 4391 finiat.

2462 4427 2597 4480 Era
2634 4429 2717 4484 79.

1900 4528 1954 4581 Si
1994 4529 2269 4597 episcopus
2294 4530 2486 4583 clerico
2511 4530 2591 4583 vel
2628 4530 2761 4585 laico
2802 4533 3002 4588 crimen
3040 4535 3347 4606 injunxerit,

1831 4619 2117 4673 deducatur
2144 4620 2210 4673 ad
2235 4620 2613 4688 probationem.

2148 4726 2324 4780 Canon
2355 4727 2734 4797 Hipponiensis,
2764 4746 2868 4785 cra
2896 4700 2961 4785 67
2981 4742 3024 4783 ο.

1868 4835 2086 4893 Clerici
2124 4834 2392 4903 (Quasdam
2424 4835 2579 4905 add.)
2618 4839 2850 4894 accusati
2894 4854 2991 4907 pro
3030 4842 3268 4910 crimine,
3311 4854 3353 4905 si

1831 4922 2181 4975 innocentiam
2202 4937 2366 4973 suam
2401 4922 2660 4977 voluerint
2692 4940 2947 4990 asserere,
2990 4928 3125 4981 intra
3156 4944 3347 4983 annum

1830 5008 2378 5061 excommunicationis
2405 5010 2503 5062 hoc
2529 5009 2741 5064 faciant.
2774 5011 2827 5065 Si
2855 5028 2979 5067 vero
3001 5016 3132 5067 intra
3160 5028 3347 5068 annum

1830 5110 2041 5147 causam
2082 5110 2229 5148 suam
2265 5111 2367 5149 non
2397 5099 2729 5167 purgaverint
2755 5100 2999 5176 [purgare
3028 5112 3350 5171 contempse-

1907 5224 1922 5293 ἐ
1951 5220 2119 5293 gone.
2154 5222 2306 5293 Sard_.
2334 5239 2382 5276 c.
2411 5224 2463 5275 ι.

1902 5290 1913 5359 l
1951 5290 2073 5359 Yar.
2104 5292 2241 5357 apud
2268 5291 2477 5359 Dionys.
2506 5297 2559 5343 et
2584 5291 2705 5359 Isid.

1903 5358 1925 5425 ἓ
1954 5356 2151 5425 μηδι-ρ.
2179 5373 2273 5411 nec
2304 5356 2515 5425 Dionys.
2539 5373 2635 5411 nec
2658 5357 2779 5412 lsid.

1909 5423 1920 5458 ¹
1954 5423 2146 5494 lpterp.
2172 5440 2271 5494 nec
2293 5423 2504 5494 Dionys.
2535 5426 2772 5494 neelsid.

1902 5491 2123 5563 I_I_Cone.
2148 5508 2208 5547 ιιι
2245 5491 2489 5563 Carthag.
2534 5507 2583 5559 ρ.
2615 5493 2678 5556 7;
2704 5493 2820 5549 eod.
2850 5507 2969 5552 can.
3013 5491 3153 5548 Eccl.
3180 5492 3342 5549 Afz'ic.

1835 5576 1880 5611 co
1903 5557 2123 5681 ἒθάθιιο.
2150 5642 2205 5681 ιιι
2229 5625 2405 5679 Carth.
2436 5642 2482 5680 c.
2507 5626 2567 5691 8;
2596 5628 2709 5681 cod.
2740 5642 2853 5681 can.
2882 5646 2929 5681 c.
2955 5627 3041 5681 ΞΟ.

1906 5702 1928 5727 ο
1967 5693 2123 5747 Cone.
2155 5694 2334 5747 Carth.
2359 5710 2412 5759 v,
2443 5710 2488 5747 c.
2516 5696 2609 5759 12;
2637 5710 2783 5749 conc.
2806 5695 3123 5761 Africanum,
3155 5711 3200 5751 c.
3227 5696 3307 5749 66.
