4010 6474
671 433 827 484 -ιυδι
903 420 912 426 ’

1509 435 1817 491 CANONES
1855 435 2134 491 SELECTI
2170 434 2262 489 EX
2300 435 2452 490 VET.
2493 437 2643 491 CAN.
2687 435 3006 492 COLLECT.

3393 115 3956 406 s11

3695 436 3820 490 i051

696 538 1068 613 [probabiliter]
1097 556 1419 614 acccptetur;
1443 547 1543 600 nisi
1569 550 1652 600 ubi
1693 564 1882 615 corpus
1913 559 1998 600 aut
2029 549 2212 623 aliqua:
2242 551 2286 606 Α
2312 557 2567 612 potestate
2596 550 2899 601 consistam.
2934 546 2995 602 Et
3028 549 3069 600 si
3097 550 3222 614 quid
3251 558 3438 603 contra
3463 549 3654 621 [extra]
3681 564 3824 617 regu-

698 629 923 695 t'eliquite
945 645 1083 684 sunt.
1111 633 1281 703 (l'ar.)
1313 635 1378 687 ibi
1408 643 1615 689 auctore
1640 637 1736 690 hoc
1760 637 1978 702 alicujus
2005 637 2205 688 habita-

695 717 848 770 tionis
869 721 944 771 vel
969 724 1220 788 passionis
1249 722 1540 776 ﬁdelissima
1567 725 1766 793 origine
1792 726 2044 777 tradatur.
2077 722 2206 776 Nam

695 817 809 868 quae
861 820 952 872 per
995 809 1191 859 somnia
1234 818 1283 859 et
1325 825 1417 875 pr-r
1458 812 1637 863 inanes
1676 811 1822 877 quasi
1865 810 2209 863 revelationes

693 891 955 945 hominum
981 897 1360 947 constituuntur
1389 898 1589 960 altaria,
1617 899 1727 951 haec
1752 899 1892 952 omni
1916 897 2068 950 modo
2089 911 2207 964 pro-

691 976 1356 1052 bibentnrlrcprobentur].
1444 996 1448 1002 '

1286 1091 1501 1147 CAPUT
1539 1094 1598 1146 Ι...

1081 1192 1141 1229 ns
1176 1192 1419 1232 sonrmcs
1454 1197 1518 1232 er
1554 1181 1808 1234 manans.

1038 1261 1212 1315 Conon
1241 1265 1567 1327 Arelatensis,
1596 1282 1700 1318 mra
1727 1259 1862 1332 “24's.

752 1369 853 1436 Qui
889 1369 1082 1425 faculas
1121 1374 1428 1439 accepdunt.
1471 1383 1559 1425 aut
1597 1373 1809 1426 arbores
1844 1379 1936 1424 aut
1969 1387 2091 1426 saxa
2126 1374 2208 1426 vel

683 1458 852 1512 fontes
879 1469 1213 1524 venerantur,
1245 1464 1287 1514 si
1317 1463 1414 1515 hoc
1441 1461 1616 1531 (ναν.)
1646 1462 1920 1528 episcopus
1943 1462 2042 1514 loci
2070 1461 2208 1515 illius

680 1561 864 1599 eruere
891 1549 1200 1615 neglexerit,
1228 1551 1482 1623 sacrilegii
1511 1566 1655 1604 reum
1683 1565 1740 1605 se
1763 1564 1879 1604 esse
1905 1558 2204 1618 cognoscat.

681 1636 928 1696 Dominus
969 1648 1139 1692 autem
1177 1641 1448 1694 ominator
1488 1640 1561 1692 rei
1605 1639 1786 1708 ipsius,
1824 1640 1868 1692 si
1910 1638 2206 1692 admonitus

677 1725 953 1779 emendare
975 1727 1216 1789 noluerit,
1242 1728 1605 1780 communione
1628 1725 1877 1793 privetur.

1003 1832 1176 1887 Canon
1205 1836 1580 1902 Africanorum,
1609 1851 1713 1888 trra
1741 1834 1805 1886 74
1830 1834 1878 1885 δ.

740 1935 1008 2006 Auguriis,
1048 1940 1128 1992 vel
1169 1941 1610 1996 incantationibus
1645 1941 1978 2005 servientem,
2009 1956 2040 1994 a
2079 1955 2201 1995 con-

676 2033 830 2081 ventu
857 2027 1091 2082 ecclesia:
1118 2031 1480 2097 separandum.

907 2134 1082 2191 Cimon
1114 2119 1428 2208 Agatheusis,
1459 2139 1659 2194 trra-40
1682 2139 1833 2210 [Cum
1862 2139 1968 2209 42].

743 2243 801 2296 Si
827 2247 946 2311 quis
972 2255 1158 2310 sortes,
1184 2261 1316 2315 quas
1348 2258 1648 2302 sanctorum
1670 2256 1880 2312 vocant,
1909 2247 2084 2317 (γαν.)
2110 2249 2204 2301 ha-

676 2335 877 2397 buerit,
920 2335 998 2388 vel
1045 2336 1381 2392 divinationis
1419 2341 1691 2394 scientiam
1737 2341 2065 2409 proﬁteatur.
2113 2348 2206 2394 aut

674 2437 1101 2492 quarumcunquc
1130 2428 1504 2495 scripturarum
1537 2430 1855 2496 inspectione
1885 2429 2057 2484 futura
2081 2432 2205 2498 pr'o-

675 2507 848 2562 mittat
873 2525 885 2560 :
908 2510 1202 2578 quicunque
1225 2511 1470 2582 [clericus
1488 2514 1567 2568 vel
1587 2514 1752 2570 laicus
1771 2517 2002 2572 detectus
2023 2517 2202 2589 fuerit]

675 2595 786 2649 haec
821 2597 1090 2651 consulere
1127 2600 1206 2652 vel
1237 2600 1423 2654 docere
1447 2606 1855 2672 prnsumpserit,
1887 2607 1953 2660 ab
1979 2607 2200 2661 ecclesia

673 2683 930 2743 habeatur
951 2692 1245 2741 extraneos.

987 2792 1163 2849 Conon
1191 2797 1589 2864 Aurelianensis,
1619 2818 1723 2854 trra
1750 2802 1816 2856 26

738 2897 792 2951 Si
820 2900 938 2967 quis
965 2901 1308 2958 divinationes
1339 2906 1420 2958 vel
1457 2909 1670 2977 auguria
1707 2912 1987 2966 crediderit
2020 2914 2200 2969 obser-

669 2988 857 3050 vanda,
880 2989 958 3042 vel
985 3000 1173 3056 sortes,
1195 3009 1323 3062 quas
1346 2998 1664 3052 mentiuntur
1691 2999 1848 3054 luisse
1873 3012 2196 3066 sanctorum,

669 3077 850 3146 (Add.)
875 3094 995 3133 cum
1020 3081 1099 3135 bis
1121 3085 1209 3150 qui
1247 3086 1323 3140 eis
1353 3089 1668 3142 crediderint
1695 3091 1762 3144 ab
1786 3091 2034 3146 Ecclesia:
2059 3109 2200 3148 com-

670 3165 913 3219 munione
941 3168 1180 3236 pellatur.
1445 3177 1455 3184 ’
1967 3187 1972 3196 ’

1003 3275 1178 3330 Conon
1205 3279 1560 3361 Ancyritanus,
1589 3300 1693 3336 trra
1720 3286 1787 3338 2—1
1809 3286 1856 3338 ἀ.

737 3382 835 3448 Qui
858 3385 1071 3452 auguria
1093 3386 1170 3440 vel
1193 3389 1440 3456 auspicia,
1459 3403 1548 3446 aut
1568 3393 1916 3450 divinationes
1937 3398 2198 3464 quaslibet

669 3472 970 3534 observant,
1004 3482 1092 3526 aut
1129 3475 1308 3530 domos
1346 3493 1469 3533 suas
1505 3480 1749 3544 lustrant,
1787 3484 2012 3538 confessi
2046 3486 2198 3553 quin-

669 3557 896 3625 qucnnio
918 3559 1274 3628 pmnitentiam
1299 3573 1473 3632 agant.

1263 3671 1481 3727 CAPUT
1519 3675 1598 3727 ιι.

881 3773 946 3812 »ε
982 3774 1232 3823 ειεκιοιδ,
1268 3775 1518 3816 ιιοΝΑειιιδ
1553 3779 1644 3816 νει.
1680 3777 1974 3818 ABBATIBUS.

745 3945 766 3970 ο
805 3933 902 3998 Qui
931 3935 1090 3988 semel
1121 3936 1170 3987 in
1199 3935 1339 3990 clero
1365 3937 1598 4005 deputati
1628 3950 1770 4002 sunt,
1801 3949 1892 3994 aut
1920 3945 2201 3995 monacho-

670 4036 786 4072 rum
821 4020 978 4072 vitam
1003 4023 1358 4088 expetierunt,
1391 4024 1666 4078 statuimus
1697 4034 1754 4079 ut
1777 4041 1945 4096 neque
1972 4027 2037 4080 ad
2069 4027 2202 4080 mili-

672 4110 798 4160 tiam
829 4123 994 4176 neque
1021 4111 1084 4161 ad
1110 4110 1334 4176 aliquam
1358 4113 1659 4180 dignitatem
1683 4117 1859 4170 venire
1885 4126 2202 4186 praesumant

673 4197 988 4249 mundanam
1013 4215 1023 4248 :
1053 4207 1141 4250 aut
1162 4197 1272 4250 haec
1301 4207 1563 4254 tentantes
1588 4211 1642 4256 et
1666 4217 1766 4256 non
1793 4213 2008 4274 agentes
2036 4206 2204 4271 perni-

672 4281 913 4346 tentiam,
942 4284 1218 4351 quominus
1247 4286 1460 4340 redeant
1485 4287 1550 4341 ad
1573 4289 1671 4342 hoc
1695 4290 1834 4356 quod
1859 4298 2074 4359 propter
2101 4290 2202 4346 Do-

673 4369 868 4423 minum
892 4369 1132 4438 primitus
1161 4373 1446 4440 elegerunt,
1475 4379 2000 4435 anathematizentur.

1004 4479 1180 4533 Conon
1206 4481 1600 4549 Aurelianensis,
1629 4504 1732 4540 trra
1761 4490 1794 4542 9
1828 4489 1869 4542 ί.

743 4582 806 4635 lli
832 4551 918 4652 ᾦὶ
957 4597 1194 4656 suscepta
1224 4592 1527 4657 pmnitentia
1565 4596 1813 4665 religione
1850 4613 1958 4653 sum
1995 4601 2195 4668 proles-

673 4670 836 4724 sionis
861 4671 1004 4726 obliti
1028 4676 1092 4726 ad
1123 4678 1388 4733 szccularia
1427 4683 1746 4755 rel'ibuntur,
1771 4703 1801 4742 a
1832 4692 2195 4746 communione

672 4761 993 4850 etiomnium
1031 4764 1404 4833 catholicorum
1447 4755 1680 4826 convivio
1719 4787 2025 4850 separentur
2065 4779 2195 4850 [pla-

672 4849 803 4910 cuit,
825 4859 948 4912 etc.,
973 4855 1255 4926 suspendi].
1289 4855 1462 4927 (ναν.)
1491 4858 1544 4912 Si
1573 4869 1697 4916 Vero
1725 4847 1773 4932 pi
1794 4873 1842 4918 st
1866 4847 2226 4928 interdictum.

672 4951 794 4990 cum
827 4952 891 4992 co
919 4939 1034 5007 quis
1062 4945 1448 5010 praesumpserit
1480 4951 1812 5015 manducare,
1843 4961 1897 5005 et
1922 4953 2032 5020 ipse
2057 4969 2199 5008 com-

674 5028 920 5082 munione
947 5030 1195 5098 privetur.

1285 5120 1420 5174 Αἶγα
1453 5122 1513 5176 l5
1545 5125 1588 5176 Β.

740 5203 966 5258 Abbates
993 5220 1090 5273 pro
1128 5207 1422 5264 humilitate
1450 5211 1716 5280 religionis
1741 5215 1791 5268 in
1829 5217 2192 5285 episcoporum

744 5342 768 5370 ι
805 5329 965 5398 Cone.
993 5331 1132 5386 Arel.
1158 5350 1217 5398 ιι,
1245 5350 1292 5388 c.
1321 5335 1408 5389 23.

673 5478 724 5518 ε.
743 5396 940 5519 ιὲἇωῑ.
966 5398 1105 5454 Eccl.
1135 5403 1187 5455 in
1206 5396 1322 5458 cod.
1349 5404 1501 5459 Barb.
1529 5421 1577 5460 c.
1601 5407 1697 5471 83;
1739 5405 1898 5462 Cone.
1924 5423 1976 5461 tv
2012 5407 2192 5462 Carlh.

745 5544 767 5562 ”
805 5532 964 5587 Cone.
990 5532 1165 5588 Aurel.
1195 5553 1232 5598 ι,
1260 5552 1306 5592 c.
1333 5540 1419 5592 50.

745 5599 770 5636 δ
907 5601 1067 5681 iri-Gr.
1090 5619 1136 5656 c.
1160 5604 1246 5669 ‘25,
1272 5608 1322 5659 in
1344 5608 1532 5677 interp.
1559 5609 1770 5681 Dionys.
1795 5621 1845 5665 et
1875 5611 1993 5664 Isid.
2030 5628 2057 5663 a
2083 5612 2196 5679 qni-

677 5666 776 5721 bus
801 5668 899 5721 ista
929 5669 1204 5738 tliSt‘rt‘p:tl.

2225 3175 2270 3236 C

2307 639 2409 690 lam
2441 637 2674 700 fecerint,
2714 641 2776 690 ab
2813 641 3069 706 episcopis
3117 640 3492 707 corripiantur,
3539 655 3628 708 qut
3671 639 3816 692 ειεωά

2307 728 2358 779 in
2388 742 2544 788 anno,
2576 729 2626 778 in
2673 727 2839 779 lot‘um
2885 728 2971 778 ubi
3023 727 3297 794 epismpns
3349 727 3586 795 elegerit,
3619 733 3816 793 accepta

2305 814 2577 866 vocatione
2633 817 2962 868 conveniant.
3029 816 3268 870 Monach!
3320 826 3497 869 autem
3557 815 3816 868 abbatibus

2307 903 2446 953 omni
2495 917 2550 954 se
2583 904 2875 954 obl-(tientia
2910 904 2932 940 ιι
2961 911 3013 955 et
3049 903 3326 956 devotione
3356 901 3654 967 subjiciam.
3684 899 3816 965 Quod

2307 987 2350 1037 si
2377 989 2493 1053 quis
2522 1002 2616 1053 per
2640 988 3018 1041 contumaciam
3055 987 3318 1040 exstiterit
3346 1001 3451 1039 non
3476 988 3712 1046 devotus.
3737 992 3816 1037 aut

2306 1089 2400 1139 per
2426 1075 2596 1142 aliqua
2639 1076 2745 1128 loca
2797 1077 3023 1140 evagari,
3054 1085 3142 1128 aut
3178 1076 3442 1144 peculiare
3468 1077 3666 1130 habere
3699 1089 3814 1142 pra:-

2307 1163 2606 1227 sumpserit,
2641 1163 2814 1216 omnia
2863 1177 2976 1230 quae
3027 1161 3331 1228 acquisierit
3377 1162 3656 1216 abbatibus
3683 1159 3816 1212 aufe-

2308 1256 2508 1307 rantur,
2555 1248 2837 1300 secundum
2890 1249 3120 1318 regulam
3171 1248 3492 1302 monasterio
3537 1248 3819 1316 profutura.

2305 1333 2405 1399 Ipsi
2437 1343 2612 1386 autem
2644 1337 2731 1402 qui
2769 1335 2961 1388 fuerint
2986 1337 3276 1404 pervagati,
3307 1338 3607 1403 ubicunque
3633 1335 3820 1389 inv'enti

2264 1450 2273 1459 -
2306 1419 2519 1482 fuerint,
2565 1436 2683 1473 cum
2713 1421 2910 1474 auxilio
2933 1423 3164 1490 episcopi
3197 1429 3448 1490 tanquam
3483 1423 3698 1490 fugaces
3731 1422 3821 1476 sub

2305 1509 2537 1562 custodia
2566 1519 2894 1563 revocentur.
2947 1510 3010 1562 Et
3037 1525 3182 1562 reum
3203 1523 3260 1564 se
3294 1510 3380 1564 ille
3405 1510 3572 1563 abbas
3597 1509 3820 1562 futurum

2304 1611 2418 1650 esse
2446 1607 2739 1667 cognoscat,
2769 1599 2856 1665 qui
2891 1597 2988 1668 [in]
3017 1597 3313 1666 huiusmodi
3343 1613 3597 1666 personas
3621 1613 3724 1652 non
3747 1611 3819 1650 re-

2303 1685 2469 1750 gulari
2519 1686 2972 1738 animadversione
3013 1676 3358 1750 distrinxerit,
3414 1685 3500 1738 vel
3528 1686 3616 1754 qui
3647 1697 3815 1739 mona-

2305 1775 2461 1826 chum
2500 1775 2791 1841 susceperit
2811 1774 3057 1826 alienum.

2621 1860 2798 1913 Cauon
2825 1860 3270 1922 Chalcedonensis,
3299 1876 3404 1913 trra
3433 1869 3504 1929 ιη

2377 1951 2391 1988 ί
2437 1949 2716 2002 Monachos
2753 1964 2879 2002 vero
2913 1963 3007 2016 per
3047 1961 3474 2016 unamquamque
3509 1947 3822 2016 provinciam

2302 2045 2390 2090 aut
2433 2038 2701 2091 civitatem
2756 2036 3020 2104 subjectos
3048 2051 3164 2091 esse
3203 2038 3488 2104 episcopo:
3527 2045 3583 2090 et
3604 2037 3822 2105 quietem

2300 2125 2555 2192 diligere;
2616 2133 2671 2178 et
2708 2125 2936 2180 intentos
2978 2139 3095 2178 esse
3138 2125 3501 2181 tantummodo
3544 2123 3744 2192 jejunio
3777 2131 3820 2176 et

2299 2215 2565 2277 orationi;
2602 2222 2973 2281 permanentes
3005 2213 3057 2265 in
3092 2213 3243 2276 locis,
3273 2215 3327 2266 in
3355 2213 3550 2282 quibus
3570 2212 3831 2270 renuntia-

2300 2312 2487 2355 verunt
2509 2302 2699 2354 saeculo
2723 2319 2738 2363 ι
2766 2315 2861 2354 nec
2885 2299 3258 2354 ecclesiasticis
3303 2313 3474 2368 neque
3495 2297 3822 2352 saecularibus

2300 2392 2522 2460 negotiis
2551 2389 2955 2452 communicare,
2993 2388 3074 2441 vel
3115 2389 3170 2441 in
3192 2388 3370 2455 aliquo
3395 2401 3514 2440 esse
3559 2385 3821 2444 molestos,

2299 2483 2513 2554 propria
2566 2479 2884 2534 monasteria
2931 2480 3234 2534 deserentes
3262 2496 3275 2530 :
3306 2479 3405 2532 nisi
3435 2477 3576 2531 forte
3601 2476 3680 2530 eis
3703 2489 3827 2544 prte-

2300 2573 2524 2640 cipiatur
2548 2580 2761 2639 propter
2779 2586 2912 2637 opus
2938 2572 3292 2626 necessarium
3326 2572 3401 2624 .ab
3423 2569 3678 2638 episcopo
3705 2567 3822 2622 civi-

2300 2660 2442 2712 tatis.
2485 2660 2692 2712 Nullum
2720 2674 2845 2712 vero
2873 2660 3192 2714 monasterio
3237 2672 3450 2712 servum
3480 2658 3702 2710 obtentu
3725 2671 3819 2709 mo-

2299 2745 2452 2797 nachi
2481 2753 2694 2812 propter
2717 2747 2796 2798 sui
2822 2745 3018 2800 domini
3043 2745 3418 2798 conscientiam
3441 2743 3624 2809 recipi.
3651 2731 3830 2796 Trans-

2298 2834 2620 2901 gredientem
2651 2848 2776 2886 vero
2801 2835 2818 2887 l
2842 2848 2935 2887 anc
2961 2833 3315 2889 definironem
3358 2842 3595 2886 nostram
3623 2847 3818 2885 excom-

2299 2921 2624 2976 municatum
2682 2939 2796 2975 esse
2861 2923 3207 2983 decrevimus,
3254 2936 3321 2975 ne
3373 2935 3566 2975 nomen
3631 2919 3828 2972 ῡυιεὶιιὶ

2299 3011 2706 3078 Μιιςρὶιοιιιριυ..
2781 3013 3144 3064 γλυύιιιιιιιιιοιι
3226 3009 3526 3077 episcopum
3595 3007 3823 3062 convenit

2300 3107 2659 3166 competenter
2721 3099 3159 3168 monasteriorum
3208 3095 3593 3164 providentiam
3631 3107 3824 3163 genere.

2515 3185 2690 3238 Conon
2717 3185 3040 3254 Agatltensis,
3067 3199 3171 3236 trra
3201 3182 3266 3236 l9
3295 3179 3446 3251 [Corn
3476 3179 3592 3249 θη.

2365 3276 2732 3327 Μοιιιιειριὶιωι
2763 3288 2890 3327 vero
2905 3286 3117 3333 novum,
3134 3271 3230 3323 nisi
3245 3270 3488 3337 episcopo
3499 3267 3827 3334 permittente

2297 3363 2408 3433 [aut
2433 3363 2707 3430 probante]
2741 3362 2970 3427 incipere
2999 3367 3089 3410 aut
3118 3358 3334 3410 fundare
3351 3369 3504 3408 nemo
3529 3339 3826 3421 praesumat.

2295 3449 2535 3502 Monachi
2566 3457 2740 3502 autem
2763 3455 3010 3515 vagantes
3037 3446 3101 3496 ad
3143 3443 3368 3496 ollicium
3397 3439 3701 3498 clericatus,
3731 3438 3825 3490 nisi

2295 3543 2373 3594 eis.
2400 3541 2758 3593 testimonium
2789 3538 2951 3591 abbas
2981 3551 3104 3590 suus
3132 3533 3354 3595 dederit,
3383 3545 3554 3599 neque
3576 3530 3630 3582 in
3651 3527 3820 3582 civita-

2297 3631 2455 3691 tibus,
2514 3645 2680 3696 neque
2733 3631 2786 3680 in
2831 3625 3092 3694 parochiis
3140 3621 3466 3677 ordinentur.
3521 3615 3828 3672 Manedum!

2297 3733 2442 3781 vero,
2470 3719 2570 3770 nisi
2623 3716 2826 3771 abbatis
2854 3715 2936 3767 sui
2982 3711 3240 3782 permissu
3271 3710 3386 3780 [aut
3428 3706 3745 3778 voluntate],
3768 3705 3827 3759 ad

2296 3807 2520 3860 alterum
2543 3805 2918 3858 monasterium
2941 3802 3249 3870 migrantem
3279 3798 3453 3852 nullus
3477 3796 3639 3850 abbas
3665 3795 3818 3850 susci~

2298 3910 2422 3962 pere
2450 3901 2540 3947 aut
2568 3893 2796 3946 retinere
2843 3896 3126 3962 prmsumat
3151 3905 3162 3940 :
3193 3887 3284 3940 sed
3332 3886 3630 3952 ubicunque
3655 3881 3828 3943 fuerit,

2298 3983 2474 4036 abbati
2499 3995 2595 4034 suo
2617 3981 2929 4033 auctoritate
2958 3991 3216 4032 canonum
3253 3985 3543 4029 revocetur.
3572 3973 3629 4026 Si
3652 3987 3826 4026 neces.

2297 4089 2353 4124 se
2385 4071 2514 4123 tueri
2570 4069 2634 4121 ad
2659 4065 2886 4120 oﬂicium
2922 4065 3200 4120 clericatus
3243 4063 3514 4132 [clericum
3555 4063 3621 4114 de
3646 4074 3826 4116 mona-

2297 4161 2408 4213 cbis
2457 4154 2736 4222 ordinari],
2787 4167 2907 4209 cum
2937 4165 3194 4206 consensu
3233 4149 3581 4204 et'voluntate
3627 4149 3826 4200 abbatis

2297 4247 2608 4301 monachum
2639 4251 2921 4313 praesumat
2957 4243 3247 4310 episcopus.
3297 4236 3448 4310 (Can.
3490 4235 3604 4306 28.)
3653 4236 3823 4290 Mona-

2295 4335 2454 4388 steria
2511 4333 2824 4402 puellarum,
2875 4331 3080 4400 longius
3120 4345 3150 4383 a
3179 4329 3511 4384 monasteriis
3544 4327 3822 4381 monacho-
3861 4331 3866 4335 ’

2299 4437 2410 4474 rum
2436 4420 2757 4475 collocentur
2790 4425 3004 4489 propter
3031 4416 3251 4470 insidias
3291 4414 3508 4478 diaboli,
3543 4413 3626 4468 vel
3653 4415 3823 4467 obtre

2228 4492 2274 4550 Ῑ)
2297 4509 2553 4562 ctationes
2579 4502 2978 4577 [oblocutiones]
3009 4503 3296 4557 hominum.

2928 4589 2999 4644 ΑΞ
3007 4607 3063 4643 ra
3099 4589 3184 4642 '58.

2367 4683 2695 4737 Servandum
2749 4694 2958 4750 quoque
2981 4679 3045 4733 de
3072 4676 3363 4736 monachis,
3396 4690 3461 4728 ne
3491 4675 3567 4728 eis
3597 4669 3816 4744 per[ad]

2301 4773 2562 4826 solitarius
2585 4771 2801 4824 cellulas
2827 4769 2983 4822 liceat
3009 4781 3039 4818 a
3065 4764 3468 4832 congregatione
3511 4762 3815 4821 discedere;

2300 4859 2398 4912 nisi
2431 4857 2563 4912 forte
2607 4856 2837 4926 probatis
2866 4863 2982 4924 post
3016 4852 3263 4907 emeritos
3291 4851 3520 4915 labores,
3547 4861 3641 4903 aut
3682 4847 3819 4902 inﬁr-

2299 4947 2498 4999 mitatis
2523 4945 2851 5006 necessitas,
2881 4942 3117 5010 asperior
3143 4940 3206 4994 ab
3232 4937 3511 4992 abbatibus
3537 4938 3720 5006 regula
3737 4951 3815 4989 re-

2299 5034 2552 5086 mittatur.
2606 5031 2761 5101 (Add.
2791 5041 2836 5082 el
2869 5029 3000 5096 var.)
3039 5027 3236 5082 Tamen
3283 5022 3423 5080 intra
3465 5025 3649 5080 eadem
3677 5035 3816 5095 septa

2301 5119 2623 5181 monasterii,
2657 5119 2754 5172 sub
2773 5117 2978 5171 abbatis
3004 5124 3260 5188 potestate
3311 5123 3586 5183 separatas
3629 5114 3810 5168 habere

2296 5209 2506 5262 cellulas
2535 5209 2924 5277 permittantnr.

2367 5353 2389 5380 ε
2426 5343 2585 5395 Cone.
2626 5337 2868 5392 Chalccd.
2904 5351 2953 5390 c.
2999 5337 3050 5388 '7.
3090 5335 3280 5403 lnterp.
3319 5347 3419 5387 nec
3465 5333 3678 5396 Dionvs.
3723 5342 3808 5384 nec

2295 5409 2412 5461 Isid.
2443 5408 2572 5461 Vide
2598 5423 2744 5460 conc.
2775 5406 3036 5473 Andegav.
3061 5419 3110 5460 c.
3137 5403 3188 5454 7.

2369 5476 2385 5513 τ
2428 5477 2588 5528 Cone.
2617 5474 2794 5528 Aurel.
2823 5491 2864 5536 ι,
2891 5472 2939 5526 c.
2972 5472 3054 5525 Η.

2367 5545 2390 5581 s
2438 5541 2782 5612 Ejusdqqconc.
2821 5555 2869 5595 c.
2899 5540 2993 5612 l9;
3280 5603 3309 5612 ..

2365 5613 2387 5649 ιδ
2432 5603 2552 5662 Vitr.
2584 5607 2710 5663 Vide
2731 5616 2838 5662 not.
2867 5608 2935 5662 cl.
2964 5605 3012 5658 J.
3051 5603 3330 5660 Sirmondi.

2375 5681 2383 5715 ί
2429 5677 2699 5730 Paululum
2726 5676 2896 5730 (litl'ert
2917 5675 2982 5728 ab
3011 5675 3278 5740 interpret.
3311 5668 3531 5738 Dionys.
