4010 6400
133 422 155 472 1
169 420 294 473 053

431 531 610 583 Canon
640 528 1036 589 Aurelianensis,
1068 542 1173 579 tera
1210 525 1273 578 18
1300 536 1344 575 ι.

204 620 475 676 Monacho
494 618 572 670 uti
603 616 799 677 orario,
851 612 924 682 [in
945 610 1281 681 monasterio]
1305 611 1385 663 vel
1412 610 1439 650 δ
1462 610 1672 678 ciangas

123 710 342 764 habere
367 720 471 759 non
507 704 680 757 liceat.

478 788 657 844 Canon
685 787 1012 849 Arelatensis,
1042 802 1146 840 tera
1173 785 1209 838 2
1245 795 1291 835 ο.

200 883 283 939 Ut
307 880 633 936 monasteria
661 886 713 931 et
750 874 1123 930 monachorum
1166 872 1432 940 disciplina
1460 870 1524 924 ad
1550 884 1670 923 eum

118 975 443 1044 pertineant
482 971 784 1037 episc0pum
826 967 878 1019 in
908 966 1056 1033 cujus
1104 972 1225 1016 sunt
1256 961 1518 1015 territorio
1543 974 1669 1012 con-

122 1064 347 1118 alitum.

423 1145 603 1201 Canon
638 1143 1079 1203 Chalcedonenus,
1111 1156 1215 1192 cura
1240 1138 1327 1191 ει.

195 1251 226 1280 α
269 1239 401 1304 Qua:
448 1234 610 1290 semel
639 1234 873 1321 dedipata
922 1238 1045 1284 sunt
1094 1227 1409 1282 monasteria
1452 1224 1671 1277 consilio

120 1331 528 1399 episcOporum,
559 1315 807 1376 maneant
844 1325 1099 1388 perpetuo
1118 1315 1470 1371 monasteria:
1511 1322 1564 1367 et
1586 1328 1671 1366 res

120 1431 249 1484 qua:
277 1414 347 1467 ad
367 1426 433 1466 ea
448 1410 716 1479 pertinent
741 1407 855 1460 loca
877 1404 1209 1459 monasteriis
1231 1415 1500 1456 reservare
1517 1415 1669 1469 opor-

121 1512 223 1563 tet,
251 1512 357 1553 nec
388 1510 543 1565 posse
568 1492 705 1547 ultra
756 1490 874 1545 fieri
904 1489 1177 1544 saicularia
1227 1487 1539 1541 habitacula.
1570 1486 1667 1551 Qui

118 1603 259 1641 vero
296 1587 403 1640 hoc
425 1583 542 1637 ﬁeri
581 1578 936 1655 permiserint,
963 1589 1220 1631 canonum
1248 1573 1521 1628 sententiis
1542 1574 1664 1625 sub-

113 1674 401 1741 jacebunt.
634 1741 639 1745 _

429 1758 611 1814 Conon
636 1757 1133 1826 Augustodunensts,
1158 1766 1264 1804 tera
1290 1749 1338 1802 1.

966 412 1273 469 canones
1300 376 1588 465 'ssLsc'n
1625 378 1716 478 sit
1754 405 1905 459 ver.
1947 403 2099 458 CAN.
2139 402 2459 458 COLLECT.
2830 478 2831 481 γ

1692 521 1737 576 Α
1767 515 1922 585 (Add.
1966 526 2013 568 et
2057 523 2187 586 var.)
2235 516 2383 582 Quod
2422 517 2465 570 si
2519 518 2794 570 verborum
2842 519 3280 587 increpationibus

3148 405 3314 459 1051ι

1772 620 1874 658 non
1894 605 2300 666 emendaverint,
2338 604 2640 659 verberibus
2666 619 3024 661 coerceantur.

2128 692 2193 746 In
2218 694 2429 762 epistola
2455 693 2629 747 Siricii
2675 712 2817 763 papa:
2849 700 2891 747 Β.

1837 778 2117 835 Munachos
2159 796 2384 850 quoque,
2431 797 2562 850 quos
2590 798 2795 838 morum
2844 786 3072 853 gravitas
3094 794 3148 839 et
3177 788 3285 841 vita

1767 876 1949 921 sancta
1999 866 2074 937 [et
2096 868 2217 921 vita:
2242 881 2304 921 ac
2328 869 2451 922 ﬁdei
2492 869 2749 923 institutio
2781 870 2981 941 sancta]
3027 886 3285 926 commen-

1766 958 1872 1026 dat,
1903 956 2211 1010 clericorum
2248 951 2430 1010 olliCiis
2473 959 2741 1026 aggregari
2779 968 2831 1012 et
2850 969 3086 1025 optamus
3112 967 3165 1012 et
3190 973 3285 1013 vo-

1768 1019 1978 1106 ldinus;
2010 1042 2085 1095 ita
2118 1050 2177 1109 ut
2203 1040 2381 1113 (Van)
2425 1045 2469 1096 si
2623 1019 2759 1098 intra
2801 1019 3287 1100 tricesimumsmta—

1766 1130 1834 1184 tis
1868 1144 2060 1184 annum
2086 1139 2228 1195 sunt,
2255 1148 2349 1200 per
2381 1134 2572 1202 gradus
2605 1134 2835 1203 singulos
2863 1137 3120 1189 crescenti
3152 1145 3288 1190 tem-

1764 1232 1891 1285 pore
1932 1230 2339 1286 promoveantur
2398 1223 2668 1276 ordinibus
2723 1224 2983 1292 singulis:
3014 1234 3067 1279 et
3111 1226 3187 1278 sic
3218 1224 3286 1277 ad

1765 1304 2066 1358 diaconatus
2090 1307 2171 1360 vel
2203 1308 2497 1379 presbyteri
2528 1310 2738 1363 ordines
2777 1308 3047 1379 [insignia]
3096 1310 3287 1365 maturi

1766 1393 2005 1461 [maturae
2044 1394 2214 1449 relatis
2259 1396 2669 1467 consecratione]
2700 1398 3023 1464 perveniant,
3059 1414 3123 1453 ne
3150 1398 3286 1455 saltu

1765 1483 1829 1534 ad
1853 1483 2183 1549 episcopatus
2223 1483 2426 1556 culmen
2463 1485 2768 1547 ascendant,
2819 1485 2919 1539 nisi
2967 1483 3141 1555 (ναν.)
3177 1487 3288 1538 sin-

1763 1568 1895 1635 gulis
1946 1568 2193 1639 gradibus
2222 1577 2275 1624 et
2309 1572 2438 1625 ordo
2482 1580 2536 1625 et
2588 1579 2825 1640 tempora
2877 1571 3073 1625 fuerint
3114 1581 3287 1625 custo-

1766 1657 1891 1708 dita.
2451 1712 2454 1716 λ

1961 1742 2025 1795 In
2052 1745 2266 1814 epistola
2293 1745 2580 1800 Innocentii
2612 1764 2757 1817 papae
2782 1749 2834 1811 ιι,
2860 1764 2964 1801 trra
2990 1748 3073 1800 11.

196 1863 224 1891 θ
263 1802 998 1909 numidasj'vnwgaiulsn
1036 1802 1328 1907 peculiares
1355 1850 1440 1890 res
1468 1802 1662 1889 habere
1693 1823 1738 1880 Β
1830 1802 2248 1903 Μοηπιιίμάά.
2273 1845 2320 1888 et
2347 1836 2479 1908 var.)
2509 1837 2574 1890 ad
2599 1802 2877 1893 clericatus
2907 1840 3144 1892 ordinem
3171 1853 3287 1907 per-

119 1954 232 1993 non
261 1938 460 2000 liceat;
490 1944 546 1990 et
577 1931 822 1988 monachi
868 1929 936 1982 ab
961 1926 1150 1981 abbate
1198 1926 1393 1979 victum
1425 1931 1479 1977 et
1506 1922 1665 1975 vesti-

119 2037 240 2082 tum
271 2031 593 2080 consuetum
608 2019 890 2088 accipiant.

800 2104 934 2158 Era
957 2105 1009 2158 8.

191 2202 269 2258 Ut
299 2200 551 2256 monachi
595 2197 767 2253 abbati
797 2211 912 2257 suo,
955 2192 1344 2261 vel‘proposito
1385 2190 1490 2244 sint
1533 2189 1661 2243 obe-

119 2291 352 2345 dientes.

799 2372 932 2426 Afra
958 2378 1009 2431 6.

193 2467 266 2522 Ut
298 2467 351 2521 in
378 2464 682 2519 civitatibus
715 2462 881 2533 errari
938 2476 1041 2513 non
1090 2460 1442 2520 inveniantur,
1480 2453 1659 2526 (γαν.)

118 2557 225 2611 nisi
248 2571 381 2611 casu
408 2569 507 2623 pro
529 2553 823 2608 humilitate
849 2551 1121 2603 mittantur
1156 2566 1168 2599 :
1200 2556 1255 2601 et
1281 2556 1405 2600 tunc
1433 2562 1551 2599 cum
1579 2545 1663 2597 lit-

120 2646 254 2698 teris
292 2642 501 2698 abbatis
526 2642 608 2697 sui
630 2640 696 2694 ad
725 2639 1150 2693 archidiaconum
1176 2634 1485 2704 dirigantur.

649 2728 785 2781 [Ενα
807 2727 840 2779 5
865 2726 1014 2796 [Cum
1040 2723 1150 2795 10].

189 2822 264 2876 Ut
289 2829 591 2887 compatres
615 2818 789 2871 nullus
810 2818 1184 2871 monachorum
1209 2814 1400 2868 audeat
1426 2808 1619 2867 habere
1644 2828 1656 2875 ;

118 2926 219 2965 nec
249 2908 668 2963 familiaritatem
709 2902 1085 2968 extrancarum
1139 2903 1436 2956 mulierum.
1479 2901 1544 2953 Et
1572 2900 1660 2968 qui

120 2998 372 3053 inventus
404 2994 587 3059 fuerit,
626 2993 861 3047 severius
904 2991 1217 3060 corrigatur.

770 3072 909 3133 .Era'
936 3078 1021 3132 10.

1762 1919 2045 1983 venientes,
2079 1936 2183 1975 non
2222 1922 2464 1977 debenta
2507 1926 2670 1992 priori
2726 1927 2993 1995 proposito
3036 1926 3287 1980 deviare:

1759 2013 1813 2059 et
1838 2005 1977 2075 quod
2029 2007 2117 2060 diu
2170 2018 2532 2074 servaverunt,
2562 2012 2617 2064 in
2673 2013 2875 2065 meliori
2924 2012 3086 2081 gradu
3133 2013 3287 2081 positi

1760 2096 2005 2150 amittere
2049 2112 2153 2151 non
2207 2098 2414 2154 debent.
2454 2101 2554 2167 Qui
2594 2111 2715 2157 ante
2751 2090 3067 2171 baptismum
3107 2116 3291 2157 corru-

1758 2192 1878 2252 ptus
1908 2184 2025 2249 fuit,
2065 2187 2108 2240 si
2149 2196 2269 2255 post
2299 2190 2617 2258 baptismum
2655 2192 2839 2256 nubat,
2890 2190 3047 2262 [Add.
3077 2201 3124 2245 et
3154 2190 3287 2251 van]

1758 2271 1901 2327 nullo
1924 2273 2081 2329 modo
2101 2283 2277 2342 potest
2296 2277 2362 2330 ad
2384 2277 2688 2331 clericatum
2710 2279 2934 2332 admitti.

2220 2363 2283 2416 In
2308 2365 2498 2434 synodo
2526 2366 2740 2419 Nicwna
2768 2369 2810 2419 ί.

1829 2450 1883 2505 Si
1918 2454 2036 2520 quis
2069 2454 2123 2506 in
2147 2455 2465 2509 monasterio
2487 2456 2713 2509 nutritus
2746 2471 2910 2524 usque
2940 2458 3005 2510 ad
3028 2473 3288 2514 summum

1761 2540 2013 2605 studium,
2044 2549 2098 2595 et
2122 2543 2456 2609 postmodum
2482 2543 2802 2607 discesserit,
2832 2545 2933 2597 nisi
2975 2554 3289 2609 revertatur,

1761 2626 2046 2682 desertoris
2084 2628 2387 2683 discrimine
2415 2631 2713 2684 damnetur.
2757 2630 2813 2685 Si
2859 2633 2976 2700 quis
3005 2634 3288 2702 susceperit

1759 2719 2071 2772 monachum
2104 2718 2371 2782 alienum,
2423 2721 2575 2773 ambo
2621 2723 3107 2776 excommunicandi
3149 2732 3289 2777 sunt.

1763 2804 1776 2854 i
1808 2804 1947 2859 Puer
1984 2819 2150 2873 usque
2189 2806 2256 2859 ad
2283 2804 2347 2859 12
2380 2822 2546 2861 annos
2579 2807 2647 2861 sit
2695 2809 2747 2861 in
2791 2816 3047 2877 potestate
3101 2811 3289 2877 patris.

1762 2893 1909 2946 Tunc
1966 2901 2019 2946 et
2074 2894 2319 2962 deinceps
2366 2903 2541 2965 potest
2590 2897 2928 2966 semetipsum
2978 2900 3288 2953 monachum

1761 2978 1951 3034 facere.
1984 2977 2131 3049 (Cap.
2165 2982 2272 3052 1⁸5.)
2309 2984 2485 3043 infans
2505 2998 2602 3052 pro
2640 2984 2841 3039 infante
2888 2994 3060 3053 potest
3098 2986 3206 3041 dari
3235 2988 3287 3041 in

1761 3068 2099 3131 monasterio,
2129 3071 2370 3136 quamvis
2397 3071 2559 3124 alium
2606 3073 2872 3139 vovisset”;
2895 3083 3077 3137 tamen
3106 3075 3289 3129 melius

190 3172 261 3228 Ut
292 3169 600 3226 mulieribus
623 3184 675 3221 in
700 3168 1077 3221 monasterium
1100 3167 1332 3221 virorum
1361 3164 1659 3218 nullatenus
1685 3152 1730 3214 C
1759 3168 1836 3212 est
1877 3163 2052 3210 votum
2100 3157 2360 3231 implere“
2391 3176 2457 3215 ne
2485 3177 2606 3215 rcus
2633 3162 2684 3215 in
2734 3170 2853 3215 voto
2891 3162 3193 3217 inveniaris.
3228 3164 3294 3219 Et

115 3261 279 3318 liceat
302 3258 526 3328 ingredi.
560 3256 869 3319 Statuimus,
901 3263 957 3308 ut
988 3253 1161 3310 nullus
1187 3253 1501 3306 monachum
1529 3253 1657 3305 alte-

120 3353 231 3404 rius
262 3350 463 3416 absque
477 3345 737 3415 permissu
758 3343 964 3397 abbatis
984 3342 1062 3396 sui
1085 3334 1369 3411 praesumat
1388 3341 1615 3394 retinere
1639 3356 1653 3404 ;

118 3439 210 3493 sed
246 3453 373 3492 cum
398 3438 646 3490 inventus
668 3432 827 3486 fuerit
847 3447 1062 3501 vagans,
1087 3432 1153 3485 ad
1181 3430 1366 3485 cellam
1388 3431 1654 3499 propriam

120 3536 423 3592 revocetur,
452 3525 524 3581 ibi
548 3524 700 3592 juxta
727 3523 935 3590 culpam
963 3521 1136 3576 meriti
1166 3521 1505 3575 coercendus.

644 3676 645 3679 η
743 3614 755 3628 ‘
775 3612 911 3665 zEra
940 3611 1023 3664 15.

187 3709 264 3763 De
293 3705 577 3764 abbatibus
612 3691 759 3769 vero,
796 3702 879 3756 vel
927 3700 1220 3766 monachis,
1255 3700 1328 3754 ita
1373 3699 1655 3754 observare

123 3797 373 3853 convenit
399 3802 461 3850 ut
484 3769 739 3863 quidquid
761 3790 1046 3846 canonicos
1068 3788 1218 3852 ordo,
1248 3796 1303 3842 et
1331 3787 1510 3858 regula
1535 3802 1657 3840 sau—

124 3887 194 3939 cti
232 3883 506 3953 Benedicti
554 3881 756 3942 edocet,
820 3876 1084 3932 custodire
1135 3875 1210 3946 [et
1244 3874 1462 3944 implere
1497 3874 1570 3944 et]
1602 3875 1655 3927 in

121 3953 369 4032 omnibus
404 3972 649 4027 debeant.
683 3968 740 4024 Si
778 3968 919 4023 enim
946 3967 1059 4021 lucc
1083 3966 1261 4020 omnia
1289 3965 1520 4038 legitime
1542 3964 1656 4020 fue-

120 4061 438 4135 rint(Var.)
466 4059 725 4116 custodita
752 4058 819 4113 ab
867 4056 1145 4111 abbatibus
1192 4056 1276 4110 vel
1302 4057 1574 4111 monachis
1601 4056 1654 4109 in

122 4151 461 4209 monasteriis
486 4148 750 4213 omnibus,
789 4154 845 4201 et
870 4159 1120 4199 numerus
1149 4143 1525 4198 monachorum
1548 4143 1654 4198 Deo

121 4242 349 4313 propitio
401 4239 700 4309 augebitur,
746 4243 800 4290 et
846 4235 1069 4291 mundus
1109 4233 1281 4288 omnis
1326 4248 1422 4302 per
1470 4246 1654 4289 eorum

121 4333 390 4387 orationes
414 4329 652 4385 assiduas
672 4325 917 4381 omnibus
960 4325 1114 4379 matis
1135 4323 1337 4379 carebit
1370 4323 1640 4392 contagiis

128 4422 145 4460 ί
187 4421 243 4477 Si
271 4421 395 4492 quis
420 4427 599 4475 autem
627 4418 757 4483 haec,
781 4431 898 4486 quae
940 4432 970 4471 a
990 4416 1142 4472 nobis
1179 4416 1408 4487 propitio
1436 4416 1543 4471 Deo
1567 4417 1650 4471 in-

1756 3251 1895 3318 quod
1917 3253 2079 3307 semel
2106 3267 2373 3319 egressum
2397 3261 2479 3306 est
2505 3252 2581 3306 de
2600 3252 2750 3305 labiis
2791 3252 2892 3305 tuis
2914 3254 3156 3314 observa,
3188 3253 3286 3308 sic-

1756 3346 1813 3393 ut
1836 3340 2122 3408 promisisti
2152 3340 2372 3395 Domino
2400 3341 2507 3395 Deo
2536 3350 2643 3395 tuo.

2334 3449 2554 3506 CAPUT
2599 3453 2700 3505 LII.

1755 3556 1817 3594 DE
1863 3555 1962 3595 ι)εο
2002 3545 2251 3595 ελελιτιε
2295 3556 2527 3607 Ρυειιιε,
2578 3557 2645 3595 ΕΤ
2703 3557 3045 3597 ιοκλετεκιιε
3089 3559 3315 3599 Πληι·

2124 3615 2625 3700 ϐαποηἈῙνίεαηιω,
2653 3648 2758 3685 ιρι-α
2779 3633 2844 3687 58
2870 3634 2913 3686 ιί.

1823 3718 1917 3773 Vir
1967 3720 2057 3789 qui
2104 3720 2363 3790 religiosis
2409 3720 2619 3775 feminis
2660 3724 3041 3791 praeponendus
3088 3734 3185 3789 est,
3218 3727 3285 3781 ab

1753 3806 1998 3876 episcopo
2019 3808 2120 3863 loci
2149 3810 2420 3877 probetur.

1834 3902 1837 3905 ’
2082 3888 2258 3952 Conon
2283 3898 2687 3963 Aurelianensis,
2713 3916 2819 3954 tera
2843 3901 2880 3954 6
2922 3933 2957 3957 -.

1821 3987 1893 4042 Ut
1915 4001 2191 4057 episcopus
2236 4005 2419 4045 curam
2463 4000 2613 4059 gerat
2640 3994 2704 4047 de
2745 3993 3034 4062 puellarum
3089 4010 3276 4052 mona-

1753 4077 1931 4130 steriis
1983 4075 2119 4146 [quae
2148 4078 2202 4131 in
2247 4079 2600 4139 sua,civitate
2649 4081 2931 4135 constituta
2977 4083 3117 4156 sunt]
3144 4101 3156 4136 :
3186 4098 3283 4140 nec
3322 4130 3327 4135 .

1753 4162 2031 4219 abbatissa:
2055 4164 2250 4239 aliquid
2277 4167 2431 4223 liceat
2455 4176 2635 4223 contra
2664 4169 2895 4238 regulam
2928 4170 3118 4227 facere.
3246 4158 3259 4165 ’

2009 4253 2186 4309 Canon
2212 4256 2531 4325 Agathensis,
2561 4274 2665 4310 arra
2688 4259 2721 4313 9
2739 4256 2889 4329 [Cum
2919 4259 3027 4331 19].

1820 4340 2259 4398 Sanctimoniales
2287 4346 2527 4413 quamvis
2553 4345 2657 4398 vita
2692 4347 2925 4414 probata:
2971 4346 3279 4417 [quamlibet

1753 4430 1861 4484 vita
1890 4444 2070 4485 eorum
2094 4441 2147 4484 et
2179 4446 2353 4487 mores
2377 4433 2583 4502 probati
2605 4432 2731 4504 sint]
2774 4440 2895 4486 ante
2938 4448 3129 4487 annum
3151 4444 3278 4489 mo

123 4512 301 4567 stituta
325 4517 471 4575 sunt,
486 4510 767 4563 tentaverit
790 4507 962 4575 aliqua
991 4507 1406 4577 transgressione
1422 4521 1651 4571 cassare,
1678 4492 1728 4551 Ῑ)
1755 4521 1822 4573 iis
1844 4535 1951 4575 suae
1972 4536 2159 4576 χιῃοη
2183 4492 2437 4577 νθιεηιιῖιι,

124 4592 173 4653 si
199 4600 366 4655 abbas
382 4606 481 4663 est,
505 4598 657 4652 annis
684 4598 853 4657 tribus
870 4597 1166 4651 communio
1188 4597 1236 4650 ei
1262 4596 1613 4667 suspendatur
1636 4612 1652 4660 ;

126 4692 165 4743 si
193 4690 528 4775 praepositus,
574 4687 723 4741 annis
749 4687 987 4754 duobus;
1019 4686 1063 4739 si
1094 4688 1401 4749 monachus,
1427 4693 1655 4740 autver—

126 4785 361 4850 beretur,
383 4791 474 4837 aut
516 4780 904 4845 communione,
939 4786 992 4833 et
1018 4793 1212 4833 mensze
1250 4778 1651 4847 participatione

104 4875 289 4928 tribus
315 4873 475 4928 annis
497 4872 754 4942 privetur.
1348 4918 1353 4923 .
1412 4940 1415 4943 _

338 4952 518 5016 Conon
541 4960 862 5029 Agatltensis,
899 4974 1004 5012 trra
1025 4956 1091 5011 56
1121 4954 1271 5028 [ϐαη.
1313 4956 1425 5028 38].

193 5051 463 5108 llouacbis
509 5047 799 5122 [clericis]:
833 5049 946 5101 sine
993 5045 1433 5101 eommendatitiis
1459 5044 1653 5100 litteris

131 5144 375 5215 episcOpi,
394 5141 476 5196 vel
491 5139 693 5194 abbatis
720 5138 800 5191 sui
826 5137 1035 5191 licentia
1056 5152 1157 5191 non
1183 5142 1356 5204 pateat
1374 5137 1648 5204 evagandi.

198 5285 220 5313 ⁸
258 5275 421 5329 Cone.
449 5269 628 5327 Aurel.
652 5284 692 5332 ι,
721 5285 768 5321 c.
794 5267 879 5321 90.

198 5342 222 5381 δ
255 5344 379 5397 Var.
409 5342 539 5397 Vide
563 5347 672 5393 not.
698 5340 765 5403 cl.
790 5336 838 5390 J.
861 5337 1023 5391 Sirm.

199 5420 219 5447 ε
256 5411 454 5477 εοηεῖι.
481 5408 626 5463 Arei.
654 5422 774 5477 v,c.
797 5405 849 5458 2.
1049 5472 1063 5477 _
1101 5474 1111 5477 _
1134 5453 1144 5477 ε

197 5478 221 5517 ἀ
258 5472 534 5549 Interpret.
556 5491 655 5531 nec
688 5474 899 5546 Dionys.
924 5488 1019 5528 nec
1047 5472 1167 5528 Isid.

203 5559 225 5584 ·
256 5549 387 5603 Μή.
418 5555 473 5603 et
489 5561 602 5601 var.

208 5614 225 5652 τ
266 5616 409 5670 Μυιι.
447 5615 569 5669 add.
620 5623 674 5669 et
699 5629 810 5667 var.
853 5612 1030 5668 Deliis
1073 5611 1357 5666 canonibus
1388 5613 1504 5667 vide
1542 5620 1649 5667 not.

142 5680 229 5738 viri
257 5685 320 5740 cl.
348 5683 394 5740 ι.
424 5682 709 5740 Sirmondi.
1188 5704 1195 5713 ·

2106 4609 2285 4664 Conon
2322 4611 2661 4679 Epaunensis,
2708 4626 2811 4664 (vra
2840 4610 2926 4664 20.
3009 4640 3011 4648 ι

1819 4697 2120 4769 [Episcopo,
2148 4701 2474 4769 presbytero,
2505 4706 2558 4753 et
2580 4698 2799 4753 diacono
2827 4699 2907 4753 vel
2934 4699 3141 4754 caeteris
3168 4700 3277 4756 cle-

1750 4783 1920 4854 ricis]
1964 4785 2104 4838 Viris
2152 4787 2218 4840 ad
2270 4784 2511 4850 feminas,
2554 4784 2696 4839 horis
2740 4783 3037 4851 prieteritis,
3076 4785 3128 4839 id
3166 4794 3264 4850 est,

1751 4872 2055 4926 meridianis
2084 4873 2167 4927 vel
2211 4873 2540 4942 vespertinis,
2591 4872 2930 4941 prohibemus
2982 4887 3269 4929 accessum.

1750 4962 1876 5029 Quae
1905 4969 2099 5027 tamen,
2130 4963 2175 5017 si
2210 4978 2367 5018 causa
2393 4962 2580 5027 fuerit,
2603 4970 2662 5017 ut
2685 4963 2751 5018 ab
2776 4964 3020 5032 episcopo
3058 4963 3271 5022 videan-

1752 5062 1857 5116 tur,
1894 5069 2015 5108 cum
2066 5053 2362 5109 testimonio
2405 5054 2833 5124 presbyterorum
2871 5060 2925 5108 et
2959 5053 3269 5108 clericorurn

1749 5142 2043 5197 videantur.

1825 5273 1849 5311 ε
1884 5268 1962 5340 Ad
1984 5268 2270 5340 Himeriuin
2301 5264 2587 5340 Tarracon.
2617 5284 2730 5340 cap.
2757 5272 2841 5325 15.

1822 5340 1847 5379 h
1887 5339 1966 5408 Ad
2046 5338 2351 5392 Victi-icium
2415 5338 2714 5406 episcooum
2777 5340 3267 5408 Rothomagenseui,

1755 5422 1869 5476 cap.
1904 5406 1985 5459 10.

1822 5479 1842 5525 .i
2044 5489 2191 5555 conc.
2223 5474 2417 5555 Nicaea.
2442 5490 2502 5555 Ii,
2532 5491 2579 5555 c.
2606 5475 2692 5555 21.

1825 5555 1838 5591 ι
1890 5543 2019 5598 Vide
2046 5544 2159 5613 νει.
2187 5544 2301 5613 eod.
2332 5546 2602 5613 ptenitent.
2630 5544 2828 5600 Thcod.
2859 5559 2971 5613 cap.
3001 5541 3084 5613 11.

1824 5614 1843 5651 ιε
1863 5645 1867 5649 ν
1886 5613 1959 5666 Id.
1985 5613 2036 5667 in
2062 5611 2177 5665 cod.
2203 5607 2358 5668 Βία-Η.
2388 5614 2474 5667 59.
2502 5614 2661 5670 Conc.
2697 5631 2746 5669 Iv
2770 5607 2947 5671 Cartb'.
2978 5626 3024 5666 c.
3064 5607 3156 5667 97.

1830 5680 1845 5717 ι
1886 5681 2044 5737 Cone.
2073 5679 2266 5735 Arelat.
2298 5698 2346 5743 v,
2377 5700 2425 5736 ρ.
2454 5682 2504 5735 5.
