4010 6434
688 456 710 508 i
721 455 821 511 059

1503 457 1809 514 CANONES
1848 462 2122 517 SELECTI
2159 462 2249 517 EX
2288 464 2620 521 VIBI-CAN.
2660 466 2984 524 GOLLECT.

3544 115 3960 275 *ιη

3700 470 3827 529 Μ)ΰο

683 560 913 628 quandiu
939 559 990 611 in
1014 558 1210 614 scelere
1256 570 1488 626 manent,
1508 578 1609 617 non
1637 566 1865 618 ﬁdelium
1887 566 2208 622 Christiano—
2233 569 2283 629 Α
2306 568 2370 624 In
2393 573 2605 639 epistola
2634 574 2817 627 Leonis
2842 591 2985 643 papa:
3013 575 3078 627 ad
3108 572 3389 640 Rusticum,
3420 594 3526 630 (PN!
3553 580 3621 632 10
3651 579 3723 650 lc.
3757 581 3830 652 διο

682 664 823 712 rum,
847 649 937 702 sed
966 656 1162 702 tantum
1189 659 1282 703 aut
1318 644 1584 717 gentilium
1608 691 1622 714 ,
1671 662 1761 706 aut
1811 656 2209 711 cathecumeno—

683 749 819 797 rum,
849 734 928 788 vel
949 749 1412 803 energumenorum
1455 739 1620 791 locum
1650 747 1876 795 teneant.
1902 743 1967 795 Et
1987 745 2030 796 si
2059 760 2090 796 a
2119 760 2209 797 nc-

685 820 988 873 fandissimo
1018 822 1217 875 scelere
1255 836 1311 876 se
1333 837 1633 891 segregare,
1672 833 1827 892 atque
1850 828 1915 879 ad
1948 824 2207 895 publicam

681 908 1046 974 pmnitentiam
1070 909 1241 962 redire
1259 911 1554 974 noluerint,
1599 914 1732 964 inter
1783 928 1873 967 eos
1921 916 2211 969 habeantur

684 997 772 1063 qui
803 997 988 1062 spiritu
1024 997 1383 1064 periclitantur
1408 1001 1704 1063 immundo;
1758 1003 1837 1054 vel
1866 1004 2023 1056 etiam
2075 1006 2210 1059 inter

682 1096 792 1146 eos,
821 1084 885 1136 dc
905 1086 1092 1157 quibus
1121 1085 1229 1151 ipsa
1254 1085 1446 1138 veritas
1493 1086 1618 1139 dicit
1647 1103 1659 1138 :
1689 1086 1745 1139 Si
1783 1088 2059 1141 Ecclesium
2108 1106 2208 1142 non

681 1172 924 1235 audierit,
951 1176 1012 1224 sit
1038 1174 1125 1224 tibi
1154 1176 1281 1225 sicut
1304 1175 1530 1227 ethnicus
1557 1187 1601 1227 et
1625 1179 1943 1243 publicanus.

1067 1257 1245 1311 ϐοηοή
1269 1262 1623 1327 Ancyn’tanus,
1654 1280 1755 1315 trra
1784 1264 1834 1316 6.

749 1356 773 1382 ι
817 1343 921 1408 Qui
954 1358 1072 1396 cum
1102 1346 1387 1413 pecudibus
1415 1350 1551 1401 coitu
1588 1352 1726 1404 inisti
1755 1362 1878 1404 sunt
1905 1391 1918 1415 ,
1950 1360 2040 1404 aut
2062 1368 2208 1407 more

683 1431 945 1497 pecudum
976 1433 1171 1486 incesta
1202 1449 1318 1486 cum
1368 1440 1768 1505 consanguineis
1812 1442 2205 1507 commiserunt,

682 1526 773 1571 aut
813 1535 931 1571 cum
962 1521 1207 1574 masculis
1237 1523 1637 1578 concubuerunt
1683 1528 1770 1594 qui
1810 1537 1929 1582 ante
1954 1529 2021 1581 20
2045 1545 2210 1585 annos

664 1606 850 1658 astatis
884 1620 991 1659 sum
1034 1607 1136 1660 tale
1160 1610 1357 1661 crimen
1384 1601 1713 1676 admiserint,
1746 1613 1818 1666 15-
1837 1615 1987 1668 annis
2013 1616 2065 1669 in
2092 1632 2207 1684 pm-

678 1693 902 1745 nitentia
931 1696 1132 1748 exactis
1160 1734 1174 1760 ,
1202 1697 1426 1749 orationi
1466 1707 1665 1752 tantum
1695 1702 1946 1768 incipiant
1988 1705 2209 1775 partici-

2374 655 2627 711 Ancillam
2654 669 2858 726 oportet
2877 675 2905 712 a
2936 669 3050 715 toro
3073 659 3318 727 abjicere,
3350 672 3404 718 et
3428 680 3655 720 uxorem
3686 669 3832 737 inge-

2307 757 2461 795 nuam
2491 742 2666 812 [certe
2694 744 3050 816 ingenuitatis}
3081 749 3334 815 accipere.
3367 750 3481 803 Hoc
3524 766 3632 804 non
3663 753 3830 821 dupli-

2307 830 2444 885 catio
2468 831 2687 900 conjugii
2709 842 2809 897 est,
2836 835 2925 887 sed
2955 834 3219 900 profectus
3241 836 3551 890 honestatis.

2894 919 3029 973 Ibid.
3059 938 3168 989 cup.
3185 915 3254 975 ’2.

2376 1007 2400 1043 3
2429 1005 2484 1057 Si
2516 1013 2666 1071 pater
2689 1014 2781 1058 aut
2798 1014 2963 1060 mater
2986 1009 3250 1075 proprium
3273 1025 3303 1061 a
3318 1009 3481 1064 ﬁlium
3509 1026 3668 1066 sacro
3708 1015 3834 1081 hap-

2306 1088 2459 1141 tismo
2486 1091 2794 1157 susceperit,
2831 1091 2885 1143 hi
2922 1094 3134 1146 omnino
3160 1109 3189 1145 a
3215 1092 3455 1163 conjugio
3499 1106 3832 1165 separentur.

2882 1177 3016 1233 Ibid.
3042 1196 3153 1246 cap.
3182 1181 3235 1233 3.

2374 1261 2399 1298 ιι
2431 1259 2486 1313 Si
2516 1262 2634 1328 quis
2657 1252 2867 1316 vir'aut
2906 1264 3095 1318 mulier
3120 1265 3396 1321 ﬁliastrum
3440 1277 3534 1322 aut
3561 1269 3836 1325 ﬁliastram

2305 1360 2505 1401 asacro
2530 1348 2673 1403 fonte
2699 1351 2981 1418 exceperit,
3012 1360 3101 1405 aut
3143 1354 3208 1408 ad
3248 1357 3714 1413 conﬁrmationem
3765 1370 3830 1414 te-

2238 1414 2243 1437 ’
2305 1433 2479 1485 nuerit
2507 1451 2519 1485 :
2551 1434 2683 1487 tales
2710 1414 3009 1489 omnimodo
3035 1451 3065 1490 a
3091 1436 3331 1508 coniugio
3352 1440 3601 1512 disjungi.

2870 1520 3005 1573 Ibid.
3040 1539 3154 1578 can.
3182 1523 3237 1578 4.

2870 1539 3005 1573 iam.
3040 1539 3100 1575 ca
3141 1562 3154 1576 .
3182 1539 3237 1578 θ.

2379 1606 2395 1643 ί
2430 1604 2486 1658 Si
2527 1605 2643 1673 quis
2670 1607 2723 1660 in
2767 1539 3135 1677 captivitate;
3150 1613 3339 1670 ductus
3361 1615 3611 1670 ancillam
3643 1619 3835 1674 ibidem

2306 1691 2827 1760 acceperituxorem,
2847 1705 2901 1750 et
2921 1700 3248 1766 postmodum
3275 1701 3343 1755 ad
3362 1704 3634 1771 proprium
3659 1720 3843 1760 rever-

679 1796 827 1849 pare.
861 1784 986 1836 Post
1016 1785 1129 1837 haec
1156 1787 1510 1853 quinquennio
1541 1789 1592 1839 in
1620 1792 1985 1846 communione
2010 1793 2201 1861 simpli-

2305 1794 2393 1833 sus
2419 1780 2693 1849 ingenuam
2725 1781 2886 1836 ducat
2912 1798 2926 1836 :
2955 1793 3009 1838 et
3029 1786 3219 1858 iterum
3246 1788 3299 1841 in
3326 1792 3582 1857 prmdicto
3605 1791 3726 1847 loco
3745 1794 3831 1847 ubi

679 1869 726 1921 ci
747 1869 1109 1934 perdurantes,
1139 1879 1255 1937 post
1275 1872 1342 1924 20
1363 1887 1527 1926 annos
1546 1868 1664 1928 cum
1684 1875 1946 1930 oblatione
1970 1878 2036 1931 ad
2060 1854 2205 1932 com-
2240 1854 2281 1911 B
2307 1866 2546 1920 3001113"!
2560 1868 2741 1923 halm“
2755 1871 2994 1936 ducam":
3020 1880 3075 1925 θι
3102 1874 3365 1948 invenerit
3388 1876 3563 1948 ipsa"!
3587 1879 3829 1933 "emam

679 1954 982 2006 munionem
1028 1957 1398 2024 suscipiantur.
1427 1960 1744 2014 Discutiatur
1769 1970 1823 2016 et
1854 1964 1958 2016 vita
2001 1978 2203 2031 eorum,

677 2040 849 2107 qualis
876 2038 1049 2094 fuitin
1097 2044 1403 2110 pmnitentia
1436 2086 1450 2109 ,
1487 2054 1540 2099 et
1566 2047 1636 2101 ita
1666 2048 1803 2102 hanc
1829 2050 2206 2106 humanitatem

675 2135 1082 2191 consequantur.
1115 2127 1213 2192 Qui
1249 2144 1372 2183 vero
1406 2133 1834 2198 perseverantius
1858 2135 1958 2188 hoc
1979 2136 2207 2190 crimine

681 2211 833 2264 abusi
862 2220 1001 2276 sunt,
1026 2213 1093 2266 20
1125 2216 1275 2269 annis
1318 2218 1680 2283 paenitentiam
1709 2220 1871 2272 solam
1900 2224 2204 2290 suscipiant.

675 2296 775 2362 Qui
803 2313 929 2353 vero
961 2310 1078 2367 post
1103 2303 1171 2355 20
1191 2318 1448 2357 annorum
1474 2314 1703 2371 aetatem,
1729 2309 1810 2361 vel
1833 2311 1995 2364 etiam
2013 2328 2205 2367 uxores

676 2386 932 2441 habentes
956 2389 1007 2441 in
1035 2392 1134 2444 hoc
1150 2392 1348 2446 crimen
1370 2394 1668 2460 inciderint,
1697 2397 1756 2450 51
1779 2401 1929 2470 annis
1947 2404 2206 2470 pamiten-

676 2471 753 2523 tia
783 2481 898 2525 acta
931 2475 996 2528 ad
1046 2479 1466 2532 communionem
1501 2488 1703 2535 tantum
1742 2471 2085 2543 admlttamur
2111 2509 2124 2543 :
2151 2492 2204 2544 in

681 2572 784 2625 qua
807 2563 1173 2618 communione
1220 2566 1574 2634 quinquennio
1608 2571 1971 2636 perdurantes,
1998 2575 2203 2642 plenam

675 2648 1097 2701 communionem
1140 2664 1260 2702 cum
1295 2653 1557 2707 oblatione
1606 2657 1878 2724 recipiant.
1906 2660 2052 2725 Quod
2079 2664 2124 2717 si
2152 2674 2203 2719 et

677 2745 873 2785 uxores
898 2733 1169 2799 habentes,
1197 2746 1390 2805 etpost
1413 2739 1480 2792 50
1505 2756 1672 2796 annos
1695 2746 1864 2799 aetatis
1885 2748 1935 2800 in
1965 2749 2062 2803 hoc
2079 2766 2201 2821 pro-

671 2817 801 2885 lapsi
830 2829 953 2872 sunt
977 2822 1194 2885 crimen,
1227 2825 1292 2877 ad
1313 2828 1512 2879 exitum
1539 2836 1742 2883 tantum
1786 2817 2196 2890 communicent.

675 2905 802 2970 llos,
832 2909 920 2975 qui
944 2910 1079 2963 sicut
1123 2921 1265 2964 muta
1294 2915 1535 2967 vixerunt
1559 2918 1823 2983 animalia,
1849 2923 1937 2989 qui
1980 2932 2035 2977 et
2066 2940 2123 2979 se
2149 2935 2203 2981 et

673 2989 805 3043 alios
832 2993 1126 3059 hujusmodi
1156 3005 1368 3061 peccato
1391 3002 1898 3069 contaminaverunt,
1946 3008 2084 3063 inter
2108 3026 2200 3066 eos

670 3090 829 3133 orare
858 3080 1064 3146 debent,
1092 3085 1181 3152 qui
1227 3092 1536 3155 tempestate
1556 3088 1839 3161 jactantur,
1867 3097 1954 3163 qui
1986 3112 2015 3149 a
2044 3100 2195 3155 nobis

677 3170 1018 3236 cuergumeni
1048 3171 1418 3241 intelliguntur.

1310 3262 1445 3315 Afra
1474 3264 1557 3319 i9.

744 3342 897 3406 1'Qui
946 3345 1258 3401 adulterium
1284 3353 1659 3412 commiserint.
1708 3355 1738 3407 7
1781 3371 1945 3411 annos
1992 3369 2201 3428 oportet

676 3427 1050 3496 perfectionem
1080 3437 1327 3503 consequi
1374 3439 1662 3493 secundum
1709 3443 1955 3509 pristinos
1984 3449 2193 3515 gradus.

1308 3523 1444 3577 Era
1467 3524 1554 3579 20.

746 3611 769 3640 ο
798 3600 1044 3657 Mulieres
1067 3619 1184 3673 quae
1205 3605 1547 3676 fornicantur,
1569 3620 1623 3664 et
1645 3620 1826 3680 partus
1849 3628 1971 3670 suos
1986 3627 2191 3683 necant,

675 3687 758 3743 vel
778 3699 1056 3759 conceptos
1080 3686 1369 3759 excutiunt,
1404 3713 1569 3766 usque
1593 3701 1659 3754 ad
1682 3703 1882 3757 exitum
1905 3706 1972 3760 ab
2017 3707 2197 3762 Eccle-

675 3778 756 3832 sia
784 3766 1151 3834 removeantur
1177 3786 1462 3839 secundum
1487 3790 1737 3856 pristinos
1761 3795 1973 3862 gradus.
2002 3796 2196 3851 Huma-

673 3868 793 3921 nius
821 3876 991 3922 autem
1039 3885 1177 3924 nunc
1204 3873 1497 3942 deﬁnimus,
1527 3886 1587 3932 ut
1620 3879 1683 3937 l0
1709 3883 1860 3936 annis
1893 3886 2195 3950 paenitentia

672 3957 752 4010 eis
779 3957 1057 4011 tribuatur.
1500 3956 1513 3963 “

1314 4049 1448 4103 .Era
1473 4053 1559 4105 2i».

755 4128 782 4167 ά
813 4128 1011 4197 Siquis
1059 4148 1302 4201 sponsam
1332 4138 1547 4201 habens,
1600 4145 1765 4198 sorori
1809 4144 1920 4212 ejus
1964 4149 2196 4204 intulerit

683 4215 885 4279 vitium,
915 4225 966 4270 et
988 4229 1169 4285 postea
1198 4237 1414 4275 uxorem
1438 4227 1645 4279 duxerit
1666 4245 1779 4282 eam
1798 4247 1956 4298 quam
1976 4236 2197 4303 despon—

670 4313 900 4367 saverat,
929 4316 982 4361 et
1009 4308 1092 4361 illa
1118 4326 1234 4378 quae
1258 4312 1439 4366 vitium
1466 4318 1736 4381 pertulerit
1760 4320 1944 4388 laqueo
1963 4339 2020 4377 se
2046 4341 2195 4393 pere-

675 4392 832 4444 merit
865 4409 877 4442 :
905 4407 1085 4447 omnes
1132 4398 1221 4462 qui
1252 4397 1376 4451 facti
1401 4402 1553 4469 hujus
1576 4405 1777 4458 consilii
1801 4418 1922 4461 sunt
1952 4411 2015 4464 l0
2038 4415 2189 4468 annis

671 4475 730 4528 in
758 4478 1065 4544 pmniteutia
1086 4483 1405 4549 redigantur.

1005 4564 1182 4619 Conon
1204 4570 1577 4626 Aurelianensis
1607 4586 1650 4640 θ,
1673 4594 1777 4631 cera
1800 4579 1850 4631 2.

740 4643 795 4695 Si
824 4659 938 4711 qua:
976 4651 1219 4706 mulieres
1248 4654 1442 4711 fuerint
1466 4659 1517 4710 in
1539 4661 1795 4717 adulterio
1823 4680 1941 4719 cum
1985 4669 2189 4726 clericis

673 4728 1025 4799 deprehensm,
1061 4737 1265 4793 clericis
1286 4741 1607 4797 districtione
1641 4750 1867 4803 adhibita
1895 4751 1913 4789 ί
1943 4755 2099 4807 etiam
2137 4766 2189 4810 et

675 4818 978 4876 mulieribus
998 4862 1013 4888 ,
1042 4831 1097 4878 et
1117 4840 1146 4877 a
1171 4827 1471 4883 civitatibus
1511 4833 1634 4899 ipsa:
1653 4835 1897 4892 mulieres
1920 4842 2185 4909 expellan-

676 4912 780 4957 tur.

742 5087 767 5150 ξ
797 5074 991 5150 interp.
1020 5094 1114 5133 nec
1146 5081 1355 5150 Dionys.
1386 5102 1481 5142 nec
1505 5089 1625 5144 lsid.

746 5142 772 5179 ιι
797 5142 907 5215 ﬁeri:
929 5142 1141 5215 pionys.
1169 5142 1386 5204 ncc'lsid

746 5219 767 5280 ξ
794 5208 1137 5280 ῌερᾲίὶὶοηᾶνε.
1166 5230 1261 5270 nec
1284 5219 1382 5271 Isid
1683 5242 1691 5248 ·

744 5274 1259 5362 iﬁaululum'diliert
1304 5286 1370 5339 ab
1392 5288 1512 5362 lsid.
1548 5290 1737 5362 interp.

748 5352 773 5412 ε]
798 5340 992 5412 goncil.
1021 5344 1200 5401 Aurel.
1231 5366 1301 5412 iv,
1334 5367 1380 5404 c.
1410 5340 1493 5410 i9:

749 5407 773 5481 ξ
802 5409 925 5481 llaec
944 5412 1146 5479 desunt,
1171 5418 1263 5470 sed
1286 5407 1386 5471 alia
1411 5407 1527 5477 add.
1556 5435 1610 5480 et
1631 5442 1739 5481 var.

748 5478 774 5513 ⁸
800 5474 916 5553 Ista
929 5485 984 5530 et
1019 5474 1624 5553 quais‘cquunturiine‘d.
1643 5474 2031 5553 desiderantur.
2057 5501 2182 5553 Vide

868 5543 1142 5621 Bospo'nsa
1168 5543 1413 5624 Stephani
1440 5543 1644 5624 papa—{ll
1656 5543 2001 5620 ’a1i'c'6;.;£i{£{
2019 5543 2180 5620 bri-ta:

683 5619 999 5665 macensium
1040 5619 1572 5693 monachorumfca'p.
1602 5630 1634 5680 4
1655 5645 1717 5682 ex
1757 5619 2179 5698 eademiepislola

2304 1953 2465 2006 alium
2485 1954 2655 2009 virum
2670 1956 2946 2012 habentem
2979 1976 2992 2011 :
3019 1960 3140 2013 huic
3150 1959 3324 2015 licebit
3342 1946 3429 2015 alii
3444 1977 3503 2017 se
3517 1946 3835 2035 ὦιιῖιιιιεετθ

2269 2097 2278 2119 κ
2308 2041 2535 2106 mulieri,
2566 2042 2811 2098 defuncta
2863 2053 3035 2100 tamen
3062 2046 3149 2101 illa
3191 2048 3437 2119 ingenua,
3462 2066 3625 2120 quam
3650 2063 3829 2121 postea

2302 2138 2594 2195 acceperat.

2373 2281 2385 2330 ἱ
2424 2282 2478 2337 Si
2506 2299 2571 2338 ex
2600 2285 2841 2356 conjugio
2863 2219 3487 2360 graviter
3513 2292 3826 2360 inﬁrmetur,

2301 2380 2357 2425 ut
2382 2387 2487 2426 non
2513 2375 2679 2441 possit
2701 2376 2767 2428 ab
2809 2376 2898 2430 illo
2925 2378 3154 2432 debitum
3181 2380 3426 2447 persolvi,
3451 2382 3521 2435 ob
3566 2383 3669 2438 hoc
3695 2402 3825 2439 nui.-

2299 2473 2457 2525 quam
2480 2459 2657 2513 licebit
2689 2473 2781 2515 eos
2807 2462 2987 2515 dividi.

2301 2543 2366 2597 In
2385 2546 2603 2625 epistola
2639 2546 2925 2626 Innocentii
2945 2566 3090 2618 papae
3115 2552 3181 2603 ad
3207 2551 3521 2626 Exuperius»
3543 2558 3823 2626 episcopum

2385 2614 2394 2625 '
2790 2614 3114 2682 Tolosanum,
3147 2634 3261 2689 cap.
3285 2614 3335 2673 ϐξ

2369 2700 2395 2739 k
2416 2700 2514 2766 Qui
2559 2701 2941 2777 interveniente
2993 2707 3209 2774 repudio
3246 2708 3406 2762 etiam
3443 2724 3540 2778 pro
3567 2712 3821 2767 adulterio

2298 2786 2510 2841 dimissa
2530 2779 2618 2841 alii
2643 2805 2700 2843 se
2725 2793 3066 2859 copulaverit,
3090 2807 3181 2846 eos
3203 2794 3254 2846 in
3269 2803 3493 2862 utraque
3516 2808 3672 2866 parte
3685 2800 3819 2854 adul-

2299 2882 2439 2927 teros
2468 2889 2586 2930 esse
2614 2878 2950 2932 manifestum
2989 2889 3068 2934 est
3094 2880 3378 2935 secundum
3417 2884 3545 2939 illud
3576 2905 3590 2938 :
3628 2887 3729 2953 Qui
3749 2890 3816 2941 di-

2299 2967 2489 3040 miserit
2512 2982 2719 3020 uxorem
2744 2985 2907 3033 suam,
2929 2980 2975 3023 et
2994 2970 3194 3024 duxerit
3222 2973 3396 3036 aliam,
3421 2977 3721 3031 multatur.
3744 2977 3820 3032 Si-

2300 3054 2506 3117 militer,
2535 3057 2621 3124 qui
2653 3056 2914 3110 dimissam
2940 3058 3161 3124 duxerit,
3189 3063 3468 3114 minabatur
3488 3076 3507 3113 :
3529 3072 3584 3118 et
3610 3066 3727 3120 ideo
3752 3075 3824 3119 ta-

2222 3142 2270 3205 ο
2299 3139 2375 3195 les
2397 3156 2580 3197 omnes
2610 3146 2975 3199 communione
3012 3146 3311 3214 privandos.

2862 3231 2999 3287 Ibid.
3038 3250 3150 3303 cap.
3182 3234 3267 3289 10.

2368 3339 2383 3357 ι
2418 3320 2472 3374 Si
2504 3336 2638 3376 unus
2659 3336 2723 3376 ex
2767 3320 3007 3392 coniugio
3030 3322 3193 3378 ﬁlium
3215 3332 3306 3378 aut
3330 3325 3489 3380 ﬁliam
3514 3328 3734 3386 alterius
3759 3331 3818 3385 de

2293 3423 2444 3464 sacro
2470 3410 2612 3463 fonte
2646 3411 2958 3477 susceperit,
2987 3419 3076 3466 aut
3107 3411 3174 3466 ad
3196 3413 3428 3466 chrisma
3461 3418 3708 3483 tenuerit,
3738 3420 3814 3473 Vr]

2292 3497 2357 3551 ad
2381 3497 2795 3553 Christianitatis
2818 3502 3124 3569 mysterium
3153 3521 3165 3556 :
3199 3505 3353 3559 ambo
3378 3514 3445 3563 et
3466 3521 3608 3561 uxor
3649 3518 3705 3564 et
3740 3511 3818 3563 vir

2292 3592 2587 3653 compatres
2612 3585 2844 3641 existunt
2870 3589 3175 3654 parentibus
3216 3590 3451 3657 infantis.
3491 3586 3616 3664 quia
3657 3598 3740 3650 vir
3765 3609 3811 3651 et

2292 3672 2481 3725 mulier
2502 3688 2627 3727 caro
2654 3689 2756 3728 una
2780 3672 2949 3730 eﬁ‘ecti
2978 3685 3122 3731 sunt.
3206 3730 3207 3733 η

2290 3756 2355 3810 In
2380 3758 2593 3827 epistola
2612 3759 2786 3814 Siricii
2810 3779 2955 3831 papa:
2982 3763 3349 3884 afﬁcenesium
3380 3772 3673 3843 episcopum
3702 3793 3809 3844 cap.

2309 3933 2324 3946 -
2360 3924 2398 3951 ιιι
2417 3911 2471 3967 Si
2500 3915 2762 3995 sanusvir
2788 3916 3045 3987 leprosam
3072 3922 3278 3975 duxerit
3295 3938 3533 3989 uxorem,
3557 3935 3650 3981 aut
3677 3938 3786 3997 post

2291 4000 2502 4053 modum
2524 4002 2572 4054 ei
2586 3990 2956 4070 supervenerit
2973 4005 3139 4073 lepra,
3156 4023 3246 4076 sep
3262 4014 3481 4074 ireutur,
3507 4028 3572 4065 ne
3594 4029 3812 4081 concep-

2291 4084 2330 4135 ti
2356 4082 2447 4137 ﬁlii
2476 4085 2618 4155 lepra
2633 4088 2977 4143 maculentur.
3006 4092 3111 4147 Fas
3135 4109 3359 4163 namque
3385 4106 3487 4160 est,
3508 4107 3567 4150 ut
3590 4102 3811 4154 mundus

2291 4171 2357 4222 ad
2387 4172 2633 4225 mundam
2658 4171 2922 4244 iungatur.

2293 4257 2360 4309 In
2392 4259 2602 4326 epistola
2634 4259 2817 4341 Leonis
2840 4280 3004 4332 papa.
3035 4267 3117 4387 ad1
3143 4267 3398 4323 Nicetium
3446 4277 3732 4344 episcopum
3762 4288 3809 4339 α,

2946 4348 3060 4387 can.
3131 4373 3145 4386 .

2946 4348 3060 4401 cap.
3094 4348 3117 4387 ι
3131 4373 3145 4386 .

2217 4431 2268 4490 υ
2358 4410 2488 4474 Cum
2539 4426 2632 4479 per
2683 4415 2919 4470 bellicam
2946 4418 3147 4474 cladem
3199 4424 3500 4487 dividantur
3545 4433 3801 4502 wnjugia,

2294 4498 2467 4567 (Mult.
2498 4503 2627 4569 var.)
2662 4512 2716 4556 et
2740 4505 2987 4560 mulieres
3005 4523 3119 4574 quae
3147 4516 3497 4568 remanserint
3537 4498 3669 4575 viris
3705 4498 3805 4577 suis

2291 4588 2581 4662 destituta},
2610 4600 2697 4644 aut
2725 4593 3063 4663 interemptos
3085 4607 3287 4666 putent,
3320 4612 3407 4656 aut
3435 4619 3705 4676 nunquam
3729 4628 3802 4665 re-

2287 4692 2533 4734 versuros
2567 4698 2578 4732 :
2611 4690 2667 4747 et
2714 4681 3108 4758 [sollicitudine]
3159 4688 3437 4746 solitudine
3483 4708 3704 4766 cogente
3740 4700 3799 4753 ad

2284 4766 2497 4834 aliquod
2528 4766 2826 4837 coniugium
2869 4774 3189 4833 transierunt
3218 4793 3232 4828 :
3261 4785 3315 4829 et
3340 4778 3414 4833 illi
3436 4783 3527 4848 qui
3549 4786 3798 4851 putabam

2288 4861 2373 4906 tur
2394 4855 2609 4921 perisse,
2637 4865 2998 4923 revertantur;
3042 4859 3218 4932 (Adit)
3247 4871 3371 4919 tunc
3410 4870 3633 4924 remotis
3655 4872 3801 4926 malis

2285 4954 2398 5007 quae
2413 4941 2670 4996 hostilitas
2696 4944 2886 5009 intulit,
2913 4948 3193 5017 unicuique
3215 4951 3350 5017 quod
3372 4952 3607 5022 legitime
3621 4959 3791 5015 habuit

2282 5096 2470 5159 Leonis
2493 5107 2530 5159 1.

2349 5175 2376 5212 h
2406 5174 2627 5238 Capitul.
2655 5175 2690 5227 l.
2724 5191 2780 5238 v,
2810 5193 2858 5233 c.
2891 5177 2944 5233 5.

2342 5242 2370 5287 .i
2398 5240 2512 5315 yid.
2542 5240 2604 5315 ιδ.
2636 5241 2815 5315 Steph.
2843 5243 2906 5315 ll,
2932 5260 3046 5315 cap.
3077 5252 3131 5304 5.

2350 5317 2364 5381 g
2402 5306 2516 5381 vui.
2550 5308 2611 5359 Β.
2640 5306 2825 5381 Steph.
2847 5306 2908 5381 u,
2934 5306 3049 5381 cap.
3079 5318 3129 5371 2.

2348 5373 2375 5466 ξ
2395 5373 2750 5466 δὲ.ξίἷὴ
2765 5380 2848 5431 ed.
2864 5379 2979 5433 Vid.
2998 5373 3198 5450 potius.
3225 5384 3288 5439 Β.
3309 5388 3487 5457 Steph.
3519 5393 3585 5458 ιι,
3606 5410 3720 5466 cap.
3736 5398 3784 5451 5.

2352 5439 2370 5477 ι
2395 5440 2745 5493 Desideratur.

2345 5506 3015 5602 iiii-if.“
3030 5517 3077 5579 9,
3101 5532 3165 5571 ex
3188 5521 3338 5587 epist.
3363 5522 3536 5581 Siricii
3561 5545 3708 5602 papa:
3726 5536 3790 5589 ad

2280 5572 2566 5645 'iimeriirm
2595 5572 2917 5645 episcopum.

2347 5650 2373 5677 ιι
2398 5642 2474 5695 Ad
2499 5629 2731 5697 Niceiam
2751 5629 3047 5713 episcopum
3076 5629 3482 5721 Aquileiensem.
