4010 6466
714 502 732 552 Ι
745 503 840 553 063

706 603 963 672 pensanda
990 611 1087 656 est.
1115 600 1220 653 sive
1257 602 1354 654 hoc
1385 597 1548 653 fames
1571 598 1868 661 extorserit,
1901 599 2008 651 sive
2034 605 2204 650 terror
2232 599 2277 652 Α
2311 619 2317 624 ·

705 691 902 759 (ΑΜ).

713 797 720 806 ·
1015 777 1186 829 Conon
1221 777 1596 842 Africanorum,
1619 791 1721 837 trra
1745 775 1808 826 47
1840 785 1883 824 τί.

736 901 739 904 ~
768 865 1086 917 Dissidentes
1113 865 1404 931 episcopos,
1433 863 1476 914 si
1507 877 1610 913 non
1634 864 1785 914 timor
1827 860 1935 923 Dei,
1979 861 2204 927 synodus

701 951 1015 1004 reconciliet.

1297 1036 1430 1088 Era
1466 1037 1533 1089 48
1562 1038 1587 1073 δ

763 1125 1130 1178 Discordantes
1163 1126 1396 1183 clericos,
1429 1125 1700 1190 episcopus
1729 1123 1808 1172 vel
1855 1123 2072 1177 ratione.
2126 1121 2206 1172 vel

694 1220 952 1278 potestate
973 1212 1037 1263 ad
1080 1212 1407 1264 concordiam
1439 1212 1612 1264 trahat
1639 1209 1988 1261 inobedientes
2012 1227 2024 1260 ε
2051 1222 2205 1277 syno-

695 1301 791 1352 dus
818 1316 912 1369 per
934 1296 1200 1353 audaciam
1233 1298 1592 1368 [audientiam]
1619 1299 1848 1352 damnet.

1287 1387 1417 1438 zEra
1451 1386 1517 1440 49
1558 1396 1602 1438 ς.

760 1474 1059 1528 Oblationes
1081 1475 1436 1526 dissidentium
1466 1474 1703 1532 fratrum,
1733 1486 1900 1537 neque
1947 1471 1997 1521 in
2025 1485 2200 1522 satra-

693 1563 772 1614 rio
790 1577 954 1628 neque
982 1563 1028 1613 in
1059 1561 1413 1628 gazophilacio
1438 1549 1772 1624 recipiantur.
1828 1587 1841 1603 .

1021 1648 1196 1700 Conon
1228 1646 1553 1704 Arelatensis,
1583 1662 1685 1697 cera
1721 1644 1787 1697 80
1814 1645 1858 1695 ἀ.

757 1738 818 1790 Hi
849 1737 933 1804 qui
962 1737 1182 1805 publicis
1211 1736 1346 1788 inter
1363 1750 1418 1786 se
1442 1735 1580 1787 odiis
1618 1735 1980 1792 exardescunt,
2012 1734 2078 1785 ab
2117 1746 2203 1784 ec-

687 1825 846 1877 clesia
899 1830 1267 1876 removeantur
1311 1819 1411 1888 [ab
1453 1819 1816 1871 ecclesiasticis
1863 1820 2200 1873 conventibus

689 1908 1028 1977 removendi],
1057 1909 1222 1960 donec
1246 1908 1309 1958 ad
1338 1921 1516 1972 pacem
1554 1905 1768 1958 redeant
1793 1903 2124 1974 [recurrant].

1059 1994 1234 2046 Canon
1265 1995 1579 2062 Agathcnsis,
1608 2009 1711 2045 tera
1741 1993 1824 2045 50.

752 2083 1058 2149 Quicunque
1083 2083 1220 2146 odio,
1241 2089 1330 2136 aut
1348 2081 1625 2148 longinqua
1645 2079 1783 2131 inter
1811 2095 1866 2132 se
1893 2080 2200 2132 lite'disscn-

687 2172 853 2226 serint
900 2171 1100 2238 (Adit),
1133 2184 1161 2221 ι
1193 2168 1564 2222 sacerdotibus
1592 2174 1891 2233 arguantur.
1941 2165 2093 2230 (Add.
2151 2177 2198 2217 et

688 2258 819 2327 oar.)
864 2259 928 2310 Et
971 2258 1016 2309 si
1061 2257 1341 2311 emendare
1386 2255 1672 2316 noluerint,
1691 2254 2056 2306 communione
2089 2255 2197 2319 pel-

687 2347 872 2398 lantur.

973 2431 1149 2483 Canon
1172 2419 1599 2499 Carthagineim's,
1623 2444 1726 2482 cra
1761 2428 1825 2480 79
1851 2439 1889 2477 ο.

752 2521 942 2572 Eorum
970 2520 1122 2582 dona,
1149 2519 1238 2586 qui
1280 2531 1534 2587 pauperes
1558 2518 1872 2586 opprimunt,
1903 2529 1932 2567 ι
1959 2517 2198 2568 sacerdo-

687 2607 820 2660 tibus
841 2605 1130 2659 refutanda.

1241 2693 1458 2746 CAPUT
1484 2691 1632 2745 LV'H.

1248 2772 1318 2833 nsi
1349 2794 1627 2832 EXPOSH‘IS.

985 2867 1160 2922 Conon
1187 2867 1581 2927 Aurelianensis,
1619 2882 1724 2918 trra
1749 2867 1807 2919 51
1845 2865 1884 2917 ι.

754 2956 807 3011 Si
858 2958 1124 3024 expositus
1175 2965 1295 3007 ante
1324 2955 1599 3007 ecclesiam
1644 2954 1994 3019 cujuscunque
2039 2952 2197 3005 fuerit

685 3046 1014 3098 miseratione
1026 3044 1292 3101 collectus,
1315 3041 1704 3094 contestationis
1725 3048 1880 3108 ponat
1900 3040 2190 3107 epistolam.

685 3134 746 3185 Et
773 3139 814 3185 si
845 3135 896 3186 is
916 3134 1002 3199 qui
1027 3133 1273 3185 collectus
1297 3139 1394 3192 est,
1445 3132 1579 3182 intra
1609 3130 1784 3182 decem
1814 3131 1923 3183 dies
1947 3130 2196 3195 quzesitus

683 3221 988 3287 agnitusque
1017 3235 1116 3271 non
1143 3220 1313 3276 fuerit,
1356 3233 1568 3270 securus
1597 3217 1789 3270 habeat
1833 3217 1922 3283 qui
1965 3217 2192 3282 collegit.

688 3310 709 3345 ⁵
733 3306 787 3360 Si
815 3322 936 3360 vero
961 3315 1075 3374 post
1099 3307 1400 3372 praedictum
1426 3314 1627 3370 tempus
1646 3303 1832 3369 aliquis
1853 3303 2197 3354 calumniator

684 3394 957 3467 quiterit,
985 3403 1040 3444 ut
1059 3394 1317 3444 homicida
1338 3391 1616 3455 judicetur.

1222 3492 1438 3549 CAPUT
1474 3495 1642 3548 LVII].

1267 3620 1327 3655 DE
1356 3620 1401 3656 LI
1413 3619 1609 3656 BEBTIS.

1057 3709 1231 3761 Canon
1271 3710 1557 3770 Toletanus,
1582 3725 1687 3760 arra
1715 3710 1745 3759 7
1773 3713 1820 3761 ιι.

753 3798 964 3857 Liberti,
990 3797 1076 3861 qui
1093 3812 1156 3847 ex
1186 3797 1456 3860 mancipiis
1475 3796 1712 3846 ecclesia:
1747 3796 1811 3846 ab
1839 3797 2079 3862 episcopo
2123 3797 2197 3848 fa—

684 3887 752 3937 rti
778 3892 917 3942 sunt,
950 3882 1100 3951 (Add.
1136 3892 1180 3933 et
1224 3885 1352 3944 var.)
1393 3882 1442 3932 in
1468 3882 1704 3934 libertate
1729 3893 2099 3948 permaneant;
2147 3892 2199 3933 et

684 3981 854 4023 Limen
881 3986 908 4022 a
935 3969 1222 4039 patrocinio
1252 3969 1491 4020 Ecclesiae
1519 3967 1647 4036 [tam
1690 3970 1806 4034 ipsi,
1847 3984 2002 4034 quam
2029 3969 2094 4020 ab
2121 3969 2198 4022 eis

682 4059 957 4128 progeniti]
989 4076 1086 4111 non
1109 4060 1369 4112 recedant.
1396 4059 1475 4110 Ab
1502 4059 1618 4110 aliis
1638 4074 1841 4124 quoque
1870 4060 2038 4111 liberti
2087 4069 2196 4112 tra—

683 4151 773 4201 diti
814 4149 1070 4207 ecclesiis,
1092 4150 1170 4198 vel
1200 4147 1567 4209 commendati,
1609 4150 1896 4213 patrocinio
1921 4149 2195 4214 episcopali

685 4239 928 4303 regantur
952 4233 1148 4301 (Add.).

853 4321 1028 4375 Conon
1073 4323 1454 4389 Agat/tenentis,
1496 4336 1600 4373 a’m
1632 4322 1694 4372 27
1724 4319 1869 4396 [Cum
1915 4321 2022 4390 29].

749 4411 988 4463 Libertos
1026 4410 1251 4477 legitime
1300 4408 1463 4461 factos
1505 4408 1582 4477 [Si
1632 4409 1916 4460 necessitas
1945 4410 2193 4480 exegerit]

685 4496 912 4550 Ecclesia
961 4481 1185 4548 tueatur.
1217 4495 1363 4558 Quod
1414 4493 1595 4564 [Quos]
1625 4497 1665 4548 si
1693 4496 1808 4562 quis
1836 4503 1954 4548 ante
1983 4499 2196 4550 audien-

686 4585 809 4637 tiam
852 4597 940 4635 eos
969 4583 1100 4651 [aut]
1128 4583 1437 4650 pervadere,
1466 4591 1556 4633 aut
1606 4582 1894 4648 ex5poliare
1946 4597 2197 4646 pnesum—

682 4673 860 4743 pserit,
892 4672 957 4724 ab
977 4672 1191 4724 ecclesia
1218 4669 1520 4738 repellatur.
2092 4707 2117 4731 θ

818 4761 824 4764 ”
1025 4756 1200 4809 Conon
1220 4757 1601 4816 Aurasicornm,
1626 4771 1727 4807 tera
1751 4756 1781 4808 6
1807 4761 1847 4808 ί.

749 4847 805 4900 In
835 4847 1050 4902 ecclesia
1073 4846 1435 4909 manumissos,
1480 4845 1560 4898 vel
1601 4859 1693 4912 per
1719 4854 2086 4901 testamentum
2113 4862 2197 4900 ec-
2224 4870 2233 4884 ι

685 4935 858 4988 clesia
885 4935 1289 4992 commendatos,
1319 4934 1362 4985 si
1388 4935 1501 4999 quis
1545 4935 1596 4986 in
1626 4933 1926 4988 servitutem
1948 4937 2027 4992 vel
2050 4937 2199 4989 obses

684 5022 887 5090 quiutn,
931 5021 1014 5072 vel
1057 5022 1121 5074 ad
1153 5020 1470 5074 colonariam
1514 5022 1857 5074 conditionem
1902 5023 2197 5091 imprimere

685 5106 980 5171 tentaverit,
1008 5106 1454 5160 animadversione
1496 5108 1846 5162 ecclesiastica
1873 5118 2192 5163 coerceatur.

757 5285 781 5312 ⁸
812 5272 886 5326 Id.
911 5273 963 5325 in
991 5272 1106 5326 cod.
1134 5272 1283 5325 Barb.
1312 5271 1467 5325 Cone.
1495 5287 1546 5325 tv
1569 5271 1744 5325 Carth.
1776 5291 1823 5327 c.
1849 5275 1933 5328 25.

756 5341 784 5380 ι)
812 5331 885 5392 ld.
910 5341 961 5392 in
993 5341 1106 5394 cod.
1136 5339 1285 5392 Barh.
1312 5339 1466 5393 Cone.
1500 5339 1743 5406 Cartliag.
1770 5357 1815 5394 e.
1839 5344 1920 5394 59.

757 5420 778 5445 ε
803 5407 858 5476 Id
887 5407 938 5458 in
967 5407 1272 5476 codaBarb.
1313 5407 1394 5476 (i9.
1419 5408 1614 5461 Coneil.
1645 5405 1889 5476 carthag.
1919 5425 1964 5462 c.
1988 5406 2071 5462 99.

755 5476 780 5512 ά
808 5473 965 5529 Cone.
991 5474 1130 5526 Arei.
1161 5491 1220 5530 ll.
1242 5489 1288 5528 c.
1320 5474 1403 5526 50.

761 5555 782 5581 ε
810 5542 864 5595 In
890 5541 1004 5596 cod.
1031 5542 1183 5594 Bard.
1216 5543 1283 5595 id.
1320 5540 1477 5595 Cone.
1509 5557 1578 5596 iv.
1620 5543 1800 5598 Carth.
1831 5559 1876 5598 c.
1907 5544 1990 5598 Ν.

765 5611 781 5646 ί
811 5609 966 5663 Cone.
990 5608 1131 5663 Arei.
1154 5623 1213 5671 ιι,
1241 5623 1288 5662 c.
1310 5609 1394 5662 5|.
1850 5619 1852 5621 ‘

766 5677 926 5730 εγω.
959 5692 1103 5730 conc.
1136 5676 1362 5731 Vasense
1387 5693 1424 5742 ι,
1449 5693 1494 5728 c.
1528 5678 1609 5730 lo.

1492 493 1798 551 CANONES
1835 492 2105 547 SELECTI
2143 488 2233 542 EX
2272 489 2420 542 VET.
2464 487 2612 542 CAN.
2653 487 2976 542 COLLECT.

3687 483 3825 540 ιοα

2675 593 2850 646 Canon
2879 595 3210 663 Epauncnsis,
3258 609 3363 647 tera
3387 592 3440 648 8.

2374 681 2418 731 Μ
2428 682 2622 747 :incipia
2651 683 2916 733 monachis
2937 681 3053 732 data
3088 681 3153 733 ab
3175 681 3362 734 abbate
3397 693 3499 733 non
3526 679 3688 733 liceat
3709 694 3823 733 ma-

2303 767 2528 817 numitti.
2575 765 2824 834 lnjustum
2871 776 3143 835 putamus,
3193 775 3250 818 ut
3301 766 3573 818 monachis
3627 765 3822 819 ruralia

2302 868 2457 918 opera
2489 853 2862 920 [quotidianum
2908 854 3078 906 rurale
3127 853 3276 920 θρὶιεῖ
3321 853 3654 914 facientibus,
3684 853 3823 905 servi

2301 951 2479 989 eorum
2508 939 2764 991 libertatis
2793 941 2900 991 otio
2923 940 3202 1005 potiantur.

2564 1024 2738 1078 Conon
2766 1026 3083 1092 Agat/tensis,
3115 1043 3219 1079 trra
3244 1025 3278 1080 6
3299 1025 3448 1096 [Can.
3483 1025 3556 1097 7].

2369 1113 2508 1176 Quos
2537 1115 2598 1165 de
2627 1115 2789 1164 servis
2832 1114 3064 1166 ecclesia:
3112 1113 3262 1182 (Var.
3289 1116 3502 1182 etadd.)
3546 1116 3827 1183 erismpus

2301 1199 2527 1250 libertati
2580 1201 2795 1261 dederit,
2835 1216 2865 1252 a
2914 1202 3301 1254 succeSSoribus
3327 1201 3521 1266 placuit
3564 1203 3824 1254 custodiri

2302 1297 2418 1335 cum
2447 1285 2542 1337 hoc
2566 1284 2702 1352 quod
2723 1287 2797 1338 eis
2817 1286 3164 1338 manumissor
3183 1287 3235 1337 in
3260 1285 3498 1338 libertate
3516 1281 3822 1339 contulerit.

2209 1435 2212 1440 _
2301 1369 2446 1433 Quod
2466 1379 2635 1430 tamen
2652 1371 2893 1436 jubemus
2914 1372 2980 1422 20
2993 1372 3274 1434 solidorum
3299 1370 3689 1442 [numerumet]
3714 1386 3826 1425 mo-

2298 1456 2420 1508 dum
2451 1458 2500 1509 in
2544 1460 2717 1519 terris,
2741 1458 2819 1510 vel
2845 1459 3028 1520 vineis,
3073 1459 3154 1512 vel
3181 1455 3455 1526 hosptiolo
3484 1468 3686 1520 tenere,
3719 1473 3826 1511 non

2299 1546 2550 1610 amplius;
2587 1546 2740 1612 (Add.
2769 1556 2816 1597 et
2839 1547 2968 1613 var.)
2997 1547 3115 1612 quia
3157 1544 3477 1598 minusculas
3505 1561 3593 1598 res
3621 1555 3714 1597 aut
3739 1559 3826 1598 ec—

2298 1632 2468 1684 clesim
2514 1634 2684 1685 minus
2739 1630 2914 1695 utiles,
2958 1630 3250 1701 peregrinis
3297 1632 3379 1685 vel
3419 1633 3644 1695 clericis,
3674 1631 3824 1685 salvo

2292 1716 2408 1782 jure
2433 1717 2678 1778 ecclesiae,
2713 1718 2764 1769 in
2791 1733 2943 1770 usum
2981 1719 3212 1784 praestari
3240 1719 3608 1785 permittimus.

2571 1801 2752 1856 .Canon
2771 1803 3148 1855 Aurelianensis
3177 1819 3239 1865 It,
3274 1802 3286 1851 i
3333 1820 3436 1854 (cra
3455 1803 3540 1856 52.

2231 1875 2274 1933 Β
2366 1889 2579 1942 Cineres
2609 1887 2758 1958 (Var.
2788 1891 3018 1954 etadd.)
3043 1905 3168 1943 vero
3195 1890 3351 1950 servi,
3378 1906 3468 1942 seu
3497 1897 3552 1943 et
3597 1893 3823 1957 posteri-

2295 1984 2375 2028 tas
2406 1991 2586 2028 eorum
2615 1974 2665 2026 in
2693 1976 2828 2034 loco.
2857 1977 2908 2028 in
2934 1991 3036 2042 quo
3065 1986 3246 2029 auctor
3273 1991 3453 2030 eorum
3479 1979 3502 2015 ιι
3528 1977 3819 2044 depositus,

2297 2065 2348 2115 in
2376 2077 2435 2114 ea
2468 2077 2583 2129 quae
2613 2064 2892 2115 constituta
2919 2071 2999 2116 est
3041 2079 3072 2115 a
3098 2064 3355 2118 defunctis
3383 2067 3554 2131 studio
3579 2069 3822 2121 sacerdo-

2296 2153 2366 2202 tis
2393 2151 2689 2206 conditione
2715 2161 3070 2217 permaneant.
3099 2153 3189 2206 llle
3222 2152 3336 2222 [Cui
3362 2163 3621 2222 prteccpto
3640 2156 3684 2208 si
3704 2159 3821 2224 quis

2295 2236 2888 2289 secularium'liumanm
2923 2239 3218 2304 cupiditatis
3266 2239 3512 2309 impulsu]
3564 2254 3692 2292 vero
3729 2242 3816 2307 qui

2296 2322 2395 2374 hoc
2425 2325 2702 2376 crediderit
2753 2327 3086 2387 obviandum,
3134 2328 3150 2390 (
3169 2324 3310 2395 Var.)
3354 2343 3519 2394 usque
3547 2329 3614 2380 ad
3637 2343 3818 2382 veram

2293 2411 2704 2463 emendationem
2733 2413 2798 2463 ab
2826 2413 3042 2464 ecclesia
3075 2413 3435 2479 suspendatur.

2581 2494 2758 2546 Canon
2785 2496 3161 2550 Aurelianensis
3188 2515 3271 2560 tv,
3303 2516 3406 2565 trra
3427 2499 3458 2552 6
3486 2499 3526 2552 ¹.

2365 2584 2672 2649 Quicunque
2699 2585 2870 2637 liberti
2901 2584 3023 2638 facti
3068 2595 3206 2648 sunt,
3248 2586 3398 2655 (Var.
3430 2599 3477 2640 et
3506 2588 3652 2658 add.)
3701 2590 3745 2642 si
3787 2606 3815 2640 s

2297 2685 2606 2738 quocunque
2650 2673 2838 2738 pulsati
2869 2672 3079 2736 fuerint,
3122 2666 3192 2728 ab
3215 2677 3434 2729 ecclesia
3476 2676 3818 2730 defendamur

2293 2766 2481 2824 przeter
2507 2773 2596 2810 eas
2642 2759 2840 2828 culpas,
2871 2763 3058 2828 quibus
3085 2751 3230 2831 leges
3254 2762 3499 2816 collatam
3526 2766 3696 2818 servis
3738 2780 3815 2817 ro-

2295 2861 2482 2898 vocare
2507 2847 2773 2913 jusserunt
2800 2848 3108 2902 libertatem.
3445 2904 3454 2911 ,

2633 2931 2808 2983 Canon
2837 2933 3142 2987 Arelatensis
3160 2945 3222 2998 ω,
3253 2951 3357 2988 trra
3381 2935 3467 2989 54.
3542 2981 3546 2984 η

2364 3017 2421 3071 Si
2448 3020 2565 3086 quis
2587 3022 2636 3072 in
2666 3022 2886 3074 ecclesia
2913 3022 3286 3076 manumissum
3318 3013 3598 3077 crediderit
3643 3026 3816 3092 ingra-

2295 3110 2508 3162 ticulum
2564 3110 2785 3179 [ingrati
2845 3111 3027 3181 titulo]
3072 3113 3454 3178 revocandum,
3508 3128 3613 3166 non
3669 3115 3820 3168 aliter

2223 3161 2266 3218 ς
2296 3189 2466 3260 liccat,
2499 3199 2600 3251 nisi
2647 3161 2764 3251 gum
2804 3202 2963 3266 gestis
2990 3161 3127 3268 aqud
3164 3174 3282 3252 acta
3312 3202 3632 3270 municipum
3675 3218 3816 3256 reum

2295 3301 2427 3340 0556.

2659 3354 2834 3409 Canon
2865 3357 3237 3426 Lugdunensis,
3265 3374 3371 3410 tera
3400 3358 3450 3410 7.

2363 3449 2669 3514 Quicunque
2697 3458 2876 3510 contra
2913 3449 3127 3524 libertos
3155 3449 3398 3502 Ecclesia:
3426 3452 3817 3506 commendatos

2297 3539 2550 3587 act‘onem
2580 3537 2754 3605 habet,
2779 3551 2879 3588 non
2909 3537 3096 3589 audeat
3122 3538 3444 3605 magistratui
3473 3553 3568 3591 eos
3592 3543 3817 3604 tradere,

2246 3644 2250 3646 -
2297 3622 2385 3672 sed
2408 3622 2459 3672 in
2480 3604 2940 3689 episcopi'judicio,
2962 3638 3075 3690 quae
3103 3632 3222 3693 sunt
3247 3625 3485 3678 veritatis
3505 3628 3813 3680 audiantur:

2295 3709 2413 3773 quia
2436 3707 2635 3774 justum
2660 3718 2757 3770 est,
2782 3718 2839 3761 ut
2885 3719 3064 3762 contra
3093 3711 3527 3765 calumniatorum
3555 3717 3814 3770 versutias

2295 3793 2660 3858 defendamur,
2706 3798 2794 3863 qui
2845 3796 3153 3851 immortalis
3195 3799 3430 3856 ecclesia:
3473 3803 3817 3866 patrocinium

2295 3880 2669 3946 concupiscant
2698 3900 2709 3932 :
2741 3890 2792 3934 et
2820 3883 2909 3950 qui
2935 3882 3057 3946 hoc,
3101 3884 3242 3951 quod
3281 3899 3312 3937 ι
3355 3885 3506 3938 nobis
3551 3887 3818 3942 decretum

2295 3975 2395 4028 est,
2427 3959 2766 4034 prievaricare
2791 3970 3091 4033 tentaverit,
3118 3970 3446 4038 irreparabili
3471 3971 3818 4027 damnationis

2299 4070 2405 4106 sine
2427 4055 2685 4107 sententia
2705 4044 2893 4108 let-iatn
2902 4072 2941 4108 r.
3398 4092 3405 4099 -
3481 4115 3492 4121 μ

2531 4159 2593 4194 DE
2616 4160 2697 4196 lilS
2723 4159 2806 4204 QUI
2839 4161 2904 4197 AD
2931 4161 3210 4198 ECCLESIAI
3238 4162 3581 4200 οοκευοωιετ.

2613 4229 2797 4283 Canon
2825 4233 3201 4286 Aurelianensis
3227 4245 3278 4297 ³,
3307 4251 3410 4287 mra
3444 4236 3489 4286 Ι.

2366 4318 2667 4382 Homicidac,
2699 4321 2939 4384 adulteri,
2961 4319 3120 4383 fures,
3146 4323 3190 4374 si
3228 4322 3292 4375 ad
3314 4323 3590 4376 ecclesiam
3639 4324 3815 4379 conlu-

2299 4406 2489 4471 gerint,
2513 4404 2689 4474 (ναν.)
2709 4404 2854 4469 juxta
2880 4407 3083 4474 priores
3109 4421 3338 4462 canones
3356 4417 3406 4461 et
3427 4411 3566 4477 quod
3592 4410 3677 4465 lex
3715 4411 3814 4464 Ro-

2296 4505 2448 4544 mana
2500 4494 2771 4545 constituit
2806 4494 3150 4556 obsertretur,
3181 4503 3238 4544 ut
3280 4494 3346 4546 ab
3388 4495 3627 4549 ecclesiae
3671 4498 3814 4551 atriis

2295 4578 2376 4630 vel
2415 4579 2568 4630 domo
2604 4580 2828 4647 episcopi
2874 4593 2975 4631 non
3006 4580 3313 4642 trahantur;
3351 4581 3443 4633 sed
3469 4581 3522 4634 in
3550 4585 3810 4652 evangelia

2297 4664 2416 4733 [nec
2451 4664 2602 4716 aliter
2626 4665 2939 4732 consignari,
2985 4666 3084 4718 nisi
3113 4665 3178 4718 ad
3225 4667 3515 4740 evangelia]
3545 4670 3684 4727 datis
3733 4688 3811 4726 sa-

2293 4749 2597 4812 cramentis,
2638 4749 2701 4802 de
2734 4759 2920 4812 morte,
2950 4751 3015 4804 de
3058 4751 3325 4804 debilitate
3365 4762 3421 4806 et
3443 4754 3509 4808 de
3537 4758 3680 4812 omni
3707 4773 3810 4828 pm-

2295 4852 2481 4889 narum
2517 4852 2707 4905 genere
2757 4839 2860 4891 sint
2902 4840 3071 4892 securi
3108 4858 3121 4892 :
3152 4841 3222 4893 ita
3275 4851 3332 4894 ut
3375 4843 3458 4896 cui
3497 4859 3622 4900 rcus
3663 4847 3810 4903 fuerit

2294 4925 2647 4987 criminosus,
2697 4925 2762 4979 de
2811 4926 3166 4983 satisfactione
3215 4930 3507 4983 conveniat.
3577 4932 3723 4998 Quod
3767 4937 3806 4989 si

2294 5022 2622 5066 sacramenta
2649 5029 2740 5067 sua
2767 5015 2882 5080 quis
2901 5016 3174 5069 violaverit
3202 5014 3340 5086 [quis
3368 5018 3642 5072 convictus
3666 5018 3807 5076 fuerit

2296 5103 2683 5168 violasse,greus
2703 5103 2965 5173 periurii],
2995 5103 3146 5170 (Add.
3183 5114 3230 5155 et
3261 5103 3394 5174 var.)
3417 5105 3484 5158 ab
3511 5109 3653 5162 curui
3674 5108 3805 5164 Chri-

2273 5258 2279 5264 ’
2367 5278 2392 5352 ta
2415 5275 2575 5360 Eone.
2604 5271 2878 5360 Toletani,
2899 5290 2945 5329 c.
2972 5276 3042 5360 6._

2373 5347 2384 5381 ί
2413 5344 2570 5396 Cone.
2606 5347 2841 5398 Arausic.
2874 5361 2911 5407 t,
2941 5360 2987 5398 c.
3013 5344 3060 5397 7.

2369 5410 2381 5456 ἱ
2428 5411 2586 5465 Cone.
2616 5412 2790 5465 Aurel.
2815 5426 2886 5466 tv.

2369 5479 2390 5515 ι
2417 5479 2538 5530 Var.
2571 5480 2684 5532 Vid.
2717 5487 2825 5531 not.
2855 5473 2952 5532 vir.
2992 5481 3056 5534 cl.
3086 5481 3131 5534 J.
3165 5481 3321 5536 Sim.

2373 5542 2388 5582 ι
2417 5546 2573 5598 Cone.
2602 5547 2776 5598 Aurel.
2806 5564 2857 5606 ν.
2886 5564 2931 5601 e.
2960 5548 3007 5600 7.

2368 5625 2404 5650 ω
2425 5613 2582 5667 Cone.
2606 5614 2743 5665 Arel.
2771 5630 2826 5668 ll.

2367 5691 2392 5717 ιι
2414 5680 2554 5735 Cone
2581 5682 2753 5734 Aurel.
2791 5697 2823 5732 ι.
