4010 6420
305 532 325 584 ι
335 535 435 588 069

950 646 1079 698 ίΕνα
1116 650 1166 702 8.

370 732 444 783 Ne
468 732 532 784 ad
560 732 849 799 nuptiarum
873 739 1113 783 ornatum
1157 731 1445 786 ministeria
1485 734 1655 788 divina
1684 748 1813 801 pra:-

296 826 505 872 stentur
529 819 679 887 (Add.
707 819 761 869 in
786 817 946 885 edd.).

588 912 589 915 ‘
648 903 821 957 Canon
855 905 1167 968 Matirensis,
1191 923 1298 960 cera
1321 907 1384 958 18
1411 918 1457 957 ιι.

365 992 750 1060 Comperimus,
782 993 1000 1044 necdum
1038 992 1187 1061 (Var.
1226 994 1365 1059 edd.)
1408 992 1652 1045 marcidis
1678 1007 1818 1045 mor-

295 1090 510 1135 tuorum
551 1080 882 1146 corporibus,
931 1078 1165 1145 sepulcra
1204 1080 1449 1141 reserari,
1479 1079 1557 1131 vel
1586 1078 1738 1146 (Add.
1769 1089 1814 1130 et

295 1169 431 1236 oar.)
481 1164 579 1219 alia
613 1183 827 1235 corpora
859 1148 1179 1235 superponi.’
1199 1168 1422 1234 ideoque
1450 1168 1727 1220 statuimus
1758 1160 1812 1219 ut

293 1256 467 1310 nullus
485 1256 734 1332 deinceps
763 1257 861 1307 hoc
883 1269 1037 1323 agere
1066 1265 1368 1322 prmsnmat.

823 1362 1041 1417 CAPUT
1078 1363 1274 1417 LXVII.

691 1447 751 1482 DE
790 1445 1039 1483 LECTIONE
1079 1447 1142 1483 AD
1182 1445 1400 1483 IENSAN.

671 1516 844 1569 Conon
874 1517 1139 1569 'l'olctanus
1162 1517 1212 1581 ιι,
1243 1533 1347 1569 mra
1378 1516 1426 1568 7.

361 1606 493 1671 Quia
515 1606 681 1659 solent
706 1608 901 1671 crebro
941 1607 990 1657 in
1018 1606 1213 1660 mensis
1239 1605 1419 1659 otiosa:
1444 1604 1628 1658 fabula:
1652 1605 1813 1657 inter-

287 1695 437 1761 poni.
460 1694 607 1761 (Var.
626 1703 671 1745 et
694 1694 813 1745 add.
839 1694 890 1743 in
914 1693 1053 1760 edd.)
1078 1693 1193 1746 ideo
1217 1694 1494 1746 statuimus
1518 1701 1574 1745 ut
1598 1694 1647 1744 in
1670 1693 1810 1745 omni

288 1779 601 1832 sacerdotali
629 1779 709 1831 vel
734 1779 1091 1846 religiosorum
1119 1779 1355 1833 convivio
1384 1780 1483 1833 hoe
1515 1779 1669 1832 lectio
1693 1794 1811 1832 san-

287 1872 374 1918 cta
407 1864 813 1934 [Scripturarum
853 1864 1168 1933 divinarum]
1201 1867 1494 1934 prohibeat.

824 1971 1042 2026 CAPUT
1073 1971 1293 2026 LXVIII.

630 2055 691 2092 DE
729 2056 900 2093 LAPSIS
934 2053 999 2092 ΕΤ
1038 2054 1453 2094 NENITENTIBUS.

357 2137 383 2166 ε
409 2127 479 2182 Ut
499 2127 740 2183 sacerdos
778 2127 1135 2195 pmuitentiam
1173 2126 1589 2194 implorantibus,
1614 2128 1808 2198 altsq'ue
1898 2144 1903 2149 δ

285 2229 632 2283 personarum
689 2216 989 2281 acceptione
1043 2215 1402 2282 paenitentiam
1455 2214 1809 2284 [prenitentiaa

288 2301 452 2371 leges]
490 2300 721 2369 iniungat
763 2318 775 2351 :
826 2300 850 2339 ἀ
879 2309 931 2353 et
976 2307 1035 2352 ut
1073 2301 1471 2369 ncgligentiores
1497 2305 1809 2368 pcenitentes

290 2387 491 2441 tardius
525 2388 857 2455 recipiantur.
1201 2383 1211 2392 ’

895 2473 1019 2543 Cap.
1062 2475 1125 2529 l9
1151 2485 1192 2527 θ.
1494 2538 1495 2541 η

284 2622 311 2631 β
350 2560 415 2615 Εἰ
444 2562 532 2629 qui
574 2560 934 2628 pmnitentiam
978 2563 1029 2614 in
1062 2562 1367 2617 inﬁrmitate
1394 2566 1557 2633 petit,
1589 2565 1712 2619 dum
1741 2568 1808 2637 [si

282 2645 436 2716 casu]
464 2648 528 2700 ad
554 2661 673 2698 eum
699 2647 942 2699 sacerdos
968 2647 1220 2701 invitatus
1239 2650 1401 2712 venit,
1431 2651 1475 2703 si
1509 2651 1809 2720 [oppressus

282 2733 610 2804 inﬁmitate]
663 2736 1001 2797 obmutuerit,
1050 2745 1138 2789 aut
1187 2737 1239 2789 in
1284 2738 1581 2805 phrenesim
1626 2756 1809 2795 versus

283 2824 466 2887 fuerit,
497 2824 625 2877 dent
664 2825 1016 2878 testimonium
1060 2827 1149 2907 qui
1173 2840 1293 2880 eum
1323 2828 1615 2892 audierunt,
1644 2836 1697 2882 et
1722 2846 1810 2903 ac-

283 2913 448 2979 cipiat
471 2913 847 2980 pmnitentiam.
886 2913 1021 2987 Etsi
1061 2915 1307 2968 continuo
1336 2918 1567 2969 creditur
1595 2921 1811 2972 moritu-

284 3016 399 3061 rus,
433 3002 798 3056 reconcilietur
841 2991 934 3071 per
974 2985 1162 3058 manus
1203 3007 1605 3074 impositionem,
1644 3017 1697 3061 et
1726 3010 1808 3061 in-

285 3086 531 3162 fundatur
559 3090 609 3141 in
640 3102 698 3141 os
720 3087 845 3158 [ori]
866 3091 979 3157 ejus
1002 3091 1334 3144 eucharistia.
1365 3092 1419 3144 Si
1443 3095 1802 3160 supervixerit,

283 3174 630 3226 admoneatur
656 3190 686 3226 a
713 3176 1024 3242 supradictis
1048 3177 1284 3239 testibus,
1306 3177 1543 3244 petitioni
1578 3194 1685 3269 sua:
1722 3194 1808 3231 sa-
1829 3210 1874 3269 ρ

288 3261 584 3325 tisfactum;
628 3268 681 3315 et
717 3265 972 3317 subdatur
1010 3271 1205 3318 statuto
1231 3266 1547 3334 pmoitentia:
1585 3254 1803 3336 tempori

283 3346 553 3417 [legibus],
582 3349 812 3415 quandiu
852 3350 1097 3404 sacerdos
1133 3352 1221 3419 qui
1263 3353 1620 3418 paenitentiam
1652 3354 1805 3407 dede-

286 3434 379 3497 rit,
405 3434 724 3503 probaverit.

472 3562 481 3569 .
896 3518 1021 3591 Cap.
1057 3521 1127 3576 20
1149 3518 1191 3576 ί.

228 3610 246 3619 ’
326 3606 676 3661 'Paanitentes
711 3609 797 3675 qui
841 3608 896 3662 in
946 3608 1252 3664 inﬁrmitate
1279 3612 1614 3665 eucbaristiae
1657 3613 1807 3665 viati-

283 3706 407 3745 cum
427 3700 760 3759 acceperunt,
787 3706 890 3746 non
918 3708 975 3746 se
1003 3694 1222 3747 credant
1243 3694 1529 3756 absolutos,
1552 3697 1599 3747 si
1623 3710 1807 3763 super-

286 3778 538 3841 vixerint,
559 3772 679 3831 sitia
698 3792 883 3832 manus
907 3779 1262 3848 impositione.

781 3866 785 3870 ’
847 3867 1027 3919 -/Em
1052 3869 1112 3921 21
1166 3872 1210 3920 8.

357 3951 700 4014 Ρωιιίῑθιιῑεε,
722 3954 809 4020 qui
833 3961 951 4006 ante
979 3953 1260 4021 legitimam
1286 3956 1809 4022 prenitentiamexee-

286 4041 423 4093 dunt
447 4037 666 4094 [attente
692 4039 831 4104 leges
860 4041 1178 4105 paenitentia:
1205 4042 1606 4110 exsequuntur],
1647 4043 1691 4094 si
1720 4058 1808 4095 ca-

285 4141 352 4180 su
374 4124 450 4196 [in
474 4125 661 4178 itinere
685 4124 769 4178 vel
793 4125 843 4177 in
896 4124 1050 4194 mari]
1074 4125 1142 4178 ibi
1165 4126 1458 4178 moriantur
1482 4127 1570 4180 ubi
1597 4128 1673 4180 eis
1726 4143 1808 4180 sa-

287 4213 477 4266 cerdos
508 4210 658 4281 (Var.
687 4211 826 4296 edd.)
880 4212 1157 4265 subvenire
1184 4228 1286 4266 non
1328 4215 1515 4281 potuit,
1557 4217 1806 4267 memoria

286 4313 475 4352 eorum
501 4299 824 4351 orationibus
851 4308 903 4352 et
922 4300 1269 4353 oblationibus
1295 4304 1704 4356 commendetur.

528 4430 532 4434 .
597 4383 772 4436 Canon
810 4384 1184 4453 Hipponiensis,
1230 4404 1333 4439 rem
1363 4388 1431 4439 42
1458 4391 1503 4439 ιι.

1108 478 1412 589 canones
1451 521 1723 590 SELECTl
1760 537 1846 589 sx
1885 523 2220 603 veneant
2260 536 2573 593 COLLECT.

1910 737 2225 803 imponatur,
2254 752 2318 788 ne
2336 736 2571 790 Ecclesia
2591 747 2977 792 commoveatur
3001 739 3154 808 (Var.
3179 741 3341 810 edd.).

2116 819 2177 872 In
2213 821 2452 873 decretali
2488 821 2770 875 Innocentii
2795 841 2939 892 papa:
2960 812 3008 888 i,
3035 842 3138 877 tera
3162 827 3212 878 6.

1977 891 2375 968 Phanitentibus,
2405 909 2515 961 sive
2543 924 2605 961 ex
2629 891 2894 977 gravibus,
2916 912 3025 965 sive
3048 926 3115 965 ex
3140 913 3425 971 levioribus

1909 992 2159 1058 peccatis,
2199 993 2419 1061 si'nnlla
2449 994 2727 1047 intervenit
2748 997 3020 1064 aegritudo,
3066 998 3243 1065 quinta
3291 1000 3422 1054 feria

1911 1086 2031 1131 ante
2058 1079 2249 1145 pascha
2283 1080 2361 1132 eis
2388 1080 2753 1134 remittendum
2766 1080 3010 1136 Romana:
3032 1084 3276 1139 Ecclesire
3300 1102 3427 1141 con-

1898 1160 2130 1217 suetudo
2158 1148 2501 1220 demdnstrat.
2526 1170 2780 1222 Caeterum
2810 1169 2874 1222 de
2900 1171 3427 1241 pondere[aestiman—

1910 1249 1997 1320 do]
2027 1251 2356 1315 delictorum,
2379 1255 2666 1308 sacerdotis
2694 1264 2775 1309 est
2794 1254 3052 1322 judicare,
3095 1267 3153 1310 ut
3194 1261 3427 1322 attendat

1911 1339 1975 1392 ad
2002 1339 2382 1393 confessionem
2404 1343 2726 1408 pmnitentis,
2752 1320 2810 1395 et
2830 1344 2898 1397 ad
2920 1343 3096 1398 fletum
3124 1344 3304 1414 [atque
3349 1320 3426 1399 la.-

1906 1425 2136 1495 crymas]
2178 1429 2512 1497 corrigentis;
2538 1435 2592 1481 et
2634 1436 2758 1482 tunc
2794 1429 3039 1495 dimittat,
3073 1446 3188 1485 cum
3226 1433 3424 1510 Iiderit

1910 1531 2190 1584 congruam
2220 1516 2652 1570 satisfactionem.
2694 1516 2921 1571 Si'vero
2952 1516 3024 1573 'in
3071 1521 3442 1588 :egritudincm‘

1909 1602 2062 1671 (Var.
2077 1613 2122 1655 et
2149 1603 2270 1655 add.
2302 1606 2354 1656 in
2382 1604 2521 1674 edd.)
2563 1605 2860 1667 incurrerit,
2906 1604 3050 1674 [ante
3081 1614 3292 1673 tempus
3328 1605 3426 1658 Pa-

1909 1688 2069 1757 scbaz]
2096 1690 2197 1741 erit
2221 1689 2582 1754 relaxandum,
2609 1706 2675 1744 ne
2701 1690 2791 1761 {de
2819 1690 3026 1760 seculo]
3056 1691 3256 1757 absque
3283 1707 3427 1745 com-

1910 1775 2151 1827 munione
2186 1775 2436 1829 discedat.
2465 1776 2815 1830 karismatis
2848 1778 2866 1848 (
2878 1777 3024 1846 Var.)
3050 1780 3226 1831 unctio
3257 1780 3427 1847 poeni-

1909 1860 2135 1912 tentibus
2162 1859 2362 1914 infundi
2389 1876 2491 1914 non
2505 1872 2697 1929 potest,
2712 1864 2831 1931 quia
2846 1878 3009 1933 genus
3028 1873 3119 1918 est
3129 1879 3426 1919 sacramen-

1834 1931 1879 1988 Β
1910 1954 2096 2000 torum.
2144 1948 2273 2001 Nam
2319 1952 2506 2017 quibus
2542 1951 2753 2018 'reliqua
2781 1931 3105 2007 sacramenta
3150 1957 3424 2023 negantur,

1906 2035 2165 2100 quomodo
2187 2051 2347 2089 unum
2368 2052 2530 2103 genus
2542 2047 2763 2109 putatur;
2777 2053 2932 2106 posse
2953 2040 3199 2093 concedi?

2245 2122 2421 2175 Canon
2453 2122 2716 2187 Nion-nus,
2753 2142 2865 2192 cap.
2918 2127 2981 2179 l3
3025 2124 3084 2178 ι.
3176 2117 3182 2121 ⁴

1974 2206 2238 2261 Morituris
2256 2218 2309 2261 et
2338 2198 2755 2263 desiderantibus
2778 2224 2882 2263 non
2907 2219 3124 2280 negetur
3146 2212 3421 2269 eucharis-

1903 2294 2000 2357 tia,
2029 2310 2092 2347 ea
2141 2304 2312 2350 tamen
2354 2298 2651 2353 conditione
2678 2309 2753 2363 ut,
2794 2301 2837 2352 si
2872 2286 3277 2368 supervixerint,
3318 2319 3422 2357 non

1813 2433 1818 2437 ,
1908 2383 2289 2434 communicent
2313 2393 2432 2437 ante
2460 2394 2712 2439 statutum
2736 2382 2940 2455 tempus
2966 2390 3314 2457 penitentim,
3343 2374 3423 2444 vel

1904 2464 2259 2530 probationem
2287 2470 2533 2537 episcopi.

2260 2553 2433 2608 Canon
2472 2556 2853 2621 Aurasicorum,
2878 2574 2983 2612 tera
3008 2562 3059 2613 5.

1974 2639 2072 2704 Qui
2099 2642 2350 2694 recedunt
2369 2643 2432 2696 de
2460 2658 2698 2711 corpore,
2726 2644 2901 2713 (γαν.)
2931 2653 3049 2713 post
3067 2648 3423 2714 pcenitentiam

1907 2735 2195 2794 acceptam,
2224 2729 2423 2795 placuit
2458 2732 2570 2783 sine
2600 2732 3015 2796 reconciliatoria
3045 2748 3227 2788 manus
3261 2736 3424 2804 impo-

1905 2810 2092 2866 sitione
2122 2815 2498 2867 communicari
2527 2818 2699 2882 :quod
2750 2819 3017 2872 morientis
3067 2820 3260 2876 sufficit
3294 2836 3426 2876 eon-

1906 2900 2169 2953 solationi.
2199 2900 2311 2954 In«Si
2340 2904 2903 2970 vero.supervixerint,
2952 2915 3092 2959 stent
3137 2909 3191 2961 in
3241 2910 3423 2965 ordine

1907 2991 2061 3061 (Var,
2089 3002 2135 3044 et
2165 2993 2286 3045 add.
2311 2994 2363 3045 in
2388 2993 2527 3061 edd.)
2550 2996 2884 3062 poenitentiae,
2916 3004 2973 3048 ut
2988 2996 3268 3066 legitimam
3281 3012 3423 3053 coni-

1905 3079 2204 3142 munioncm
2239 3095 2360 3131 cum
2388 3081 2835 3157 reconciliator-im
2860 3096 3046 3135 manus
3094 3083 3421 3152 impositione

1903 3169 2209 3255 percipiant.

2553 3257 2686 3309 ΛΕΜ
2711 3256 2763 3309 ι.

1970 3341 2335 3397 Paenitentiam
2353 3345 2768 3400 desiderantibus
2781 3349 2938 3401 etiam
2952 3334 3112 3418 [Edd.
3128 3365 3226 3402 om.
3239 3351 3419 3423 etiam]

1899 3427 2108 3498 clericis
2127 3445 2230 3483 non
2250 3431 2559 3498 negandam.

1915 3494 1922 3509 ’
2210 3494 2389 3568 Conon
2442 3517 2773 3595 Arelatensis,
2811 3537 2915 3595 (pra
2966 3521 3033 3573 12
3060 3531 3108 3574 η.
3274 3560 3301 3585 ,ρ

1954 3655 1959 3661 ,
1994 3601 2049 3656 εί
2078 3603 2154 3666 hi,
2181 3605 2270 3671 qui
2300 3605 2352 3656 in
2386 3588 2690 3672 paenitentia
2716 3584 2891 3676 posin,
2924 3611 3031 3663 vita
3076 3584 3419 3674 excesserint.

1901 3692 2095 3758 placuit
2114 3692 2308 3744 nullum
2330 3693 2525 3760 absque
2549 3696 2915 3748 communione
2936 3696 3125 3748 dimitti
3166 3696 3417 3766 [commu-

1900 3780 2056 3833 nione
2081 3795 2300 3832 vacuum
2346 3778 2536 3835 debere
2555 3783 2797 3853 dimitti];
2830 3785 2920 3837 sed
2948 3798 3042 3853 pro
3068 3798 3132 3838 eo
3154 3786 3291 3853 quod
3326 3789 3408 3839 lio-

1903 3867 2109 3919 noravit
2134 3867 2517 3934 penitentiam,
2546 3867 2740 3921 oblatio
2763 3868 2898 3921 illius
2925 3869 3280 3937 suscipiatur-

2113 3953 2177 4004 In
2212 3948 2424 4031 epistola
2444 3953 2732 4019 Innocentii
2749 3970 2913 4022 papa,
2940 3972 3049 4021 cap.
3080 3955 3146 4015 15
3173 3963 3217 4007 ο.
3298 4027 3301 4031 ι

1969 4039 2307 4102 Poenitentes,
2332 4030 2566 4107 tempore
2587 4055 2690 4107 quo
2717 4042 3075 4107 paenitentiam
3098 4030 3301 4108 petunt,
3323 4043 3418 4096 im-

1903 4127 2211 4193 positionem
2239 4140 2483 4177 manuum
2503 4133 2556 4177 et
2582 4125 2806 4177 cilicium
2830 4140 2988 4194 super
3009 4134 3165 4193 caput
3182 4140 3212 4178 a
3241 4140 3416 4202 sacer-

1904 4213 2022 4265 dote
2045 4212 2203 4281 [sieut
2227 4212 2416 4278 ubique
2436 4212 2773 4264 constitutum
2800 4211 2902 4281 est]
2930 4205 3330 4280 consequantur.
3353 4214 3418 4268 Et

1861 4345 1881 4352 -
1903 4301 1947 4352 si
1975 4307 2064 4351 aut
2079 4312 2254 4351 comas
2285 4312 2387 4350 non
2430 4298 2782 4365 deposuerint,
2805 4307 3107 4352 autvestem
3151 4314 3253 4353 non
3298 4316 3413 4353 mu-

1904 4387 2149 4447 taverint,
2164 4383 2495 4455 [abjicientur
2521 4403 2534 4437 :
2562 4393 2616 4437 et
2631 4382 2742 4438 hisi
2763 4385 2916 4453 digne
2936 4385 3290 4456 prenitnerint]
3312 4400 3413 4440 non

278 4535 284 4540 η
364 4471 657 4527 Secundum
682 4472 1026 4527 differentiam
1059 4483 1414 4541 peccatorum,
1459 4476 1685 4543 episcopi
1721 4492 1804 4528 ar-
1830 4480 1877 4536 D
1903 4474 2234 4540 recipiantur.
2282 4471 2562 4525 Juvenibus
2590 4481 2762 4525 autem
2790 4474 3091 4540 paenitentia
3135 4490 3238 4527 non
3264 4474 3413 4529 facile

288 4558 450 4612 bitrio
466 4560 779 4627 paenitentia:
800 4567 1032 4628 tempora
1057 4560 1424 4613 decernuntur.
1464 4564 1477 4600 ί
1507 4563 1571 4613 Et
1595 4569 1807 4629 ntprcs-

289 4645 446 4713 byter
474 4639 600 4698 sine
640 4646 875 4698 consultu
923 4648 1147 4714 episcopi
1202 4644 1516 4715 [inconsulto
1542 4648 1805 4717 episcopo]

294 4742 429 4782 non’
450 4731 747 4783 reconciliet
772 4734 1131 4798 paenitentum,
1175 4734 1270 4785 nisi
1298 4732 1530 4787 absentia
1573 4734 1808 4803 [absente

294 4816 561 4883 episeOpo,
612 4816 684 4884 et]
733 4831 827 4883 pro
873 4819 1181 4871 necessitate
1234 4828 1470 4887 cogente.
1517 4818 1806 4884 (Injuscnn-

295 4917 401 4968 que
426 4904 624 4956 crimen
651 4903 1058 4971 vulgatissinmm
1082 4913 1183 4967 est,
1233 4906 1297 4957 ad
1352 4906 1609 4973 publicam
1637 4907 1799 4972 pumi-

370 5080 393 5104 α
431 5066 589 5121 Cone.
618 5068 882 5121 Matiscon.
913 5085 972 5130 ιι,
997 5084 1044 5123 c.
1078 5062 1160 5120 l7.

370 5133 397 5170 ι’
434 5134 592 5184 Cum.
618 5133 779 5184 Tolet.
806 5148 883 5186 ιιι.

370 5210 401 5266 εί
433 5199 622 5252 Statut.
647 5200 785 5266 Eccl.
815 5199 1011 5266 autiq.;
1056 5200 1109 5256 in
1131 5201 1247 5254 eod.
1271 5199 1424 5252 Barb.
1450 5214 1497 5252 c.
1531 5202 1621 5263 l8;
1658 5217 1806 5255 conc.

303 5280 355 5319 tv
379 5265 585 5327 Cartb.,
613 5282 658 5318 c.
696 5265 778 5318 85.

369 5332 531 5414 duilio
555 5334 730 5400 incipit
753 5333 803 5384 in
833 5345 878 5383 c.
911 5331 1064 5384 Barb.
1099 5346 1147 5385 c.
1173 5334 1267 5405 l9;
1298 5347 1443 5386 conc.
1469 5349 1519 5385 tv
1544 5333 1808 5402 Carthag.,

303 5413 353 5451 ο.
397 5413 473 5451 Αἵ).

377 5478 399 5503 ε
434 5466 490 5517 ln
510 5466 632 5523 eod.
665 5466 730 5529 8..
749 5479 795 5519 c.
820 5465 919 5527 20;
948 5479 1093 5519 eone.
1123 5479 1174 5517 Iv
1200 5465 1400 5527 Carth.,
1427 5481 1475 5518 c.
1507 5465 1589 5519 76.

378 5533 395 5569 ί
429 5531 484 5585 In
511 5532 624 5584 cod.
654 5533 709 5585 Β.
734 5547 782 5585 e.
814 5531 873 5584 21
908 5546 1088 5594 ;eonc.
1114 5546 1164 5584 Iv
1181 5532 1433 5590 Carth..c.
1458 5532 1542 5585 78.

376 5601 400 5638 κ
419 5598 492 5650 ld.
525 5598 576 5650 in
598 5598 710 5650 eod.
736 5599 888 5652 Barb.
908 5613 1082 5660 ;conc.
1098 5614 1147 5650 Iv
1165 5598 1367 5659 Carth.,
1386 5612 1433 5649 c.
1460 5597 1544 5650 79.

375 5667 400 5707 ιι
424 5665 582 5718 Cone.
624 5664 781 5717 Afr-ie.
813 5680 859 5718 c.
890 5665 978 5729 l0;
1018 5681 1080 5719 ex
1111 5666 1224 5718 cod.
1249 5678 1363 5715 can.
1391 5664 1526 5716 Eccl.
1551 5663 1710 5718 Afric.
1765 5680 1810 5717 c.

1902 4560 2252 4612 committatur
2296 4565 2507 4624 propter
2561 4557 2728 4609 artatis
2776 4558 3121 4626 fragilitatem.
3158 4550 3410 4613 Viaticum

1905 4656 2074 4701 tamen
2102 4649 2152 4700 in
2172 4655 2339 4700 morte
2361 4645 2582 4716 [positis]
2604 4648 2844 4701 omnibus
2880 4649 3153 4702 tribuatur.
3231 4670 3260 4686 ι

2273 4732 2446 4785 Conon
2476 4733 2926 4800 Epannrnsismrra
2951 4734 3036 4787 9.3.

1950 4811 2123 4886 '(Add.
2150 4828 2196 4870 et
2227 4835 2332 4872 car.
2368 4819 2420 4869 in
2444 4818 2583 4885 edd.)
2605 4817 2702 4881 Qui
2721 4830 2839 4886 post
2857 4831 3121 4887 acceptam
3147 4822 3403 4889 pmniten-

1904 4906 2027 4956 tiam
2057 4920 2238 4957 rursus
2266 4905 2329 4956 ad
2364 4905 2627 4957 saecularia
2657 4906 2987 4966 relabuntur,
3026 4910 3407 4963 communicare
3447 4898 3461 4910 “

1904 5074 1997 5133 45;
2022 5070 2166 5126 conc.
2192 5089 2246 5125 ιιι
2277 5073 2476 5135 Cartb.,
2501 5089 2547 5127 c.
2579 5074 2663 5127 5i.

1977 5143 1990 5179 λ
2026 5143 2149 5191 (Jan.
2176 5140 2261 5191 52.
2524 5150 2525 5153 “
2640 5190 2651 5203 ,

1923 5233 1927 5236 ν
1976 5206 1988 5252 ι
2024 5206 2102 5256 Ad
2125 5206 2444 5266 Decentium,
2475 5223 2520 5259 c.
2552 5208 2599 5259 7.

1974 5274 1995 5309 ιι
2023 5271 2147 5338 Cap.
2168 5275 2218 5324 8.

1978 5338 1992 5375 ι
2023 5338 2160 5407 item
2192 5340 2241 5390 in
2270 5339 2436 5407 Ornet
2457 5339 2663 5407 Dionys.
2690 5340 2873 5407 interp.
2904 5340 3046 5403 Ruﬁ,
3065 5356 3113 5394 c.
3145 5341 3304 5405 15,031
3328 5340 3402 5395 in—

1908 5404 2184 5534 102?.lesz
2204 5404 2604 5534 ἐῖὲίοιέξέῗιξιξ
2623 5404 2868 5534 grauibus
2904 5408 3002 5461 ista
3027 5404 3302 5476 discrepat.

2077 5487 2107 5521 υ
2146 5488 2159 5521 l
2307 5509 2319 5522 .
2719 5490 2731 5524 I
2762 5511 2775 5525 .
3190 5507 3197 5513 ·

2077 5487 2177 5522 ιιοιι
2204 5487 2319 5524 ειαα.
2344 5487 2598 5525 mossema
2623 5487 2775 5525 83011..
3190 5507 3197 5513 ·

1976 5487 2011 5509 υι
2032 5487 2177 5534 υιιοιι
2204 5487 2319 5524 ann.
2344 5487 2598 5539 glossema
2623 5487 2717 5540 8³1)

1976 5546 1999 5573 η
2021 5536 2176 5589 Cone.
2205 5538 2343 5589 Arei.
2368 5554 2424 5589 tl.

1977 5612 2000 5637 °
2026 5604 2134 5656 για.
2162 5616 2305 5655 conc.
2331 5604 2631 5670 Agatbens..
2652 5619 2702 5658 e.
2729 5605 2811 5660 l5.

3287 540 3421 594 1070

1838 652 1881 707 Α
1910 647 2123 703 tentiam
2148 650 2398 717 agendam
2419 658 2538 702 ante
2566 650 2798 717 apsidam
2828 650 3103 721 [absidem]
3150 667 3334 705 manus
3371 654 3421 708 ci
