4010 6422
296 455 438 510 1073

1124 459 1430 518 CANONES
1469 462 1746 516 SELECTI
1771 465 1875 516 οΕΧ
1915 465 2063 517 VET.
2103 465 2252 518 CAN.
2289 465 2606 520 COLLECT.

3313 449 3441 522 λιιι-13

286 563 504 635 [aliam]
538 564 749 630 omnino
774 564 1088 630 cognoverit.
1131 566 1185 617 In
1206 583 1309 634 quo
1339 577 1510 620 tamen
1542 585 1644 621 non
1675 583 1827 635 regu-
1853 581 1898 634 Α
1929 585 2030 622 non
2061 571 2298 636 juvisset.
2352 569 2644 624 Cumesset
2687 573 2737 624 in
2766 588 2933 640 pcena,
2969 576 3208 640 paenituit
3235 593 3244 622 :
3284 584 3335 627 et
3360 590 3468 641 per.

291 648 402 702 lam
430 649 815 713 constituimus,
849 652 937 704 sed
963 652 1100 718 quod
1148 654 1216 704 sit
1257 654 1578 708 tolerabilius
1605 656 1831 708 aestima-

293 749 440 797 mus,
458 736 579 802 quia
611 735 742 789 nihil
772 737 819 788 ei
849 736 988 789 aliud
1027 740 1285 807 congruit,
1334 742 1420 806 qui
1469 743 1830 807 penitentiam

291 823 478 892 gessit,
513 837 672 890 quam
705 825 962 878 castitatis
1006 828 1392 892 perseverantia
1434 827 1674 895 [castitas
1721 844 1835 895 per-

291 922 548 961 severans
572 917 626 961 et
643 911 843 992 .mentis
866 918 919 963 et
942 912 1201 980 corporis,I

853 1017 1010 1078 Ibid.,
1050 1033 1162 1085 cap.
1198 1020 1276 1072 19.

367 1117 431 1170 Hi
467 1118 563 1186 qui
582 1131 616 1172 ι
642 1117 882 1186 gentibus
905 1120 1040 1187 capti
1070 1129 1207 1183 sunt,
1239 1122 1281 1174 si
1309 1123 1547 1175 convivio
1571 1124 1682 1177 solo
1710 1139 1834 1192 gen-

299 1202 469 1256 ‘ilium
493 1206 631 1258 escis
664 1198 1006 1258 im'molatitiis
1034 1207 1114 1258 usi
1143 1216 1282 1269 sunt,
1315 1208 1764 1278 possu'ntjejuniis
1783 1219 1837 1262 et

296 1305 487 1343 manus
523 1291 856 1358 impositione
878 1295 1088 1361 purgari
1115 1293 1268 1363 (Add.
1297 1306 1346 1371 et
1371 1297 1502 1365 var.)
1527 1305 1582 1353 et
1601 1313 1837 1352 commu-

296 1379 503 1432 nicare.
529 1378 592 1432 Si
625 1387 801 1433 autem
830 1381 966 1438 idola
993 1381 1385 1447 adoraverunt,.
1409 1393 1499 1438 aut
1540 1385 1836 1441 homicidiis

299 1465 383 1516 vel
413 1464 851 1522 for’nicationibus—
867 1472 1206 1524 contaminati
1238 1481 1380 1535 sunt,
1409 1473 1482 1525 ad
1513 1476 1835 1527 communio-

299 1567 420 1606 nem
444 1568 556 1617 eos,
593 1555 691 1608 nisi
737 1572 830 1624 per
861 1559 1223 1624 penitentiam
1258 1561 1564 1631 [publicam]
1600 1577 1705 1615 non
1743 1564 1835 1616 ad-

301 1640 484 1692 mitti.-

717 1727 782 1786 In
810 1722 938 1783 libro
954 1743 976 1770 ι
993 1734 1163 1784 sancti
1180 1733 1424 1786 Pomerii.
1451 1749 1467 1763 δ

301 1852 381 1906 De
398 1841 474 1906 Itis
491 1857 581 1922 qui
593 1856 784 1910 occulte
799 1870 1006 1926 peccant
1027 1871 1073 1914 et
1085 1863 1427 1930 panitentiam
1446 1865 1642 1917 occulte
1660 1875 1835 1932 agunt.
1871 1873 1913 1928 Β

299 1968 372 1978 --
398 1940 463 1993 Hi
489 1957 616 1994 vero
631 1939 724 2010 qui
744 1944 795 1997 in
823 1945 996 2014 aliquo
1021 1951 1178 2015 gradu
1204 1953 1471 2004 constituti
1496 1962 1639 2014 sunt,
1672 1962 1726 2006 et
1750 1969 1838 2007 oc-

299 2027 444 2080 culte
463 2029 662 2082 crimen
689 2031 990 2097 admittunt,
1018 2036 1190 2104 (Mult.
1221 2038 1340 2102 add.
1378 2049 1422 2091 et
1462 2039 1594 2108 var.)
1637 2039 1841 2095 facilius

299 2115 404 2168 sibi
428 2115 710 2171 Dominum
727 2118 1021 2187 placabunt,
1045 2126 1132 2200 qui
1152 2141 1254 2179 non
1271 2116 1498 2180 humano
1507 2116 1704 2195 judicio
1717 2145 1839 2184 con-

299 2203 426 2257 victi
447 2203 646 2258 crimen
683 2219 970 2276 agnoscunt
1013 2229 1024 2262 :
1057 2214 1144 2278 qui
1173 2223 1263 2266 aut
1304 2218 1531 2284 propriis
1561 2217 1685 2273 illud
1717 2234 1842 2273 con-

300 2289 620 2346 fessionibus
660 2295 906 2362 produnt,
957 2307 1047 2351 aut
1096 2302 1450 2374 nescientibus
1499 2306 1615 2360 aliis
1661 2309 1840 2374 quales

301 2379 404 2444 ipsi
427 2379 480 2432 in
509 2381 730 2437 occultis
750 2385 860 2438 suis
883 2387 1007 2448 sint,
1039 2389 1088 2440 in
1131 2404 1187 2442 se
1216 2387 1517 2447 voluntaria:
1543 2408 1840 2454 excommu-

303 2464 589 2522 nicationis
622 2460 931 2524 sententiam
966 2471 1173 2527 ferunt:
1203 2479 1344 2531 etab
1369 2479 1520 2533 altari
1565 2482 1647 2534 cui
1688 2463 1834 2534 mini-

300 2553 565 2618 strabant,
589 2570 690 2609 non
711 2557 904 2620 animo,
937 2561 1028 2613 sed
1050 2559 1218 2615 ofﬁcio
1239 2567 1486 2632 separati,
1513 2568 1670 2620 vitam
1693 2583 1841 2622 suam

232 2699 234 2701 ,
301 2644 456 2711 quasi
501 2655 760 2699 mortuam
795 2648 1074 2716 plangunt;
1125 2654 1255 2706 certi
1307 2655 1463 2721 quod,
1509 2657 1842 2711 reconciliato

302 2731 404 2784 sibi
434 2731 564 2796 Deo,
598 2732 826 2788 efﬁcacis
866 2739 1183 2804 paenitentiae
1226 2740 1501 2807 fructibus,
1544 2759 1648 2798 non
1673 2745 1841 2798 solum

303 2819 500 2872 amissa
545 2823 811 2890 recipient,
843 2826 933 2878 sed
957 2827 1134 2880 etiam
1169 2829 1308 2883 cives
1341 2846 1579 2899 supernae
1615 2833 1844 2887 civitatis

304 2904 499 2970 effecti,
527 2909 592 2962 ad
622 2911 811 2978 gaudia
836 2915 1149 2982 sempiterna
1176 2921 1497 2984 pervenient.
1590 2974 1595 2979 r

538 3040 602 3093 In
633 3043 845 3095 concilio
875 3041 1124 3100 Caelestim'
1150 3066 1296 3120 papw
1338 3053 1382 3115 δ,
1411 3070 1612 3122 δίψη...

1930 656 2083 708 unius
2103 656 2360 709 sermonis
2377 657 2794 723 promissionem,
2822 659 3173 711 habitaculum
3203 658 3445 726 paradisi,

1928 741 2034 794 Deo
2061 744 2414 810 promittente,
2440 745 2747 810 promeruit.
2773 746 2905 798 Vera
2934 761 3056 813 ergo
3082 747 3144 798 ad
3173 747 3448 800 Dominum

1929 821 2198 881 conversio
2219 829 2269 880 in
2291 829 2486 881 ultimis
2508 831 2811 895 positorum,
2834 841 3005 885 mente
3028 834 3197 900 potius
3215 844 3294 886 est
3313 837 3452 887 :esti-

1929 915 2135 974 manda,
2158 929 2313 981 quam
2341 923 2586 981 tempore,
2612 915 2986 984 Prophetaplior
3007 928 3286 973 attestante
3313 919 3452 990 [tali«

1931 1010 2011 1053 ter
2035 1002 2321 1070 asserente]
2349 1020 2360 1052 :
2395 1001 2518 1054 Cum
2545 1019 2806 1055 conversus
2837 1001 3015 1069 fueris,
3055 1016 3102 1057 et
3129 1007 3450 1073 ingemueris,

1932 1078 2094 1155 [tunc]
2134 1086 2302 1139 saluus
2339 1088 2456 1139 eris.
2489 1087 2616 1140 Cum
2646 1103 2770 1154 ergo
2807 1089 3056 1143 Dominus
3091 1093 3159 1144 sit
3185 1093 3355 1144 cordis
3381 1093 3455 1144 in-

1929 1182 2155 1242 spector,
2178 1176 2364 1242 quovis
2379 1185 2624 1243 tempore
2647 1192 2750 1230 non
2775 1185 2856 1230 est
2877 1179 3172 1247 deneganda
3195 1179 3451 1248 paeniten-

1933 1264 2005 1317 tia
2039 1264 2312 1331 pmnitenti
2363 1264 2708 1334 [postulanti],
2740 1281 2858 1318 cum
2896 1267 2966 1319 illi
3012 1283 3069 1320 se
3111 1269 3303 1334 obliget
3348 1267 3455 1336 [ille

1933 1368 1989 1406 se
2014 1351 2275 1422 obliquet]
2295 1352 2484 1418 Judici,
2514 1355 2595 1406 cui
2617 1353 2819 1407 occulta
2869 1357 3042 1408 omnia
3061 1360 3286 1410 ‘noverit
3315 1372 3456 1409 reve-

1933 1439 2052 1491 lari.
2457 1429 2472 1444 ’

2486 1526 2702 1582 CAPUT
2730 1527 2907 1579 LXIX.

2157 1647 2220 1684 DE
2256 1647 2340 1685 IIIS
2374 1648 2460 1694 ρυι
2497 1649 2699 1686 CONTRA
2736 1649 2961 1687 CANONES
2997 1649 3228 1684 ΙἊΕΗἸΝΤ.

2277 1742 2452 1796 Conon
2477 1739 2919 1806 Chalcedonensis,
2944 1759 3045 1794 tera
3075 1741 3117 1793 1.

2009 1862 2030 1890 ε
2073 1851 2296 1920 Regulas
2338 1861 2638 1906 sanctorum
2681 1851 2898 1905 Patrum
2948 1866 3039 1918 per
3083 1851 3280 1917 singula
3324 1865 3458 1902 nunc

1939 1939 2100 2005 uSque
2121 1939 2343 1992 concilia
2377 1940 2707 2001 constitutas,
2741 1939 3005 2008 proprium
3045 1938 3204 1990 robur
3231 1937 3462 1988 obtinuere

1936 2025 2276 2079 decrevimus.

2571 2113 2702 2165 {Ero
2749 2113 2826 2165 l0.

2004 2222 2028 2260 δ
2055 2222 2151 2288 Qui
2180 2223 2293 2275 ausi
2319 2221 2509 2274 fuerint
2536 2229 2650 2287 post
2673 2219 3022 2273 definitionem
3054 2231 3251 2285 magna:
3272 2225 3323 2269 et
3350 2216 3432 2266 uni
3451 2243 3473 2252 -

1937 2310 2153 2364 versalis
2181 2309 2337 2377 huius
2373 2309 2577 2377 synodi,
2630 2309 2914 2376 quidquam
2951 2321 3014 2358 ex
3062 2306 3142 2358 his
3190 2319 3304 2369 qua:
3343 2312 3462 2354 sunt

1937 2399 2194 2468 prohibita
2230 2405 2550 2466 perpetrare,
2582 2411 2610 2448 a
2634 2397 2845 2473 proprio
2874 2396 3035 2464 gradu
3067 2394 3324 2464 recedant.

2227 2509 2401 2563 Conon
2439 2507 2777 2568 Epaunensis.
2816 2523 2920 2560 (era
2955 2506 3040 2560 40.

1968 2683 1971 2685 ί
2007 2595 2261 2682 Quocirca
2296 2618 2407 2670 haec
2433 2631 2548 2683 qua:
2574 2630 2796 2684 superna
2824 2614 3163 2681 inspiratione
3205 2614 3464 2692 communi

1938 2719 2094 2759 sensu
2123 2704 2426 2776 [consensu]
2454 2705 2781 2772 placuerunt,
2827 2705 2869 2756 si
2909 2704 3026 2770 quis
3053 2711 3348 2755 sanctorum
3376 2715 3465 2752 an-

1939 2792 2159 2845 tistitum
2187 2792 2275 2859 qui
2305 2799 2498 2844 statuta
2529 2793 2806 2858 praesentia
2845 2791 3312 2857 subscriptionibus
3349 2801 3468 2854 pro-

1940 2882 2068 2950 priis
2094 2882 2452 2944 firmaverunt,
2483 2896 2581 2934 nec
2609 2895 2713 2934 non
2741 2887 2793 2934 et
2819 2893 2949 2948 quos
2987 2894 3164 2932 eorum
3192 2878 3328 2929 Deus
3354 2891 3468 2929 esse

1940 2971 2163 3024 voluerit
2181 2985 2532 3030 successores.
2562 2970 2742 3024 relicta
2771 2969 3066 3037 integritate
3093 2966 3469 3021 observationis

1941 3059 2243 3117 excesserit,
2272 3071 2416 3108 reum
2440 3071 2498 3108 se
2518 3047 2805 3109 divinitatis
2832 3055 3028 3123 pariter
3057 3065 3105 3108 et
3131 3053 3470 3107 fraternitatis

378 3151 701 3216 Agnovimus
733 3152 886 3220 (Var.
923 3157 977 3207 in
1014 3158 1156 3229 edd.)
1194 3163 1446 3228 quosdam
1483 3165 1844 3230 pmnitentiam

1940 3146 2134 3214 judicio
2165 3145 2394 3196 futurum
2418 3157 2534 3196 esse
2563 3152 2840 3212 cognoscat

309 3236 656 3290 metientibus
683 3237 958 3309 denegare,
983 3259 1078 3296 nec
1118 3246 1321 3300 illorum
1356 3249 1626 3303 desideriis
1666 3253 1845 3314 annui,

308 3323 401 3391 qui
437 3323 615 3378 obitus
653 3326 731 3378 sui
762 3335 995 3398 tempore
1023 3332 1122 3386 hoc
1145 3336 1332 3389 anima:
1371 3351 1477 3389 sua:
1522 3340 1734 3407 cupiunt
1761 3357 1849 3393 re-
1928 3349 1935 3357 ‘

309 3412 488 3465 medio
525 3413 822 3469 subvenire.
859 3416 1036 3491 (ναν.)
1066 3421 1412 3488 liorrendum,
1437 3426 1618 3488 fateor,
1644 3444 1740 3483 nec
1763 3431 1852 3482 de-

311 3503 441 3570 bere.
484 3502 640 3557 tantae
670 3506 950 3574 impietatis
987 3510 1210 3579 aliquem
1251 3516 1500 3581 reperiri,
1551 3525 1608 3568 ut
1650 3518 1714 3570 de
1759 3508 1851 3572 Dei

311 3593 538 3660 pietate,-
552 3595 695 3660 quod
720 3597 857 3648 absit
881 3596 1040 3665 [Edd.
1065 3616 1164 3651 om.
1195 3602 1333 3668 quod
1359 3603 1534 3673 absit],
1567 3606 1807 3673 desperet
1837 3622 1850 3659 :

311 3679 466 3746 quasi
479 3694 584 3733 non
604 3684 770 3749 possit
787 3685 853 3736 ad
869 3698 924 3736 se
945 3688 1125 3752 quovis
1145 3696 1377 3756 tempore
1393 3695 1724 3746 concurrenti
1739 3710 1854 3748 suc-

313 3784 550 3831 currere,
573 3779 628 3824 et
647 3771 1029 3840 periclitantem
1049 3777 1146 3828 sub
1165 3792 1323 3831 onere
1335 3788 1666 3845 peccatorum
1689 3782 1857 3836 homi-

316 3869 446 3909 r.em
461 3859 711 3924 pondere,
734 3873 840 3927 quo
859 3875 914 3914 se
936 3859 1022 3913 ille
1043 3863 1276 3930 expediri
1298 3865 1584 3930 desiderat,
1611 3867 1853 3922 liberare.

318 3943 456 4009 Quid
491 3945 608 4005 hoc.
646 3961 792 4014 rogo,
835 3947 976 4000 aliud
1018 3959 1099 4002 est
1147 3966 1303 4017 quam
1344 3955 1589 4007 morienti
1633 3960 1856 4010 mortem

318 4033 533 4098 addere,
582 4033 798 4103 ejusque
833 4038 1065 4090 animam
1114 4054 1204 4092 sua
1243 4034 1570 4108 crudelitate,
1614 4061 1679 4097 ne
1709 4046 1860 4099 abso-

317 4123 432 4176 luta
462 4126 787 4193 esse‘possit,
833 4127 1106 4181 occidere?
1137 4145 1256 4198 cum
1297 4129 1432 4185 Deus
1454 4133 1518 4185 ad
1545 4136 1859 4188 subvenien-

321 4213 446 4264 dum
481 4214 848 4280 paratissimus
875 4205 1053 4284 (ναν.)
1084 4218 1269 4271 invitat
1305 4221 1370 4273 ad
1397 4213 1775 4288 pmnitentiam,
1809 4232 1862 4276 et

323 4301 400 4355 sic
442 4302 699 4370 promittit
743 4307 1004 4372 peccatori
1037 4323 1048 4358 :
1077 4306 1140 4358 lu
1174 4325 1476 4379 quacunque
1515 4312 1597 4364 die
1630 4322 1863 4380 peccator

321 4408 594 4445 conuersus
622 4392 796 4460 fuerit,
834 4393 1059 4463 [peccata
1085 4398 1216 4468 ejus]
1259 4416 1358 4452 non
1387 4400 1768 4468 hnpatabuntu’r
1795 4403 1860 4453 ei.

2267 3251 2445 3307 Conon
2469 3251 2864 3313 Aurelianensis,
2894 3269 2996 3303 cra
3019 3250 3086 3302 ‘26
3113 3262 3155 3302 ο.

2015 3363 2114 3429 Qui
2144 3364 2288 3416 circa
2312 3363 2423 3416 haec
2451 3376 2568 3429 qua:
2611 3361 2716 3413 Deo
2766 3360 3051 3427 inspirante
3099 3364 3286 3410 statuta
3330 3364 3470 3418 sunt,

1948 3451 2130 3505 relicta
2181 3450 2560 3504 observationis
2601 3448 2918 3515 integritate,
2957 3444 3217 3500 custodire
3262 3441 3337 3514 [et
3376 3443 3473 3517 im-

1949 3537 2120 3609 plere]
2173 3536 2491 3605 neglexerit,
2542 3533 2727 3603 (Van)
2781 3549 2924 3585 reum
2975 3548 3029 3586 se
3070 3533 3245 3586 divino
3280 3529 3475 3596 judicio

1950 3641 2066 3680 esse
2107 3631 2389 3693 cognoscat
2434 3637 2445 3674 ε
2487 3621 2608 3689 quia
2653 3635 2877 3672 canones
2923 3633 3044 3671 suos
3093 3632 3189 3670 nec
3239 3615 3477 3683 ignorare

1951 3716 2195 3782 cuiquam
2226 3708 2584 3782 [quemquam]
2616 3723 2709 3761 nec
2738 3707 3071 3760 dissimulare
3086 3705 3422 3772 permittitur.

2336 3820 2512 3873 Conon
2543 3817 2834 3870 Maticensis
2863 3815 2905 3879 τ,
2931 3831 3034 3867 (era
3060 3815 3131 3869 4..

2022 3927 2214 3981 Omnes
2240 3924 2458 3996 [autem]
2471 3925 2572 3994 ‘qui
2599 3923 2926 3976 definitiones
2953 3929 3156 3972 nostras
3185 3935 3280 3985 per
3302 3896 3479 3970 inube—

1957 4017 2206 4070 dientiam
2241 4027 2500 4068 evacuare
2537 4013 2875 4072 contendunt,
2919 4010 3263 4063 anathemate
3287 4007 3483 4074 percel-

1960 4105 2151 4157 lantur.

2595 4167 2856 4221 [ΕπιΒὲ

2031 4280 2085 4334 Si
2110 4281 2227 4348 quis
2263 4289 2434 4332 autem
2451 4286 2742 4330 contumax
2781 4275 2970 4336 nostris
3016 4271 3224 4324 statutis
3261 4270 3489 4324 salnbcr4

1911 4375 1917 4380 '
1964 4371 2109 4423 rimis
2130 4368 2302 4430 fuerit,
2331 4382 2357 4419 a
2387 4364 2631 4419 membris
2651 4362 2894 4417 Ecclesia:
2921 4360 3059 4414 omni
3085 4367 3314 4427 tempore
3338 4372 3485 4427 sepa-

325 4477 414 4541 Et,
448 4477 584 4530 Nolo
621 4488 831 4533 mortem
878 4485 1176 4550 peccatoris,
1199 4465 1300 4537 sed
1347 4493 1402 4536 ut
1445 4465 1780 4548 convertatur,
1817 4495 1861 4538 et
1894 4476 1938 4530 D
1967 4465 2126 4510 rem"

325 4569 480 4631 riunt.
520 4566 754 4622 Salutem
801 4585 925 4639 ergo
965 4573 1163 4626 homini
1192 4575 1374 4628 adimit
1407 4576 1643 4642 quisquis
1678 4577 1865 4646 mortis

329 4659 565 4724 tempore
613 4656 916 4727 [speratam]
957 4662 1316 4728 pmnitentiam
1348 4663 1620 4730 denegavit
1649 4679 1661 4713 :
1698 4671 1752 4714 et
1779 4665 1867 4716 de-

329 4745 564 4812 speravit
585 4745 648 4799 de
675 4748 951 4802 clementia
972 4751 1083 4812 Dei,
1111 4751 1198 4818 qui
1220 4765 1338 4804 eum
1366 4750 1430 4802 ad
1459 4751 1866 4803 subveniendum
1891 4743 1896 4747 ’

331 4834 577 4889 morienti
615 4833 869 4899 sufﬁcere,
896 4836 978 4890 vel
1009 4837 1084 4907 [in
1122 4838 1406 4908 momento]
1442 4854 1593 4906 posse
1621 4854 1722 4892 non
1749 4853 1869 4902 cre-,

333 4920 486 4976 didit.
520 4920 837 4977 Perdidisset
861 4923 994 4977 latro
1021 4926 1293 4992 praemium
1321 4928 1372 4978 in
1394 4941 1549 4978 cruce
1576 4919 1652 4978 ad'
1676 4924 1871 4978 Christi

333 5008 608 5062 dexteram
639 5012 888 5077 pendens,
924 5013 968 5065 si
1007 5013 1152 5066 illum
1193 5014 1345 5066 unius
1388 5015 1535 5066 horze
1567 5014 1870 5080 pmnitentia

411 5173 437 5201 ι
467 5159 654 5230 Lib._tt
692 5160 756 5213 de
797 5160 914 5214 Vita
941 5162 1364 5230 contemplativa,
1397 5177 1507 5230 cap.
1557 5163 1706 5215 7.'—
1731 5162 1875 5215 Libri

342 5239 453 5298 tres
479 5230 543 5298 de
568 5228 684 5298 Vi_ta
715 5229 1113 5298 contemplativa
1143 5228 1196 5298 in
1223 5230 1442 5284 Decreto
1459 5228 1700 5283 Gratiani
1724 5239 1794 5292 _et
1823 5231 1876 5284 in

341 5297 603 5366 Operibus
625 5295 686 5348 D.
718 5295 956 5364 i’rosperi
986 5298 1137 5419 νιιέῗο
1165 5295 1255 5351 sed
1276 5298 1405 5352 falso
1433 5301 1528 5366 ipsi
1555 5299 1873 5363 tribuuntur.

341 5365 589 5419 Testatur
617 5365 756 5418 enim
790 5364 1015 5419 lsidorus
1093 5366 1361 5419 isnal.nsis
1401 5383 1515 5419 ean.
1559 5367 1624 5419 12
1665 5366 1784 5419 libri
1813 5368 1873 5419 de

341 5364 589 5435 Testatur
617 5365 756 5418 enim
790 5364 1015 5420 Isidorus
1045 5364 1361 5435 Hispalnsis
1401 5364 1515 5435 cap.
1559 5367 1624 5420 12
1665 5366 1784 5420 libri
1813 5368 1878 5421 de

341 5434 700 5502 Scriptoribus
716 5435 1100 5496 ecclesiasticis,
1124 5434 1310 5489 horum
1337 5434 1586 5490 librorum
1609 5445 1876 5488 auctorem

281 5507 290 5511 ’
339 5501 747 5572 «εεεβίιιιιὶειηυιη
773 5503 1088 5564 Pomerium,
1117 5520 1272 5572 quem
1296 5520 1502 5572 quoque
1537 5503 1880 5572 praesef‘erunt

342 5571 552 5627 codices
599 5586 733 5640 mss.
772 5571 1145 5640 antiquissimi,
1186 5571 1326 5626 inter
1368 5588 1496 5639 quos
1540 5571 1879 5627 recensemus

342 5640 603 5710 optimum
624 5639 855 5710 codicem
885 5639 1096 5710 capituli
1119 5641 1516 5710 Bellovacensis,
1543 5643 1680 5694 sicut
1706 5641 1770 5710 ad
1797 5647 1879 5692 me

346 5707 560 5777 scripsit
583 5707 875 5764 Ludovicus
906 5707 1055 5762 liasl-i
1077 5709 1335 5763 facultatis
1360 5709 1667 5767 Parisiensis
1697 5707 1880 5760 doctor

2296 4543 2468 4596 Cunon
2502 4542 2864 4611 Lugdunensis,
2895 4557 2999 4592 wra
3026 4539 3092 4594 50
3113 4541 3161 4592 ιι.
3217 4534 3219 4537 ’

2031 4655 2154 4708 Ηωο
2181 4669 2305 4706 vero
2332 4667 2446 4720 qua:
2481 4669 2509 4703 a
2543 4651 2691 4704 nobis
2721 4650 3055 4719 inspiratione
3081 4648 3253 4703 divina
3278 4639 3486 4704 definita

1965 4756 2085 4800 sunt
2113 4747 2359 4816 [tractata
2390 4745 2469 4797 vel
2511 4742 2656 4796 finita
2702 4739 2864 4810 sunt],
2915 4740 3150 4807 quisquis
3184 4736 3490 4794 excesserit.

1969 4835 2124 4906 (Add.
2177 4847 2223 4889 et
2272 4837 2402 4904 ear.)
2453 4849 2596 4886 reum
2641 4848 2698 4886 se
2745 4832 3035 4886 divinitatis
3072 4831 3298 4884 examini
3339 4833 3490 4907 quasi

1969 4923 2260 4976 divinorum
2288 4931 2640 4988 transgressor
2676 4919 3056 4991 mandatorum,
3084 4932 3229 4970 reum
3269 4933 3323 4972 se
3364 4933 3489 4972 con-

1970 5012 2090 5066 cilio
2113 5011 2454 5064 fraternitatis
2479 5009 2709 5064 futurum
2739 5026 2854 5064 esse
2879 5020 3173 5078 cognoscat.

1974 5157 2304 5214 doctissimus
2335 5164 2388 5208 et
2415 5157 2588 5210 socius
2614 5155 2948 5210 Sorbonicus.
3371 5177 3378 5183 ·

2042 5227 2068 5264 b
2093 5225 2186 5294 Ep.
2214 5223 2464 5303 Caelesti
2498 5225 2563 5277 ad
2587 5225 2856 5343 egﬁscopos
2888 5223 3166 5293 provincia:
3188 5223 3493 5281 Viennensis

2062 5292 2433 5343 Narbonensis.
2460 5307 2572 5343 can.
2638 5330 2650 5342 .

1975 5303 2028 5349 et
2062 5292 2433 5354 Narbonensis,
2460 5307 2572 5360 cap.
2599 5292 2650 5343 2.

2046 5373 2068 5400 ο
2098 5361 2290 5429 Inte‘rp.
2320 5359 2534 5429 Dionys.

2043 5430 2068 5468 δ
2100 5427 2488 5500 Earumdill'ert
2522 5429 2588 5481 ab
2617 5427 2804 5500 int_c_rp.
2846 5429 3055 5500 Dionys.

2050 5510 2074 5537 ε
2098 5497 2258 5551 Conc.
2287 5495 2463 5549 Aurel.
2487 5512 2568 5559 Ill,
2597 5512 2644 5549 c.
2675 5495 2760 5550 33.

2053 5566 2069 5603 ί
2102 5565 2258 5618 Cone.
2294 5565 2657 5618 Matisconens.
2692 5581 2748 5618 Il.

2052 5639 2072 5672 ε
2104 5633 2276 5700 Ιῆυδίι.
2296 5646 2443 5686 conc.
2469 5635 2538 5686 id.
2569 5648 2616 5687 c.
2635 5676 2650 5682 -

2052 5705 2075 5742 δ
2107 5704 2264 5756 Cone.
2291 5701 2648 5769 Lugdunensis
2677 5718 2714 5765 ι,
2741 5717 2786 5755 c.
2825 5703 2886 5767 5.,
