4010 6412
234 470 395 527 5077

233 681 395 720 rum.

316 754 409 806 10.
450 755 521 807 De
547 756 698 809 enixa
721 758 962 820 muliere,
988 768 1077 813 aut
1100 771 1433 816 menstruata.

315 843 340 895 1
360 845 408 897 ι.
448 845 521 897 De
546 847 683 901 coitu
711 864 828 901 cum
852 852 1058 918 propria
1083 868 1263 917 uxore.

313 930 404 981 ιε.
448 930 522 983 De
550 932 783 987 illusione
806 949 920 1001 quae
948 936 998 988 in
1028 940 1223 991 somnis
1248 942 1452 993 accidit.

229 1048 258 1075 ³
293 1051 580 1090 RSSCBIPTA
620 1052 773 1106 BEA‘l'l
818 1054 1055 1093 GREGORII
1105 1058 1243 1099 ΡΑΡΕ
1301 1058 1363 1096 Αἰ)
1400 1060 1721 1098 Αυῦυετικωι
1745 1089 1758 1108 ,

306 1116 452 1165 QUEM
478 1121 574 1158 PRO
596 1120 654 1158 δε
684 1122 734 1158 IN
754 1122 1009 1159 SAXONIAII
1032 1125 1095 1160 AD
1125 1125 1498 1165 PBJEDICANDUI
1529 1128 1690 1166 IlSlT.

302 1211 334 1247 δ
369 1211 512 1263 Beati
554 1211 697 1265 Pauli
722 1213 786 1264 ad
823 1213 1149 1267 Timothequ
1195 1223 1449 1271 testantur
1486 1220 1759 1287 Epistolas,

224 1300 285 1350 in
317 1298 513 1367 quibus
532 1316 649 1353 eum
678 1302 885 1356 erudire
906 1304 1122 1365 studuit,
1149 1305 1370 1370 qualiter
1392 1322 1509 1359 eum
1538 1309 1589 1360 in
1609 1310 1761 1363 domo

146 1402 153 1421 η·
226 1387 332 1439 Dei
365 1388 659 1440 conversari
687 1390 1003 1455 Oportuisset
1045 1388 1371 1461 [debuisset].
1420 1392 1530 1447 Mos
1562 1376 1645 1447 est
1669 1411 1759 1447 au-

226 1484 345 1524 tem
395 1473 531 1526 sedis
559 1473 867 1540 apostolicze,
911 1473 1166 1528 ordinatis
1210 1477 1467 1545 episcopis
1500 1486 1758 1547 praecepta

222 1558 469 1620 tradere,
496 1568 553 1610 ut
577 1574 641 1612 ex
667 1561 808 1612 omni
836 1560 1094 1629 stipendio
1123 1564 1261 1629 quod
1305 1564 1498 1617 accidit
1532 1575 1758 1633 quatuor

221 1644 464 1697 debeant
484 1644 598 1698 fieri
617 1647 882 1714 portiones
906 1667 918 1700 :
948 1664 1048 1701 una
1075 1650 1316 1703 videlicet
1340 1652 1584 1719 episcopo
1606 1661 1659 1705 ct
1682 1652 1756 1704 fa;

220 1731 425 1794 milite,
472 1742 682 1798 propter
722 1734 1126 1801 hospitalitatem
1180 1734 1255 1804 [et
1314 1737 1751 1805 susceptionem];

216 1817 334 1869 alia
364 1818 533 1881 clero;
566 1820 717 1871 tertia
744 1820 1084 1888 pauperibus:
1115 1830 1297 1888 quarta
1333 1823 1572 1876 ecclesiis
1596 1840 1749 1891 repa-

1074 476 1379 533 ‹;.ιΝοΝισ;ε
1412 478 1806 537 sensorum
1845 470 1993 540 ver.
2037 490 2186 543 CAN.
2226 450 2549 550 COLLECT?

319 582 378 635 θ.
421 582 493 637 De
534 582 809 647 baptismo,
835 572 893 637 et
933 572 1363 653 periclitantibus,
1404 598 1459 645 et
1493 599 1644 663 partu
1679 608 1765 644 ea-
1795 593 1839 652 Α
1866 598 2205 665 omnipotenti
2236 602 2341 655 Deo
2366 605 2531 671 possit
2558 605 2781 674 placere,
2810 612 3026 668 sollicite
3050 616 3227 684 eligas,
3251 629 3303 672 et
3323 622 3372 673 in

3244 510 3375 565 l078

1864 680 2145 777 Anglorum
2176 686 2427 750 Ecclesia,
2454 704 2568 757 qua:
2590 692 2759 748 adhuc
2789 697 2838 748 in
2869 697 2967 750 ﬁde
2994 680 3143 753 nova.
3169 706 3374 777 estyin-

1863 768 2134 823 stitutione
2176 775 2467 842 praecipua,
2499 792 2613 843 quae
2653 782 2715 834 de
2752 783 2927 837 multis
2963 786 3196 842 ecclesiis
3230 768 3374 843 colli-

1861 859 2238 923 gerc'potnisti,
2264 861 2521 915 infundas.
2551 863 2663 919 Non
2688 870 2827 922 enim
2856 886 2949 939 pro
2970 872 3097 927 locis
3119 872 3239 938 'res,
3280 880 3370 931 sed

1861 952 1953 1003 pro
1972 942 2120 1029 bonis
2144 942 2299 1011 [Ιίάά.
2316 963 2414 1014 om.
2440 949 2608 1021 bonis]
2633 955 2787 1006 rebus
2808 957 2920 1009 loca
2941 958 3136 1029 [nobis]
3153 965 3370 1017 attianda

1859 1034 1997 1117 sunt.
2028 1028 2099 1083 lix
2126 1031 2344 1099 singulis
2366 1050 2488 1103 ergo
2516 1040 2619 1103 qui“.
2641 1056 2804 1107 usque
2827 1046 3063 1100 ecclesiis
3087 1028 3260 1117 (ian)
3287 1060 3373 1105 tua

1859 1109 2156 1166 fraternitas
2184 1134 2300 1184 quae
2342 1122 2444 1187 pia,
2476 1138 2591 1190 qua:
2632 1118 2897 1195 religiosa,
2929 1148 3043 1198 qua:
3078 1109 3219 1188 recta
3243 1109 3371 1190 [sunt
3436 1182 3441 1187 .

1858 1200 2028 1290 eligat.
2068 1205 2127 1257 Et
2157 1208 2264 1259 inec
2303 1212 2449 1279 «pulsi
2479 1213 2529 1263 in
2560 1212 2805 1273 fasciculo
2842 1219 3074 1283 collecta,
3098 1224 3233 1290 apud
3260 1225 3368 1277 An—

1858 1287 2056 1354 glorum
2086 1301 2286 1346 mentes
2311 1296 2359 1346 in
2391 1302 2816 1354 consnetudincm
2841 1315 3015 1371 ponat.

1890 1374 1939 1425 5.
1966 1375 2109 1444 (Var.
2131 1388 2184 1431 et
2211 1381 2327 1433 add.
2356 1383 2406 1434 in
2433 1384 2550 1436 cdd.
2573 1388 2808 1452 passim.)
2833 1391 2907 1441 De
2928 1392 3077 1457 furtis
3093 1394 3328 1446 ccclesiw.

1921 1460 1995 1512 Ex
2033 1477 2253 1530 persona
2282 1466 2414 1521 furis
2436 1484 2657 1537 pensare
2695 1484 2899 1539 Oportet
2936 1477 3158 1542 qualiter
3202 1480 3373 1532 valeat

1854 1548 2063 1616 corrigi.
2094 1549 2227 1604 Sunt
2253 1555 2391 1611 enim
2419 1556 2639 1622 quidam
2664 1560 2774 1625 qui,
2810 1560 3059 1615 habentes
3107 1567 3332 1618 subsidia
3354 1605 3368 1627 ,

1854 1635 2046 1689 furtum
2070 1648 2397 1719 perpetrant;
2428 1652 2480 1695 et
2515 1654 2636 1697 sunt
2662 1646 2749 1699 alii
2785 1649 2873 1714 qui
2901 1663 2963 1701 ex
2988 1649 3157 1717 inopia
3185 1668 3367 1719 perpe—

1856 1730 1992 1775 trant
2006 1718 2381 1801 [delinquunt]:
2394 1729 2536 1782 Unde
2551 1745 2762 1785 necesse
2776 1742 2855 1786 est
2875 1737 3124 1802 quosdam
3138 1718 3363 1799 damnis,

1852 1810 2102 1874 quosdam
2126 1826 2250 1865 vero
2270 1814 2461 1875 verbis,
2481 1823 2535 1867 et
2555 1816 2684 1869 alios
2711 1817 2897 1880 levius,
2916 1819 3044 1872 alios
3063 1836 3183 1873 vero
3198 1824 3370 1874 distri-

218 1901 432 1957 randis.
457 1902 559 1958 Sed
588 1912 675 1957 tua
688 1882 991 1959 fraternitas
1011 1882 1310 1961 monasterii
1328 1909 1521 1976 regulis
1543 1882 1750 1963 erudita

1853 1894 1988 1947 ctius
2008 1896 2216 1962 corrigi.
2248 1896 2313 1949 Et
2338 1913 2456 1949 cum
2478 1900 2742 1966 paululum
2769 1903 3056 1960 districtius
3083 1906 3270 1973 agitur,
3301 1922 3370 1959 ex

216 2004 471 2044 seorsum
497 1991 669 2044 vivere
698 2006 800 2044 non
823 1992 978 2045 debet
1001 2008 1029 2045 a
1056 1993 1275 2055 clericis
1297 1994 1406 2047 suis
1429 1995 1482 2046 in
1524 1995 1757 2048 Ecclesia

215 2077 540 2146 Anglorum,
569 2093 686 2146 qua:
710 2088 925 2132 auctore
957 2079 1065 2132 Deo
1093 2094 1258 2148 nuper
1280 2079 1347 2132 ad
1380 2081 1531 2134 ﬁdem
1572 2083 1755 2147 perdu—

214 2170 313 2216 cta
339 2171 460 2217 est:
488 2165 625 2217 hanc
650 2166 803 2218 debet
830 2167 1280 2219 conversationem
1309 2168 1581 2237 instituere
1598 2208 1611 2227 ,
1642 2183 1756 2234 qua:

218 2249 278 2303 in
291 2250 447 2303 initio
460 2252 724 2305 nascentis
738 2252 981 2306 Ecclesia:
993 2251 1089 2305 fuit
1099 2254 1334 2321 patribus
1346 2255 1559 2317 nostris,
1578 2256 1627 2307 in
1644 2257 1756 2323 qui—

215 2335 329 2391 bus
338 2336 533 2401 nullus,
547 2336 698 2407 (Var.
711 2339 764 2390 in
783 2339 922 2407 edd.)
935 2354 1049 2407 qua:
1062 2339 1363 2407 possidebat
1373 2354 1550 2393 eorum
1565 2342 1755 2408 aliquid

216 2440 383 2478 suum
406 2440 524 2480 esse
548 2426 774 2491 dicebat,
800 2429 892 2482 sed
904 2436 1064 2493 erant,
1079 2429 1155 2481 eis
1182 2429 1357 2493 omnia
1389 2432 1681 2484 communia
1705 2443 1749 2482 ε.

302 2511 359 2563 2.
394 2511 473 2564 De
505 2511 802 2565 clericorum
834 2513 1113 2581 stipendiis,
1142 2516 1229 2582 qui
1250 2528 1439 2569 uxores
1462 2517 1670 2569 ducunt.

293 2597 356 2651 Si
383 2598 472 2666 qui
498 2613 624 2653 vero
645 2608 783 2662 sunt,
816 2601 904 2669 qui
932 2601 1068 2653 intra
1100 2600 1291 2671 [extra]
1335 2617 1516 2656 sacros
1543 2596 1754 2657 ordines

215 2684 494 2736 constituti
539 2698 596 2737 se
634 2686 906 2739 continere
949 2700 1053 2739 non
1078 2696 1314 2755 possunt,
1342 2689 1516 2741 sortiri
1561 2705 1751 2744 uxores

211 2756 441 2832 debent,
468 2780 522 2825 et
547 2773 804 2841 stipendia
831 2788 924 2828 sua
950 2776 1181 2829 exterius
1200 2777 1457 2844 accipere,
1480 2780 1602 2845 quia
1621 2779 1751 2830 scri-

212 2866 370 2925 ptum
408 2869 524 2912 est:
572 2858 903 2914 Dioidebatur
944 2861 1178 2930 singulis,
1217 2874 1367 2932 prout
1410 2865 1585 2933 cuique
1624 2881 1748 2934 opus

213 2956 351 2996 erat.
382 2944 457 2998 De
475 2958 658 3000 eorum
684 2960 889 3014 quoque
911 2948 1169 3017 stipendio
1193 2949 1547 3019 [cogitandum
1567 2951 1744 3021 atque]

215 3032 598 3098 providendum
613 3042 715 3097 est,
738 3043 792 3087 et
801 3036 895 3089 sub
907 3035 1153 3091 Ecclesia:
1182 3038 1358 3105 regula
1372 3047 1493 3091 sunt
1514 3042 1742 3103 tenendi,

214 3129 277 3173 ut
306 3121 462 3174 bonis
500 3123 730 3177 moribus
751 3126 927 3178 vivant
949 3136 1002 3178 et
1030 3125 1277 3180 canendis
1303 3126 1515 3194 psalmis
1561 3128 1744 3196 invigi-
1772 3165 1818 3225 ο

217 3212 353 3272 lent,
378 3219 434 3262 et
452 3210 518 3263 ab
544 3212 787 3264 omnibus
811 3212 1007 3266 illicitis
1028 3210 1201 3266 cor’et
1228 3214 1458 3282 linguam
1478 3222 1532 3269 et
1560 3229 1748 3283 corpus

215 3295 333 3355 Deo
356 3304 573 3351 auctore
599 3307 928 3352 conservent.
955 3298 1109 3368 (ΑΜ.
1138 3300 1193 3351 in
1217 3298 1359 3366 edd.)

430 3403 485 3458 5.
521 3403 597 3457 De
629 3388 883 3457 cohuni
910 3404 1031 3468 vita,
1062 3403 1134 3458 vel
1162 3404 1488 3471 elemosynis
1511 3403 1558 3454 δ.

291 3519 318 3548 ο
346 3507 465 3562 1am
491 3508 851 3564 deﬁcientibus
873 3496 1199 3577 portionibus
1223 3508 1311 3580 [de
1337 3508 1591 3564 faciendis
1624 3524 1747 3578 por-

220 3595 504 3667 tionibus].
534 3597 599 3651 de
621 3598 915 3652 exhibenda
953 3598 1308 3666 hospitalitate
1333 3608 1388 3652 et
1422 3598 1749 3668 adimplenda

217 3684 640 3748 misericordia,"
667 3685 819 3739 nobis
870 3685 996 3753 quid
1038 3686 1141 3740 erit
1186 3686 1537 3753 loquendum?
1584 3686 1749 3743 omne

216 3773 360 3841 quod
410 3784 667 3843 superest,
719 3775 773 3828 in
824 3775 1000 3830 causis
1051 3775 1495 3847 [necessitatibus]
1533 3778 1633 3846 piis
1686 3793 1748 3831 ac

215 3862 482 3931 religiosis
511 3862 828 3932 erogandum
872 3871 974 3926 est,
1005 3864 1226 3917 Domino
1250 3873 1306 3919 et
1346 3867 1596 3934 magistro
1636 3880 1748 3919 om-

217 3948 367 4002 nium
392 3949 633 4003 dicente:
664 3948 813 4014 Quod
839 3957 1099 4018 superest,
1124 3950 1243 4004 date
1262 3952 1669 4019 eleemosynam,
1696 3960 1749 4005 et

215 4048 347 4089 ecce
371 4034 547 4089 omnia
573 4035 767 4089 munda
789 4043 929 4089 sunt.
1320 4048 1321 4051 ‘

435 4122 488 4176 4.
520 4123 665 4192 (Var.
694 4124 746 4177 in
766 4123 909 4195 edd.)
934 4123 1010 4178 De
1036 4125 1190 4178 missa
1216 4124 1533 4178 celebranda.
1612 4180 1617 4186 _

289 4230 447 4299 (Add.
463 4230 662 4303 interr.)
684 4230 898 4287 Noverit
923 4232 1229 4288 fraternitas
1255 4242 1343 4288 tua
1369 4234 1617 4289 Romana:
1651 4236 1743 4290 Ec-

218 4320 854 4383 clesiaeconsuetudinem,
884 4322 937 4374 in
962 4335 1066 4401 qua
1090 4321 1110 4390 (
1122 4319 1270 4391 Var.)
1297 4324 1525 4375 nutritus
1545 4337 1620 4375 es.
1642 4322 1744 4377 Sed

1852 1983 2129 2046 cbaritate,
2157 2000 2258 2046 non
2281 2000 2345 2038 ex
2370 1985 2546 2047 furore
2574 1990 2833 2055 agendum
2852 1999 2967 2043 est:
2997 1992 3117 2058 quia
3141 1994 3236 2060 ipsi
3263 1995 3368 2047 hoc

1852 2078 2128 2137 prazstatur
2155 2073 2242 2138 qui
2268 2074 2568 2141 corrigitur,
2591 2091 2654 2127 ne
2680 2078 2911 2142 gehenna
2952 2079 3154 2146 ignibus
3193 2085 3366 2145 trada-

1853 2165 1955 2222 tur.
1981 2156 2071 2217 Sic
2096 2159 2234 2211 enim
2263 2174 2357 2212 nos
2382 2160 2619 2213 ﬁdelibus
2645 2163 2969 2229 disciplinam
2998 2174 3174 2219 tenere
3206 2168 3362 2220 debe-

1852 2259 1987 2307 mus,
2018 2245 2151 2297 sicut
2177 2245 2295 2297 boni
2328 2254 2504 2313 patres
2547 2250 2843 2304 carnalibus
2870 2249 2989 2303 filiis
3020 2252 3205 2315 solent,
3236 2269 3365 2321 quos

1848 2339 1902 2383 et
1952 2346 2046 2397 pro
2082 2332 2248 2397 culpis
2284 2334 2585 2387 verberibus
2635 2335 2856 2398 feriunt;
2904 2346 2958 2389 et
3010 2346 3185 2391 tamen
3226 2338 3407 2406 ipsos"

1849 2431 1978 2482 quos
2003 2417 2268 2469 doloribus
2297 2417 2529 2492 amigunt
2564 2421 2758 2475 habere
2797 2422 3031 2477 hzeredes
3073 2435 3310 2492 quaerunt
3347 2440 3362 2480 :

1845 2511 1899 2554 et
1927 2517 2044 2569 qua:
2085 2504 2351 2569 possident
2396 2490 2495 2557 illis
2532 2517 2741 2559 servant
2788 2524 2921 2575 quos
2957 2490 3160 2579 insequi
3187 2513 3365 2566 viden-

1849 2598 1949 2643 tur.
1991 2589 2109 2643 lla-c
2140 2606 2263 2658 ergo
2292 2592 2519 2643 Charitas
2546 2592 2597 2645 in
2629 2602 2800 2646 mente
2834 2598 3052 2649 tenenda
3090 2607 3190 2659 est,
3216 2599 3285 2651 ita
3308 2608 3367 2652 ut

1840 2688 1993 2726 mens
2035 2684 2182 2727 extra
2224 2676 2441 2729 rationis
2489 2677 2721 2746 regulam
2766 2681 2977 2733 omnino
3009 2681 3137 2734 nihil
3179 2682 3356 2736 faciat.
3453 2699 3456 2703 ‘

1845 2760 2111 2824 Quomodo
2133 2771 2307 2815 autem
2335 2763 2527 2817 furtum
2557 2767 2699 2819 reddi
2722 2767 2937 2820 debeat?
2958 2768 3091 2821 absit
3114 2778 3169 2822 ut
3186 2769 3372 2823 Eccle-

1845 2847 1921 2900 sia
1953 2863 2071 2900 cum
2108 2857 2437 2903 auctomento
2466 2851 2682 2917 recipiat
2706 2853 2844 2919 quod
2872 2853 2935 2905 de
2959 2855 3180 2907 terrenis
3207 2856 3360 2908 rebus

1845 2933 2048 2987 videtur
2074 2936 2309 2990 amisisse
2335 2945 2387 2990 et
2408 2937 2550 2991 lucra
2572 2938 2635 2992 de
2663 2940 2810 2992 vanis
2837 2940 3080 3017 [damnis]
3105 2959 3357 3010 quaerere.
3452 3011 3457 3016 ,

1944 3024 1994 3075 6.
2037 3022 2208 3092 (Van)
2238 3025 2312 3077 De
2341 3026 2575 3093 conjugio
2602 3042 2713 3078 cum
2742 3028 3035 3096 propinquis
3058 3023 3234 3080 mixto.

1911 3106 1976 3158 Et
1995 3108 2202 3174 quidem
2228 3111 2461 3175 quaedam
2504 3111 2584 3163 lex
2623 3112 2974 3166 Romanorum
3023 3113 3099 3183 [In
3123 3114 3355 3168 Romana

1852 3192 2136 3264 republica]
2161 3195 2434 3262 permittit,
2462 3204 2516 3247 ut
2552 3198 2661 3250 sive
2697 3197 2902 3261 fratris,
2929 3208 2981 3251 et
3025 3201 3238 3264 sororis,
3268 3217 3358 3255 seu

1852 3283 2072 3336 duorum
2097 3284 2577 3352 germanorum,vel
2598 3285 2818 3338 duarum
2848 3301 3085 3340 sororum
3133 3288 3269 3344 illius
3309 3296 3362 3342 et

1850 3369 1955 3423 filia
1977 3371 2311 3425 misceantur.
2346 3371 2448 3425 Sed
2472 3372 2829 3439 experimento
2854 3370 3146 3436 didicimus,
3170 3390 3235 3427 ex
3270 3376 3361 3429 tali

1847 3453 2087 3521 conjugio
2106 3446 2333 3507 sobolem
2374 3470 2475 3507 non
2498 3470 2651 3522 posse
2670 3471 3014 3526 succrescere.
3050 3458 3067 3495 τ
3101 3458 3242 3512 Unde
3267 3475 3360 3512 ne-

1846 3555 1992 3594 cesse
2011 3548 2109 3603 est,
2142 3541 2301 3593 etiam
2327 3541 2477 3594 tertia
2501 3542 2581 3594 vel
2619 3544 2643 3581 ⁸
2671 3552 2856 3609 quarta
2879 3544 3211 3611 generatione
3232 3544 3358 3597 [ide-

1846 3629 1922 3682 les
1944 3629 2162 3683 licenter
2184 3628 2521 3698 conjungere.
2547 3628 2676 3681 Nam
2712 3632 2938 3683 secunda
2978 3646 3133 3697 quam
3177 3629 3365 3699 pracdi-

1847 3716 2017 3768 ximus
2044 3717 2143 3769 hac
2168 3730 2225 3768 se
2251 3714 2300 3785 [a
2327 3714 2404 3784 se]
2433 3715 2731 3769 omnimodo
2753 3717 2904 3769 debct
2928 3713 3208 3769 abstinere.
3231 3715 3363 3769 Cum

1844 3818 2066 3857 noverca
2089 3811 2260 3856 autem
2284 3803 2511 3865 misceri,
2534 3817 2690 3872 grave
2711 3812 2789 3856 est
2815 3801 3033 3865 facinus,
3065 3803 3185 3870 quia
3213 3801 3286 3888 [et
3310 3804 3361 3855 in

1800 3942 1803 3945 ,
1845 3889 1981 3958 lege]
2005 3890 2256 3956 scriptum
2280 3899 2388 3942 est:
2408 3888 2788 3957 Turpitudinem
2815 3890 2974 3957 patris
3004 3891 3079 3940 tui
3106 3904 3204 3941 non
3231 3904 3363 3940 rere-

1841 3974 1970 4027 labis
1996 3974 2147 4045 (Var.
2168 3982 2214 4028 et
2240 3974 2384 4044 add.)
2407 3975 2472 4027 Et
2494 3975 2584 4042 qui
2620 3975 2988 4042 turpitudinem
3015 3990 3250 4029 noverca:
3283 3991 3362 4028 re-

1842 4060 2000 4124 velat,
2028 4061 2398 4128 turpitudinem
2420 4061 2585 4128 patris
2612 4061 2826 4124 revelat,
2844 4076 2961 4114 cum
2986 4077 3087 4129 qua
3109 4077 3211 4114 una
3236 4077 3360 4117 caro

1846 4150 2038 4201 dudum
2066 4148 2179 4201 fuit.
2208 4148 2363 4217 (Add.
2389 4157 2435 4200 et
2469 4148 2615 4218 Var.)
2642 4148 2871 4217 Cognata
2895 4164 3019 4203 vero
3045 4149 3359 4218 perconjun-

1842 4236 2066 4289 ctionem
2083 4234 2261 4288 fratris
2278 4236 2349 4286 tui
2372 4250 2523 4290 soror
2543 4243 2628 4287 tua
2644 4233 2778 4288 facta
2794 4245 2894 4289 est.
2911 4237 2935 4274 ιι
2955 4235 3009 4289 Si
3034 4249 3157 4289 vero
3182 4236 3233 4288 in
3256 4234 3361 4288 An-

1841 4321 2043 4390 glorum
2065 4329 2237 4390 gente,
2262 4319 2438 4389 (Van)
2462 4321 2581 4373 dum
2605 4330 2744 4374 esset
2771 4323 2823 4375 in
2852 4323 3172 4384 inﬁdelitate,
3202 4322 3360 4389 aliqui

223 4411 349 4473 mihi
387 4409 577 4479 placet,
611 4418 672 4463 ut
705 4409 817 4464 sive
842 4410 895 4463 in
926 4408 1181 4498 Romapa,
1209 4411 1319 4465 sive
1361 4410 1411 4462 in
1436 4409 1738 4469 Galliarum.
1770 4441 1816 4498 υ
1844 4408 1965 4462 huic
2006 4408 2229 4462 nefando
2278 4408 2516 4476 coniugio
2543 4407 2755 4461 fuerunt
2790 4410 3025 4470 admixti,
3051 4411 3360 4498 admouendi

221 4497 331 4551 sive
359 4478 413 4551 in
438 4495 669 4565 qualibet
687 4493 920 4549 Ecclesia
953 4478 1147 4573 aliquid
1171 4496 1412 4550 invenisti
1451 4497 1587 4567 quod
1624 4495 1739 4564 plus

223 4657 315 4764 una
345 4620 475 4764 2;”.
502 4642 622 4698 edd.
648 4641 765 4698 Vid.
792 4640 997 4711 epistol.
1024 4640 1085 4696 5t
1102 4597 1212 4697 lib.
1234 4656 1309 4696 ιιι
1339 4642 1535 4712 Regist.
1584 4645 1737 4713 epist.

290 4777 591 4855 {Quasdam
611 4776 731 4855 sua.
758 4776 812 4830 in
832 4776 950 4831 edd.
972 4776 1176 4833 scilicet
1189 4776 1491 4846 interrogat.
1522 4777 1737 4847 August.
1778 4768 1781 4773 '
1820 4846 1824 4855 ,

222 4854 276 4899 et
299 4842 599 4923 al_i:2,eut.,_
611 4844 664 4899 in
692 4842 855 4923 Resp.
901 4890 907 4894 .
1086 4918 1098 4923 Δ
1194 4870 1199 4873 -

293 4924 315 4952 ε
342 4912 536 4968 Petrus
559 4910 967 4965 Gussanvillteus
993 4918 1135 4964 recte
1169 4911 1536 4965 animadvertit
1564 4912 1614 4964 in
1657 4911 1741 4965 illa

225 4981 446 5058 epistola
470 4980 641 5058 aliqua
682 4992 797 5031 esse
834 4993 950 5046 quae
974 4977 1263 5058 adgenio‘S.
1294 4978 1543 5058 ‘Gregorii
1576 4979 1741 5033 aliena

226 5045 487 5124 videntur.
503 5045 693 5124 gnari:
715 5045 1092 5124 eagprzeserti’m
1119 5045 1339 5124 notanda
1365 5045 1622 5124 sunt.un
1639 5062 1743 5124 non

227 5115 413 5182 recipit
440 5112 679 5182 collectio
713 5112 1075 5182 antiquissima
1106 5121 1160 5165 et
1198 5112 1592 5182 accuratissima
1622 5115 1739 5182 cod.

228 5178 376 5245 llerI,
400 5196 519 5235 cum
543 5195 608 5232 ex
631 5180 758 5249 ipsis
779 5187 957 5299 satsat
979 5194 1216 5245 quamam
1244 5180 1297 5232 in
1323 5179 1407 5232 ed.
1437 5180 1741 5235 redundent.

291 5249 317 5287 ιι
341 5249 401 5299 1n
423 5248 516 5299 ult.
547 5248 630 5299 ed.
658 5262 759 5299 non
819 5255 994 5299 istinc.
1023 5261 1052 5297 a
1078 5261 1190 5299 suo.
1222 5261 1337 5299 can.

291 5249 317 5287 ἀ
341 5249 401 5303 In
423 5248 516 5302 ult.
547 5248 630 5302 ed.
658 5247 759 5299 non
784 5247 994 5314 disting.
1023 5261 1190 5314 a_sup.
1222 5261 1337 5314 cap.

297 5328 321 5355 ο
345 5317 422 5370 De
451 5316 535 5371 his
564 5316 634 5368 ita
665 5314 827 5368 sentit
849 5314 931 5367 vir
950 5311 1189 5367 eruditus
1216 5314 1266 5365 in
1290 5311 1399 5367 suis
1423 5314 1557 5365 notis
1594 5326 1608 5364 :
1642 5331 1658 5360 ι
1689 5311 1743 5366 lu

229 5384 393 5452 prima
441 5399 604 5452 resp.,
655 5381 843 5449 inquit,
885 5379 997 5452 jam
1041 5380 1376 5452 dchquatuor
1425 5379 1747 5452 portionibus

231 5447 423 5511 actum,
470 5447 656 5503 et'vita
706 5447 994 5503 communis
1040 5449 1231 5500 indicta
1276 5462 1289 5499 :
1336 5447 1435 5515 nec
1459 5454 1573 5499 erat
1608 5447 1746 5515 quod

230 5531 383 5587 super
405 5519 487 5572 his
506 5532 612 5587 non
630 5524 855 5587 rogatus
900 5515 1258 5587 responderet.
1266 5535 1304 5587 Δι
1335 5514 1746 5587 llecte_quidem

234 5582 457 5649 notatur,
484 5584 609 5643 illud
629 5582 762 5638 idem
781 5582 889 5648 jam
914 5582 1067 5650 supra
1084 5596 1201 5635 esse
1230 5582 1450 5644 dictum;
1480 5582 1525 5635 si
1547 5582 1749 5650 legatur

233 5662 288 5705 ut
332 5655 383 5707 in
428 5654 512 5707 ed.
558 5651 659 5706 Sed
708 5650 860 5704 aliain
888 5665 1105 5719 prorsus
1145 5666 1261 5702 csse
1308 5650 1642 5716 quzrstionctn
1697 5658 1749 5701 et

1840 4503 1979 4556 sunt,
1995 4504 2120 4547 utse
2139 4495 2432 4547 abstineant
2452 4502 2505 4547 ct
2530 4496 2815 4561 pmniteant
2830 4514 2842 4547 :
2860 4496 3036 4577 (Adit)
3059 4512 3159 4549 non
3188 4491 3362 4549 tamen

1839 4643 2052 4696 maximi
2091 4641 2361 4709 momenti,
2396 4640 2584 4709 probat
2609 4641 2760 4694 lectio
2780 4643 2921 4694 varia
2945 4642 3059 4695 cod.
3098 4641 3357 4701 Hcrovall.

1914 4709 1932 4748 ί
1964 4709 2025 4778 In
2053 4710 2136 4778 ed.
2159 4708 2414 4778 quaedam.
2432 4708 2575 4778 male
2607 4709 3032 4778 interponuntur.

1910 4779 1935 4815 ε
1970 4776 2084 4828 Vid.
2108 4785 2218 4828 not.
2248 4776 2387 4829 Petri
2417 4775 2679 4829 Gussanv.
2748 4775 2764 4778 ἡ
3008 4779 3016 4787 ‘

1907 4844 1930 4882 δ
1972 4843 2067 4896 Hic
2107 4844 2290 4910 incipit
2328 4858 2400 4895 vn
2432 4842 2716 4909 Resp.,sed
2752 4842 2969 4910 rectius,
2990 4842 3041 4895 in
3091 4843 3209 4895 coll.
3238 4858 3357 4896 cum

1839 4918 2023 4975 agatur
2054 4910 2117 4963 de
2143 4909 2321 4963 eadem
2349 4911 2654 4975 qumstione.
2677 4910 2789 4961 νισι.
2817 4917 2925 4961 not.
2950 4909 3086 4962 Petri
3103 4912 3357 4964 Gussanv.

1839 4926 1866 4963 a
1906 4925 2023 4963 atur
2054 4925 2117 4963 ne
2143 4925 2321 4963 eadem
2349 4925 2654 4975 qumsnone.
2683 4925 2789 4961 νισι.
2817 4925 2925 4961 not.
2950 4925 3357 4964 retrtuussanv.

1839 4925 1953 5030 Aqia
1978 4979 2030 5030 in
2053 4978 2136 5031 ed.
2164 4976 2279 5029 add.
2314 4977 2515 5031 scilicet
2530 4977 2595 5029 ab
2622 4978 2702 5029 his
2730 4977 2901 5029 verbis
2923 4993 3070 5029 soror
3094 4988 3181 5029 tua
3223 4978 3359 5044 facta

1839 5054 1930 5109 est,
1960 5058 2123 5111 usque
2146 5043 2210 5095 ad
2241 5044 2285 5095 si
2310 5060 2445 5106 vero,
2475 5045 2539 5097 de
2574 5044 2765 5111 quibus
2800 5045 2875 5111 sic
2918 5046 2995 5107 vir
3035 5043 3269 5097 eruditus
3304 5043 3358 5096 in

1841 5114 1950 5165 suis
1980 5108 2116 5165 notis
2142 5126 2161 5179 :7
2190 5128 2206 5158 ι
2239 5125 2334 5179 pro
2353 5125 2453 5177 qua
2484 5125 2539 5162 re
2562 5108 2785 5163 Joannes
2818 5110 3069 5179 Baptista,
3100 5120 3223 5173 etc.,
3242 5111 3363 5179 haec

1841 5179 2128 5247 disparilia,
2154 5178 2343 5243 inquit,
2360 5193 2459 5230 non
2487 5178 2777 5247 miscuisset
2805 5178 3016 5247 sanctus
3038 5178 3316 5247 Gregorius
3342 5195 3356 5247 ς
3398 5183 3415 5191 ³

1843 5243 1980 5298 aliud
2009 5246 2197 5313 quippe
2225 5255 2304 5297 cst
2327 5246 2531 5313 misceri
2566 5246 2711 5296 uxori
2740 5243 2919 5295 fratris
2946 5243 3195 5313 viventis,
3220 5245 3359 5298 aliud

1844 5311 2140 5374 mortui—,ut
2167 5326 2230 5364 cx
2257 5313 2418 5364 veteri
2455 5311 2565 5378 lege
2608 5319 2836 5374 constat,
2868 5320 2966 5365 etc.
2996 5312 3246 5366 Existimo
3273 5318 3358 5364 to-

1845 5388 1948 5432 tam
1980 5381 2116 5449 banc
2157 5380 2511 5449 appendicem
2538 5394 2564 5428 a
2615 5379 2837 5449 quodam
2884 5381 3244 5434 concionatore
3293 5379 3358 5449 ad

1846 5447 2129 5515 marginem
2181 5446 2399 5515 positam
2442 5446 2620 5515 fuisse,
2666 5447 2729 5497 de
2775 5460 2874 5512 qua
2904 5448 3250 5515 postmodum
3304 5446 3357 5497 in

1845 5511 2041 5566 textum
2090 5511 2316 5582 irrepsit.
2347 5511 2457 5565 Non
2487 5513 2613 5566 soch
2645 5511 2855 5582 sanctus
2891 5511 3170 5582 Gregorius
3198 5520 3357 5582 extra

1845 5583 2061 5633 chorum
2092 5580 2301 5641 saltare,
2332 5588 2382 5632 et
2404 5594 2488 5633 res
2508 5595 2534 5631 a
2566 5581 2827 5647 proposito
2855 5580 3052 5633 alienas
3072 5581 3359 5632 admiscere

1848 5659 1955 5702 tam
1984 5648 2185 5716 frigide.
2221 5667 2238 5700 ›
2283 5648 2427 5713 Quod
2458 5648 2649 5715 absque
2676 5648 2830 5700 ullius
2871 5648 2985 5701 cod.
3028 5649 3357 5700 auctoritate.
