4010 6410
701 436 834 488 4079

1517 427 1822 484 cssosss
1860 396 2135 479 sum:
2176 425 2261 478 [ει
2305 427 2453 480 vsr.
2495 427 2646 480 CAN.
2687 428 3007 486 COLLECT.

3690 427 3818 481 ιοει)

699 559 790 608 ιιι-υ
811 542 907 593 bac
933 553 1004 601 re,
1033 554 1185 606 quam
1211 540 1508 604 ignoranter
1531 545 1650 588 ante
1668 535 1983 602 baptismum
1997 530 2208 585 commi-
2239 536 2284 590 Α
2315 533 2608 602 rit,gratias
2630 543 2808 588 actura
2835 535 2994 588 intret
3015 511 3304 596 ecclesiam,
3321 535 3460 587 nullo
3481 537 3677 602 peccati
3696 551 3820 601 pon-

697 639 892 687 scrunt,
913 628 1274 681 communione
1298 627 1566 694 priventur
1589 636 1634 674 ⁸.

996 719 1044 768 7.
1088 719 1160 768 De
1204 717 1605 769 ordinationibus
1635 715 1901 781 faciendis.

762 805 960 872 (QUtl’d.
997 804 1330 871 prtt‘ccdurtf.)
1361 802 1596 870 Episcopi
1623 816 1725 853 non
1756 801 1910 867 longo
1938 795 2211 850 intervallo

693 894 827 945 inter
851 909 906 945 se
931 891 1313 960 disjungantur,
1338 901 1394 943 ut
1417 890 1481 942 ad
1523 889 1866 942 ordinandum
1911 887 2208 954 episcopum

692 991 794 1033 tres
821 989 911 1032 aut
943 990 1167 1048 quatuor
1191 980 1469 1032 convenire
1492 977 1728 1045 possint:
1777 973 1949 1041 (Mult.
1995 973 2116 1024 add.
2162 981 2208 1024 et

689 1069 816 1132 rar.)
850 1069 971 1135 quia
1015 1068 1168 1128 aliter
1213 1067 1324 1120 ﬂeri
1374 1080 1476 1118 non
1526 1071 1751 1132 oportet.
1799 1061 1929 1114 Nam
1975 1062 2026 1114 in
2082 1060 2209 1128 ipsis

687 1156 839 1208 rebus
860 1157 1198 1222 spiritalibus,
1217 1164 1273 1207 ut
1292 1154 1551 1221 sapienter
1564 1161 1616 1205 et
1633 1159 1830 1204 mature
1843 1151 2203 1218 disponantur,

684 1243 976 1309 exemplum
1017 1242 1224 1292 trahere
1263 1255 1289 1292 a
1342 1241 1496 1292 rebus
1547 1239 1706 1291 etiam
1750 1237 2208 1303 carnalibuspos—

683 1344 880 1381 sumus.
932 1329 1084 1382 Certe
1137 1330 1272 1380 enim
1328 1328 1451 1379 dum
1491 1326 1732 1393 coniugia
1777 1325 1850 1395 [in
1884 1322 2097 1393 mundo]
2121 1338 2208 1376 ce-

684 1413 972 1475 lebrantur,
1006 1413 1264 1483 conjugati
1291 1415 1480 1480 quique
1508 1421 1760 1466 vocantur
1789 1419 1845 1463 ut
1882 1411 1970 1478 qui
2019 1411 2069 1462 in
2121 1409 2203 1461 via

673 1498 779 1564 jam
827 1502 1050 1570 conjugii
1091 1513 1467 1569 praecesserunt
1512 1504 1563 1554 in
1603 1499 2038 1568 subsequentibus
2075 1513 2204 1566 quo—

679 1604 778 1655 que
805 1590 992 1655 gaudio
1026 1591 1362 1644 misceantur.
1397 1590 1505 1644 Cur
1537 1604 1638 1644 non
1671 1605 1796 1657 ergo
1840 1591 2109 1642 nobiscum
2149 1587 2202 1638 in

678 1682 773 1729 hac
795 1677 1013 1742 spiritali
1037 1678 1387 1742 ordinatione,
1412 1695 1512 1744 qua
1538 1694 1632 1746 per
1661 1693 1868 1731 sacrum
1896 1675 2202 1744 mysterium

676 1765 830 1817 homo
855 1765 960 1817 Deo
987 1766 1341 1835 conjungitur,
1364 1766 1852 1827 taleseonveniant,
1893 1764 1982 1831 qui
2009 1755 2202 1828 in'pro—

2306 620 2431 672 dere
2453 629 2714 688 gravatur.
2725 622 2970 688 Voluptas
2980 623 3117 674 enim
3131 614 3323 684 carnis,
3337 637 3438 674 non
3450 622 3595 674 dolor
3607 622 3656 672 in
3672 621 3817 688 culpa

2307 716 2404 760 est.
2443 707 2623 777 (Add.)
2673 709 2728 762 Si
2779 710 2918 762 enim
2945 709 3152 762 enixam
3192 708 3454 762 mulierem
3490 710 3823 776 prohibemus

2307 795 2580 848 ecclesiam
2613 797 2828 858 intrare,
2859 797 3022 864 ipsam
3063 797 3110 850 ei
3140 811 3347 864 poenam
3384 810 3528 849 suam
3578 797 3630 848 in
3671 796 3820 863 culpa

2306 883 2638 950 deputamus.
2666 883 2924 951 Baptizari
2954 892 3125 937 autem
3155 884 3236 937 vel
3281 885 3482 937 enixam
3525 883 3818 943 mulierem.

2305 967 2385 1018 vel
2406 968 2504 1020 hoc
2529 969 2668 1034 quod
2695 969 2950 1035 genuerit,
2965 969 3007 1022 si
3032 971 3216 1022 mortis
3240 967 3376 1038 [sine
3401 969 3566 1039 mora]
3590 968 3822 1036 periculo

2305 1063 2538 1121 urgetur,
2567 1054 2648 1106 vel
2678 1055 2790 1122 ipsa
2831 1055 2960 1108 hora
3004 1056 3185 1108 eadem
3238 1071 3340 1124 qua
3387 1057 3567 1125 gignit,
3596 1056 3677 1108 vel
3721 1057 3824 1109 hoc

2303 1141 2440 1208 quod
2475 1141 2722 1208 gignitur,
2768 1141 2959 1194 eadem.
2994 1141 3122 1194 hora
3163 1155 3264 1208 qua
3309 1150 3484 1193 natum
3531 1149 3635 1199 est,
3680 1141 3822 1192 nullo

2304 1229 2459 1284 modo
2485 1229 2795 1296 prohibetur
2826 1246 2836 1280 :
2870 1229 2990 1297 quia
3015 1230 3180 1281 sancti
3211 1229 3444 1298 mysterii
3473 1229 3640 1296 gratia
3686 1229 3823 1280 sicut

2300 1318 2603 1371 viventibus
2628 1326 2784 1385 atque
2813 1318 3229 1371 discernentibus
3252 1332 3369 1370 cum
3397 1331 3581 1384 magna
3625 1317 3824 1368 discre-

2303 1408 2442 1459 tione
2483 1408 2800 1473 providcnda
2827 1414 2929 1467 est,
2956 1406 3028 1457 ita
3070 1406 3150 1459 bis
3184 1406 3371 1473 quibus
3399 1420 3537 1458 mors
3565 1405 3820 1464 imminet,

2293 1496 2412 1548 sine
2440 1495 2540 1548 ulla
2567 1495 2814 1548 dilatione
2837 1494 3168 1562 proferenda,
3188 1509 3253 1546 ne
3274 1493 3394 1546 dum
3424 1493 3591 1546 adhuc
3620 1501 3820 1558 tenzpus

2299 1582 2363 1633 ad
2392 1583 2728 1648 przebendum
2780 1583 3086 1651 mysterium
3135 1582 3502 1648 redemptionis
3546 1580 3817 1648 quaeritur,

2300 1670 2695 1728 interveniente.
2719 1671 2984 1741 paululum
3021 1682 3165 1724 mora
3208 1669 3393 1738 [morte
3419 1667 3574 1736 mat'e]
3602 1668 3820 1720 inveniri

2301 1774 2402 1812 non
2432 1759 2603 1813 valeat
2621 1761 2710 1827 qui
2742 1760 3046 1814 redimatur.

674 1850 864 1904 fectum
902 1854 1128 1922 episcopi
1155 1852 1230 1923 [in
1269 1852 1502 1921 profectu
1526 1851 1769 1922 ordinati]
1810 1849 2082 1921 gaudeant,
2116 1850 2188 1902 vel

2365 1866 2389 1904 δ
2419 1865 2499 1920 10.
2534 1867 2704 1946 (Van)
2745 1866 2819 1919 De
2868 1867 3027 1946 enixa
3073 1866 3303 1927 muliere,
3342 1875 3430 1916 aut
3486 1872 3815 1915 menstruam.

593 1978 595 1980 -
672 1954 766 2005 pro
788 1939 900 2005 ejus
925 1942 1156 1994 custodia
1179 1941 1518 2009 omnipotenti
1542 1941 1644 1994 Deo
1666 1955 1844 2008 preces
1864 1939 2060 2008 pariter
2088 1939 2194 1991 Deo

674 2025 926 2079 fundant?

677 2133 699 2170 δ
729 2135 777 2186 9.
809 2133 883 2186 De
920 2135 1185 2202 baptismo,
1216 2148 1260 2189 et
1286 2137 1706 2204 periclitantibus,
1736 2147 1781 2188 et
1809 2145 1959 2203 partu
1992 2150 2189 2188 earum.

736 2251 758 2278 ε
802 2240 982 2294 Mulier
1027 2257 1298 2310 prmgnans
1347 2243 1522 2310 (ιἰν.)
1561 2250 1731 2311 potest
1762 2240 2044 2309 baptizari,
2073 2255 2191 2293 cum

670 2347 771 2383 nou
807 2332 874 2384 sit
902 2341 1024 2385 ante
1051 2332 1422 2399 omnipotentis
1452 2333 1540 2385 Dei
1585 2333 1766 2392 oculos
1817 2332 1968 2400 culpa
2016 2331 2190 2398 aliqua

669 2417 956 2471 fecunditas
985 2416 1222 2488 [carnis].
1256 2419 1384 2472 Nam
1411 2435 1526 2472 cum
1553 2420 1721 2488 primo
1753 2426 2002 2488 parentes
2025 2419 2189 2471 nostri

666 2505 1002 2574 deliquissent
1031 2507 1082 2561 in
1116 2509 1378 2576 paradiso,
1407 2508 1851 2578 immortalitatem
1899 2523 2055 2574 quam
2099 2523 2188 2560 ac-

663 2605 929 2663 ceperant,
957 2605 1099 2650 recto
1128 2598 1218 2651 Dei
1238 2596 1435 2664 judicio
1456 2595 1810 2663 perdiderunt.
1853 2595 1983 2662 Quia
2014 2597 2190 2665 itaque

665 2682 806 2735 idem.
825 2683 1152 2751 omnipotens
1181 2684 1317 2736 Deus
1342 2685 1625 2737 humanum
1648 2698 1810 2752 genus
1834 2684 1886 2735 in
1912 2683 2063 2752 culpa
2094 2699 2186 2736 sua

665 2771 895 2825 funditus
924 2774 1256 2842 exstinguere
1299 2774 1481 2837 noluit,
1507 2784 1561 2828 et
1599 2775 2043 2828 immortalitatem
2087 2777 2183 2830 ho-

663 2863 785 2916 mini
818 2877 912 2932 per
964 2873 1235 2933 peccatum
1257 2867 1265 2882 ‘
1286 2864 1401 2935 [pro
1429 2865 1664 2934 peccato]
1694 2881 1842 2918 suum
1870 2867 2106 2927 abstulit,
2134 2875 2189 2919 et

572 2947 579 2950 ’
663 2948 836 3018 (γαν.)
860 2951 1231 3020 benignitatem
1258 2967 1364 3004 sum
1385 2953 1594 3018 pietatis
1638 2952 1954 3005 fecunditate
1993 2952 2187 3007 sobolis

659 3038 734 3091 eis
762 3039 1065 3091 reservavit.
1099 3039 1246 3104 Quod
1270 3035 1400 3104 ergo
1453 3039 1624 3109 (Muli.
1652 3041 1781 3108 cur.)
1828 3057 1928 3095 non
1983 3051 2184 3097 natura:

2367 1989 2390 2015 ε
2417 1977 2495 2029 Ad
2516 1977 2787 2030 mulierem
2831 1976 3040 2040 enixam
3071 1975 3155 2046 [ad
3181 1976 3294 2044 ejus
3317 1991 3443 2030 vero
3463 1974 3818 2044 concubitum]

2295 2066 2374 2116 vir
2397 2078 2522 2116 suus
2543 2064 2792 2116 accedere
2820 2078 2925 2117 non
2951 2065 3122 2126 debet,
3151 2064 3488 2132 quoadusque
3516 2063 3689 2130 proles
3705 2077 3817 2129 qua

2291 2151 2542 2218 gignitur,
2574 2149 2883 2204 ablaetetur.
2935 2149 3102 2206 Prava
3142 2159 3312 2205 autem
3349 2152 3401 2204 in
3426 2151 3817 2220 coniugatorum

2291 2240 2525 2294 moribus
2567 2240 2892 2296 consuetudo
2919 2242 3174 2302 surrexit,
3215 2249 3270 2294 ut
3306 2241 3551 2295 mulieres
3595 2240 3818 2293 infantes

2289 2344 2412 2383 suos
2439 2331 2556 2383 aliis
2589 2330 2896 2384 mulieribus
2940 2329 3094 2399 (Var.
3121 2329 3336 2398 etadd.)
3368 2329 3433 2383 ad
3481 2329 3814 2382 nutriendum

2291 2419 2518 2471 tradant.
2552 2418 2700 2484 Quod
2727 2433 2788 2472 ex
2833 2419 2941 2473 sola
2984 2433 3140 2472 causa
3183 2418 3568 2472 incontinentiae
3617 2418 3819 2471 videtur

2289 2505 2576 2567 inventum,
2607 2505 2730 2573 quia
2763 2506 2887 2559 dum
2916 2521 2973 2560 se
3000 2506 3271 2560 continere
3293 2506 3493 2568 nolunt,
3525 2505 3815 2575 despiciunt

2287 2592 2482 2646 lactare
2502 2608 2633 2660 quos
2653 2595 2887 2664 gignunt.
2930 2594 3020 2648 lite
3048 2596 3225 2663 itaque
3262 2610 3378 2664 qua
3413 2593 3548 2648 filios
3585 2611 3710 2648 suos
3754 2611 3813 2648 ex

2284 2697 2443 2750 prava
2468 2685 2847 2738 consuetudine
2876 2685 2992 2738 aliis
3013 2685 3077 2737 ad
3105 2685 3439 2738 nutriendum
3469 2686 3702 2747 tradunt,
3720 2686 3813 2737 nisi

2283 2772 2610 2840 purgationis
2639 2781 2843 2838 tempus
2871 2772 3160 2833 transierit,
3185 2772 3312 2824 viris
3339 2773 3446 2824 suis
3489 2787 3592 2826 non
3634 2773 3816 2826 debent

2286 2858 2564 2944 admisceri
2595 2876 2607 2911 :
2635 2860 2758 2926 quia
2800 2868 2852 2914 et
2882 2860 2994 2913 sine
3021 2868 3204 2928 partus
3232 2874 3412 2921 causa,
3441 2874 3559 2913 cum
3601 2859 3814 2913 insuetis

2286 2946 2596 3018 [consuetis]
2631 2951 2916 3005 menstruis
2959 2950 3277 3010 detinentur,
3301 2949 3427 3002 viris
3465 2950 3573 3002 suis
3611 2949 3814 3003 misceri

2283 3022 2659 3104 prohibentur;
2690 3040 2758 3091 ita
2785 3047 2845 3092 ut
2865 3046 3035 3091 morte
3060 3037 3143 3090 lex
3175 3031 3321 3091 sacra
3345 3037 3517 3101 feriat,
3536 3038 3578 3090 si
3600 3039 3721 3106 quis
3741 3038 3815 3090 vir

663 3128 912 3188 humanae,
946 3127 1034 3180 sed
1059 3129 1429 3197 omnipotentis
1455 3129 1542 3182 Dei
1568 3131 1704 3192 dono
1732 3141 2054 3185 reservatum
2081 3143 2180 3194 est,
2209 3142 2253 3204 ο
2286 3128 2350 3180 ad
2394 3135 2772 3181 menstruatam
2824 3127 3146 3199 [mulierem]
3192 3126 3422 3180 accedat.
3472 3125 3598 3191 Quae
3644 3135 3812 3178 tamen

661 3231 760 3281 qua
794 3217 992 3269 ratione
1017 3219 1202 3284 poterit
1229 3220 1364 3272 sacri
1413 3220 1741 3287 baptismatis
1791 3222 1956 3289 gratia
2003 3224 2182 3289 probi-

663 3304 806 3356 beri?
841 3304 893 3356 ln
942 3305 1030 3358 illo
1069 3307 1257 3374 quippe
1285 3309 1564 3375 mysterio,
1589 3309 1639 3358 in
1669 3323 1772 3375 quo
1815 3310 1984 3361 omnis
2031 3312 2182 3380 culpa

666 3390 894 3445 funditus
919 3393 1284 3461 exstinguitur,
1313 3393 1460 3446 valde
1503 3396 1716 3448 stultum
1757 3405 1855 3458 est,
1903 3398 1944 3449 si
1990 3399 2183 3452 donum

659 3479 837 3546 gratia:
864 3480 1144 3534 contradici
1174 3495 1324 3548 posse
1368 3483 1621 3536 videatur.
1669 3483 1797 3537 Cum
1853 3501 1976 3538 vero
2031 3488 2182 3538 enixa

663 3568 838 3628 fuerit,
863 3576 978 3634 post
1007 3578 1132 3636 quot
1156 3570 1342 3623 debeat
1388 3572 1501 3624 dies
1550 3573 1736 3625 mulier
1779 3576 2052 3627 ecclesiam
2100 3577 2180 3627 iu-

663 3654 1028 3713 trare,\’ctcris
1051 3655 1364 3710 Testamenti
1392 3669 1704 3726 praeceptum
1719 3671 1796 3712 est
1817 3659 2184 3728 [praeceptione

661 3742 934 3812 didicisti],
955 3753 1008 3796 ut
1038 3758 1132 3811 pro
1166 3744 1398 3797 masculo
1425 3747 1492 3798 53
1522 3747 1720 3805 diebus,
1751 3764 1843 3814 pro
1873 3749 2060 3804 {animi
2093 3767 2185 3801 au-

663 3840 765 3884 tem
794 3831 859 3885 66
888 3833 1068 3886 diebus
1091 3832 1277 3887 debeat
1309 3835 1590 3887 abstinere.
1632 3835 1807 3900 (ιάτ.)
1842 3831 1944 3888 Sed
1991 3839 2099 3891 haec
2133 3840 2182 3890 in

663 3921 908 3989 mysterio
928 3921 1270 3988 accipiuntur.
1297 3922 1424 3976 Nam
1451 3924 1493 3975 si
1519 3924 1643 3976 hora
1673 3905 1852 3976 eadem
1871 3942 1972 3991 qua
1994 3943 2185 3991 genue-

661 4051 749 4101 sed
777 4050 894 4119 sola]
917 4051 1365 4119 perspicaciteisui
1403 4051 1594 4119 ingenii
1619 4053 1700 4103 hic
1722 4051 1920 4118 profert
1957 4054 2037 4104 vir
2062 4070 2183 4106 eru-

659 4119 814 4180 ditus,
847 4117 968 4171 illud
996 4119 1130 4171 idem
1153 4117 1491 4172 conﬁrmatur
1510 4119 1714 4173 collect.
1754 4122 1869 4173 cod.
1922 4121 2180 4175 Herovall.

659 4186 1084 4304 ειιὲιιίεἰιίεείιιιιι,
1115 4201 1143 4237 a
1168 4201 1268 4252 qua
1296 4187 1446 4254 longe
1483 4188 1688 4245 absunt.
1717 4203 2038 4256 quaecunque
2063 4201 2184 4244 sunt

664 4271 699 4302 a.
761 4253 963 4304 retrorio
990 4253 1175 4304 aliena.
1203 4253 1346 4304 Unde
1372 4255 1489 4304 licet
1519 4254 1761 4304 colligere
1790 4273 1889 4304 non
1920 4273 2033 4304 esse
2047 4273 2181 4304 (itm-

664 4253 963 4327 aGregorio
990 4253 1175 4327 aliena.
1203 4253 1346 4327 Unde
1372 4254 1889 4327 licet__colligere_non
1920 4253 2181 4327 essequo-

659 4334 760 4439 q‘tite
788 4319 1022 4388 Gregorii
1050 4336 1185 4388 quan
1208 4322 1428 4388 plurima
1457 4323 1584 4384 alia,
1613 4338 1727 4390 quae
1768 4325 1998 4377 indicant
2047 4319 2183 4380 noue

659 4405 687 4437 ε.
747 4403 908 4439 mare.
2105 4415 2111 4421 ι

659 4403 724 4439 λιι
747 4403 908 4441 mare.
2105 4415 2111 4421 '

954 4457 1068 4510 add.
1093 4473 1208 4524 qum
1228 4459 1481 4527 glossema
1513 4459 1742 4527 sapiunt.

734 4525 757 4560 δ
783 4523 1064 4602 ᾓορρειριιι
1089 4523 1376 4602 notaturiu
1405 4526 1488 4602 ed.
1543 4523 1631 4602 lt],
1658 4529 1778 4594 quia
1834 4528 1897 4580 de
1946 4530 2180 4602 reliquiis

661 4592 825 4644 sancti
855 4590 1257 4665 Sixtiprzccedit
1280 4594 1439 4665 aliud,
1465 4595 1600 4665 quod
1647 4590 1902 4665 repugnat
1942 4590 2180 4665 genuina:

662 4675 724 4728 ac
745 4668 901 4712 certa:
927 4660 1154 4728 epistola:
1183 4660 1248 4712 50
1280 4661 1373 4714 lib.
1396 4677 1464 4722 iv,
1487 4660 1628 4716 unde
1661 4660 1758 4714 isiu

662 4726 776 4779 lect.
804 4729 918 4781 cod.
954 4726 1072 4780 Her.
1106 4730 1241 4781 sicut
1268 4745 1295 4781 a
1327 4746 1449 4782 mss.
1478 4729 1604 4782 Tell.
1631 4739 1684 4782 et
1713 4731 2184 4795 Carn.,etc.,sicut

659 4797 955 4848 observavit
978 4796 1380 4851 Gussanvillaius
1407 4799 1455 4851 in
1480 4799 1588 4850 suis
1615 4799 1769 4852 notis.

732 4872 754 4900 ο
784 4862 864 4916 Ab
893 4865 978 4916 his
1002 4865 1177 4934 verbis
1197 4865 1289 4917 hoc
1316 4882 1414 4918 non
1441 4867 1662 4934 ambigo,
1698 4883 1861 4934 usque
1892 4870 1956 4920 ad
2004 4869 2186 4923 mulier

659 4945 948 5005 praegnans,
965 4932 1046 5005 vir
1067 4934 1245 5005 doctus
1271 4934 1561 5005 innuitnon
1581 4932 1703 4989 esse
1725 4932 1888 5005 sancti
1910 4935 2147 5005 Gregorii
2169 4956 2180 5000 ;

659 4997 903 5074 quianon
926 5001 1047 5074 satis
1063 5001 1294 5074 sopiunt,
1319 5001 1504 5068 inquit,
1519 5006 1718 5074 genium
1740 5001 1969 5074 Gregorii
1991 4997 2180 5074 niagni.

661 5065 808 5129 Quod
839 5066 963 5120 dicit
989 5065 1177 5119 nullius
1200 5067 1312 5120 cod.
1345 5065 1652 5125 auctoritate
1692 5065 1884 5131 fretus,
1916 5074 2012 5126 hoc
2060 5065 2183 5127 eon-

661 5133 935 5254 armtamus
953 5134 1256 5187 collectione
1283 5137 1400 5189 cod.
1428 5136 1546 5188 ller.
1577 5139 1627 5190 in
1655 5155 1754 5206 qua
1773 5142 1902 5195 nihil
1927 5141 2181 5206 ejusmodi

695 5216 757 5254 ειιι
786 5216 867 5252 ur.

695 5210 867 5268 εειιιιτ.

733 5267 758 5305 ἀ
795 5267 851 5342 [ιι
881 5271 963 5322 ed.
986 5286 1091 5342 non
1117 5272 1324 5342 disting.
1359 5289 1385 5325 a
1420 5274 1750 5342 prmeedenti.

736 5347 757 5373 ο
796 5334 951 5390 Petro
975 5334 1345 5410 Gussanvillgito
1376 5334 1485 5393 hace
1506 5343 1790 5410 proposilio
1822 5344 2025 5396 videtur
2071 5361 2185 5398 sus-

648 5412 808 5487 pecta
844 5415 1124 5487 «Aprnpter,
1150 5408 1335 5487 inquit.
1362 5408 1520 5487 verba
1546 5408 1833 5487 sequentia.
1858 5412 2013 5487 donec
2042 5415 2184 5487 aula:-

662 5479 838 5548 rtetur.
864 5473 992 5548 Quis
1018 5475 1158 5528 enim
1187 5473 1416 5548 virorum
1447 5478 1540 5548 ista
1570 5473 1633 5530 se
1647 5479 1756 5544 lege
1781 5480 1943 5531 teneri
1972 5483 2184 5533 credat?

664 5538 792 5612 Quis
824 5542 1151 5612 praelatorum
1182 5544 1281 5596 tale
1311 5538 1722 5612 audeatjugum”
1744 5548 2024 5612 imponere.
2055 5550 2184 5602 Vide

665 5563 792 5597 νιιιδ
825 5563 1151 5606 pne-tutorum
1182 5563 1281 5596 tate
1311 5563 1498 5597 audeat
1517 5563 1574 5610 ιιι
1617 5563 1700 5598 um
1744 5563 2024 5612 Iniponcre.
2063 5563 2177 5602 vnse

665 5601 847 5684 jIoann.
879 5609 1024 5662 Gcrs.
1055 5611 1512 5684 tit-praeparatione
1535 5563 1833 5684 agtnissam
1866 5626 1980 5684 post
2011 5617 2177 5684 pollu-

665 5681 855 5726 tionem
888 5690 1188 5731 nocturnam
1217 5682 1526 5733 Considcrat.
1560 5681 1587 5728 7
1614 5691 1664 5734 ct
1688 5685 1735 5732 8.
1779 5703 1793 5732 ι
1833 5681 1949 5736 "me
1972 5681 2049 5736 cst
2082 5701 2181 5737 una

1840 4667 1990 4718 abest
2015 4682 2042 4717 a
2075 4668 2182 4719 col-
2223 4706 2233 4720 .

2286 3213 2496 3277 mulier,
2519 3214 2644 3267 dum
2671 3213 2855 3284 (Van)
2879 3211 3309 3268 Consuetudinem
3336 3221 3658 3266 menstruam
3685 3212 3814 3280 pati-

2285 3308 2389 3361 tur,
2417 3302 2688 3368 prohiberi
2730 3302 3008 3356 ecclesiam
3039 3303 3235 3355 intrare
3261 3317 3363 3353 non
3394 3301 3547 3354 debet
3574 3318 3588 3353 :
3620 3302 3739 3369 quia
3766 3301 3813 3353 ei
3909 3365 3918 3371 _

2283 3399 2485 3442 naturae
2511 3389 2844 3457 superﬂuitas
2868 3391 2921 3444 in
2953 3390 3166 3457 culpam
3185 3388 3453 3443 netiavalet
3478 3389 3727 3456 reputari.
3754 3389 3814 3442 Et

2283 3495 2378 3547 per
2404 3481 2503 3534 hoe
2531 3480 2669 3548 quod
2700 3481 2861 3533 invita
2896 3479 3118 3549 patitur,
3148 3480 3341 3550 justum
3370 3495 3472 3533 non
3518 3487 3599 3532 est
3641 3489 3698 3531 ut
3739 3481 3812 3531 in-

2282 3584 2462 3637 gressu
2489 3568 2723 3622 ecclesia:
2747 3569 2999 3637 privetur.
3028 3567 3278 3622 Novimus
3297 3582 3522 3636 namque
3543 3568 3681 3636 quod
3706 3583 3812 3620 mu-

2283 3655 2379 3707 lier
2407 3671 2523 3722 qua:
2554 3656 2825 3724 sanguinis
2854 3654 3050 3710 ﬂuxum
3091 3656 3405 3724 patiebatur,
3447 3663 3565 3723 post
3617 3653 3810 3724 tergum

2283 3746 2487 3798 [omini
2517 3745 2787 3798 humiliter
2821 3746 3044 3798 veniens.
3072 3745 3366 3799 vestimenti
3406 3743 3518 3810 ejus
3549 3743 3810 3812 fimbriam

2285 3834 2474 3901 tetigit,
2505 3843 2660 3900 atque
2687 3833 2753 3886 ab
2777 3848 2838 3886 ea
2869 3833 3046 3888 statim
3069 3848 3160 3885 sua
3199 3833 3482 3885 infirmitas.
3504 3833 3735 3884 recessit.
3760 3830 3809 3884 Si

2283 3936 2408 3990 ergo
2450 3921 2498 3973 in
2547 3920 2684 3973 ﬂuxu
2735 3921 3007 3992 sanguinis
3058 3921 3245 3989 posita,
3275 3919 3607 3974 laudabiliter
3653 3921 3812 3990 potuit

2235 4063 2244 4073 '
2284 4053 2415 4105 ratio
2445 4054 2539 4105 viri
2569 4053 2726 4111 docti,
2769 4069 2884 4121 quae
2927 4053 3052 4121 quin
3103 4053 3229 4104 mihi
3272 4052 3512 4105 videatur
3537 4065 3682 4121 vera,
3717 4051 3808 4121 tria

2283 4121 2588 4186 impediunt.
2635 4122 2688 4171 1ο
2731 4119 2862 4186 Quia
2890 4119 3036 4174 nullo
3071 4121 3425 4186 cujuscunque
3453 4119 3649 4172 codicis
3678 4120 3811 4172 testi-

2281 4189 2458 4241 monio
2495 4189 2674 4255 utitur.
2703 4189 2758 4240 2°
2783 4191 2914 4254 Quia
2941 4190 3103 4242 codex
3134 4187 3528 4242 Herovallianus
3552 4187 3645 4255 qui
3667 4203 3808 4240 veras

2283 4257 2446 4323 ipsius
2477 4254 2807 4321 conjecturas
2829 4257 3022 4325 smpius
3049 4256 3346 4318 confirmat,
3379 4257 3512 4309 hanc
3540 4254 3597 4308 ut
3629 4255 3807 4309 falsam

2283 4325 2522 4378 revincit.
2551 4325 2606 4378 3ο
2631 4325 2764 4391 Quia
2787 4341 2851 4379 ex
2873 4326 2973 4379 hac
3002 4326 3205 4378 ratione
3228 4332 3539 4393 sequeretur
3578 4325 3807 4393 quaedam

2281 4393 2495 4446 Patrum
2523 4395 2819 4447 testimonia
2844 4394 3141 4462 certissima
3167 4392 3392 4462 expungi
3416 4393 3642 4462 debere;
3670 4392 3808 4462 verbi

2281 4463 2462 4531 gratia
2487 4477 2605 4513 cum
2625 4471 2850 4531 sanctus
2877 4461 3118 4531 Clemens
3149 4460 3529 4531 Alexandrinus
3551 4461 3622 4513 ita
3649 4461 3808 4526 loqui-

2285 4528 2370 4582 tur
2414 4529 2506 4581 lib.
2537 4545 2592 4582 ιιι
2619 4529 2941 4583 Stromatum
2969 4548 2980 4580 :
3011 4547 3026 4577 ι
3059 4528 3204 4584 Unde
3232 4529 3427 4582 nullum
3457 4543 3518 4582 ex
3549 4531 3808 4582 veteribus

2283 4613 2346 4666 ex
2383 4597 2652 4666 Scriptura
2679 4599 2972 4651 ostenderis
2997 4599 3084 4666 qui
3115 4612 3230 4650 cum
3256 4606 3554 4666 prmgnapte
3586 4614 3694 4650 rem
3723 4598 3806 4650 ba-

2284 4665 2484 4727 bucrit;
2521 4666 2608 4718 sed
2633 4674 2908 4734 postquam
2939 4666 3160 4734 gestavit
3197 4675 3423 4726 uterum,
3453 4673 3498 4717 et
3539 4677 3804 4734 postquam

2285 4734 2479 4785 editum
2511 4734 2669 4786 fctum
2708 4750 2734 4802 ξι
2769 4735 2900 4788 lacte
2929 4734 3142 4802 depulit,
3171 4749 3349 4786 rursus
3376 4749 3403 4785 a
3429 4735 3556 4786 viris
3579 4738 3806 4801 cognitas

2287 4802 2445 4853 fuisse
2467 4817 2673 4854 uxores.
2701 4800 2814 4870 1am
2841 4803 2979 4855 hunc
2996 4800 3220 4870 scopum
3250 4812 3304 4855 et
3331 4802 3621 4856 institutum
3661 4800 3806 4855 inve-

2288 4871 2397 4939 nies
2437 4879 2731 4922 servantem
2760 4869 2951 4938 Moysis
2979 4869 3202 4939 patrem,
3228 4885 3345 4922 cum
3387 4871 3668 4939 triennium
3697 4880 3805 4936 post

2286 4938 2541 5006 Aaroncm
2590 4939 2786 4990 editum
2835 4937 3219 4999 interinisisset,
3272 4937 3513 5006 genuisse
3561 4937 3800 5006 Moysem.

2287 5005 2365 5076 Et]
2380 5022 2560 5059 rursus
2595 5007 2997 5076 leviticagtribus
3022 5020 3239 5060 servans
3267 5005 3399 5076 lianc
3424 5015 3624 5058 naturae
3647 5005 3801 5076 legem

2234 5130 2241 5138 ,
2287 5088 2314 5125 a
2346 5075 2450 5126 Deo
2481 5075 2747 5134 traditam,
2779 5074 2893 5127 aliis
2919 5090 3137 5127 numero
3174 5077 3342 5127 minor
3369 5075 3601 5138 ingressa
3633 5074 3714 5127 est
3755 5077 3800 5126 in

2286 5151 2479 5194 terram
2512 5115 2840 5212 promissam.
2869 5141 2977 5196 Non
3001 5144 3138 5194 enim
3167 5113 3710 5212 facilemnfiiplicatur
3728 5157 3803 5212 ge-

2285 5225 2404 5268 nus,
2435 5210 2551 5261 cum
2575 5211 2670 5262 viri
2696 5211 2902 5276 quidem
2921 5213 3181 5263 scminant
3206 5211 3292 5276 qui
3317 5210 3599 5278 legitimum
3633 5210 3802 5262 int-unt

2287 5279 2697 5338 matrimonium,
2743 5289 3048 5346 exspectant
3089 5287 3260 5330 autem
3312 5295 3411 5330 non
3461 5279 3628 5331 solum
3675 5280 3800 5330 uteri

2283 5347 2644 5463 gestationem,
2690 5348 2777 5397 scd
2833 5348 2989 5399 etiam
3042 5363 3069 5397 a
3126 5347 3256 5398 lacte
3313 5346 3670 5414 depulsionem
3716 5350 3741 5377 "
3780 5366 3795 5392 ι

2305 5415 2476 5463 Λόριη
2503 5414 2868 5463 commendant
2889 5423 2938 5463 et
2959 5414 3481 5463 nrzeciniuntmiiuam
3500 5416 3585 5463 alii
3613 5416 3795 5463 Patres.

2305 5414 2476 5466 Eadem
2503 5414 2868 5484 commendant
2889 5423 2938 5484 et
2959 5414 3481 5484 prtecipiuntqnigam
3500 5416 3585 5467 alii
3611 5416 3798 5470 Patres.

2285 5490 2496 5535 sanctus
2535 5482 2865 5542 Ambrosius,
2896 5481 3180 5549 Gregorius
3207 5498 3335 5548 papa
3371 5481 3454 5544 lll,
3484 5493 3539 5536 et
3559 5493 3799 5550 quotquot

2353 5620 2379 5646 ⁸
2409 5617 2759 5684 ’Δῦαμενόντων
2795 5616 2843 5670 δέ
2877 5621 2933 5670 θ’)
2970 5625 3052 5674 τὴν
3086 5623 3340 5687 ruas-opim
3368 5619 3527 5685 μόνον,
3575 5621 3692 5670 ἀὶλέι
3731 5619 3799 5668 rei

2286 5692 2368 5742 τήν
2397 5687 2788 5753 γα)ακτ5·λχὲ-ιν.
