4010 6430
283 453 410 510 1081

1091 460 1394 514 CANONES
1431 455 1702 512 SELECTI
1744 454 1832 508 EX
1876 453 2021 506 VET.
2062 452 2211 505 CAN.
2246 445 2568 505 COLLECT.

3260 447 3278 496 i
3290 446 3393 499 082

279 568 482 623 Domini
510 570 870 623 vestimentum
910 580 1149 640 tangere,
1182 587 1278 625 cur
1317 559 1430 639 qua:
1464 576 1783 622 menstruam
1811 573 1855 628 Α
1884 562 1979 616 fuit
1996 562 2133 629 quod
2152 560 2515 620 dimitteretur,
2541 559 2657 611 ideo
2679 571 2782 611 non
2806 562 2886 610 est
2904 555 3174 609 dimissum
3196 555 3245 606 in
3271 554 3398 640 bap-

277 656 546 725 sauguinis
583 657 804 725 patitur,
832 658 879 709 ei
923 673 1024 720 non
1066 656 1221 712 liceat
1263 657 1466 709 Domini
1511 654 1785 708 ecclesiam

281 742 514 797 .ntrare?
541 753 566 781 ι
606 742 809 795 Sancta
853 751 1026 797 autem
1067 742 1443 797 communionis
1482 739 1785 809 mysterium

285 827 332 881 in
357 828 553 881 eisdem
582 829 764 883 diebus
791 820 1058 896 percipere
1088 828 1352 899 prohiberi
1394 825 1703 879 non-debet.
1732 823 1788 877 Si

287 922 405 967 vero
426 913 514 965 illa
543 926 610 965 ex
644 929 825 982 magna
853 915 1183 968 veneratione
1213 914 1477 980 percipere
1505 925 1607 964 non
1653 924 1787 977 prte-

278 1000 457 1060 s'umit,
486 1000 739 1053 laudanda
766 1010 846 1053 est
874 1019 886 1052 :
918 1002 961 1054 si
999 1017 1124 1055 vero
1152 1002 1398 1069 percepit,
1421 1015 1523 1052 non
1552 997 1793 1064 judican-

278 1086 365 1137 da.
389 1085 649 1139 Bonarum
679 1088 926 1140 mentium
953 1096 1052 1151 est,
1077 1094 1128 1140 et
1156 1088 1226 1141 ibi
1250 1089 1421 1156 aliquo
1442 1088 1595 1141 modo
1615 1086 1792 1153 culpas

278 1187 404 1228 suas
427 1187 732 1242 agnoscere,
756 1174 843 1226 ubi
867 1174 1017 1240 culpa
1044 1188 1146 1227 non
1186 1183 1305 1229 est:
1335 1176 1455 1243 quia
1498 1188 1634 1241 sape
1679 1174 1792 1226 sine

277 1261 432 1328 culpa
460 1260 651 1329 agitur,
672 1261 810 1327 quod
846 1262 994 1327 venit
1025 1276 1087 1315 ex
1118 1260 1286 1329 culpa.
1317 1250 1463 1316 Unde
1486 1262 1643 1316 etiam
1672 1274 1790 1313 cum

277 1348 562 1408 esurimus,
591 1348 703 1400 sine
750 1348 898 1416 culpa
941 1349 1291 1410 comedimus,
1315 1348 1502 1421 quibus
1532 1362 1594 1400 ex
1640 1346 1792 1412 culpa

277 1435 437 1504 primi
474 1434 700 1489 hominis
724 1435 919 1489 factum
947 1444 1063 1500 est,
1088 1446 1148 1490 ut
1182 1438 1492 1491 esuriamus.
1531 1435 1793 1489 Menstrua

275 1522 420 1574 enim
457 1524 777 1576 consuetudo
819 1524 1120 1579 mulieribus
1168 1540 1270 1578 non
1321 1525 1493 1592 aliqua
1519 1525 1669 1591 culpa
1694 1531 1792 1583 est,

276 1607 522 1661 videlicet
551 1609 639 1676 qui
680 1595 989 1662 naturalitér
1034 1612 1239 1663 accidit.
1291 1610 1390 1663 Sed
1438 1616 1613 1662 tamen
1659 1609 1796 1675 quod

276 1703 465 1748 natura
498 1696 610 1764 ipsa
650 1696 733 1763 ita,
761 1697 940 1749 vitiata
962 1692 1059 1757 est,
1085 1707 1142 1749 ut
1172 1698 1327 1756 etiam
1370 1697 1482 1750 sine
1516 1696 1797 1762 voluptatis

277 1782 454 1836 studio
497 1781 736 1836 videatur
767 1796 882 1836 esse
923 1783 1139 1851 polluta,
1166 1797 1229 1835 ex
1265 1782 1413 1851 culpa
1440 1782 1582 1835 venit
1610 1782 1796 1834 vitium

1884 652 2129 711 tismate;
2162 656 2216 700 et
2260 647 2380 715 quia
2412 652 2678 714 peccatum
2726 656 2845 697 non'
2875 642 3003 704 fuit,
3034 643 3087 694 in
3131 649 3310 708 peccat

1884 734 2239 803 reputabitur?
2261 732 2443 785 Omnia
2466 739 2661 792 scorta,
2690 729 3042 798 parricidium,
3064 736 3118 779 et
3146 728 3399 782 incestum

1886 820 2025 873 fonte
2048 827 2368 889 purgantur:
2401 819 2575 870 uxoris
2611 818 2933 870 inhaerebunt
2974 814 3205 876 maculat,
3243 822 3296 867 et
3320 814 3406 867 lu-

1884 908 2098 975 panaria
2123 907 2363 960 thalamis
2397 903 2754 973 prteferentur.
2794 903 3020 956 Audiaut
3046 904 3144 956 hoc
3174 902 3365 955 ethnici
3393 944 3408 967 ,

1887 995 2242 1066 catechumeni
2265 1002 2320 1046 et
2337 1009 2439 1047 non
2460 994 2676 1047 honesta
2690 990 2908 1059 iungant
2929 991 3291 1043 matrimonia:
3314 990 3405 1042 sed

1889 1081 2205 1145 Scottorum,
2236 1090 2289 1135 et
2314 1080 2601 1133 Atticorum
2626 1078 2728 1129 ritu
2754 1077 3076 1145 promiscuas
3102 1091 3323 1136 uxores,
3354 1082 3406 1126 et

1888 1183 2187 1223 communes
2212 1167 2405 1219 liberos
2440 1166 2670 1218 habeant
2691 1181 2713 1214 ε.
2744 1164 2849 1216 imo
2890 1170 3105 1215 caveant
3127 1161 3407 1227 qualecun-

1888 1270 1987 1322 que
2010 1254 2314 1307 vocabulum
2353 1239 2583 1319 conjugis
2603 1290 2616 1312 ,
2643 1265 2727 1302 ne
2765 1257 3038 1317 postquam
3067 1248 3118 1300 in
3144 1246 3407 1299 Christum

1888 1340 2218 1398 crediderint,
2236 1322 2419 1391 noceat
2435 1339 2510 1389 eis
2532 1335 2669 1404 quod
2694 1350 2883 1388 uxores
2904 1343 2958 1387 et
2977 1349 3078 1387 non
3098 1328 3412 1413 concubinas

1890 1436 1942 1479 et
1968 1427 2269 1480 meretrices
2294 1424 2590 1479 habuerint.
2620 1422 2963 1490 lmputabitur
2986 1418 3262 1475 infelicitas
3288 1435 3412 1473 con—

1884 1511 2025 1581 jugis
2053 1519 2289 1575 mortuas,
2315 1519 2367 1564 et
2394 1510 2553 1571 libido
2578 1508 2873 1563 meretricia
2894 1507 3259 1569 coronabitur;
3289 1514 3341 1559 et
3369 1506 3413 1558 si

1891 1586 2225 1651 matrimdnlo
2251 1596 2571 1666 eopnlasses,
2616 1611 2721 1649 non
2753 1581 2934 1663 posses
2958 1594 3233 1660 aliquando
3262 1594 3416 1646 cleri-

1894 1703 1987 1741 cus
2039 1687 2288 1741 ordinari.
2334 1686 2411 1739 Illi
2459 1684 2808 1739 benedictioni
2851 1682 3053 1736 Domini
3094 1682 3412 1742 servientes,

1895 1774 2130 1838 Crescite,
2148 1785 2195 1828 et
2218 1773 2641 1843 multiplicamini,
2669 1771 2878 1839 etquod
2896 1766 3103 1830 licebat,
3127 1768 3418 1822 verecundo

281 1870 298 1941 ι
324 1886 390 1924 ex
435 1870 600 1939 culpa:
641 1871 782 1925 venit
816 1870 1004 1941 vitio],
1032 1871 1086 1925 in
1126 1885 1229 1939 quo
1252 1872 1475 1939 seipsam
1501 1869 1669 1939 qualis
1701 1883 1797 1938 per
1826 1855 1869 1913 Β
1893 1865 2091 1935 pudore
2117 1854 2386 1916 celarunt:
2415 1870 2469 1914 tu
2500 1858 2639 1928 quod
2686 1874 2789 1911 non
2834 1858 3051 1919 licebat,
3096 1856 3421 1931 impudenter

269 1960 527 2029 judicium
575 1959 714 2013 facta
768 1959 839 2014 sit
882 1960 1110 2018 humana
1150 1966 1338 2012 natura
1391 1965 1671 2026 cognoscat
1701 1976 1713 2009 :
1745 1964 1800 2010 et

277 2050 438 2102 homo
469 2049 558 2117 qui
582 2048 788 2117 culpam
826 2055 1010 2116 sponte
1040 2048 1381 2116 perpetravit,
1412 2055 1612 2099 reatum
1636 2045 1800 2112 culpa:

274 2144 450 2206 portet
473 2136 682 2189 invitus.
707 2136 736 2175 ι
758 2135 907 2189 Sicut
922 2136 974 2189 in
988 2136 1324 2190 Testamento
1348 2136 1518 2188 Veteri
1539 2135 1800 2189 exteriora

278 2236 441 2289 opera
468 2221 841 2284 observantur,
865 2221 936 2274 ita
960 2222 1012 2275 in
1036 2220 1368 2295 Testamento
1393 2220 1536 2274 Novo
1560 2236 1663 2274 non
1692 2232 1802 2271 tam

274 2309 417 2376 quod
443 2310 677 2365 exterius
710 2310 902 2378 agitur,
932 2324 1090 2379 quam
1118 2310 1168 2364 id
1198 2312 1349 2378 quod
1383 2310 1616 2363 exterius
1661 2309 1802 2377 cogi-

274 2405 436 2459 tatur,
459 2396 678 2452 sollicita
706 2398 992 2451 intentione
1016 2398 1323 2461 attenditur,
1350 2405 1407 2450 ut
1446 2397 1629 2451 subtili
1683 2411 1803 2450 sen-

254 2486 439 2549 tentia
462 2487 816 2555 perpendatur
844 2484 1195 2557 [puniuntur].
1470 2562 1501 2594 τ

739 2651 829 2705 EX
863 2649 1100 2705 CAPITE
1136 2651 1339 2705 bXXV.

687 2768 710 2795 θ
734 2773 785 2811 IN
812 2773 1060 2813 EPISTOLA
1088 2773 1389 2813 HIEBONYII.

354 2887 434 2943 De
460 2904 517 2942 eo
542 2888 676 2958 quod
699 2888 771 2941 ait
792 2888 1059 2957 Apostolus
1079 2906 1097 2942 :
1134 2890 1301 2945 Unius
1322 2891 1502 2945 uxoris
1525 2892 1714 2947 virum.

340 2975 637 3045 Nunquam,
663 2976 733 3029 illi
758 2974 981 3039 Oceane,
1004 2975 1115 3031 fore
1136 2979 1404 3045 putabam,
1429 2979 1800 3048 indulgentiam

269 3066 528 3135 principis
568 3064 880 3119 calumniam
921 3066 1179 3119 sustinere
1213 3080 1440 3120 reorum.
1467 3065 1491 3105 δ
1522 3066 1803 3138 Consurgit

1896 1948 2127 2018 gessisti.
2151 1948 2254 2000 Illis
2289 1946 2542 2013 scriptum
2569 1952 2665 2009 est,
2701 1942 3036 1997 Honorabiles
3064 1944 3248 2009 nuptiis
3270 1959 3289 1995 .'
3326 1943 3419 1994 tibi

1896 2036 2120 2102 legitur,
2166 2031 2522 2084 Fomicatores
2568 2040 2617 2082 et
2653 2029 2907 2081 adulteros
2943 2031 3113 2094 perdet
3153 2028 3416 2081 Dominus.

1895 2120 2083 2175 Omnia
2112 2121 2222 2172 hzec
2248 2119 2299 2171 in
2321 2118 2579 2184 baptismo
2608 2117 2895 2169 condonata
2924 2122 3045 2167 sunt
3069 2114 3315 2176 crimina,
3346 2114 3430 2182 di-A

1897 2217 2046 2262 cente
2071 2205 2319 2275 Apostolo
2344 2224 2355 2258 :
2397 2204 2523 2258 Htec
2541 2204 2744 2273 quidem
2765 2204 2951 2271 fuistis;
2982 2202 3069 2255 sed
3097 2198 3254 2255 abluti
3282 2202 3434 2254 estis.

1900 2294 2002 2348 Sed
2036 2308 2213 2363 qutcro
2236 2293 2494 2359 quomodo
2523 2301 2626 2345 tua:
2666 2292 2845 2345 sordes
2873 2291 2992 2345 lotae
3034 2299 3187 2351 sunt,
3216 2298 3273 2344 et
3296 2305 3425 2343 mea:

1898 2381 2167 2435 munditiae
2191 2380 2515 2433 sordidata»
2535 2378 2588 2431 Si
2618 2377 2797 2432 sordes
2832 2378 3069 2439 fuissent,
3100 2377 3218 2431 lota:
3245 2378 3426 2445 utique

1899 2477 2092 2524 essent.
2124 2467 2178 2521 Si
2205 2482 2331 2522 vero
2372 2467 2555 2520 sordes
2584 2480 2684 2518 non
2710 2466 3149 2532 sunt,'quomodo
3185 2480 3281 2533 pro
3306 2480 3422 2519 sor-

1898 2558 2052 2612 dibus
2073 2557 2427 2627 imputantur?
2461 2555 2586 2622 Quae
2606 2563 2687 2609 est
2710 2556 2804 2626 ista
2829 2556 3208 2623 tergiversatio,
3233 2564 3283 2610 et
3304 2571 3425 2611 acn-
3498 2573 3506 2582 ο

1899 2659 2017 2697 men
2042 2644 2183 2698 omni
2214 2643 2407 2711 pistillo
2436 2637 2702 2696 retu‘sius?
2736 2643 2864 2707 Quia
2895 2644 3031 2709 quod
3062 2658 3172 2696 non
3195 2652 3278 2696 est
3300 2658 3424 2711 pec-

1898 2736 2103 2791 catum,
2145 2738 2415 2796 peccatum
2445 2725 2547 2781 est‘
2567 2730 2703 2795 quod
2746 2744 2846 2782 non
2877 2728 3104 2782 dimittat
3141 2729 3423 2792 Dominus;

1900 2816 2023 2885 quia
2052 2831 2154 2869 non
2180 2815 2365 2869 habuit
2388 2817 2527 2884 quod
2565 2815 2881 2868 dimitteret:
2929 2824 2984 2869 et
3025 2817 3220 2870 idcirco
3251 2830 3431 2873 manet

1901 2904 2041 2974 quod
2065 2903 2335 2958 dimissum
2357 2916 2460 2956 non
2485 2901 2601 2955 fuit.
2626 2901 2729 2957 Sed
2751 2904 2814 2957 de
2833 2901 2931 2956 hoc
2949 2904 3086 2970 quod
3107 2904 3252 2966 dicit,
3275 2905 3424 2958 um'us

1901 2992 2075 3044 uxoris
2102 2994 2262 3045 virum
2280 3010 2300 3055 ;
2331 2992 2500 3059 prima
2530 2991 2725 3053 Christi
2772 2992 3000 3046 Ecclesia
3031 3006 3144 3060 qua:
3186 2994 3251 3047 ab
3287 2982 3424 3062 Apo-

1902 3078 2034 3131 stolo
2059 3079 2359 3141 docebatur,
2389 3093 2451 3133 ex
2480 3078 2635 3133 lsrael
2674 3078 2801 3144 fuit,
2830 3081 2913 3134 cui
2955 3083 3273 3135 consuetudo
3312 3090 3420 3137 erat

271 3155 404 3208 mihi
438 3153 692 3209 Cainiana
732 3152 937 3225 [Csina]
966 3154 1202 3218 haresis,
1245 3163 1300 3209 et
1338 3162 1575 3210 emortua
1618 3158 1799 3226 vipera
1826 3164 1870 3224 (ζ
1901 3180 1962 3218 ex
1984 3165 2097 3234 lege
2118 3172 2170 3219 et
2187 3164 2424 3233 exemplo
2442 3165 2855 3234 patriarcharum
2880 3167 3006 3235 ipsis
3028 3183 3233 3238 quoque
3252 3184 3427 3223 sacer-

269 3245 556 3301 contritum
589 3251 745 3312 caput
792 3242 932 3295 levat
977 3251 1000 3280 ο
1044 3242 1264 3296 dicendo
1307 3257 1425 3296 esse
1471 3243 1646 3311 aliqua
1689 3259 1805 3311 qua:

270 3334 514 3387 Christus
547 3344 770 3401 purgare
798 3344 901 3383 non
928 3330 1111 3398 possit.
1148 3329 1166 3368 ί
1210 3330 1502 3393 Cartarius,
1547 3330 1806 3400 Hispaniae

270 3422 569 3491 episcopus,
583 3436 740 3474 unam
760 3428 1039 3488 antequam
1060 3421 1436 3489 baptizaretur,
1449 3419 1668 3473 alteram
1688 3425 1807 3487 post

270 3510 586 3578 baptismum
610 3509 787 3578 priore
810 3517 1016 3562 mortua
1038 3509 1186 3562 duxit
1208 3524 1426 3563 uxorem
1451 3526 1464 3560 :
1502 3516 1558 3561 et
1582 3508 1804 3562 arbitra-

269 3597 347 3650 ris
374 3610 494 3649 eum
519 3604 707 3650 contra
725 3594 1039 3664 Apostolum
1056 3594 1284 3650 fecisse?
1316 3598 1340 3635 8
1368 3595 1597 3649 Sustinui
1625 3596 1804 3651 Roma:

267 3699 297 3735 a
329 3682 444 3736 viro
470 3682 895 3750 eloquentissimo
922 3686 1221 3747 cornutum,
1249 3691 1308 3736 ut
1332 3683 1543 3746 dicitur,
1564 3683 1804 3755 syllogis-

272 3783 437 3832 mum,
466 3769 555 3837 qui
576 3769 916 3839 interrogavit
940 3783 1061 3823 me:
1100 3769 1327 3824 Uxorem
1359 3770 1549 3823 ducere
1576 3778 1659 3823 est
1682 3786 1803 3840 pec-

266 3858 478 3911 eatum?
502 3857 611 3928 Ego
633 3858 937 3927 simpliciter
960 3859 1234 3927 respondi:
1257 3858 1371 3912 Non
1401 3866 1486 3912 est
1508 3867 1798 3927 peccatum.

271 3946 336 3997 lit
366 3943 453 3997 ille
489 3943 657 3997 dixit:
692 3944 746 3997 In
780 3945 1038 4013 baptismo
1063 3945 1200 3998 mala
1236 3960 1395 4013 opera
1435 3946 1801 4011 dimittuntur,

267 4046 373 4084 non
412 4030 567 4085 bona.
607 4030 743 4101 Ergo
766 4046 882 4099 quas
919 4047 1023 4086 non
1052 4032 1414 4095 dimittuntur,
1440 4041 1798 4087 reservantur.

269 4119 336 4171 Et
378 4132 475 4187 ego
513 4118 728 4188 inquio:
766 4118 1063 4188 Baptismus
1086 4133 1151 4173 ex
1188 4126 1297 4172 toto
1323 4134 1514 4173 novum
1538 4120 1802 4178 hominem

268 4209 437 4262 facit?
467 4208 627 4277 Resp.
656 4222 718 4262 ex
751 4215 860 4261 toto
900 4208 1215 4276 interrogavi
1241 4225 1253 4259 :
1293 4205 1432 4260 Nihil
1456 4222 1582 4275 ergo
1609 4207 1801 4260 veteris

267 4295 494 4351 hominis
518 4296 571 4350 in
614 4296 928 4363 baptismate
965 4303 1298 4367 reservatur:
1346 4309 1448 4348 non
1475 4303 1644 4363 potest
1667 4309 1801 4347 novo

267 4383 533 4454 imputari,
578 4383 717 4452 quod
747 4383 797 4435 in
826 4382 985 4436 veteri
1024 4382 1285 4450 quondam
1333 4381 1469 4435 fuit?
1508 4380 1795 4436 Obmutuit.

1900 3255 2106 3309 dotibus
2128 3254 2178 3307 in
2199 3254 2376 3309 multis
2397 3256 2648 3308 uxoribus
2670 3254 2859 3309 liberos
2884 3270 3147 3323 spargere.
3172 3258 3425 3326 Praecepit

1870 3352 2043 3411 .‘ergo,
2074 3355 2140 3393 ne
2167 3340 2403 3395 eamdem
2440 3340 2703 3395 licentiam
2748 3340 2993 3395 Ecclesiae
3030 3340 3131 3394 sibi
3161 3342 3427 3397 vindicent

1900 3428 2216 3495 sacerdotes,
2257 3428 2350 3481 sed
2395 3434 2455 3480 ut
2498 3427 2717 3497 singulis
2760 3443 2865 3482 uno
2902 3437 3134 3497 tempore
3175 3429 3417 3484 habeant.

1898 3516 2138 3581 Quaeram
2165 3523 2218 3569 et
2240 3514 2380 3569 aliud
2404 3532 2417 3566 :
2457 3515 2513 3569 Si
2553 3516 2672 3583 quis
2700 3523 2820 3568 ante
2846 3514 3158 3583 baptismum
3184 3515 3423 3570 habuerit

1898 3602 2262 3663 concubinam,
2307 3609 2360 3655 et
2396 3600 2480 3653 illa
2522 3609 2728 3653 mortua
2756 3602 3050 3669 baptizatus
3076 3618 3291 3658 uxorem
3318 3601 3424 3659 'du-

1899 3690 2053 3753 xerit,
2074 3698 2247 3742 utrum
2268 3689 2491 3745 clericus
2521 3688 2631 3744 ﬁeri
2657 3690 2876 3743 debeat?
2898 3680 3250 3770 Respondebis
3269 3706 3425 3759 posse

1901 3776 2033 3840 ﬁeri,
2065 3778 2187 3845 quia
2229 3778 2572 3831 concubinam
2613 3778 2823 3842 habuit,
2863 3794 2967 3833 non
3004 3794 3236 3833 uxorem.
3284 3780 3417 3850 Ergo
3494 3817 3502 3826 .

1901 3861 2219 3931 [coniugales
2245 3863 2431 3935 tabula:
2458 3862 2533 3931 et]
2556 3863 2746 3915 dotalia
2767 3862 2886 3930 jura
2912 3866 2977 3918 ab
3000 3864 3246 3933 Apostolo
3262 3906 3276 3931 ,
3317 3882 3418 3921 non

1891 3948 2063 4001 coitus
2090 3947 2483 4000 condemnatur.
2515 3949 2529 3986 ί
2568 3947 2712 4003 Unde
2734 3963 2855 4002 cum
2878 3950 3030 4003 unius
3051 3951 3228 4004 uxoris
3250 3954 3417 4007 virum

1897 4039 2047 4103 dicit,
2073 4040 2226 4091 unius
2250 4038 2483 4091 mulieris
2521 4038 2684 4106 possit
2722 4038 2939 4108 intelligi
2977 4040 3161 4093 coitus.
3206 4039 3316 4094 Non
3354 4043 3418 4095 ad

1899 4125 2103 4181 tabulas
2124 4125 2322 4180 dotales
2347 4134 2552 4194 oportet
2578 4124 2718 4179 ferre
2756 4123 3054 4193 Scripturas
3075 4134 3300 4190 sanctas,
3329 4129 3418 4182 sed

1899 4217 1971 4269 ita
1999 4223 2056 4269 ut
2081 4224 2202 4269 sunt
2226 4215 2545 4283 intelligere:
2570 4230 2667 4269 nec
2689 4229 2944 4269 evacuare
2968 4216 3280 4284 baptismum
3303 4215 3417 4268 Sal-

1896 4302 2155 4365 vatoris,i
2198 4302 2249 4355 in
2278 4316 2382 4370 quo
2417 4302 2592 4355 omnia
2634 4309 2848 4368 peccata
2895 4311 3215 4370 merguntur.
3266 4303 3331 4356 Et
3373 4305 3415 4357 si

1896 4390 2070 4442 omnia
2114 4396 2327 4456 peccata
2372 4395 2697 4457 merguntur,
2731 4374 2988 4456 quomodo
3015 4403 3117 4440 una
3164 4404 3296 4442 uxor
3332 4405 3415 4441 su-

266 4473 373 4527 Sed
415 4487 535 4527 cum
554 4467 719 4549 ‘Ibqui
743 4471 987 4535 nesciret,
1033 4481 1207 4524 tacere
1250 4485 1351 4524 non
1397 4472 1601 4540 potuit:
1641 4470 1799 4538 coepit
1828 4483 1872 4540 η
1895 4475 2170 4544 pernatat?
2196 4475 2340 4528 Beati
2369 4490 2583 4544 quorum
2611 4476 2831 4528 remissa:
2858 4484 2972 4527 sunt
2998 4474 3299 4553 iniquitates.
3326 4476 3415 4528 Ar-

260 4562 479 4625 sudare,
509 4560 815 4629 pallescere,
851 4567 1076 4612 tremere
1098 4559 1229 4612 labia
1254 4575 1267 4621 ;
1299 4559 1470 4627 erupit
1496 4558 1794 4626 aliquando,

263 4658 320 4701 et
346 4647 451 4701 ait:
502 4644 617 4700 Non
656 4645 826 4715 legisti
862 4647 1017 4699 unius
1061 4646 1240 4699 uxoris
1265 4647 1432 4699 virum
1461 4645 1652 4705 debere
1684 4646 1796 4700 ﬁeri

265 4735 617 4799 sacerdotem,
633 4743 687 4789 et
706 4748 818 4787 rem
842 4749 947 4789 non
968 4742 1201 4804 tempora
1222 4734 1460 4789 deliniri?
1478 4736 1502 4773 ιι
1528 4735 1644 4788 Dixi
1666 4751 1761 4803 ego
1782 4755 1793 4787 :

266 4815 571 4895 Baptizatus
602 4825 882 4894 episcopus
906 4823 1115 4891 eligitur
1141 4825 1197 4891 in
1219 4824 1593 4894 episcopatum.
1640 4824 1794 4893 Qute-

268 4918 401 4970 ritur
426 4914 566 4969 enim
592 4913 717 4983 quid
743 4914 830 4979 sit,
858 4928 963 4967 non
990 4912 1113 4982 quid
1156 4911 1271 4965 fuit.
1320 4913 1451 4977 Quia
1495 4913 1652 4978 igitur
1691 4927 1792 4966 non

266 5093 385 5137 sunt
428 5082 537 5137 fere
566 5080 1008 5136 Pmnitentialium
1035 5090 1292 5135 auctores.
1344 5080 1446 5134 Sed
1487 5078 1604 5133 vide
1642 5088 1792 5134 notas

273 5154 334 5231 ad
387 5160 544 5217 caput
588 5149 777 5203 Pmnit.
832 5148 1028 5203 Theod.
1079 5150 1142 5202 de
1188 5149 1565 5217 quaestionibus
1609 5151 1791 5218 conju-

267 5234 717 5406 g'grl'l'izglplurima
739 5284 1137 5351 interponuntur
1154 5299 1269 5351 qum
1288 5284 1540 5351 glossema
1564 5283 1788 5351 sapiunt.

336 5356 363 5394 1·
388 5354 467 5406 Ad
508 5390 522 5404 .
553 5353 734 5406 eadem
756 5366 873 5406 amr
889 5365 1045 5406 supra
1069 5353 1196 5405 satis
1215 5367 1474 5406 superque
1496 5352 1630 5404 dicta
1652 5358 1788 5404 sunt.

336 5356 363 5394 ι
388 5352 522 5408 Add.
553 5353 734 5406 eadem
756 5366 873 5421 quae
889 5365 1045 5419 supra
1069 5353 1196 5405 satis
1215 5367 1474 5421 superque
1496 5352 1630 5421 dicta
1652 5358 1791 5404 sunt.

337 5433 360 5459 ο
393 5422 740 5490 Hieronymus
760 5420 986 5490 oceano,
1005 5434 1128 5490 num
1149 5420 1793 5489 repetens’matrimoutum

265 5507 295 5544 a
320 5486 769 5558 baptismo'possit
795 5486 908 5558 ﬁeri
933 5489 1193 5558 sacerdos.

333 5559 360 5597 ἀ
389 5556 537 5610 Mult.
566 5556 853 5611 redundant
881 5556 931 5608 in
959 5556 1041 5610 ed.

341 5638 364 5665 ο
400 5624 558 5693 Multa
579 5624 631 5678 in
656 5623 782 5693 edit.
808 5626 998 5693 passim
1030 5623 1150 5677 add.
1181 5633 1233 5675 et
1264 5638 1371 5676 var.

344 5694 360 5733 ί
393 5692 552 5747 Stulta
582 5691 891 5746 redundant.

1890 4565 2056 4618 bitror
2081 4565 2218 4634 quod
2244 4565 2503 4633 possimus
2519 4570 2572 4616 et
2598 4577 2694 4615 nos
2721 4563 2842 4615 huic
2862 4562 3055 4630 aliquid
3078 4565 3283 4616 cantico
3294 4562 3414 4628 jun-

1888 4665 2043 4719 gere:
2063 4635 2249 4703 Beatus
2274 4652 2348 4703 vir
2369 4650 2450 4702 cui
2473 4664 2571 4701 non
2593 4650 2854 4718 imputavit
2872 4637 3117 4702 Dominus
3136 4660 3409 4717 peccatum.

1892 4742 1914 4778 ιι
1945 4739 2118 4791 Mirari
2143 4738 2270 4791 satis
2298 4752 2516 4806 nequeo,
2546 4753 2660 4805 qua:
2686 4737 2951 4790 hominum
2980 4745 3121 4788 tanta
3160 4738 3227 4789 sit
3264 4737 3413 4801 eieci-

1889 4835 1990 4889 tas,
2012 4826 2075 4879 de
2100 4826 2349 4879 uxori'ms
2384 4834 2503 4877 ante
2548 4825 2856 4891 baptismum
2887 4824 3178 4890 disputare,
3222 4831 3274 4875 et
3300 4838 3409 4875 rem

1889 4916 1939 4967 in
1974 4913 2230 4982 baptismo
2258 4921 2512 4965 mortuam
2534 4950 2547 4972 ,
2580 4911 2681 4963 imo
2707 4926 2823 4963 cum
2861 4910 3071 4964 Christo
3100 4909 3409 4973 viviﬁcatam

1958 5081 1981 5117 ε
2006 5078 2351 5145 lnterponitur
2376 5078 2529 5128 nimis
2566 5078 2792 5145 gestiens
2828 5075 2996 5129 oratio
3033 5084 3086 5145 et
3108 5076 3253 5127 falsa.
3288 5075 3401 5127 Vid.
3492 5118 3495 5123 .

1886 5162 1967 5215 ep.
1994 5144 2168 5199 lunoc’.
2197 5155 2249 5198 et
2272 5145 2488 5198 aliorum
2519 5144 2708 5197 testim.
2741 5145 2790 5196 in
2818 5152 2924 5195 not.
2948 5145 3012 5196 ad
3038 5144 3182 5195 Pen.

1954 5214 1979 5253 ιι
2009 5214 2163 5265 Plura
2186 5228 2279 5265 uer
2294 5214 2533 5265 naainam
2556 5214 2804 5265 integram
2827 5209 3047 5265 eﬂ'utita.
3077 5224 3219 5265 ante:

2070 5228 2163 5292 ora
2186 5228 2279 5279 per
2294 5214 2533 5282 paginam
2556 5214 2804 5280 integram
2827 5209 3047 5274 eﬂ'utita,
3077 5224 3190 5277 qua:
3208 5209 3272 5261 ad
3293 5221 3402 5262 rem

1892 5297 1993 5335 non
2016 5289 2298 5400 net-tinent.

1967 5352 1982 5423 ᾗ
2015 5349 2112 5423 __ic
2137 5347 2283 5423 plura
2314 5346 2584 5423 interiecta
2604 5353 2724 5423 sunt
2741 5346 2808 5423 _de
2834 5345 3154 5399 concubinis.
3192 5413 3203 5423 _
3362 5412 3374 5422 .

1963 5414 1976 5464 i
2015 5414 2109 5468 Hic
2129 5413 2373 5469 discurrit
2399 5430 2491 5482 per
2508 5414 2720 5483 paginas
2739 5414 2966 5482 integras
2984 5427 3154 5483 sermo
3174 5413 3238 5466 de
3256 5413 3405 5480 aquis

1892 5485 2286 5562 frigidus__atque
2310 5484 2373 5562 ad
2400 5497 2507 5535 rem
2547 5482 2896 5562 nequidquam
2923 5482 3206 5562 pertinens.

1965 5550 1986 5592 ἱ
2016 5550 2171 5603 Multa
2196 5564 2293 5618 per
2313 5551 2486 5617 plures
2510 5551 2727 5619 paginas
2756 5550 3071 5611 inseruntur,
3093 5562 3206 5616 qua:
3230 5562 3259 5598 a
3286 5561 3404 5615 pro-

1893 5621 2060 5688 posito
2086 5633 2296 5686 prorsus
2323 5626 2443 5671 sunt
2474 5620 2657 5671 aliena.
