4010 6400
162 417 301 476 i085

1029 427 1382 484 EXCEBPTA
1415 431 1505 485 ex
1539 421 2038 491 PriIENTIALt
2073 437 2120 492 J.
2163 440 2247 493 DE
2283 441 2432 497 nso.

3161 448 3290 503 1088

219 529 1229 610 -Ρεςεῐξςρξιξε-ξιξςξξ*ξειᾲξςοξξξψμξω
1252 540 1463 610 ρωξρίεῃ
1487 553 1686 610 {neque
1717 547 1760 602 Α
1946 543 2007 610 Et
2023 511 2286 610 vellemet“
2307 555 2358 598 et
2381 551 2530 610 turpia
2547 553 2724 599 cantica
2748 554 3086 610 prohibeantur

159 591 350 656 tertiani
377 597 559 647 partem
578 591 642 638 de
660 593 972 656 oblationibus
1004 603 1215 656 'qumat:
1242 605 1294 646 et
1323 591 1382 648 ιη’
1413 598 1572 648 clerici
1593 593 1684 649 non

157 655 333 694 exacte
343 656 450 696 ntur
471 661 602 698 more
625 651 801 700 servili.
1020 651 1036 656 ⁷
1211 667 1214 670 ’

1843 603 1924 666 92.
1946 602 2339 666 Presbyteron
2379 619 2429 655 et
2458 602 2766 657 'dL-aconoruui
2803 602 3121 663 ordinationes
3154 619 3302 666 certis

1783 659 2022 710 celebrari
2039 659 2223 712 debere
2242 667 2550 726 temporibus.

166 775 3288 825 ______________________________________________

191 875 198 882 -
883 869 1246 930 MONITUM
1287 874 1396 933 DE
1428 850 1874 932 EXCERPTIS.
1896 876 2573 954 SUBSEQUENTIBUS.

220 1081 354 1135 Cum
383 1081 630 1150 pleraque
649 1083 1015 1147 ecclesiasticm
1039 1081 1322 1152 disciplinw
1351 1099 1680 1142 monumenta

146 1148 258 1214 iam
289 1148 480 1203 excusa
503 1148 699 1212 essent,
742 1168 770 1203 a
799 1153 911 1203 viro
931 1148 1231 1206 doctissimo
1254 1155 1317 1206 υ.
1349 1155 1568 1208 Feronio
1595 1172 1683 1208 ca-

149 1217 345 1290 nonico
371 1215 675 1290 Qarnotensi
703 1227 757 1290 et
789 1221 933 1290 socio
976 1219 1262 1282 Sorbonico
1300 1223 1474 1290 accepi
1503 1222 1670 1275 Poeni-

148 1285 369 1338 tentiale
395 1283 610 1358 Joannis
638 1285 702 1338 de
729 1285 853 1338 Deo.
895 1285 1064 1358 Quare
1092 1302 1309 1358 quaeea
1325 1304 1392 1358 eo
1419 1283 1680 1358 decerpsi-

147 1367 272 1404 mus
299 1363 451 1425 extra
476 1353 647 1425 locum
675 1368 824 1425 suum
849 1353 1294 1425 veluttappendiee
1321 1357 1407 1410 hic
1431 1353 1681 1425 reponere

146 1433 369 1474 necesse
419 1419 532 1473 fuit.
582 1420 726 1474 Licet
771 1421 855 1474 hic
899 1419 1091 1476 auctor
1131 1424 1312 1476 doctor
1353 1419 1679 1479 decretorum

145 1497 427 1561 nunqan
455 1489 904 1561 supradecretum
934 1491 1126 1556 sapiat,
1172 1499 1346 1545 tamen
1390 1507 1451 1544 ea
1485 1508 1600 1561 quae
1627 1494 1680 1546 in

142 1569 374 1626 corpore
393 1555 740 1626 Decretalium
777 1566 841 1626 et
857 1555 1195 1626 Decretorum
1235 1574 1415 1626 sparsa
1459 1555 1582 1614 sunt
1607 1561 1682 1614 ita

141 1632 266 1696 apte
286 1623 362 1696 ad
392 1638 545 1696 suum
567 1623 932 1696 Paenitentiam
953 1623 1324 1696 absolvendum
1346 1629 1598 1696 disponit,
1627 1639 1682 1680 ut

143 1690 328 1761 multis
356 1691 520 1761 videri
543 1690 747 1761 debeat
788 1693 950 1761 utile.
977 1691 1280 1761 Singulares
1309 1690 1506 1761 aliquot
1536 1711 1680 1748 com-

144 1759 398 1836 plet-titur
416 1759 721 1837 opiniones:
751 1760 974 1838 exempli
999 1759 1188 1850 gratia,
1209 1776 1327 1814 cum
1353 1759 1429 1815 sic
1455 1763 1682 1850 loquitur
1717 1795 1758 1850 Β

143 1827 194 1898 in
227 1827 403 1898 capite
429 1839 503 1898 ne
518 1827 822 1898 paenitentia
846 1827 1254 1898 et’coriiessione
1277 1844 1456 1898 papae:
1489 1848 1506 1878 ι
1524 1827 1682 1894 'Quzc-
1717 1827 1746 1862 “-

143 1894 282 1964 ritur
310 1894 395 1946 cui
416 1894 613 1964 debeat
641 1894 902 1964 conﬁteri,
926 1905 980 1949 et
1007 1897 1210 1964 videtur
1243 1894 1379 1964 quod
1419 1898 1543 1950 milli
1580 1899 1677 1950 nisi

141 1961 270 2032 Deo,
303 1969 364 2032 ut
407 1961 608 2032 faciunt
651 1961 860 2032 Grieci:
898 1971 954 2014 ut
983 1961 1323 2032 probatprile
1365 1965 1676 2017 Pmnitaentia

139 2029 264 2082 dist.
304 2031 365 2092 ί,
409 2045 456 2084 c.
499 2029 593 2080 ult.
621 2048 640 2078 ι
683 2029 894 2084 Similes
925 2029 1432 2084 accommodatinnes
1488 2034 1538 2084 in
1578 2034 1678 2086 isto

138 2095 500 2152 Pmnitentiali
529 2096 788 2164 leguntur.
820 2098 897 2150 Ad
925 2113 1077 2151 usum
1117 2098 1274 2151 studii
1312 2095 1674 2161 Bononiensis,

141 2163 206 2216 ad
231 2163 516 2218 utilitatem
544 2163 705 2218 tutius
725 2165 982 2222 Ecclesiae.
1009 2176 1060 2218 et
1088 2167 1154 2218 ad
1182 2167 1430 2219 honorem
1459 2167 1548 2220 Dei
1579 2167 1676 2218 iic-

139 2232 422 2302 clesiteque
451 2233 702 2302 Romana:
743 2241 899 2302 atque
933 2235 1048 2302 ejus
1095 2235 1406 2293 venerabilis
1440 2235 1676 2302 praesulis

138 2299 432 2370 innocentii
461 2299 538 2370 ινί
555 2299 901 2370 compositum
929 2299 1010 2354 eSt
1028 2342 1042 2366 ,
1071 2299 1503 2370 quemadmodum
1531 2303 1679 2355 initio

141 2367 262 2421 libri
307 2369 392 2422 his
433 2369 611 2434 verbis
647 2367 979 2423 declaratur:
1015 2388 1034 2419 ς
1062 2367 1140 2422 Ad
1169 2371 1420 2424 honorem
1464 2385 1680 2424 summa:

141 2434 444 2500 Trinitatis,
471 2445 526 2490 et
557 2437 836 2490 individua:
871 2437 1088 2490 unitatis
1127 2437 1321 2499 Patris,
1359 2447 1413 2492 ct
1450 2439 1599 2500 Filii,
1628 2447 1682 2491 et

140 2501 371 2570 Spiritus
400 2505 588 2564 sancti,
615 2513 666 2557 et
700 2507 866 2558 beata:
894 2505 1146 2573 Virginis,
1173 2516 1227 2558 et
1253 2508 1488 2558 omnium
1525 2521 1678 2575 auge-

1786 1092 1973 1165 lorum,
1995 1101 2047 1144 et
2069 1091 2300 1165 nantium
2321 1101 2648 1156 sanctorum,
2672 1103 2724 1148 et
2746 1097 3002 1165 pnncipne
3020 1098 3155 1154 beati
3181 1101 3304 1155 \‘in~

1785 1159 1960 1219 centii,
1982 1167 2035 1211 et
2053 1161 2118 1212 ad
2139 1161 2388 1212 honorem
2411 1169 2460 1211 et
2485 1176 2670 1213 nomen
2696 1159 3064 1218 véneraliilium
3091 1167 3304 1220 Patrum

1785 1226 2011 1292 episcopi
2049 1236 2102 1277 et
2128 1226 2338 1292 capituli
2369 1225 2511 1278 urbis
2541 1227 2903 1294 Bononiensis,
2931 1242 2984 1286 et
3015 1235 3079 1286 ad
3107 1233 3304 1286 utilita-

1787 1304 1888 1345 tem
1918 1293 2146 1346 universi
2175 1293 2352 1356 studii,
2374 1301 2425 1345 et
2464 1293 2526 1346 ad
2567 1296 2820 1350 honorem
2849 1293 3094 1352 [initiante
3123 1301 3303 1354 Eccle-

1787 1361 1899 1420 sic,
1929 1369 1982 1413 et
2022 1359 2134 1426 ejus
2174 1361 2484 1414 venerabilis
2527 1364 2762 1428 pnesulis
2803 1365 3122 1419 innnocentii
3161 1367 3243 1419 IV.
3278 1387 3298 1420 ι

1786 1427 2186 1502 Privatim_ve_ro
2220 1444 2367 1502 suum
2402 1427 2799 1502 opusldoanpes
2827 1433 2890 1502 de
2931 1435 3034 1502 Deo
3058 1436 3302 1502 episcopo

1786 1504 1838 1568 et
1863 1495 2087 1568 capitulo
2113 1495 2674 1568 Bononiensi'dedicat.
2699 1497 2785 1568 Sic
2808 1501 2944 1552 enim
2973 1495 3152 1568 incipit
3175 1495 3306 1568 pra:-

1786 1562 1912 1614 fatio
1937 1579 1948 1613 :
1987 1581 2004 1610 ε
2035 1562 2325 1615 Venerabili
2363 1563 2500 1614 Patri
2529 1579 2590 1616 ac
2630 1564 2839 1618 domino
2869 1583 2897 1618 a
2927 1562 3098 1620 divina
3127 1562 3302 1618 Provi-

1784 1631 1976 1699 dentia
2005 1630 2149 1683 urbis
2187 1630 2528 1699 Bononiensis
2554 1632 2814 1699 episcopo,
2845 1642 2898 1687 et
2925 1634 3305 1687 venerabilibus

1785 1697 1913 1750 viris
1949 1697 2167 1758 decano,
2196 1697 2601 1761 archidiacono,’
2623 1697 2842 1762 cantori,
2874 1701 3220 1762 thesaurario,
3249 1711 3304 1762 et

1785 1765 2036 1836 magistro
2061 1765 2460 1836 scholar-umet
2498 1766 2740 1836 universo
2779 1769 3004 1836 capitulo
3050 1769 3303 1836 ejusdem,

1787 1834 2034 1900 magister
2073 1831 2296 1884 Joannes
2321 1832 2520 1885 de'Deo
2545 1834 2728 1888 doctor
2769 1831 3094 1889 decretorum
3141 1835 3302 1888 cano-1

1784 1902 1930 1970 picus
1953 1902 2252 1970 earumdem
2281 1909 2330 1953 et
2375 1915 2558 1970 servus
2585 1902 2812 1970 ipsorum
2839 1904 3196 1970 providentiae,
3227 1917 3308 1954 sa-

1784 1967 1942 2020 illlt'lll
1966 1968 2015 2018 in
2045 1981 2108 2018 eo
2134 1969 2221 2033 qui
2250 1976 2330 2018 est
2356 1969 2586 2020 omnium
2604 1967 2736 2022 'vera
2763 1967 2904 2023 salus
2924 1987 3042 2025 cum
3065 1986 3308 2024 reveren-

1783 2035 1855 2086 tia
1892 2043 1994 2086 tam
2023 2034 2216 2094 debita,
2247 2049 2402 2100 quam
2433 2035 2636 2096 devota,
2667 2045 2766 2088 etc.
2793 2056 2810 2086 ι
2843 2036 3072 2090 Primum
3098 2037 3307 2090 disserit

1780 2103 2066 2170 generatim
2106 2103 2169 2154 de
2215 2103 2356 2154 vitiis
2399 2101 2752 2170 cujuscunque
2795 2113 2962 2158 status
3002 2113 3054 2157 et
3095 2104 3302 2156 confes-

1780 2171 1927 2241 sione
1951 2187 1962 2221 :
1991 2170 2186 2241 deinde
2211 2169 2479 2238 speciatim
2508 2178 2558 2222 et
2591 2169 2816 2241 maxime
2839 2173 2904 2224 de
2926 2173 3228 2241 ptenitentia
3246 2179 3306 2241 et

1778 2238 2105 2308 confessione
2142 2240 2492 2308 [ii-relatorum,
2524 2240 2792 2308 utsutnmi
2830 2238 3107 2308 pontiﬁcis,
3130 2239 3306 2308 cardi-

1779 2306 1999 2374 naliutn,
2029 2315 2128 2357 etc.
2150 2305 2406 2374 _Pluribus
2429 2306 2657 2374 omissis,
2685 2321 2744 2359 ea
2775 2305 2891 2374 quae
2915 2308 2966 2360 in
3005 2307 3104 2360 hoc
3129 2305 3307 2374 Pmn‘i-

1781 2373 1978 2442 tentiali
2007 2371 2264 2442 pnecipua
2285 2380 2436 2442 sunt,
2469 2373 2766 2439 selegimus,
2788 2371 2842 2427 et
2867 2375 3057 2442 quibus
3077 2371 3304 2440 capitula

1781 2440 2039 2494 Theodori
2065 2440 2129 2492 de
2156 2439 2459 2504 pmnitentia
2487 2449 2838 2506 exponuntur.

151 2641 3293 2666 MM

1365 2757 1627 2867 EXC
1643 2753 2090 2866 ERPTA

585 3051 1334 3130 POENITENTIALI
1395 3042 1908 3128 MAGISTBI'
1954 3046 2378 3124 JOANNIS
2445 3046 2574 3123 DE
2633 3049 2828 3124 DEO
2866 3105 2888 3135 ,

1155 3209 1162 3219 '
1316 3199 1646 3256 DOCTORIS
1681 3195 2162 3252 DECRETORUM.
2367 3197 2395 3211 ⁹
2505 3196 2526 3208 ‘

225 3397 301 3452 De
328 3395 646 3465 confessione
671 3394 990 3462 inﬁrmorum
1016 3404 1061 3447 et
1089 3407 1260 3446 eorum
1285 3393 1590 3460 paenitentia.

645 3481 743 3550 (Ex
771 3480 861 3534 lib.
887 3497 922 3544 ι,
953 3496 1070 3550 cap.
1098 3481 1172 3550 1.)

209 3571 301 3626 Sic
327 3578 447 3625 tene
473 3567 612 3637 quod
639 3569 900 3622 subtiliter
919 3577 972 3622 et
997 3577 1168 3622 astute
1191 3569 1350 3622 debes
1372 3571 1438 3622 ab
1459 3568 1678 3621 inﬁrmis

143 3659 410 3728 inquirere
437 3656 661 3726 qualiter
699 3669 755 3710 se
787 3655 1085 3710 habuerunt
1123 3655 1176 3708 in
1205 3671 1299 3709 sua
1325 3656 1569 3718 sanitate,
1599 3655 1678 3707 di-

143 3749 308 3803 cendo
330 3747 412 3802 eis
439 3747 517 3800 sic
539 3741 698 3809 z-Fili,
729 3747 981 3800 conﬁtere
1020 3746 1160 3812 quod
1200 3746 1436 3800 homines
1477 3760 1678 3810 sumus,

141 3844 193 3888 ct
215 3835 329 3890 sine
353 3843 576 3904 peccato
593 3849 710 3888 esse
731 3848 834 3887 non
861 3846 1172 3912 possumus:
1203 3849 1322 3886 nam
1345 3836 1386 3887 si
1417 3833 1684 3888 confessus

145 3923 306 3977 fueris
328 3930 384 3976 et
412 3923 689 3985 contritus,
713 3928 766 3974 et
792 3923 1125 3990 proposueris
1152 3937 1252 3974 non
1283 3937 1523 3990 peccare,
1546 3923 1682 3974 Deus

143 4013 257 4083 sine
301 4012 467 4067 dubio
507 4010 600 4064 tibi
630 3997 862 4065 remittet
890 4012 1096 4081 culpam
1122 4021 1176 4065 et
1213 4029 1310 4083 ego
1339 4022 1389 4068 te
1417 4015 1681 4068 absolvam

146 4117 174 4154 a
221 4114 402 4169 poma,
445 4099 486 4154 si
536 4109 587 4153 te
641 4107 812 4154 totum
861 4099 1190 4154 commiseris
1233 4103 1284 4155 in
1319 4101 1518 4168 judicio
1568 4085 1684 4156 meo

145 4191 224 4243 vel
250 4190 474 4244 alterius
509 4189 814 4244 sacerdotis.
845 4189 994 4256 Quod
1033 4199 1207 4244 autem
1237 4207 1418 4245 verum
1444 4193 1530 4253 sit,
1557 4206 1680 4259 pro—

147 4279 302 4333 batur
328 4279 416 4333 bis
444 4279 642 4344 verbis,
670 4287 772 4333 etc.
801 4293 816 4331 :
848 4279 913 4332 In
949 4265 1245 4350 quacunque
1281 4266 1408 4333 hora
1447 4291 1682 4351 peccator

128 4369 447 4437 ingemuerit
492 4375 538 4422 et
585 4384 852 4423 conversus
894 4369 1070 4438 fuerit,
1117 4379 1434 4439 peccatorum
1474 4387 1683 4436 sitorum

150 4430 249 4521 non
275 4457 586 4512 recordabar
623 4459 862 4529 amplius.
894 4430 950 4514 Si
977 4430 1151 4513 autem
1179 4460 1410 4514 nolueris
1447 4430 1686 4514 conﬁteri
1711 4430 1762 4489 υ

153 4547 201 4599 in
229 4547 327 4600 hac
351 4546 484 4608 vita,
508 4545 844 4601 conﬁteberis
868 4547 920 4600 in
949 4547 1050 4600 alia
1097 4547 1290 4602 invitus
1317 4532 1378 4601 iii
1403 4556 1685 4616 conspectu

153 4636 388 4690 omnium
435 4633 769 4705 angelorum,
813 4637 1102 4691 amicorum
1147 4644 1202 4691 et
1245 4637 1606 4701 inimicorum,
1636 4647 1690 4691 et

156 4722 590 4778 condemnaberis
616 4723 666 4775 in
694 4726 1026 4792 perpetuum,
1052 4731 1157 4776 etc.
1187 4723 1490 4802 Quod_vero
1512 4736 1686 4776 sacer-

157 4811 302 4866 dotes
323 4812 533 4881 possint
559 4811 800 4866 relaxare
825 4825 1034 4880 pinnam
1064 4826 1094 4865 a
1123 4825 1244 4864 vere
1279 4811 1542 4873 contritis,
1568 4825 1691 4879 prn-

159 4898 338 4964 batnr;
369 4899 490 4967 quia
513 4897 704 4950 dicitur
723 4898 864 4966 quod
893 4895 1072 4950 vicarii
1097 4903 1219 4948 sunt
1247 4897 1544 4950 sacerdotes
1563 4894 1688 4948 Jesu

161 4987 368 5048 Christi,
392 4993 448 5044 et
472 4985 666 5038 habent
683 4985 858 5038 claves
878 4984 1022 5051 regni
1047 4982 1322 5045 cmlurum,
1343 4991 1397 5037 ct
1416 4983 1693 5036 absolvunt

165 5084 280 5128 ante
299 5075 437 5127 diem
458 5070 662 5139 iudicii.
687 5070 744 5124 Si
767 5079 940 5124 autem
961 5069 1151 5137 aliquis
1169 5083 1270 5123 non
1295 5085 1415 5124 vere
1437 5069 1694 5122 contritus

166 5170 268 5222 cst,
315 5160 619 5217 sacerdotes
649 5156 781 5211 'euin
824 5173 928 5211 non
973 5166 1191 5226 possunt
1237 5155 1527 5217 absolvere,
1569 5156 1692 5222 quia

169 5265 280 5303 cum
321 5249 474 5319 culpa
521 5248 739 5302 remissa
786 5260 887 5298 non
935 5255 1042 5310 est,
1085 5257 1240 5312 pmua
1283 5243 1418 5297 demi
1463 5258 1564 5295 non
1599 5256 1693 5309 po-

171 5348 288 5404 test,
313 5351 416 5407 etc.

175 5450 304 5514 Quid
330 5452 450 5519 facit
491 5446 743 5508 sm'crdos,
775 5455 1038 5582 priurum
1065 5444 1310 5496 audiverit
1355 5442 1697 5510 pamitentimn

829 5530 879 5566 ιη
902 5529 1039 5566 trmt.

829 5530 843 5566 ι
849 5531 879 5566 η
884 5529 918 5566 η
926 5529 1018 5566 νιιιι
1025 5550 1039 5566 ο

765 5605 859 5674 (Ex
891 5619 1007 5672 cap.
1035 5601 1112 5670 2.)

244 5691 516 5772 Postquam
563 5705 735 5748 autem
786 5691 998 5747 sciveris
1045 5687 1427 5744 ct‘lttl'essionem
1475 5686 1697 5748 inlirtni,

1703 3395 1746 3451 c
1781 3404 1882 3441 non
1912 3389 2070 3441 debes
2096 3389 2140 3442 ei
2172 3389 2532 3456 pmnitentiam
2570 3365 2855 3459 injungcre,
2886 3393 2976 3447 sed
2999 3402 3202 3466 tantum
3229 3397 3311 3453 iu-

1780 3489 2070 3540 notescere,
2103 3477 2323 3533 dicendo
2346 3479 2424 3533 sic
2449 3498 2462 3532 :
2497 3479 2554 3534 Si
2584 3488 2637 3532 tu
2675 3495 2821 3534 esses
2849 3497 3029 3547 sanus,
3057 3492 3134 3538 tot
3156 3488 3310 3541 armis

1781 3565 2000 3618 deberes
2023 3564 2308 3636 poenitere;
2337 3565 2428 3618 sed
2451 3565 2572 3633 quia
2609 3574 2662 3617 tu
2696 3580 2755 3619 es
2796 3567 3051 3632 inﬁrmus,
3079 3587 3182 3625 non
3214 3573 3312 3625 im-
3343 3608 3349 3614 .

1782 3665 1920 3719 pono
1943 3651 2035 3704 tibi
2057 3650 2450 3720 paenitentiam;
2475 3651 2687 3720 iniungo
2711 3653 2833 3736 tibi,
2843 3657 2980 3722 quod
3004 3655 3047 3708 si
3075 3668 3312 3713 mortuus

1785 3739 1966 3805 fueris,
1988 3740 2150 3796 facias
2174 3741 2286 3795 dari
2311 3755 2404 3810 pro
2429 3741 2529 3795 hac
2551 3737 2860 3811 paenitentia
2881 3752 3088 3817 tantum
3106 3761 3119 3798 :
3139 3755 3194 3800 et
3215 3761 3311 3815 ego

1777 3829 1992 3884 absolvo
2015 3837 2065 3882 te
2090 3828 2400 3882 auctoritate
2421 3828 2625 3884 Domini
2650 3829 2742 3882 Dei
2765 3832 2928 3884 nostri
2951 3831 3075 3885 Jcsu
3095 3833 3309 3895 Christi,

1779 3907 1832 3971 et
1859 3915 2000 3969 beati
2028 3915 2170 3968 Petri
2199 3913 2439 3982 apostoli,
2466 3922 2519 3968 et
2543 3913 2697 3969 oliicii
2723 3918 2908 3970 nostri.
2938 3917 3065 3970 Item
3100 3918 3313 3990 iniungo

1779 4002 1872 4056 tibi
1893 4003 2030 4070 quod
2049 4001 2379 4068 quamprimo
2399 3998 2563 4054 fueris
2579 4015 2759 4066 sanus,
2779 4011 3055 4071 antequam
3078 4004 3310 4058 divertas

1779 4093 1846 4146 ad
1873 4091 1974 4144 alia
1999 4090 2240 4153 servitia,
2260 4089 2441 4143 venias
2471 4090 2538 4144 ad
2582 4105 2666 4145 me
2690 4091 2773 4145 vel
2795 4093 3041 4160 ad‘alinm
3071 4093 3311 4146 sacerdo-

1784 4187 1909 4243 tem,
1929 4188 1984 4231 et
2007 4178 2304 4232 conﬁtearis
2325 4179 2510 4232 iterum
2531 4178 2790 4243 similiter,
2811 4189 2865 4234 et
2888 4181 3069 4234 devote
3089 4181 3318 4250 recipias

1785 4267 2148 4336 paenitentiam
2169 4282 2284 4334 qua:
2310 4265 2538 4333 in’juneta
2567 4266 2660 4320 tibi
2689 4265 2886 4328 fuerat,
2899 4276 3002 4322 etc.

1791 4356 1863 4409 De
1907 4355 2218 4422 confessione
2239 4355 2351 4408 sani
2376 4363 2422 4406 et
2449 4353 2512 4406 de
2537 4355 2826 4423 ptenitentia
2849 4355 2942 4408 sibi
2986 4356 3309 4424 imponenda.

2379 4442 2474 4512 (Ex
2507 4457 2622 4510 cap.
2651 4440 2728 4511 5.)
3097 4451 3102 4456 ’

1854 4531 1909 4584 Si
1954 4540 2129 4584 autem
2166 4530 2324 4584 fuerit
2367 4544 2526 4584 sanus
2549 4522 2641 4596 qui
2677 4529 2771 4582 tibi
2804 4529 3098 4594 conﬁtetur,
3125 4531 3313 4598 prawi-

1785 4619 1911 4672 deas
1936 4629 2110 4672 utrum
2139 4620 2207 4671 sit
2233 4609 2366 4670 liber
2395 4617 2475 4670 vel
2499 4631 2699 4670 servus.
2725 4617 2780 4671 Si
2810 4619 3315 4689 est'servus,-iuqui_-

1785 4726 1874 4764 ras
1901 4718 2076 4762 utrum
2099 4709 2333 4778 peccavit
2360 4707 2548 4761 timore
2575 4707 2770 4760 domini
2798 4707 2879 4760 vel
2907 4717 3192 4776 spontanea
3221 4721 3308 4760 γοα

1788 4801 2004 4852 luntate.
2033 4797 2088 4852 Si
2121 4805 2296 4851 autem
2325 4795 2620 4864 peccaverit
2651 4795 2834 4848 timore
2861 4781 3089 4858 domini,
3118 4795 3239 4848 licet
3263 4795 3314 4850 vi

1785 4889 1833 4941 ei
1865 4886 2078 4939 obedire
2107 4901 2210 4938 non
2239 4885 2472 4938 licuisset
2509 4890 2693 4936 contra
2721 4883 2904 4945 Deum,
2933 4889 3108 4935 tamen
3136 4881 3318 4934 mitius

1788 4978 1891 5030 erit
1926 4989 2110 5028 servus
2137 4971 2450 5042 puniendus,
2481 4979 2585 5024 etc.
2630 4970 2686 5024 Si
2715 4977 2888 5024 autem
2920 4983 3102 5038 servus
3134 4984 3315 5038 pecca-

1789 5064 1924 5117 verit
1965 5061 2254 5130 spontanea
2282 5059 2548 5112 voluntate
2576 5059 2688 5112 sine
2718 5057 2865 5127 culpa
2896 5057 3091 5111 domini
3134 5056 3234 5120 sui,
3261 5057 3316 5112 in

1791 5171 1854 5209 eo
1879 5167 2004 5205 casu
2025 5167 2206 5204 servus
2233 5148 2404 5202 aerius
2425 5155 2506 5200 est
2531 5145 2822 5215 puniendus
2849 5146 2900 5198 in
2930 5158 3162 5222 corpore,
3186 5153 3319 5207 etc.;_

1794 5243 1970 5298 habito
1996 5249 2168 5293 tamen
2197 5246 2433 5305 respectu
2457 5237 2520 5290 de
2550 5234 2736 5287 itinere
2771 5229 3223 5300 peregrinationis,
3248 5242 3317 5283 ne

1793 5333 2089 5396 imponatur
2110 5342 2282 5388 servo,
2314 5326 2365 5378 in
2404 5337 2507 5391 quo
2529 5322 2773 5401 dominus
2809 5319 3172 5374 datnnilieetur
3192 5333 3310 5386 pro-
3358 5337 3362 5342 ι

1795 5429 1910 5488 pter
1931 5416 2219 5469 absentiam
2245 5412 2401 5474 servi,
2424 5419 2525 5464 etc.
2553 5409 2607 5463 Si
2633 5419 2806 5464 autem
2827 5409 2925 5462 erit
2955 5407 3104 5469 liber,
3136 5406 3320 5460 fortius

1795 5508 1948 5562 debet
1975 5503 2180 5573 puniri,
2217 5502 2258 5554 si
2288 5506 2575 5568 spontanea
2601 5497 2867 5552 voluntate
2903 5497 3153 5567 peccavit.
3190 5492 3320 5548 Nam

1799 5602 1959 5646 totam
2003 5589 2362 5660 paenitentiam
2404 5587 2700 5656 impositam
2747 5604 2773 5638 ιι
2819 5601 3016 5640 cannne
3061 5585 3321 5643 sustinere

1801 5684 1972 5747 debet,
1999 5679 2040 5735 si
2072 5679 2231 5750 possit
2262 5678 2393 5742 ﬁeri,
2417 5685 2518 5731 etc.
2894 5677 2900 5684 '
