4010 6438
618 450 756 505 1087

1071 554 1142 606 De
1168 553 1459 622 paenitentia
1485 552 1718 604 divitum.

1221 640 1317 709 (Ex
1353 655 1468 706 cap.
1495 639 1570 708 5.)

689 734 740 792 Si
787 727 950 785 fuerit
976 729 1122 784 dives
1149 730 1239 796 qui
1273 729 1366 780 tibi
1407 729 1712 789 confitetur,
1744 717 1984 794 requires
2008 725 2174 778 subti-

617 825 738 880 liter
773 832 826 878 et
855 830 1031 876 astute
1058 836 1175 890 qua:
1213 820 1312 874 fuit
1347 837 1506 873 causa
1551 835 1717 888 quare
1748 817 1932 871 incidit
1963 817 2012 870 in
2053 832 2176 884 pec-

616 925 792 971 catum
841 913 1000 974 illud,
1037 920 1090 965 et
1134 912 1416 979 promittas
1476 924 1687 986 semper
1737 907 1939 959 veniam
1989 908 2032 960 si
2080 905 2174 959 tibi

609 1006 918 1070 confitetur.
946 1012 1048 1057 etc.
1084 1003 1300 1069 lmpone
1339 1001 1387 1052 ei
1428 999 1793 1068 paenitentiam
1833 997 1882 1051 in
1930 999 2046 1051 istis
2085 997 2178 1049 tri—

617 1099 734 1158 lius,
762 1096 962 1148 scilicet
992 1095 1041 1145 in
1065 1091 1286 1165 jejunio,
1313 1100 1366 1143 et
1409 1091 1666 1149 oratione.
1701 1099 1754 1143 et
1798 1091 2133 1156 e’eemosyna
2160 1106 2172 1138 :

617 1185 896 1252 provideas
926 1191 1128 1244 tamen,
1175 1182 1217 1232 si
1259 1183 1415 1234 homo
1443 1180 1702 1233 delicatus
1744 1179 1840 1242 sit,
1875 1194 1978 1231 non
2007 1180 2101 1232 des
2127 1177 2177 1232 ei

618 1288 866 1340 asperum
886 1272 1166 1339 jejunium,
1190 1279 1295 1323 etc.

1019 1362 1092 1414 De
1120 1362 1438 1428 confessione
1473 1376 1770 1430 puerorum.

1219 1451 1319 1520 (Ex
1349 1466 1464 1519 cap.
1489 1450 1567 1520 6.)

686 1543 838 1596 Circa
883 1541 1268 1596 confessionem
1317 1556 1601 1611 puerorum
1643 1539 1749 1593 doli
1799 1538 2071 1607 capacium
2101 1537 2180 1591 sic

618 1632 871 1698 procedas
894 1649 904 1684 :
933 1629 1111 1683 Primo
1133 1630 1401 1700 interroga
1432 1629 1484 1682 in
1509 1644 1720 1698 genere,
1747 1629 1790 1682 si
1816 1628 2029 1696 aliquod
2055 1642 2178 1695 pec-

616 1731 794 1774 catum
820 1721 1106 1783 commisit,
1133 1721 1414 1773 mulcendo
1441 1734 1562 1773 eum
1591 1719 1825 1788 praemiis
1851 1718 2179 1782 cmlestibus,

617 1810 662 1863 si
712 1824 835 1862 vere
890 1809 1050 1863 fuerit
1103 1808 1414 1872 confessus;
1461 1817 1514 1860 et
1559 1808 1808 1862 terrendo
1851 1823 1971 1861 eum
2009 1808 2182 1876 poenis

617 1899 850 1959 mternis,
881 1898 924 1951 si
959 1913 1064 1951 non
1102 1893 1262 1951 fuerit
1303 1913 1424 1951 vere
1467 1897 1760 1951 confessus.
1807 1897 2079 1965 Interroga
2119 1897 2183 1950 de

620 1990 1054 2052 circumstantiis,
1087 1988 1290 2042 scilicet
1318 1991 1382 2042 de
1409 2003 1586 2050 causa,
1613 1989 1676 2042 de
1704 1989 1818 2043 loco
1841 1996 1893 2041 et
1922 1996 2180 2056 tempore,

618 2084 758 2136 sicut
783 2082 1020 2136 dicemus
1040 2082 1091 2134 in
1123 2081 1276 2134 titulo
1297 2081 1360 2134 de
1386 2081 1802 2134 circumstantiis
1826 2097 1838 2127 :
1863 2089 1916 2133 et
1945 2079 2185 2147 impones

619 2174 668 2227 ei
704 2172 1069 2242 prenitentiam
1101 2173 1359 2225 minorem
1390 2172 1776 2240 aliquantulum
1803 2171 1941 2239 quod
1972 2171 2016 2224 si
2047 2178 2188 2224 esset

621 2263 834 2317 adultus
859 2280 871 2325 ;
899 2262 942 2315 si
971 2269 1149 2314 autem
1173 2275 1275 2313 non
1307 2259 1465 2312 fuerit
1490 2260 1592 2313 doli
1615 2275 1802 2327 capax,
1826 2259 2009 2312 mitius
2030 2259 2187 2314 debet

622 2352 824 2421 puniri,
849 2351 972 2420 quia
1003 2349 1132 2403 tales
1158 2349 1403 2402 nesciunt
1429 2350 1553 2417 quid
1580 2349 1795 2414 faciant,
1821 2358 1924 2403 etc.

1096 2458 1168 2511 De
1193 2460 1492 2527 paenitentia
1515 2457 1714 2514 senum.

1237 2547 1336 2616 (Ex
1363 2563 1476 2616 cap.
1510 2549 1586 2619 7.)

695 2636 751 2690 Si
781 2643 958 2690 autem
989 2635 1147 2689 fuerit
1169 2651 1328 2691 senex
1354 2641 1444 2706 qui
1468 2637 1561 2692 tibi
1581 2638 1885 2700 conﬁtetur,
1907 2641 2186 2695 considera

624 2729 666 2783 si
696 2736 777 2783 est
806 2729 860 2782 in
889 2735 1045 2782 aetate
1073 2727 1360 2797 decrepita,
1393 2744 1510 2797 quae
1541 2739 1624 2784 est
1657 2745 1864 2794 senum,
1895 2740 1948 2784 et
1974 2740 2093 2800 post
2118 2733 2186 2786 80

624 2839 816 2898 annos,
842 2832 894 2878 et
924 2832 1052 2877 tunc
1081 2837 1201 2880 eum
1247 2838 1410 2892 grava
1453 2823 1802 2885 orationibus,
1834 2831 1888 2875 et
1920 2822 2096 2876 releva
2131 2823 2188 2876 in

621 2915 856 2986 iejuniis,
879 2924 986 2968 etc.
1016 2913 1072 2967 Si
1115 2921 1291 2966 autem
1333 2912 1492 2966 fuerit
1531 2927 1714 2976 senex,
1746 2913 1796 2966 id
1826 2922 1908 2966 est
1938 2912 1991 2964 in
2034 2926 2187 2966 sene-

623 3015 769 3062 ctute
791 3004 1135 3081 (constitutus
1161 3012 1213 3057 et
1242 3020 1346 3057 non
1391 3004 1442 3058 in
1474 3006 1643 3070 senio,
1680 3003 1733 3058 id
1758 3011 1840 3058 est
1865 3019 1894 3056 a
1925 3003 1992 3057 60
2031 3003 2186 3057 annis

623 3109 791 3164 usque
831 3095 897 3147 ad
930 3094 1017 3155 80,
1059 3103 1184 3148 tunc
1219 3092 1408 3148 fortius
1453 3096 1642 3164 punias
1677 3108 1838 3163 quam
1873 3093 1918 3148 si
1949 3101 2091 3148 esset
2131 3094 2185 3146 in

1514 439 1867 525 EXCERPT.)
1913 437 2003 491 EX
2041 433 2546 492 POENITENTlALl
2585 435 2630 488 J.
2678 435 2762 490 DE
2802 434 2950 490 DEO.

2556 548 2629 601 De
2651 549 2946 618 pwnitentia
2975 546 3250 600 mulierum
3276 551 3329 600 in
3355 564 3556 616 genere.

2862 637 2961 707 (Ex
2987 651 3105 704 cap.
3134 636 3243 706 Η.)

2345 727 2498 782 Circa
2523 728 2893 798 pmnitentiam
2922 727 3200 779 mulierum
3232 726 3309 780 sic
3335 729 3613 794 procedas.
3652 729 3837 783 Primo

2276 821 2321 874 si
2351 828 2430 874 est
2452 819 2646 887 puella,
2689 821 2984 890 praesertim
3022 821 3173 890 virgo
3204 821 3302 875 sub
3340 830 3603 889 potestate
3640 837 3830 892 paren-

2278 916 2410 966 tum.
2437 916 2490 962 et
2515 907 2718 978 allligas
2746 924 2863 962 eam
2900 910 2950 962 in
2983 910 3296 978 poenitentia
3340 912 3631 965 secundum
3675 927 3828 967 cano-

2277 1012 2388 1059 nes,
2443 998 2494 1050 in
2525 995 2743 1064 jejuuiis
2791 1001 3059 1068 praecipue
3106 1007 3163 1052 ut
3201 999 3379 1054 domet
3420 1015 3637 1055 carnem
3681 1009 3838 1057 Suam

2278 1102 2342 1141 ne
2378 1087 2616 1142 lasciviat
2647 1089 2698 1141 in
2727 1089 2937 1142 luxuria
2973 1106 2986 1140 :
3020 1106 3144 1144 nam
3186 1090 3393 1144 luxuria
3440 1093 3722 1147 mulierum
3761 1093 3841 1148 fe-

2278 1180 2386 1233 tida
2415 1189 2498 1235 est
2530 1190 2584 1234 et
2611 1181 2788 1234 acrior
2815 1197 2977 1249 quam
3010 1182 3063 1235 in
3092 1183 3226 1246 viro,
3250 1191 3304 1236 et
3335 1182 3454 1237 ideo
3483 1183 3661 1238 acrius
3685 1183 3843 1238 debet

2278 1273 2485 1327 domari
2530 1273 2582 1326 in
2609 1273 2932 1326 abstinentia
2969 1272 3231 1330 ciborum.
3261 1282 3365 1328 etc.
3396 1273 3524 1328 Item
3550 1275 3844 1343 prevideas

2276 1364 2322 1417 si
2351 1371 2436 1418 est
2470 1361 2774 1431 conjugata,
2807 1370 2861 1413 et
2887 1361 2939 1413 in
2967 1376 3031 1414 eo
3055 1376 3182 1415 casu
3228 1361 3467 1430 imponas
3495 1361 3544 1416 ei
3573 1362 3844 1430 peniten-

2281 1453 2409 1506 tiam
2450 1455 2566 1506 sine
2603 1450 2852 1505 seandalo
2895 1451 2993 1503 viri
3025 1468 3038 1502 :
3069 1452 3141 1504 ita
3178 1453 3318 1520 quod
3349 1452 3393 1506 si
3427 1452 3510 1505 vir
3547 1451 3710 1505 fuerit
3751 1453 3847 1507 ab-

2281 1557 2424 1606 sens,
2449 1540 2653 1610 jejunet
2687 1549 2741 1594 et
2775 1539 2973 1610 allligat
3009 1554 3067 1594 se
3092 1549 3352 1609 quantum
3379 1541 3486 1596 Deo
3517 1544 3714 1610 poterit
3758 1557 3847 1596 se-

2283 1631 2517 1686 cundum
2552 1631 2832 1686 arbitrium
2873 1630 2965 1684 tibi
3006 1646 3033 1684 a
3066 1631 3173 1685 Deo
3199 1631 3417 1696 datum;
3460 1632 3762 1700 prtesertim
3801 1633 3847 1686 si

2283 1735 2379 1788 per
2427 1718 2749 1773 adulterium
2785 1719 3132 1773 maculaverit
3178 1719 3389 1773 thorum
3440 1719 3557 1783 viri,
3603 1719 3669 1774 ad
3709 1717 3845 1788 quod

2285 1792 2426 1861 nulla
2459 1808 2763 1862 conditione
2788 1808 3058 1862 debuisset
3089 1807 3292 1870 induci,
3313 1815 3418 1861 etc.
3478 1807 3489 1824 ‘
3797 1825 3802 1828 ·

2555 1899 2632 1952 De
2652 1900 2952 1968 pwnitentia
2981 1899 3254 1952 viduarum
3288 1900 3341 1951 in
3369 1915 3568 1968 genere.

2874 1986 2977 2056 (Ex
3005 2001 3126 2056 cap.
3154 1985 3264 2056 12.)

2357 2079 2410 2132 Si
2435 2087 2611 2132 autem
2637 2077 2742 2132 erit
2765 2077 2942 2142 vidua,
2967 2077 3206 2147 inquiras
3229 2078 3504 2148 diligenter
3529 2079 3594 2133 de
3620 2079 3827 2134 circum

2284 2170 2515 2235 stantiis,
2540 2178 2594 2223 et
2615 2171 2808 2239 punias
2842 2185 2960 2224 eam
2995 2171 3045 2224 in
3079 2169 3284 2241 jejunio
3311 2169 3502 2225 fortius
3525 2185 3691 2240 quam
3720 2170 3847 2227 alias

2285 2261 2573 2328 mulieres;
2623 2277 2746 2316 nam
2789 2262 3124 2317 orationibus
3170 2262 3281 2326 suis
3321 2269 3378 2316 et
3417 2262 3626 2318 meritis
3655 2263 3849 2317 debent

2282 2354 2539 2409 ecclesias
2567 2354 2839 2422 adjuvare.
2870 2354 3070 2408 Tamen
3099 2351 3513 2416 considerando,
3535 2352 3580 2406 si
3607 2363 3690 2407 est
3718 2366 3849 2405 anus

2283 2461 2402 2514 quae
2430 2461 2534 2499 non
2563 2445 2733 2514 possit
2756 2442 3000 2512 jejunare
3032 2458 3046 2490 ε
3076 2451 3131 2498 et
3170 2451 3297 2497 tunc
3327 2442 3503 2498 releva
3533 2457 3656 2496 eam
3686 2443 3741 2496 in
3770 2441 3849 2510 je-

2276 2536 2451 2604 junio,
2476 2544 2533 2590 et
2559 2551 2787 2607 aggrava
2820 2537 2872 2590 in
2898 2536 3160 2600 oratione,
3187 2550 3311 2590 cum
3338 2536 3409 2590 sit
3440 2549 3598 2590 suum
3638 2548 3846 2602 semper

2284 2641 2443 2680 orare
2473 2640 2639 2694 usque
2664 2625 2728 2679 ad
2753 2627 2955 2680 exitum
2988 2625 3111 2679 vita:
3140 2640 3270 2690 sum,
3303 2635 3406 2679 etc.

2645 2711 2723 2765 De
2747 2713 3045 2780 paenitentia
3078 2726 3468 2780 pgrocararum.

2873 2798 2976 2868 (Ex
2988 2811 3124 2867 'cap.
3152 2797 3264 2867 15.)

2358 2886 2415 2942 Si
2441 2896 2616 2942 autem
2643 2885 2843 2943 fuerint
2869 2901 3139 2959 pyrocarae
3167 2902 3287 2956 qua:
3315 2887 3382 2942 de
3409 2886 3630 2957 pulvere
3657 2902 3852 2958 nuper-

2287 2979 2423 3033 rime
2451 2984 2822 3043 surrexerunt,
2854 2974 3104 3046 gravabis
3137 2991 3232 3030 eas
3251 2973 3468 3045 jejuniis
3495 2982 3550 3029 et
3585 2977 3844 3030 orationi-

2285 3069 2408 3134 bus,
2452 3068 2736 3137 injungens
2777 3066 2978 3121 eisdem
3005 3072 3064 3118 ut
3093 3081 3199 3118 non
3229 3065 3294 3119 de
3323 3073 3522 3119 extero
3544 3065 3646 3120 sub
3673 3064 3848 3134 specie

621 3195 780 3240 actate
800 3185 1092 3253 decrepita,
1109 3187 1232 3254 quia
1257 3184 1387 3239 tales
1408 3200 1561 3240 senes
1582 3200 1701 3239 cum
1723 3192 1946 3254 peccant
1969 3183 2184 3237 trahunt

2285 3161 2501 3230 pietatis
2525 3160 2796 3230 religionis
2834 3158 3160 3228 impietatem
3186 3155 3430 3226 pallient,
3460 3157 3552 3211 sed
3581 3159 3727 3211 viros
3765 3171 3851 3211 ac-

622 3275 842 3344 iuvenes
875 3275 954 3328 ad‘
969 3277 1263 3330 interitum.

880 3391 950 3443 De
978 3388 1272 3458 paenitentia
1301 3386 1636 3455 pra’latorum
1664 3387 1716 3438 in
1743 3402 1942 3456 genere.

1237 3497 1336 3569 (Ex
1366 3511 1481 3566 cap.
1510 3497 1584 3566 8.)

605 3603 647 3636 “·
702 3605 758 3664 Si
805 3619 980 3665 autem
1020 3608 1218 3664 fuerint
1265 3609 1467 3678 praelati
1510 3609 1600 3677 qui
1632 3608 1726 3662 tibi
1755 3608 2110 3672 (confitentur,
2144 3611 2188 3664 si

626 3710 906 3770 peccatum
931 3708 1012 3754 est
1043 3699 1409 3762 manifestum,
1438 3698 1614 3752 acrius
1640 3713 1731 3752 eos
1758 3699 1947 3766 punias
1972 3707 2191 3768 propter

629 3793 823 3850 malum
848 3793 1147 3862 exemplum
1169 3793 1309 3860 quod
1341 3794 1620 3866 dederunt,
1647 3793 1768 3858 quia
1796 3793 1934 3858 Quod
1962 3794 2138 3860 agitur
2159 3810 2187 3846 a

631 3881 863 3950 prtelatis
883 3880 1038 3934 facile
1063 3880 1306 3934 subditur
1327 3894 1355 3931 a
1381 3879 1608 3932 subditis
1637 3879 1689 3931 in
1713 3879 2031 3948 exemplum,
2051 3890 2186 3945 etc.;

628 3987 752 4028 nam
787 3980 915 4045 tunc
945 3979 1230 4040 peccatum”
1258 3971 1429 4040 magis
1459 3969 1776 4032 extenditur,
1804 3980 1856 4024 et
1882 3971 1932 4024 in
1965 3973 2190 4026 subditis

629 4071 970 4131 propagatur,
993 4060 1203 4129 quando
1227 4060 1477 4128 prmlatus
1498 4068 1749 4129 peccator
1773 4076 1868 4129 pro
1892 4064 2188 4116 reverentia

587 4198 593 4216 ,
630 4150 833 4204 ordinis
860 4164 888 4201 a
915 4149 1140 4202 subditis
1161 4134 1470 4209 sustinetur,
1497 4157 1599 4202 etc.
1630 4147 1684 4201 Si
1711 4158 1889 4202 autem
1920 4148 2076 4203 fuerit
2101 4165 2189 4204 occ

570 4259 575 4262 ·
633 4241 833 4296 cultum
865 4247 1162 4308 peccatum,
1194 4240 1375 4292 mitius
1400 4254 1519 4294 eum
1559 4242 1767 4308 punias,
1806 4241 1929 4310 quia
1958 4242 2048 4295 ubi
2081 4256 2190 4294 ma-

633 4331 739 4385 lum
765 4331 951 4392 oritur,
980 4331 1052 4385 ibi
1081 4331 1240 4384 debet
1268 4331 1422 4392 mori,
1448 4337 1554 4384 etc.

738 4423 812 4476 De
838 4424 1132 4493 pwnitentia
1167 4424 1423 4476 minorum
1459 4422 1761 4495 clericorum
1792 4425 1843 4476 in
1879 4443 2078 4495 genere.

726 4511 737 4521 ’
1237 4513 1334 4583 (Ex
1370 4521 1488 4582 cap.
1519 4513 1594 4583 9.)

705 4601 860 4656 Circa
895 4593 1261 4670 paenitentiam
1295 4603 1516 4656 aliorum
1557 4603 1871 4659 clericorum
1901 4606 1978 4658 sic
2005 4621 2190 4675 proce-

637 4678 731 4748 eds
758 4713 770 4746 ε
799 4692 1174 4752 Considerasi
1223 4700 1304 4746 est
1350 4693 1615 4754 sacerdos,
1657 4705 1710 4749 et
1752 4697 1966 4766 gravius
2001 4698 2189 4764 punias

636 4798 758 4836 eum
805 4797 964 4850 quam
1002 4782 1305 4844 diaconum,
1352 4790 1405 4835 et
1447 4785 1658 4850 gravius
1703 4778 1986 4840 diaconum
2029 4802 2187 4855 quam

638 4873 1042 4936 subdiaconum,
1063 4883 1116 4928 et
1146 4885 1306 4942 quam
1342 4874 1476 4927 alios
1515 4877 1565 4926 in
1595 4874 1888 4931 minoribus
1912 4879 2189 4933 ordinibus

638 4962 977 5024 constitutos,
1027 4961 1151 5034 quia
1200 4962 1360 5015 homo
1390 4962 1728 5016 Christianus
1769 4964 1972 5019 duobus
2016 4967 2189 5021 modis

641 5052 848 5106 fortiter
874 5048 1016 5103 cadit
1044 5050 1095 5101 in
1123 5051 1375 5116 peccatis,
1405 5060 1496 5104 aut
1520 5062 1737 5121 propter
1771 5055 2187 5125 magnitudinem

639 5141 866 5212 peccati,
889 5147 980 5194 aut
1005 5149 1225 5210 propter
1248 5141 1576 5196 altitudinem
1600 5143 1893 5214 dignitatis.

641 5253 715 5306 De
741 5255 1034 5322 pwuitentia
1071 5254 1441 5333 monac/torum
1483 5264 1530 5307 et
1568 5257 1788 5312 aliorum
1835 5260 2187 5329 religiosorum

1275 5340 1328 5376 in
1355 5333 1552 5392 genere:

1225 5421 1322 5497 (Ex
1350 5437 1464 5490 cap.
1493 5421 1600 5492 10.)

712 5506 865 5580 Clrea
914 5509 1187 5579 religiosos
1232 5511 1319 5578 qui
1360 5511 1462 5564 tibi
1508 5511 1840 5580 aliquatenus
1869 5514 2190 5569 conﬁtentur

642 5599 721 5652 sic
763 5601 1059 5669 procedas:
1096 5600 1340 5673 iniungas
1379 5604 1457 5658 eis
1496 5603 1608 5659 loco
1641 5607 2002 5673 pmnitentim,
2047 5611 2187 5677 quod

643 5697 852 5743 servent
887 5690 951 5744 de
989 5699 1180 5745 caatero
1221 5694 1454 5762 regulam
1495 5696 1574 5750 cui
1621 5710 1675 5749 sc
1704 5695 2025 5765 obligarunt,
2065 5700 2185 5767 quia

632 5777 741 5836 .‘ioc
768 5781 869 5836 erit
893 5796 1095 5840 summa
1121 5785 1449 5855 pmnitentia,
1478 5796 1577 5839 elt'.

2287 3252 2506 3319 cipiant,
2540 3249 2585 3304 si
2610 3257 2792 3304 votum
2836 3247 3143 3302 solemniter
3170 3261 3275 3301 non
3302 3244 3546 3311 fecerint,
3577 3247 3657 3301 vel
3687 3248 3850 3302 casti-

2291 3350 2452 3395 tatem
2482 3347 2698 3394 servent
2733 3353 2894 3408 quam
2917 3339 3141 3392 Domino
3180 3338 3557 3407 promiserunt.
3608 3338 3767 3404 Nam,
3794 3345 3851 3391 ut

2289 3433 2417 3486 dicit
2458 3440 2674 3487 sanctus
2704 3430 3074 3499 Hieronymus,
3107 3428 3296 3483 melius
3321 3422 3511 3483 fuisse!
3541 3429 3850 3500 conjugium

2288 3524 2513 3586 subisse,
2557 3530 2612 3577 et
2652 3520 2952 3575 ambulasse
2997 3533 3094 3589 per
3136 3519 3314 3590 plana,
3356 3532 3515 3597 quam
3560 3519 3628 3574 ad
3661 3519 3854 3574 altiora

2289 3613 2522 3674 tendere,
2553 3619 2608 3666 et
2637 3612 2690 3664 in
2717 3611 2909 3684 inferni
2937 3609 3196 3680 profunda
3220 3609 3436 3674 cadere,
3464 3618 3567 3664 etc.

2465 3703 2537 3756 De
2562 3691 2965 3776 circumstantiis
2991 3717 3106 3772 qua:
3133 3711 3416 3770 aggravant
3443 3712 3676 3772 peccata.

2782 3786 3008 3861 (Exlib.
3033 3807 3114 3856 ιιι,
3137 3807 3254 3861 cap.
3281 3791 3358 3862 6.)

2361 3881 2486 3935 Haec
2532 3874 3081 3934 debet‘considerare
3125 3889 3378 3949 peccator
3419 3881 3471 3934 in
3519 3883 3853 3938 confessione

2290 3970 2532 4025 facienda
2559 3988 2570 4022 :
2598 3969 2857 4034 dolorem,
2887 3969 3010 4038 quia
3037 3969 3277 4038 peccavit
3305 3969 3358 4023 in
3390 3970 3695 4035 Dominum,
3726 3982 3852 4027 :eta-

2291 4075 2417 4129 tem,
2446 4064 2783 4134 sapientiam,
2815 4064 3296 4123 considerationem
3344 4079 3450 4119 non
3489 4067 3847 4134 peccantium,

2288 4155 2652 4223 purgationem
2685 4152 3060 4223 lacrymarum,
3103 4153 3340 4208 dolorem
3367 4155 3579 4208 amissa:
3604 4157 3848 4220 virtutis;

2290 4244 2530 4298 dolonem
2559 4243 2683 4310 quia
2709 4251 2963 4312 operatur
2990 4243 3207 4309 bonum,
3235 4243 3470 4300 dolorem
3499 4247 3626 4316 quia
3656 4249 3712 4302 in
3742 4259 3847 4302 tam

2289 4337 2434 4390 brevi
2483 4337 2590 4389 vita
2639 4351 2744 4390 non
2791 4336 3164 4402 determinavit
3207 4335 3372 4400 bene;
3411 4337 3503 4405 qui
3539 4337 3761 4393 oﬂ'endit
3798 4323 3848 4393 in

2289 4443 2451 4481 unum
2478 4435 2558 4481 est
2586 4425 2756 4481 factus
2783 4427 3021 4480 omnium
3049 4439 3174 4479 reus
3198 4443 3208 4476 :
3237 4425 3646 4496 dolorem,.quia
3674 4428 3851 4484 Domi-

2215 4525 2265 4582 D
2291 4532 2414 4570 num
2457 4532 2560 4570 non
2596 4517 2774 4569 timuit
2808 4517 2899 4585 qui
2934 4514 3035 4568 fuit
3061 4515 3244 4584 plenus
3283 4515 3578 4584 sapientia;
3621 4517 3710 4572 ille
3735 4520 3846 4574 cul-

2289 4608 2516 4677 pabilior
2557 4610 2646 4676 qui
2695 4607 2803 4662 Deo
2847 4607 3113 4676 acceptior
3155 4607 3378 4680 :‘Adam
3424 4607 3542 4677 plus
3586 4613 3848 4680 peccavit,

2288 4700 2410 4767 quia
2459 4699 2600 4751 omni
2651 4698 2791 4752 bono
2829 4697 3120 4754 abundavit
3164 4716 3178 4752 :
3227 4699 3402 4755 omnis
3436 4701 3607 4755 virtus
3647 4704 3849 4772 patitur

2287 4772 2666 4841 detrimentum
2705 4789 2771 4841 ab
2800 4803 2906 4842 uno
2939 4789 3110 4842 vitio:
3149 4803 3300 4842 amor
3338 4791 3576 4859 pecunia:
3614 4793 3848 4848 minorat

2287 4881 2586 4936 castitatem
2617 4894 2629 4930 :
2660 4880 2834 4935 omnis
2863 4880 3031 4932 virtus
3072 4881 3126 4933 in
3148 4895 3466 4950 quocunque
3494 4881 3721 4938 crimine
3758 4884 3846 4938 de-

2289 4973 2472 5026 ﬁciens
2504 4980 2604 5025 est.
2651 4971 2716 5024 Et
2747 4972 2862 5025 hare
2895 4973 3072 5025 omnia
3103 4959 3398 5041 probantur
3435 4975 3846 5032 auctoritatibus

2223 5120 2230 5124 _
2286 5061 2588 5131 Augustini,
2615 5060 2902 5114 Alexandri
2929 5075 3078 5130 papae
3116 5070 3171 5116 et
3193 5061 3457 5131 Gregorii.

2393 5152 2520 5205 Hcce
2548 5159 2666 5204 sunt
2693 5152 2948 5205 sacerdoti
2972 5154 3025 5205 in
3046 5153 3315 5219 conﬁtente
3338 5152 3733 5210 consideranda.

2888 5245 2987 5316 (Ex
3019 5260 3135 5313 cap.
3167 5244 3260 5310 7.),
3350 5298 3371 5316 ο

2359 5333 2525 5394 Dolor.
2557 5333 2621 5387 de
2661 5335 2816 5389 malis
2847 5335 3101 5402 exemplis
3137 5336 3273 5392 datis
3294 5340 3569 5408 proximis,
3599 5327 3752 5396 dolor
3778 5347 3839 5395 de

2291 5423 2505 5476 tristitia
2545 5421 2698 5477 bonis
2743 5424 2910 5484 illata,
2953 5422 3104 5477 dolor
3143 5426 3208 5480 de
3247 5428 3428 5482 laetitia
3478 5443 3639 5496 quam
3688 5428 3845 5484 bonis

2287 5528 2391 5566 non
2441 5513 2637 5577 intulit,
2689 5513 2839 5568 dolor
2885 5514 3053 5583 major
3097 5517 3161 5569 de
3186 5517 3274 5570 Dei
3322 5517 3630 5574 oil‘ensione.
3675 5518 3834 5572 Neirio

2285 5612 2463 5671 potest
2502 5603 2730 5657 dominis
2771 5603 2972 5658 duobus
3013 5606 3242 5669 servire,
3285 5606 3374 5661 sed
3411 5622 3562 5663 amor
3595 5622 3832 5678 perseve-

2289 5695 2474 5748 ranlize
2512 5695 2714 5762 peccati
2755 5694 2912 5750 unius
2941 5707 3021 5749 est
3051 5699 3266 5752 amissio
3292 5699 3526 5753 omnium
3556 5700 3825 5755 bonorum.

2289 5789 2559 5844 Pmnitens
2589 5803 2645 5840 se
2685 5798 2844 5854 ponat
2881 5797 3049 5843 totum
3093 5790 3142 5842 in
3171 5787 3371 5856 judicio
3409 5790 3720 5850 sacerdotis.
3751 5786 3821 5841 fa-
