4010 6470
663 491 783 543 1091

1434 520 1441 531 ε
1533 485 1878 540 exessum
1914 468 2532 538 EX'PMNITENTIALI
2568 486 2616 539 ι.
2660 488 2745 541 ns
2781 487 2925 541 nso.

3746 116 3869 143 _—'_

3628 486 3759 537 iﬁlli

692 598 763 650 De
790 600 1070 667 plenitudo:
1102 595 1455 655 cardiamlimn,
1486 605 1529 646 et
1560 597 1639 646 cui
1666 594 1839 645 debent
1865 591 2108 657 conﬁteri.

2271 589 2397 651 list,
2438 606 2484 644 c.
2518 592 2611 643 ult.
2651 602 2703 645 et
2728 592 2795 644 25
2837 592 3054 667 dist.,c.
3090 601 3131 641 l.
3164 591 3265 643 Sed
3309 590 3600 642 ﬁrmissime
3645 601 3760 641 tene

1226 689 1317 751 (Ex
1350 703 1463 754 cap.
1495 687 1571 753 2.)

720 777 976 840 Quceritur
1022 775 1083 826 de
1137 774 1436 840 poenitentia
1488 772 1867 845 cardinalium:
1923 780 1975 823 ct
2020 772 2162 823 dicas

653 863 787 930 quod
813 871 1006 929 quanto
1062 869 1180 912 sunt
1220 858 1462 925 majores,
1488 869 1628 911 tanto
1654 861 1840 911 debent
1866 860 2034 911 acrius
2068 873 2163 924 pu-

653 950 774 1012 niri,
797 950 841 1003 si
868 956 1102 1017 peccant,
1129 948 1362 1014 exemplo
1383 948 1525 1009 Δάαι,
1568 952 1656 1014 qui
1697 955 1891 1013 quanto
1919 955 2031 997 erat
2057 946 2162 997 Deo

652 1035 958 1106 proximior,
1006 1041 1147 1086 tanto
1174 1033 1337 1101 magis
1364 1034 1614 1099 peccavit,
1663 1039 1720 1082 ut
1745 1032 1929 1097 probat
1954 1038 2162 1102 sanctus

650 1123 985 1190 Augustinus.
1033 1121 1151 1173 ideo
1176 1119 1340 1171 Adam
1369 1119 1533 1186 magis
1556 1117 1808 1185 peccavit,
1837 1118 1958 1182 quia
1999 1117 2160 1184 magis

612 1264 617 1269 _
650 1210 928 1263 virtutibus
972 1207 1267 1260 abundavit.
1316 1204 1444 1258 Cum
1485 1205 1622 1267 enim
1664 1205 2004 1271 proximiores
2044 1211 2164 1255 sunt

651 1312 816 1365 papae,
864 1304 1005 1347 tanto
1045 1308 1221 1346 casum
1258 1292 1381 1359 plus
1424 1292 1611 1346 debent
1656 1294 1841 1344 timere
1881 1300 1939 1343 ut
1979 1291 2164 1357 probat

653 1389 709 1437 με.
738 1386 1016 1453 Gregorius
1058 1398 1210 1449 super
1254 1383 1571 1435 Ezechielem
1617 1383 1680 1434 de
1709 1396 1863 1434 causa
1897 1380 2156 1433 Lucileri:

654 1471 987 1538 Principium,
1038 1470 1221 1535 inquit,
1269 1470 1470 1520 viarum
1511 1462 1929 1519 Dei'Behemot:
1974 1466 2164 1518 debent

652 1559 790 1611 enim
816 1573 932 1609 βεδε
956 1555 1069 1622 puri
1100 1555 1232 1606 sicut
1258 1554 1468 1615 vitrum,
1514 1562 1566 1606 et
1601 1552 1801 1604 candidi
1832 1553 1881 1604 in
1911 1552 2157 1612 moribus,

654 1656 706 1698 et
734 1645 877 1698 rubei
924 1658 1015 1710 per
1041 1643 1343 1695 memoriam
1385 1641 1642 1708 passionis
1680 1639 1873 1693 Christi
1916 1648 2160 1706 tanquam

655 1735 741 1787 nix
769 1740 821 1786 et
845 1734 974 1785 ebur
1016 1730 1321 1797 antiquum;
1368 1729 1557 1781 debent
1582 1744 1696 1781 esse
1740 1729 1903 1781 nubes
1942 1728 2077 1790 coeli,
2106 1736 2163 1779 ut

654 1822 897 1874 indue-int
926 1832 1085 1884 aquas
1124 1816 1439 1882 spirituales,
1469 1823 1526 1867 ut
1551 1817 1736 1881 probat
1760 1815 1918 1872 Isaias
1942 1815 2119 1866 dicens
2143 1830 2156 1865 :

656 1907 755 1969 Qui
785 1912 899 1956 sunt
923 1882 1004 1954 isti
1028 1903 1112 1969 qui
1145 1912 1199 1953 ut
1228 1902 1379 1953 nubes
1407 1901 1570 1954 volant
1590 1910 1636 1953 et
1662 1902 1806 1969 quasi
1829 1902 2068 1953 columba:
2096 1902 2161 1953 ad
2190 1882 2235 1940 Β

653 1994 898 2058 fenestras
924 2007 1041 2041 suos
1065 1990 1089 2041 ?
1129 1988 1391 2042 Columbae
1415 1970 1657 2053 dicuntur
1680 1998 1893 2057 propter
1916 1991 2162 2058 simplici-

617 2081 629 2090 ‘
656 2089 832 2141 tatem,
875 2079 991 2147 quia
1018 2092 1132 2131 esse
1160 2076 1351 2131 debent
1398 2078 1723 2154 candidiores
1757 2078 1892 2141 nive,
1925 2078 2165 2131 rubicun-

654 2168 824 2219 diores
846 2164 1000 2217 ebore
1028 2166 1258 2231 antiquo,
1283 2166 1521 2231 puriores
1544 2165 1715 2225 vitro;
1746 2165 1844 2217 hoc
1870 2166 2063 2218 dictum
2086 2172 2167 2216 est
2217 2166 2224 2183 ‘

654 2254 717 2306 de
745 2253 821 2305 eis
864 2259 1075 2319 propter
1116 2252 1348 2303 diversas
1389 2251 1627 2302 virtutes.
1674 2248 1807 2304 Sunt
1832 2251 1970 2302 enim
1997 2252 2167 2304 cardi-

655 2340 798 2392 nales
841 2336 973 2391 ostia
1014 2346 1207 2389 sanctas
1250 2336 1529 2398 Ecclesiae,
1568 2337 1705 2389 sicut
1741 2337 1931 2389 ostium
1973 2339 2168 2405 regitur

653 2425 951 2479 cardinibus
974 2441 985 2474 :
1035 2424 1078 2475 si
1106 2424 1263 2491 igitur
1289 2423 1445 2476 cardo
1482 2433 1757 2491 rumpitur,
1788 2425 1837 2477 id
1862 2433 1961 2487 est,
1988 2426 2029 2477 si
2055 2440 2169 2478 ear-

655 2511 840 2563 dinalis
870 2512 1159 2582 deponitur,
1185 2520 1242 2561 ut
1269 2512 1451 2578 probat
1477 2510 1582 2563 Leo
1628 2525 1779 2577 papa,
1827 2510 2088 2577 nunquam
2117 2513 2166 2562 in

656 2584 957 2666 perpetuum
1003 2597 1188 2665 legitur
1226 2606 1513 2664 reparatus,
1560 2596 1696 2649 sicut
1721 2596 1951 2662 loquitur
1977 2596 2040 2649 de
2073 2612 2167 2649 an-

655 2684 768 2753 gelo
792 2684 879 2748 qui
904 2684 1105 2741 cecidit,
1151 2683 1239 2748 qui
1266 2694 1528 2748 nunquam
1569 2682 1855 2734 advocatur
1875 2682 1939 2734 ad
1979 2690 2168 2735 statum

656 2771 894 2838 primum,
942 2776 1000 2819 ut
1020 2765 1285 2835 probatu?
1297 2768 1360 2821 de
1398 2768 1707 2822 Pmnitentia
1733 2771 1855 2823 dist.
1888 2770 1939 2834 2,
1964 2769 2169 2822 Princi-

656 2859 811 2924 pium.
856 2855 990 2923 Ergo
1016 2863 1158 2908 tanto
1185 2856 1389 2909 cautius
1416 2871 1472 2908 se
1498 2856 1688 2909 debent
1711 2857 1974 2909 custodire
1998 2871 2027 2907 a
2053 2871 2172 2923 pee-

655 2944 807 3007 catis,
855 2959 919 2996 ne
947 2944 1051 2995 sint
1075 2945 1311 3012 Dagones
1334 2951 1532 2996 stantes
1550 2941 1719 3008 juxta
1744 2956 1920 2994 arcam
1947 2942 2169 3006 Domini,

658 3032 792 3083 sicut
824 3030 1011 3098 legitur
1056 3032 1109 3082 in
1136 3031 1268 3082 libro
1306 3030 1502 3097 Regum
1529 3030 1593 3081 de
1636 3028 1755 3082 ﬁliis
1783 3029 1914 3082 lleli.
1958 3029 2023 3083 28
2051 3030 2168 3083 dist.

638 3188 641 3191 _
669 3116 855 3188 Legant
878 3117 1112 3184 episcopi,
1130 3124 1182 3169 et
1207 3130 1272 3169 ne
1301 3118 1406 3169 sint
1431 3118 1630 3171 nebulae
1650 3126 1701 3171 et
1725 3118 1888 3171 nubes
1909 3118 2019 3170 sine
2040 3132 2171 3184 aqua

665 3203 955 3256 turbinibus
980 3203 1269 3256 daamonum
1298 3204 1522 3273 agitatae,
1569 3212 1626 3256 ut
1659 3206 1846 3271 probat
1869 3205 2051 3257 beatus
2076 3203 2174 3256 Pe-

664 3302 774 3346 trus
799 3294 850 3345 in
896 3293 1123 3359 Epistola
1150 3308 1264 3356 sua,
1316 3303 1370 3345 et
1407 3293 1752 3360 Hieronymus
1778 3292 1829 3343 in
1857 3306 2056 3344 canone
2083 3306 2178 3344 suo

666 3382 732 3434 de
769 3380 1093 3441 Pmnitentia,
1124 3382 1245 3434 dist.
1288 3380 1346 3433 Si
1392 3381 1544 3444 enim,
1575 3381 1757 3448 inquit,
1800 3388 1926 3444 etc.,
1955 3389 2010 3433 et
2041 3380 2178 3433 Beda

664 3468 849 3535 probat
871 3464 1006 3520 idem
1034 3468 1087 3531 2,
1108 3483 1160 3535 q.
1184 3469 1234 3531 7,
1258 3467 1426 3521 Secuti
1448 3478 1563 3521 sunt
1588 3470 1720 3522 viam
1743 3469 1977 3521 Balaam.
2007 3469 2180 3535 Quare

666 3570 768 3608 non
796 3556 958 3608 solum
999 3557 1223 3623 episcopi
1260 3557 1568 3623 perduntur,
1607 3558 1698 3611 sed
1736 3556 1928 3609 multos
1964 3556 2179 3624 populos

666 3652 720 3698 et
742 3644 908 3697 cteros
928 3658 1102 3697 secum
1132 3644 1326 3698 ducunt
1350 3644 1414 3697 ad
1442 3642 1637 3698 inferos
1661 3646 1986 3708 catervatim,
2009 3651 2067 3697 ut
2090 3644 2178 3708 40,

581 3749 610 3809 ι’
669 3732 793 3784 dist.
845 3732 1075 3800 Sipapa,
1126 3739 1175 3785 et
1220 3725 1286 3785 19
1310 3731 1433 3785 dist.
1483 3732 1627 3785 Nulli
1663 3733 1781 3799 fas;
1813 3735 1911 3787 hoc
1934 3741 2037 3795 est,
2077 3748 2180 3787 non

668 3817 940 3884 capiantur
976 3819 1245 3885 superbia,
1290 3820 1412 3886 quia
1442 3827 1609 3871 mater
1648 3827 1728 3872 est
1767 3822 1997 3873 omnium
2028 3822 2181 3873 vitio-

674 3917 788 3955 rum
812 3920 825 3967 ;
866 3920 967 3959 non
991 3906 1263 3973 capiantur
1284 3920 1416 3958 vana
1440 3893 1638 3974 gloria;
1653 3907 1775 3974 quia
1794 3920 2000 3960 omnem
2020 3908 2183 3960 virtu-

671 3998 773 4044 tem
797 4001 1046 4055 evacuat;
1096 4006 1196 4045 non
1225 3994 1497 4061 capiantur
1520 3995 1758 4061 pecunia,
1786 3995 1907 4060 quia
1935 4001 2183 4061 tanquam

618 4080 621 4081 ⁷
670 4092 925 4132 venenum
942 4088 1023 4131 est
1046 4079 1285 4148 fugienda
1312 4093 1328 4131 :
1368 4093 1469 4133 non
1496 4080 1769 4148 capiantur
1797 4094 1974 4133 amore
1996 4094 2185 4147 paren-

674 4176 800 4229 tum,
830 4168 918 4233 qui
942 4182 1031 4220 eos
1058 4169 1110 4220 in
1148 4169 1253 4220 vita
1280 4168 1562 4221 corrodunt
1584 4174 1830 4233 tanquam
1856 4180 2051 4219 musca:
2071 4162 2203 4217 ηιοὲ

672 4253 885 4315 rientes,
931 4261 984 4306 et
1024 4254 1115 4305 eos
1139 4262 1259 4320 post
1284 4251 1519 4331 mortem
1563 4254 1869 4321 despiciunt,
1914 4255 2182 4307 dicentes:

674 4339 811 4391 Bene
834 4339 956 4391 mihi
986 4340 1125 4400 fecit,
1170 4337 1261 4391 sed
1284 4338 1466 4391 melius
1494 4337 1665 4391 facere
1689 4339 1870 4405 potuit,
1900 4347 1958 4390 ut
1981 4338 2047 4390 de
2070 4338 2185 4389 aliis

2198 3159 2245 3220 C

2256 678 2392 741 quod
2420 679 2461 729 si
2488 688 2566 730 est
2594 679 2781 731 absens
2821 679 2870 731 in
2911 662 3295 744 aliq‘ualegatia
3340 676 3502 740 possit
3526 677 3761 728 conﬁteri

2258 760 2340 811 cui
2365 761 2490 823 vult,
2520 777 2613 829 per
2656 762 2793 814 illam
2820 762 3128 815 decretalem
3169 775 3251 813 ex.
3280 762 3345 814 de
3382 761 3549 823 Pmn.,
3581 776 3627 813 c.
3665 762 3759 814 ult.

2258 847 2311 899 Si
2338 856 2509 900 autem
2538 857 2617 901 est
2640 865 2888 917 pricseus,
2920 858 2973 927 et
2998 855 3266 915 peccatum
3295 854 3372 915 est
3402 850 3662 901 notorium
3684 846 3762 901 vel

2258 934 2607 997 manifestum,
2654 935 2811 987 debet
2847 934 3084 988 cnnﬁteri
3110 947 3276 1002 papae,
3324 941 3378 986 et
3402 933 3555 986 debet
3595 934 3768 988 acrius

2256 1019 2429 1084 puniri
2458 1034 2617 1085 quam
2642 1020 2773 1071 alius
2795 1022 3053 1086 peccator,
3096 1026 3313 1087 prepter
3335 1018 3568 1084 exempla
3594 1020 3769 1086 perui-

2257 1105 2416 1166 eiosa,
2467 1114 2523 1156 ut
2566 1105 2785 1169 probant
2819 1104 3059 1158 Nicdlaus
3102 1112 3156 1157 et
3198 1104 3478 1172 Gregorius
3518 1103 3581 1169 ll,
3624 1119 3681 1173 q.
3710 1106 3766 1165 5,

2255 1192 2522 1257 prmcipue.
2571 1190 2625 1243 Si
2666 1199 2839 1244 autem
2866 1200 2947 1244 est
2980 1192 3239 1245 occultum
3262 1229 3276 1253 ,
3311 1190 3500 1244 sullicit
3541 1190 3768 1259 generali

2257 1277 2641 1341 poeuitentiario
2665 1278 2900 1331 conﬁteri

2258 1381 2331 1434 De
2355 1382 2639 1451 paenitentia
2681 1384 3053 1452 capellanorum
3080 1386 3281 1453 idomini
3305 1402 3465 1453 paper,
3503 1394 3549 1438 et
3577 1387 3661 1439 cui
3685 1380 3791 1439 de?

2825 1454 2935 1502 bent
2964 1452 3208 1515 conﬁteri.

2842 1557 2941 1626 (Ex
2970 1557 3190 1625 (ιαμ-3.)

2325 1638 2588 1709 Capellani
2634 1650 2804 1695 autem
2837 1652 2885 1696 et
2929 1645 3018 1696 alii
3046 1644 3269 1715 curiales
3296 1659 3441 1713 papze
3467 1647 3661 1700 debent
3686 1662 3776 1716 ge-

2258 1725 2419 1777 nerali
2436 1727 2820 1792 pmnitentiario
2843 1728 3097 1793 conﬁteri,
3121 1731 3243 1797 quia
3268 1732 3332 1783 ab
3354 1732 3455 1784 alio
3484 1733 3584 1786 nisi
3611 1747 3642 1786 a
3666 1734 3778 1787 solo

2259 1827 2388 1880 papa
2417 1822 2471 1866 et
2490 1816 2735 1868 mandato
2756 1830 2858 1869 non
2877 1827 3092 1885 possunt
3122 1812 3316 1871 absolvi
3345 1835 3440 1872 nec
3460 1820 3630 1889 ligari,
3656 1838 3775 1883 cum

2260 1901 2394 1967 apud
2427 1902 2701 1955 ecclesiam
2731 1894 3065 1957 demorentur
3087 1910 3188 1971 πῖθι
3213 1912 3371 1959 secus
3388 1908 3476 1973 qui
3503 1909 3662 1961 sentit
3686 1924 3779 1977 pe-

2260 2003 2352 2040 cus
2377 1996 2479 2051 est,
2506 1996 2562 2040 ut
2596 1990 2847 2055 probatur
2882 1991 2947 2044 de
2970 1990 3281 2045 Posuitentia
3311 1994 3433 2046 dist.
3464 1994 3513 2055 6,
3551 1994 3774 2048 Placuit.

2260 2085 2313 2127 et
2340 2075 2467 2143 6,q.
2496 2078 2549 2139 5,
2572 2078 2694 2129 c.l.
2902 2082 2917 2091 '
3139 2065 3148 2079 ’

2262 2162 2336 2215 Dc
2360 2165 2648 2231 pwnitentia
2682 2166 3107 2232 patriarcharum,
3136 2176 3183 2238 et
3220 2168 3301 2220 cui
3326 2167 3504 2221 debent
3526 2168 3777 2235 conﬁteri.

2842 2252 2940 2321 (Ex
2966 2267 3080 2320 cap.
3111 2253 3186 2322 ιε)

2328 2335 2570 2389 Dicturus
2596 2336 2661 2390 de.
2689 2339 2992 2405 pmniteutia
3019 2340 3347 2407 patriarchae,
3385 2349 3440 2392 et
3475 2341 3558 2393 cui
3592 2341 3783 2395 debeat

2262 2410 2520 2485 conﬁteri,
2566 2424 2734 2489 primo
2781 2422 3201 2492 distinguendum
3244 2434 3325 2478 est
3368 2435 3542 2478 utrum
3584 2428 3782 2481 crimen

2262 2509 2572 2573 patriarchae
2600 2508 2667 2559 sit
2689 2509 2950 2575 publicum
2975 2510 3052 2563 vel
3079 2510 3356 2564 occultum.
3403 2510 3457 2564 Si
3492 2522 3668 2563 autem
3707 2521 3787 2564 est

2263 2592 2541 2659 publicum,
2581 2592 2659 2643 vel
2687 2595 2966 2658 notoriam,
3010 2595 3089 2648 vel
3116 2595 3467 2659 manifestum,
3496 2597 3672 2649 acrius
3698 2597 3786 2649 de-

2264 2680 2354 2733 bet
2389 2680 2561 2747 puniri
2599 2695 2752 2747 quam
2782 2680 2870 2734 alii
2914 2682 3273 2750 delinquentes
3297 2690 3508 2750 propter
3546 2681 3787 2750 exempla

2263 2767 2555 2834 perniciosa
2581 2782 2697 2835 quas
2725 2769 3088 2821 transmittunt
3128 2768 3191 2821 ad
3214 2775 3468 2836 posteros,
3508 2767 3631 2834 quia
3654 2781 3789 2835 prae-

2265 2854 2355 2907 lati
2389 2861 2466 2906 tot
2493 2854 2798 2907 mortalibus
2833 2855 2972 2923 digni
3002 2864 3144 2918 sunt,
3174 2862 3300 2921 quot
3334 2853 3573 2921 exempla
3612 2853 3789 2921 perni-

2267 2942 2406 2995 ciosa
2435 2942 2499 2993 ad
2522 2949 2758 3009 posteros
2781 2942 3161 3004 transmittunt,
3184 2949 3241 2994 ut
3262 2941 3481 3009 probant
3505 2941 3674 2995 sancti
3695 2939 3791 2992 Pa-

2270 3037 2379 3081 tres
2401 3029 2454 3092 2,
2485 3042 2537 3095 q.
2572 3030 2627 3091 5,
2656 3028 2778 3095 quia
2816 3028 2941 3081 illud
2969 3029 3107 3095 quod
3135 3029 3306 3097 agitur
3329 3043 3357 3080 a
3383 3028 3613 3095 prcelatis
3639 3026 3791 3080 facile

2273 3115 2495 3166 trahitur
2516 3129 2545 3165 a
2569 3114 2792 3167 subditis
2819 3102 2871 3166 in
2903 3113 3195 3180 exemplum
3221 3130 3233 3166 :
3280 3121 3333 3166 et
3374 3113 3428 3165 in
3458 3127 3521 3165 eo
3545 3126 3673 3166 casu
3695 3112 3788 3166 de-

2272 3206 2397 3257 bent
2422 3218 2450 3254 a
2477 3203 2588 3256 solo
2611 3216 2742 3270 papa
2768 3201 2963 3269 puniri,
2992 3201 3126 3255 sicut
3149 3202 3276 3256 dicit
3298 3203 3482 3256 beatus
3508 3199 3792 3268 Gregorius

2273 3291 2336 3344 de
2374 3289 2659 3344 Clementio
2700 3290 2923 3356 primate
2958 3288 3020 3353 2,
3055 3304 3108 3358 q.
3149 3290 3199 3355 7,
3229 3305 3278 3342 c.
3318 3288 3481 3351 Sicut,
3509 3290 3693 3357 inquit.
3726 3288 3792 3340 Et

2272 3381 2343 3433 ita
2383 3378 2710 3432 Innocentius
2760 3377 2824 3431 Ill
2866 3379 3067 3446 punivit
3114 3377 3515 3431 Antiochensem
3562 3377 3792 3446 patriar-

2273 3468 2445 3529 cbam,
2473 3479 2536 3518 eo
2562 3465 2699 3532 quod
2729 3465 3005 3533 quemdam
3036 3465 3476 3533 archiepiscOpum
3517 3463 3794 3518 dearcbie—

2273 3558 2582 3629 piscopavit,
2610 3568 2663 3611 et
2700 3556 2827 3610 fecit
2851 3558 3170 3626 episcopum.
3209 3555 3459 3610 Similiter
3482 3553 3723 3631 Gelasius
3741 3562 3798 3607 et

2275 3646 2419 3699 Felix
2460 3646 2837 3699 damnaverunt
2877 3644 3121 3697 Acacium
3145 3638 3495 3721 patriarbham
3540 3641 3798 3695 Constan-

2276 3733 2668 3801 tinopolitauum
2697 3732 2866 3798 25,4;
2905 3732 2953 3794 1,
2983 3732 3219 3793 Aeacius,
3249 3739 3301 3782 et
3346 3728 3394 3782 cl
3437 3728 3681 3781 Minores.
3712 3727 3798 3781 Si-

2277 3821 2469 3875 militer
2486 3820 2734 3891 ‘Nicolaus
2758 3833 2891 3887 papa
2916 3819 3148 3870 correxit
3169 3816 3543 3868 Bituriceusem
3577 3809 3801 3883 patriar-

2278 3909 2429 3962 cbaui
2479 3922 2573 3975 pro
2621 3919 2684 3959 eo
2730 3906 2868 3973 quod
2890 3905 3125 3958 'clericos
3167 3902 3528 3956 Narbonenses
3567 3900 3799 3969 episcopi

2280 4005 2460 4051 contra
2482 4009 2708 4051 canones
2749 3994 3032 4060 judicabat.
3068 3991 3325 4047 Probatur
3347 3990 3399 4051 2,
3429 4004 3482 4056 q.
3507 3988 3563 4050 3,
3589 4003 3637 4042 c.
3667 3985 3800 4040 Con-

2278 4095 2502 4153 questus.
2547 4082 2801 4137 Similiter
2839 4082 2945 4134 Leo
2982 4080 3199 4148 Magnus
3230 4072 3366 4146 saepe
3404 4075 3593 4143 sepius
3620 4087 3801 4140 repre-

2283 4171 2464 4224 hendit
2484 4169 2787 4221 Dioscorum
2813 4165 3219 4219 Alexandrinum
3246 4162 3596 4231 patriarcham
3621 4174 3718 4227 pro
3739 4173 3802 4212 eo

2283 4258 2421 4326 quod
2441 4270 2668 4311 canones
2704 4269 2807 4307 non
2837 4253 3081 4307 servabat
3117 4252 3168 4303 in
3203 4248 3522 4318 temporibus
3547 4246 3798 4298 ordinan-

2283 4346 2465 4399 dorum
2506 4343 2814 4397 clericorum
2851 4340 2916 4393 75
2954 4340 3101 4403 dist.,
3130 4354 3178 4392 c.
3232 4336 3484 4391 Similiter
3508 4334 3804 4387 Alexander

672 4427 811 4478 vitiis
852 4426 1147 4479 carnalibus
1187 4434 1470 4488 taceamus,
1519 4426 1611 4479 sed
1655 4424 1739 4477 die
1777 4432 2033 4492 noctuque
2082 4440 2181 4477 non

2287 4434 2472 4488 tertius
2515 4431 2803 4497 increpavit
2857 4418 3211 4495 patriarcbam
3274 4423 3803 4489 Hierosolymitanum

658 4521 881 4579 cessent
902 4514 1177 4565 virtutibus
1214 4513 1440 4565 studere.
1481 4512 1546 4564 Et
1570 4512 1744 4565 omnia
1784 4512 1880 4563 ista
1904 4511 2187 4578 probantur

676 4602 982 4652 auctoritate
1007 4600 1103 4650 lsa.
1135 4596 1217 4652 21’)~
1237 4596 1357 4653 dist.
1387 4599 1502 4663 His,
1524 4600 1577 4653 et
1596 4600 1904 4662 auctoritate
1930 4598 2186 4651 Ambrosii

681 4683 767 4747 l2,
793 4699 847 4751 q.
883 4685 929 4745 l,
960 4698 1005 4735 c.
1038 4683 1130 4735 Cui
1169 4686 1328 4751 portio
1367 4685 1503 4737 Deus
1529 4695 1618 4737 est.
1652 4685 1718 4739 86
1761 4686 1881 4738 dist.
1927 4684 2036 4736 Non
2061 4684 2188 4736 satis

677 4781 776 4825 est.
808 4772 942 4825 Bene
967 4772 1076 4826 viso
1102 4774 1164 4825 de
1185 4773 1489 4841 poenitentia
1521 4774 1883 4835 cardiualium,
1914 4773 2187 4853 videndum

678 4870 760 4915 est
781 4863 870 4915 cui
888 4862 1107 4916 debeant
1129 4862 1382 4924 conﬁteri,
1432 4871 1485 4916 et
1507 4862 1694 4916 debent
1719 4863 1926 4928 quidem
1957 4861 2193 4928 speciali-

684 4956 767 4999 ter
796 4961 995 4999 summo
1020 4947 1268 5014 pontiﬁci,
1307 4949 1418 5001 sine
1443 4948 1590 5015 cujus
1616 4948 1823 5001 licentia
1849 4955 2193 5015 nonpossunt

684 5035 854 5088 facere
897 5036 1340 5099 immutationem,
1393 5053 1491 5091 nec
1536 5039 1761 5091 condere
1806 5045 2191 5097 testamentum,

686 5121 825 5188 quod
851 5135 952 5173 non
978 5122 1226 5187 probatur
1239 5120 1357 5187 jure
1384 5123 1577 5189 scripto
1600 5123 1690 5174 sed
1715 5122 2087 5174 consuetudine
2114 5136 2197 5173 ro-

687 5208 916 5280 boratur.
964 5207 1061 5259 Alii
1096 5208 1276 5260 dicunt
1313 5207 1450 5274 quod
1473 5207 1721 5259 diaconus
1746 5206 2024 5260 cardiualis
2048 5206 2200 5257 debet

674 5294 1245 5361 .eonﬁteripresbytero
1268 5294 1538 5357 cardinal],
1577 5302 1631 5347 et
1658 5294 1930 5361 presbyter
1956 5293 2198 5347 cardina—

672 5377 757 5433 -lis
784 5379 934 5431 debet
955 5381 1190 5433 conﬁteri
1215 5382 1455 5448 episcopo
1481 5372 1751 5443 cardinali,
1778 5381 2007 5449 episcopi
2033 5381 2202 5435 cardi-

678 5464 838 5519 nales
878 5466 1066 5518 debent
1088 5468 1327 5521 conﬁteri
1356 5481 1559 5520 summo
1597 5466 1848 5535 pontiﬁci,
1891 5474 1994 5519 etc.
2040 5465 2201 5517 Tertii

696 5550 872 5602 dicunt
898 5551 1035 5617 quod
1078 5552 1266 5612 debent
1288 5551 1523 5606 conﬁteri
1567 5545 1950 5621 pueniteutiario
1977 5550 2203 5619 generali
2300 5616 2301 5619 η

699 5635 868 5687 domui
899 5650 1059 5704 papae,
1106 5638 1226 5705 quia
1249 5640 1555 5714 gerigpapte
1580 5641 1737 5704 vices,
1764 5648 1819 5690 ut
1846 5642 2093 5707 probatur
2139 5640 2205 5692 25

2287 4522 2351 4574 de
2369 4518 2605 4571 falsitate
2632 4530 2790 4582 quam
2819 4513 3191 4566 committebat
3214 4509 3451 4577 ponendo
3479 4508 3690 4560 nomina
3714 4509 3803 4559 ab-
3890 4567 3899 4571 ,

2287 4609 2511 4663 sentium
2554 4606 2772 4658 fratrum
2828 4604 2879 4656 in
2942 4601 3247 4671 privilegiis.
3300 4597 3564 4651 Similiter
3616 4596 3806 4663 Grego-

2274 4695 2398 4748 rius
2410 4694 2477 4746 XI
2500 4689 2839 4760 reprehendit
2856 4688 3212 4756 patriarcham
3232 4685 3570 4745 Gradensem,
3591 4697 3654 4736 eo
3669 4681 3803 4749 quod

2289 4790 2468 4833 contra
2511 4793 2736 4833 canones
2781 4783 3028 4843 exegerat
3060 4771 3413 4840 ju'ramentum
3459 4771 3526 4823 ab
3560 4770 3803 4836 episcopo

2288 4867 2600 4921 Castellauo.
2652 4865 2726 4917 De
2748 4863 2938 4916 talibus
2961 4875 3085 4930 ergo
3116 4868 3175 4915 'et
3200 4857 3556 4914 consimilibus
3580 4853 3806 4922 peccatis

2290 4956 2546 5010 confessio
2571 4964 2624 5007 et
2649 4951 2849 5020 punitio
2869 4952 2933 5001 ad
2963 4950 3210 5003 domuum
3252 4959 3439 5015 papam
3472 4941 3718 5011 pertinet.
3751 4938 3806 4993 Si

2293 5051 2464 5095 autem
2482 5049 2696 5109 peccata
2721 5046 2842 5092 sunt
2861 5037 3065 5091 occulta
3090 5044 3265 5093 etnon
3289 5028 3541 5091 enormia,
3575 5029 3647 5093 ita
3672 5026 3805 5095 quod

2293 5136 2501 5197 peracta
2530 5111 2841 5195 paenitentia
2867 5125 3030 5192 possit
3057 5125 3109 5177 iu
3153 5138 3249 5197 suo
3291 5121 3473 5175 ordine
3514 5115 3802 5177 remanere,

2294 5194 2463 5285 potest
2503 5194 2602 5269 sibi
2627 5214 2822 5283 eligere
2861 5194 3233 5273 confessorem,
3277 5217 3334 5262 et
3369 5209 3661 5274 cuicunque
3701 5204 3807 5258 vult

2296 5306 2551 5365 conﬁteri,
2577 5310 2679 5355 etc.
2776 5303 2779 5306 ’
3470 5318 3471 5321 η
3698 5304 3701 5305 ⁷

2262 5413 2280 5422 κ
2296 5393 2373 5446 De
2395 5391 2702 5461 confessione
2727 5384 3212 5466 archiepiscoporum
3231 5425 3244 5448 ,
3276 5395 3323 5438 et
3346 5386 3427 5437 cui
3452 5383 3660 5435 debeant
3694 5393 3807 5431 eon-

2976 5455 3129 5520 literi.

2885 5542 2982 5611 (Ex
3005 5556 3118 5611 cap.
3146 5540 3222 5609 5.)

2370 5636 2612 5692 Dicturus
2634 5634 2699 5686 de
2723 5630 3050 5686 confessione
3091 5628 3617 5696 archiepiscoporum,
3652 5630 3702 5677 et
3728 5623 3804 5673 cui
