4010 6420
245 465 371 518 i093

1124 461 1476 517 EXCERPTA
1514 461 1600 513 EX
1640 459 2134 515 ΡαέΝἰΊῈΝΤΙᾹΙΛ
2168 461 2216 514 ,1.
2260 464 2343 515 DE
2382 463 2530 515 DEO.

3249 467 3378 539 ιᾳθι

243 577 458 628 debeant
499 571 760 633 conﬁteri,
806 573 974 639 primo
999 575 1227 625 occurrit
1266 574 1533 640 multiplex
1575 572 1761 625 distin-
1787 573 1834 632 Α
1858 588 1991 641 papa
2021 572 2319 643 Simplicius
2339 575 2405 627 74
2430 574 2576 639 dist.,
2600 589 2646 627 c.
2675 582 2728 628 et
2759 591 2807 628 c.
2834 576 2887 628 Si
2915 586 3087 631 autem
3115 589 3385 646 peccatum

244 661 357 721 etio,
388 662 593 713 scilicet
607 668 779 712 utrum
807 661 876 712 sit
899 660 1319 727 archiepiscopus
1338 663 1432 714 sub
1462 661 1759 729 patriarcha

245 750 570 810 constitutus,
608 748 690 800 vel
720 756 892 799 utrum
936 747 1233 800 immediate
1270 758 1469 814 spectat
1510 751 1575 801 ad
1596 750 1763 802 domi-

245 849 361 888 num
386 848 593 902 papam.
640 834 767 886 item
808 833 850 885 si
877 841 1077 899 spectat
1100 835 1164 885 ad
1190 836 1566 900 patriarcham,
1606 845 1765 888 etest

244 922 583 991 propinquus,
627 922 765 989 quod
796 921 892 990 ipsi
920 923 1103 977 debeat
1131 924 1387 985 contiteri,
1432 940 1548 976 cum
1587 934 1763 992 posset

244 1009 351 1062 sine
376 1008 632 1077 periculo.
664 1007 793 1060 Nam
816 1009 904 1075 qui
940 1024 1099 1063 sanus
1133 1018 1213 1063 est
1254 1025 1355 1062 non
1380 1011 1530 1079 debet
1549 1019 1687 1063 stare
1710 1011 1759 1063 in

244 1102 450 1162 peccato
487 1109 594 1147 una
623 1095 899 1157 boradiei,
935 1104 992 1147 ut
1033 1098 1281 1163 probatur
1303 1097 1365 1149 de
1390 1097 1535 1149 Pmu.
1560 1098 1680 1150 dist.
1711 1112 1758 1150 c.

247 1183 511 1248 Eteenict,
548 1186 734 1253 inquit,
766 1184 983 1252 Moyses.
1015 1185 1080 1237 Et
1110 1185 1235 1239 illud
1260 1188 1394 1238 idem
1424 1190 1674 1252 probatur
1700 1187 1764 1238 de

244 1272 381 1326 Pmn.
412 1274 536 1327 dist.
566 1274 620 1337 3,
645 1287 693 1325 c.
716 1271 830 1325 Ιιιε.
861 1272 970 1325 Rex
992 1273 1176 1335 David,
1208 1272 1324 1325 talis
1352 1281 1402 1323 et
1429 1283 1533 1325 tam
1558 1282 1761 1339 potens,

242 1375 334 1414 nec
366 1361 558 1429 exiguo
583 1367 847 1413 momento
864 1373 1024 1427 penes
1047 1375 1105 1414 se
1132 1374 1317 1427 passus
1344 1370 1427 1414 est
1452 1370 1506 1411 ut
1532 1370 1763 1412 maneret

241 1447 407 1501 delicti
452 1448 799 1509 conscientia,
845 1448 936 1501 sed
963 1457 1202 1516 prompta
1246 1447 1571 1501 cnnfessioue
1609 1458 1763 1514 atque

241 1535 419 1588 intimo
460 1536 647 1590 dolore
674 1534 900 1588 reddidit
927 1535 1145 1589 Domino
1182 1544 1454 1603 peccatum
1484 1551 1653 1589 suum.
1702 1537 1766 1588 Et

242 1618 363 1673 illud
386 1622 524 1673 idem
555 1620 807 1688 probatur
847 1621 920 1673 ita
958 1621 1023 1673 de
1049 1620 1221 1693 Pam,
1251 1622 1375 1677 dist.
1402 1624 1455 1685 3,
1484 1637 1527 1676 c.
1562 1622 1767 1691 Septies

241 1705 292 1758 in
317 1707 396 1761 die
419 1707 563 1760 cadit
582 1707 760 1775 justus
787 1717 840 1761 et
866 1709 1109 1775 resurgit.
1143 1707 1245 1761 Sed
1270 1710 1323 1781 si
1336 1710 1513 1776 justus
1536 1725 1653 1762 cum
1681 1726 1767 1764 ca-

1857 670 1938 713 est
1956 653 2214 715 occultum
2238 670 2292 715 et
2316 677 2419 715 non
2440 662 2637 731 indiget
2655 661 3253 731 dispensatione,potest
3264 683 3391 723 con-

1858 749 1994 801 {lteri
2022 750 2113 821 cui
2143 750 2402 813 voluerit,
2436 766 2531 817 per
2554 751 2867 805 decretalem
2904 751 3175 822 Gregorii;
3226 769 3292 809 ex
3327 755 3392 808 de

1859 839 2030 901 Pam,
2057 853 2104 891 c.
2140 837 2218 890 Ne
2241 854 2331 904 pro
2356 837 2620 903 dilatione,
2650 848 2702 893 et
2722 840 3007 895 Innocentii
3034 844 3171 896 tertii
3200 844 3251 897 in
3273 860 3391 899 con-

1858 926 1981 979 cilio
2007 925 2259 995 generali,
2290 940 2375 979 ex.
2406 926 2468 979 de
2495 925 2659 978 Elect.

1886 1094 1893 1103 ~
1926 1031 2001 1083 De
2020 1032 2332 1101 confessione
2349 1035 2715 1107 episcoporum,
2737 1045 2785 1107 et
2800 1037 2883 1088 cui
2904 1037 3114 1089 debeant
3138 1040 3390 1107 conﬁteri.

2163 1131 2167 1135 ν
2460 1102 2556 1167 (Ex
2584 1118 2697 1169 cap.
2729 1102 2804 1169 6.)

1930 1186 2001 1237 De
2026 1185 2354 1240 confessione
2386 1190 2615 1257 episcopi
2649 1190 2945 1244 ﬁrmissime
2976 1202 3172 1256 teneas,
3202 1204 3255 1247 et
3282 1195 3392 1248 nui-

1859 1262 2063 1327 latenus
2110 1275 2335 1337 dubites,
2380 1276 2517 1343 quod
2560 1285 2832 1343 exemptus
2872 1278 3102 1345 ejusdem
3135 1279 3269 1346 juris
3296 1291 3395 1344 est,

1862 1363 1995 1414 sicut
2037 1364 2101 1415 de
2138 1362 2466 1416 confessione
2508 1364 2894 1431 metropolitani
2938 1365 3024 1433 qui
3070 1362 3172 1421 non
3223 1370 3403 1422 subest

1860 1449 2172 1511 patriarchae
2198 1467 2210 1500 :
2250 1450 2292 1502 si
2334 1457 2506 1504 autem
2532 1465 2636 1503 non
2664 1459 2746 1503 est
2772 1461 3061 1518 exemptus,
3091 1453 3245 1509 debet
3272 1464 3429 1510 con-‘

1864 1536 1997 1587 titeri
2028 1537 2451 1603 metropolitano,
2481 1538 2665 1590 saltem
2708 1551 2769 1591 eo
2803 1546 3035 1606 tempore
3072 1554 3175 1607 quo
3203 1544 3403 1595 venerit

1864 1624 1927 1675 ad
1951 1623 2229 1676 concilium
2260 1624 2577 1691 provinciale
2603 1624 2743 1691 quod
2770 1626 2921 1678 debet
2945 1624 3076 1689 ﬂeri,
3104 1636 3161 1679 ut
3195 1627 3254 1680 l8
3277 1629 3399 1682 dist.

1865 1710 2135 1776 probatur,
2166 1723 2214 1763 c.
2246 1718 2299 1763 et
2332 1725 2380 1764 c.
2406 1709 2460 1764 Si
2513 1720 2689 1764 autem
2723 1711 2883 1765 fuerit
2933 1713 3172 1767 inﬁrmus
3214 1716 3292 1767 vel
3321 1731 3401 1769 re-

240 1792 332 1855 dit,
358 1795 623 1861 quomodo
641 1792 859 1860 justus?
896 1793 1032 1851 Justi
1060 1796 1367 1848 vocabulum
1401 1812 1503 1849 non
1540 1798 1768 1850 admittit
1808 1872 1823 1874 _
1867 1808 2040 1853 motus
2088 1800 2259 1861 valde,
2314 1807 2486 1867 potest
2535 1799 2773 1854 conﬁteri
2822 1803 3135 1856 necessitate
3188 1814 3405 1874 cogente

240 1881 325 1948 qui
349 1896 561 1949 semper
580 1897 677 1949 per
698 1884 1056 1950 pcenitentiam
1087 1884 1328 1952 resurgit.
1355 1885 1607 1937 Pnelatus
1628 1885 1768 1937 nullo
1805 1872 1843 1928 Β
1873 1887 2165 1953 cuicunque
2190 1885 2449 1951 voluerit;
2480 1888 2580 1941 nisi
2605 1895 2745 1942 esset
2772 1890 3030 1944 notarium
3066 1872 3283 1954 crimen,
3311 1906 3403 1945 cu-

242 1971 390 2025 modo
401 1972 539 2026 alios
556 1970 803 2036 judicare
825 1970 1001 2034 debet,
1026 1972 1150 2025 dum
1179 1973 1401 2026 babetin
1428 1988 1484 2027 se
1504 1975 1615 2040 ipso
1633 1974 1771 2040 quod

239 2060 571 2124 condemnet,
599 2068 659 2113 ut
680 2059 931 2128 probatur
954 2061 1009 2123 5,
1032 2075 1085 2127 q.
1117 2061 1168 2122 7,
1192 2075 1239 2113 c.
1269 2062 1469 2113 Judicet
1498 2062 1599 2123 ille,
1626 2071 1679 2115 et
1720 2076 1767 2114 c.

241 2148 303 2200 In
326 2149 589 2217 gravibus,
618 2156 673 2201 et
721 2164 781 2202 c:
812 2146 1109 2200 Postulatus
1150 2148 1417 2200 Dominus.
1465 2149 1595 2202 lllud
1635 2150 1773 2203 idem

238 2234 423 2300 probat
463 2232 817 2305 Gregorius...
861 2235 1016 2301 (ινδ,
1064 2250 1109 2287 e.
1162 2232 1507 2302 Plerumque;
1550 2245 1604 2287 et
1648 2237 1772 2289 illud

241 2321 371 2376 idem
404 2323 602 2390 probat
628 2321 964 2390 Augustinus,
996 2323 1059 2375 de
1084 2312 1256 2384 Pam,
1283 2323 1405 2375 dist.
1435 2323 1486 2383 6,
1530 2321 1630 2385 Qui
1670 2322 1773 2374 vult

239 2411 497 2478 conﬁteri.
522 2411 635 2465 Hoc
666 2427 770 2466 non
802 2411 969 2465 solum
999 2412 1062 2464 de
1092 2412 1482 2478 archiepiscopo
1508 2411 1660 2463 debet
1690 2412 1771 2462 iu-

164 2570 173 2572 ν
241 2499 400 2567 telligi
425 2540 442 2564 ,
484 2502 582 2554 sed
625 2502 688 2556 de
718 2516 1033 2569 quocunque
1063 2501 1164 2553 alio
1189 2502 1406 2567 prmlato
1428 2540 1440 2561 ,
1483 2502 1595 2553 sive
1624 2515 1776 2567 supe-

241 2588 361 2641 riori
388 2590 500 2642 sive
521 2590 781 2645 inferiori.
806 2590 936 2642 Nam
966 2592 1101 2642 sicut
1124 2590 1251 2643 dicit
1283 2591 1592 2644 Ambrosius
1613 2631 1627 2653 ,
1656 2606 1774 2644 cum

240 2678 304 2732 iis
339 2680 586 2747 displicet
626 2680 717 2748 qui
762 2680 829 2732 ad
874 2681 1302 2733 intercedendum
1346 2681 1607 2742 mittitur,
1656 2682 1773 2733 irati

241 2769 447 2821 animus
490 2769 557 2821 ad
614 2768 873 2822 deteriora
929 2777 1274 2836 provocatur,
1324 2778 1383 2821 ut
1429 2771 1681 2836 probatur
1718 2772 1773 2833 5,

240 2870 291 2921 q.
316 2855 366 2917 7,
388 2871 437 2908 c.
471 2854 539 2907 In
561 2844 817 2923 gravibus.
838 2855 1124 2908 Illud'idem
1149 2855 1337 2924 probat
1361 2856 1646 2925 Gregorius
1672 2857 1777 2909 Ma-

242 2958 370 3011 gnus
396 2945 449 2997 in
468 2943 727 2997 Pastorali
753 2946 953 3007 ειη-49
980 2946 1128 3008 dist.,
1156 2961 1204 2999 c.
1236 2948 1283 2998 l.
1318 2947 1373 3001 Si
1404 2956 1575 3000 autem
1597 2959 1677 3002 est
1699 2951 1778 3001 in-

150 3031 155 3037 '
242 3032 425 3097 ﬁrmus
448 3031 907 3101 met’bpolitanus,
932 3039 1053 3086 tunc
1078 3033 1272 3100 poterit
1294 3035 1584 3101 cuicunque
1601 3036 1777 3089 volue-

244 3117 311 3169 rit
336 3116 584 3170 conﬁteﬁ
619 3117 898 3180 sacenloti,
945 3117 1071 3171 dum
1119 3119 1604 3187 tamencatbolico.
1652 3120 1777 3182 Pro—

1862 1970 1950 2037 jus
1976 1974 2237 2039 correptio
2261 1983 2313 2026 et
2337 1975 2613 2042 castigatio
2644 1983 2844 2042 spectat
2869 1975 2933 2030 ad
2968 1978 3311 2044 superiorem.
3339 1979 3405 2033 Et

1869 2059 1989 2113 licet
2016 2061 2176 2114 multa
2204 2064 2312 2114 sint
2356 2062 2541 2116 delicta
2573 2078 2690 2131 quae
2716 2066 3009 2132 episcopos,
3055 2069 3405 2136 archiepisco-

1871 2162 1964 2214 pos
1990 2156 2044 2200 et
2063 2150 2389 2215 patriarchas
2413 2149 2655 2216 majores,
2696 2158 2748 2203 et
2775 2138 3024 2218 primates
3050 2146 3286 2207 minores
3305 2154 3406 2207 du-

1872 2243 1997 2286 cunt
2037 2234 2102 2287 ad
2130 2236 2467 2304 ignominiam
2496 2245 2550 2289 et
2583 2237 2967 2302 confusionem,
3014 2249 3184 2293 tamen
3212 2257 3274 2295 ex
3304 2242 3407 2298 illis

1871 2335 2039 2386 potica
2088 2323 2375 2375 secundum
2429 2324 2797 2378 auctoritatem
2842 2335 3144 2381 sanctorum
3195 2327 3406 2383 Patrum

1870 2411 1966 2462 sub
1995 2411 2139 2464 brevi
2169 2412 2302 2481 stylo
2330 2414 2394 2465 ad
2422 2415 2728 2467 memoriam
2752 2416 3153 2483 restringamus,
3182 2426 3241 2470 ut
3269 2432 3408 2485 pra:—

1871 2506 2046 2549 sentes
2088 2498 2416 2564 corrigantur
2457 2499 2547 2577 qui
2596 2501 2649 2553 in
2686 2503 3124 2570 subsequentibus
3171 2506 3404 2575 delique-

1872 2592 1991 2636 runt
2021 2593 2113 2638 :‘et
2135 2583 2296 2638 futuri
2314 2584 2426 2652 jam
2453 2588 2594 2641 cauti
2622 2596 2675 2643 et
2701 2588 2941 2644 instructi
2971 2590 3195 2646 timeant
3214 2585 3403 2647 similia

1871 2681 2198 2742 perpetrare.
3290 2702 3293 2704 >

1940 2761 2176 2815 Primum
2204 2770 2305 2825 est,
2352 2764 2493 2830 quod
2530 2764 2808 2819 conferunt
2848 2765 3107 2820 beneﬁcia
3129 2767 3412 2822 indiscrete

1872 2850 2293 2919 consanguineis,
2319 2850 2517 2904 carnali
2542 2866 2720 2907 amore
2744 2849 2884 2907 ducti
2914 2854 2979 2906 ad
3009 2853 3132 2906 talia
3160 2854 3410 2909 beneﬁcia
3458 2853 3467 2911 ί

1872 2938 2169 3004 pnebenda,
2199 2948 2259 2992 ut
2283 2940 2470 3006 probat
2500 2939 2831 2993 Innocentius
2859 2941 2909 2993 in
2935 2955 3021 2995 ex.
3062 2939 3129 2993 Ut
3177 2941 3411 2996 ecclesia-

1871 3026 1998 3077 stica
2023 3026 2283 3092 beneﬁcia,
2313 3043 2362 3080 c.
2397 3026 2464 3079 Ut
2491 3038 2727 3081 vestrum.
2868 3028 2875 3029 7

1943 3110 2241 3164 Secundum
2266 3120 2366 3175 est,
2395 3113 2535 3181 quod
2558 3114 2839 3168 indiscrete
2866 3115 3113 3171 ordinant
3148 3106 3411 3171 indoctum

243 3204 394 3256 batur
414 3204 505 3267 ‘26,
547 3220 602 3272 q.
634 3203 686 3267 6,
716 3219 765 3259 c.
799 3202 858 3258 Si
885 3171 1163 3273 presbyter,
1184 3214 1236 3258 et
1276 3171 1539 3269 choen.,
1562 3171 1774 3272 distati,

1881 3197 1931 3249 in
1961 3197 2076 3250 loco
2100 3198 2241 3252 docti
2265 3198 2355 3266 qui
2377 3171 2540 3251 uinum
2567 3199 2750 3267 pedem
2780 3201 2832 3253 in
2876 3201 3150 3255 mundanis
3174 3212 3333 3268 tenet,
3359 3202 3415 3258 et

245 3290 341 3354 Qui
370 3292 472 3363 vult
498 3291 753 3358 conﬁteri.
784 3291 839 3343 Si
865 3302 1038 3344 autem
1060 3300 1141 3345 est
1169 3304 1399 3346 remotus
1425 3295 1781 3361 metropolita-

245 3393 340 3429 nus
365 3394 394 3429 a
418 3378 672 3445 primate,
718 3378 768 3430 in
797 3392 860 3431 eo
886 3393 1013 3431 casu
1039 3377 1325 3448 distingue,
1364 3387 1546 3431 utrum
1580 3381 1779 3436 crimen

244 3467 310 3517 sit
336 3466 606 3520 notorium
627 3467 708 3521 vel
731 3467 1028 3522 occultum:
1060 3469 1104 3521 si
1132 3469 1401 3523 notorium‘
1413 3478 1513 3530 est,
1550 3474 1779 3538 patriar—

245 3556 354 3608 chae
381 3556 546 3610 debet
568 3554 829 3617 conﬁteri,
858 3563 910 3608 et
934 3556 1000 3608 ab
1025 3556 1114 3608 illo
1148 3556 1506 3623 castigariput
1531 3560 1783 3626 probatur
1820 3599 1835 3607 -

158 3642 168 3653 “
246 3646 297 3705 5,
323 3661 374 3711 q.
404 3646 476 3707 ὃς
529 3644 576 3697 si
604 3652 778 3696 autem
823 3643 1025 3696 crimen
1052 3651 1132 3696 est
1164 3644 1449 3705 occultum,
1480 3646 1650 3698 adhuc
1675 3646 1781 3700 dis-

249 3740 426 3799 tingue
448 3741 630 3785 utrum
665 3731 734 3783 sit
759 3734 973 3784 enorme
993 3730 1076 3784 vel
1100 3746 1223 3784 non.
1250 3731 1305 3784 Si
1332 3741 1504 3785 autem
1528 3743 1608 3786 est
1633 3745 1785 3787 enor-

248 3836 349 3884 me,
385 3821 511 3888 quia
546 3821 746 3889 indiget
781 3820 1190 3889 dispensatione,
1231 3822 1384 3875 debet
1412 3823 1645 3881 conﬁteri
1693 3840 1782 3892 pa-

249 3911 493 3965 triarcha:
520 3911 606 3963 vel
640 3924 846 3963 summo
870 3909 1134 3977 pontifici,
1182 3926 1299 3963 cum
1335 3912 1437 3963 non
1459 3913 1623 3979 possit
1651 3912 1784 3965 alius

247 3997 581 4067 dispensare,
611 4005 671 4050 ut
696 3998 948 4064 probatur
972 3998 1059 4061 2|,
1089 3997 1313 4061 Inferior
1335 3999 1493 4050 sedes.
1527 4000 1580 4051 Si
1609 4008 1783 4073 autem

248 4102 349 4140 non
391 4088 601 4155 indiget
640 4084 1059 4154 dispensatione,
1104 4092 1275 4152 potest
1303 4086 1537 4139 conﬁteri
1571 4087 1785 4140 cuicun—

248 4187 349 4240 que
392 4172 667 4235 voluerit;
712 4172 832 4224 dum
866 4178 1040 4224 tamen
1087 4172 1156 4225 sit
1193 4172 1483 4226 catholicus
1521 4172 1782 4226 sacerdos.

247 4260 398 4315 Juxta
430 4262 580 4315 illam
606 4263 803 4314 decret.
839 4263 903 4315 de
926 4261 1073 4313 Poen.
1117 4270 1168 4312 et
1208 4262 1409 4314 remiss.
1436 4279 1481 4314 (ι.
1509 4271 1628 4315 etc.
1658 4262 1785 4315 item

249 4353 291 4403 si
325 4360 535 4419 spectat
567 4349 864 4401 immediate
888 4349 953 4401 ad
984 4349 1249 4401 dominum
1278 4364 1466 4416 papam
1518 4358 1569 4401 et
1595 4358 1675 4401 est
1702 4351 1783 4401 vi-

250 4440 420 4501 cinus,
462 4438 550 4490 vel
579 4438 714 4501 intra
762 4436 979 4497 italiam,
1029 4437 1080 4488 in
1123 4436 1367 4497 sanitate,
1422 4436 1490 4487 illi
1518 4436 1785 4491 debuisset

248 4525 533 4588 conﬁteri,,
559 4538 681 4577 cum
708 4530 913 4592 oportet
943 4536 1064 4575 eum
1090 4538 1153 4575 ex
1179 4523 1492 4575 necessitate
1538 4523 1781 4591 semelgiu

251 4630 386 4668 anno
415 4613 714 4667 Romanam
744 4610 1028 4675 Ecclesiam
1071 4612 1305 4673 visitare,
1357 4620 1413 4662 ut
1442 4612 1691 4678 probatur
1715 4613 1783 4665 95

250 4704 395 4765 dist.,
424 4717 475 4759 ρ.
506 4690 636 4755 etc.
669 4698 726 4753 Si
751 4699 927 4753 autem
954 4707 1035 4753 est
1067 4692 1327 4761 infirmus,
1355 4709 1527 4767 potest
1545 4699 1781 4754 conﬁteri

251 4793 550 4859 cuicunque
577 4788 815 4852 voluerit,
862 4788 982 4841 dum
1006 4796 1178 4840 tamen
1205 4787 1273 4839 sit
1301 4787 1586 4839 catholicus
1610 4803 1785 4840 sacer-

253 4882 343 4937 dos
374 4899 387 4933 :
418 4894 485 4934 ne
512 4877 892 4934 interveniente
931 4876 1197 4943 paululqu
1224 4890 1370 4928 mora
1416 4876 1634 4928 inveniri
1679 4893 1780 4928 non

252 4973 413 5038 ροςείι
452 4969 547 5038 qui
577 4965 880 5020 redimatur.
909 4964 1168 5017 Probatur
1190 4964 1223 5017 5
1250 4964 1400 5022 dist.,
1424 4979 1471 5016 ς.
1505 4963 1784 5032 Βιιρὶἰιαή.

255 5059 379 5114 Illud
405 5060 547 5114 idem
575 5056 763 5133 probat
784 5054 889 5107 Leo
910 5069 1041 5122 papa
1061 5056 1123 5107 de
1151 5053 1322 5115 Poem,
1344 5052 1489 5112 dist.,
1518 5068 1563 5104 ο.
1592 5054 1639 5113 t,
1663 5052 1795 5105 Mn!-

255 5149 444 5218 tiplex:
472 5147 567 5208 26,
599 5162 654 5214 q.
698 5144 748 5206 6,
803 5160 850 5198 c.
893 5143 993 5206 Qui
1037 5144 1295 5206 recedunt,
1334 5152 1386 5197 et
1433 5159 1480 5193 τι.
1520 5143 1573 5195 Is
1614 5145 1700 5212 qui
1740 5146 1789 5195 in

1818 4494 1862 4549 Ι)

1878 3285 2038 3338 alium
2061 3286 2114 3337 in
2136 3285 2525 3350 ecclesiasticis,
2554 3295 2734 3341 contra
2759 3294 2921 3356 legem
2938 3287 3186 3351 divinam,
3218 3300 3273 3343 ut
3295 3307 3414 3360 pro-

1879 3372 1971 3425 bat
1998 3370 2064 3424 le.
2096 3372 2165 3426 48
2194 3372 2342 3435 dist.,
2376 3387 2423 3425 c.
2454 3373 2548 3426 ult.

1949 3459 2185 3513 Tertium
2213 3470 2316 3525 est,
2367 3462 2576 3529 quando
2612 3470 2800 3532 rogant
2843 3470 2959 3532 pro'
2982 3464 3206 3534 indignis
3246 3466 3415 3521 scien-

1881 3557 1979 3612 ter,
2002 3550 2103 3602 ete.
2881 3580 2884 3584 λ
3300 3539 3308 3578 ’-

1946 3636 2201 3702 Quartum
2230 3636 2330 3700 est,
2368 3640 2577 3706 quando
2617 3639 2861 3694 ordinant
2895 3642 3129 3711 bigamos
3156 3653 3209 3697 et
3235 3644 3414 3699 illitte-

1880 3734 2024 3780 ratos
2052 3736 2107 3779 et
2139 3742 2362 3796 corpore
2397 3729 2610 3782 vitiatas
2644 3736 2827 3783 contra
2871 3731 3183 3786 sententiam
3223 3732 3418 3789 Gelasii

1874 3833 2047 3886 papae,
2078 3818 2144 3871 50
2172 3818 2320 3881 dist.,
2351 3835 2399 3872 c.
2433 3818 2551 3871 Non
2579 3819 2824 3886 conﬁdat.

1948 3905 2196 3969 Quintum
2241 3914 2340 3967 est,
2391 3905 2530 3972 quod
2569 3898 2813 3958 ordina'nt
2860 3907 3020 3960 curiae
3065 3909 3323 3978 obligatos
3367 3922 3424 3966 et

1874 3982 2213 4059 joculatores'
2238 3999 2290 4044 et
2317 3992 2598 4045 advocatos
2632 3981 2685 4045 in
2709 4007 2866 4046 causa
2913 3996 3197 4062 sanguinis,
3235 3994 3420 4052 contra

1882 4081 2193 4134 sententiam
2225 4079 2281 4133 S.
2312 4080 2619 4143 Innocentii,
2647 4080 2707 4132 51
2748 4081 2892 4145 dist.,
2916 4097 2963 4136 c.
2996 4083 3315 4153 Aliquantos.

1953 4170 2168 4224 Sextum
2203 4178 2300 4229 est,
2333 4168 2469 4236 quod
2499 4169 2743 4223 ordinant
2792 4186 2972 4225 servos
3011 4180 3066 4226 et
3090 4175 3420 4244 origenarios

1878 4275 1984 4312 non
2014 4258 2382 4320 manumissos,
2413 4266 2596 4312 contra
2620 4260 2930 4313 sententiam
2951 4259 3141 4315 Gelasii
3163 4278 3327 4331 papae;
3353 4265 3446 4317 55‘

1882 4349 2003 4401 dist.
2035 4344 2294 4415 Frequens
2321 4356 2375 4399 et
2392 4362 2441 4398 c.
2480 4346 2563 4398 Ex
2589 4347 2831 4415 antiquis,
2858 4358 2978 4403 etc.
3007 4349 3243 4404 General.
3270 4354 3335 4407 Et
3353 4356 3421 4408 il—

1886 4437 1970 4487 lud
2012 4435 2147 4489 idem
2175 4434 2360 4502 probat
2388 4433 2666 4487 concilium
2709 4434 3037 4497 Arelatense,
3068 4439 3155 4492 ubi
3181 4440 3244 4493 de
3270 4441 3423 4511 biga-

1888 4524 1985 4576 mis
2011 4531 2065 4575 et
2107 4522 2173 4575 de
2212 4521 2587 4590 paenitentibus
2622 4520 2942 4587 solemniter,
2988 4533 3041 4578 et
3068 4526 3131 4579 de
3172 4527 3289 4581 aliis
3328 4544 3423 4582 or-

1886 4611 2079 4663 dinatis
2129 4610 2217 4678 qui
2274 4623 2376 4664 non
2420 4608 2611 4661 debent
2655 4611 2972 4677 promoveri.
3039 4611 3298 4668 Probatur
3352 4615 3418 4668 5|

1888 4701 2031 4761 dist.,
2068 4709 2117 4751 c.
2157 4700 2201 4748 Ι.
2564 4738 2568 4743 .

1956 4785 2242 4852 Septimum
2271 4792 2368 4841 est,
2419 4781 2555 4849 quod
2597 4768 2935 4848 pr'omoveaut
2973 4784 3320 4841 dicmoniacos
3374 4801 3428 4844 rt

1886 4872 2204 4944 epilepticos,
2234 4877 2412 4923 contra
2444 4868 2754 4921 sententiam
2780 4866 2969 4921 Gelasii
2998 4884 3163 4937 papze,
3190 4871 3257 4926 25
3294 4874 3419 4929 dist.

1892 4960 2060 5028 Usque
2094 4960 2242 5017 adeo,
2265 4967 2318 5010 et
2344 4964 2525 5009 contra
2568 4956 2881 5024 sententiam
2908 4955 3165 5028 Gregorii,
3191 4962 3337 5027 dist.,
3366 4978 3415 5018 ο.

1892 5051 2154 5102 Maritum.
2684 5075 2689 5080 -
3025 5072 3032 5078 ’
3113 5069 3119 5075 ·
3304 5068 3315 5075 ’

1957 5136 2207 5190 Octavum
2241 5144 2341 5197 est,
2376 5134 2515 5202 quod
2562 5138 2870 5201 promovent
2911 5132 3049 5188 ﬁlios
3088 5137 3419 5205 presbytero-

256 5248 492 5305 tempore.
551 5233 608 5288 Si
660 5242 833 5287 autem
876 5240 957 5286 est
999 5228 1229 5286 remetus
1273 5234 1407 5285 ultra
1461 5233 1659 5285 Italiam
1712 5232 1792 5284 vel
1883 5243 2026 5287 rum.
2057 5234 2110 5279 ei-
2136 5224 2265 5277 alios
2287 5238 2388 5276 ιιοη
2417 5222 2647 5290 legitime
2673 5228 2845 5283 Πεῑοεν
2885 5229 3067 5274 00mm
3105 5224 3419 5278 Sememiam

256 5341 489 5390 enorme,
522 5323 740 5378 domino
768 5337 913 5390 papae
941 5322 1092 5376 debet
1129 5322 1384 5383 conﬁteri,
1412 5332 1465 5375 et
1492 5324 1557 5374 ab
1585 5323 1672 5373 illo
1700 5337 1789 5374 ca—

257 5417 459 5487 stigari,
507 5425 568 5469 ut
610 5412 798 5483 probat
830 5411 1159 5477 Innocentius
1200 5426 1330 5478 papa
1370 5414 1423 5475 9,
1462 5426 1514 5479 q.
1546 5411 1597 5473 ‘2,
1628 5426 1676 5461 c.
1729 5410 1787 5463 Si

258 5516 423 5557 autem
449 5504 663 5573 aliquis.
713 5500 778 5553 Et
815 5499 939 5553 illud
977 5502 1113 5555 idem
1153 5500 1339 5568 probat
1380 5497 1679 5565 Gregorius,
1723 5498 1789 5549 74

260 5592 375 5645 dist.
403 5607 452 5644 c.
491 5590 813 5653 Honoratur,
842 5596 895 5642 et
914 5589 964 5649 2,
997 5604 1049 5656 q.
1080 5590 1132 5653 5,
1166 5590 1366 5653 Quanta
1405 5597 1450 5638 et
1490 5603 1691 5656 serqua
1728 5586 1790 5637 de

261 5696 456 5748 causa;
502 5679 574 5734 43
613 5679 762 5744 dist.,
801 5693 850 5733 c.
880 5677 1230 5731 Salomimmr.
1270 5676 1395 5731 illud
1442 5674 1576 5726 idem
1606 5672 1790 5743 probat

1204 5774 1237 5781 ..-

1894 5314 2089 5369 Urbani
2113 5323 2278 5381 papae,
2307 5311 2374 5364 56
2398 5310 2544 5390 dist.,
2570 5324 2620 5361 c.
2653 5309 2678 5361 ί
2876 5349 2882 5355 .
2931 5350 2949 5389 λγ

1958 5402 2161 5456 Nonum
2190 5408 2288 5461 est,
2310 5395 2447 5466 quod
2469 5395 2683 5455 trahunt
2710 5395 2978 5465 religiosos
3001 5395 3065 5450 de
3085 5397 3418 5451 monasteriis

1893 5499 2074 5546 contra
2102 5488 2423 5542 voluntatem
2457 5480 2705 5539 abbatum
2732 5474 2966 5548 suorum,
2997 5491 3055 5537 ut
3079 5483 3329 5552 probatur
3346 5483 3418 5541 58

1882 5582 2038 5642 dist.,
2079 5595 2125 5631 (δ,
2159 5578 2283 5643 κει
2307 5575 2361 5633 9..
2391 5584 2438 5627 el
2478 5572 2563 5634 18,
2589 5588 2641 5641 q.
2666 5571 2718 5634 9.,
2748 5568 2911 5634 Quam
2950 5571 3037 5637 sit,
3060 5579 3115 5624 et
3146 5572 3193 5623 ε.
3233 5568 3412 5627 Lumi-

1900 5688 2039 5723 ηοεο.
