4010 6454
577 471 581 476 ’
641 497 770 560 ῳθδ

1515 495 1860 548 ΕΧΕΕΚΡΤΛ
1900 494 1984 546 EX
2025 491 2514 545 POENITENTIALI
2544 492 2592 545 Ι.
2632 493 2714 544 DE
2753 491 2880 543 DEO

3553 37 3936 332 ετ

3609 483 3733 538 1098

705 605 963 657 Decimum
985 613 1080 664 est,
1103 603 1234 668 quod
1262 611 1560 668 promovent
1581 601 1767 651 multos
1787 599 2016 658 clericos,
2049 596 2134 647 ubi
2167 602 2210 652 Α
2237 596 2386 647 batur
2411 596 2476 647 80
2502 596 2647 656 dist.,
2673 609 2716 647 c.
2771 595 3028 645 Perlutmn
3055 603 3146 654 est,
3175 602 3224 643 et
3261 609 3307 644 c.
3336 592 3613 659 Episcopus
3641 593 3735 642 tui-

634 698 712 742 est
742 688 1024 741 sollicitudo
1045 687 1292 738 laicorum
1314 701 1326 736 :
1355 692 1406 737 et
1429 700 1546 737 cum
1570 699 1670 737 non
1689 693 1900 751 possunt
1920 684 1995 735 eis
2015 685 2139 737 dare

636 775 898 833 beneﬁcia,
923 777 1046 826 dant
1073 774 1150 825 cis
1171 773 1375 825 ordines
1399 780 1574 824 contra
1604 771 1904 822 sententiam
1946 769 2138 836 Urbani

633 861 698 913 58
727 862 868 920 dist.,
909 859 962 910 Si
991 859 1148 925 ofﬁcia
1176 857 1456 915 sa’cularia,
1508 858 1590 908 ubi
1625 857 1810 908 dicitur
1833 857 1970 923 quod
2013 855 2137 906 latio

631 948 866 999 ordinum
893 959 1094 1011 semper
1122 944 1269 994 debet
1291 957 1404 995 esse
1430 943 1636 995 discreti
1669 941 1870 1007 judicii,
1899 943 2018 1011 quia
2058 955 2139 992 ra-

635 1050 745 1086 rum
782 1040 860 1084 est
883 1045 1034 1084 omne
1057 1032 1193 1097 quod
1223 1045 1461 1097 magnum
1494 1039 1590 1081 est.

703 1119 1038 1172 Undecimum
1064 1125 1164 1178 est,
1192 1117 1328 1183 quod
1374 1117 1468 1182 ipsi
1512 1117 1735 1182 episcopi
1771 1105 2136 1180 promoventur

634 1208 906 1260 indiscrete
935 1220 996 1257 ex
1023 1205 1187 1263 laicis,
1215 1203 1334 1268 quia
1355 1203 1452 1255 hoc
1477 1218 1590 1254 esse
1618 1217 1716 1254 non
1749 1203 1917 1267 debet,
1947 1210 2002 1253 ut
2019 1216 2138 1266 pro-

633 1295 756 1348 bant
786 1291 950 1345 sancti
974 1289 1156 1341 Patres
1181 1288 1245 1340 58
1265 1290 1405 1348 dist.,
1429 1305 1474 1340 c.
1502 1287 1609 1338 Hoc
1629 1289 1694 1338 ad
1714 1304 1824 1348 nos,
1849 1296 1968 1339 etc.
1989 1286 2138 1338 Ordi-

631 1388 814 1438 natos;
843 1377 928 1429 ubi
952 1377 1075 1429 dicit
1121 1389 1250 1444 papa
1282 1375 1587 1427 lecstiuus
1624 1376 1759 1439 quod
1793 1375 1979 1426 debent
2020 1381 2138 1425 ante

630 1478 744 1516 esse
770 1461 1001 1528 discipuli
1025 1476 1177 1527 quam
1206 1460 1457 1526 magistri,
1490 1459 1657 1510 omnis
1691 1458 1827 1509 enim
1852 1459 1966 1510 vita?
1994 1458 2138 1509 insti-

633 1548 761 1600 tutio
793 1547 856 1598 ad
883 1546 930 1598 id
953 1546 1089 1612 quod
1113 1545 1330 1596 intendit
1357 1560 1410 1596 se
1440 1543 1697 1596 informat.

698 1632 1064 1684 Duodecimum
1110 1640 1208 1691 est,
1252 1629 1387 1696 quod
1432 1638 1737 1696 promovent
1776 1629 1991 1682 clericos
2026 1629 2138 1680 sine

630 1719 796 1780 titulo,
825 1726 1001 1770 contra
1031 1715 1302 1769 concilium
1326 1714 1777 1775 .Clialcedonense,
1809 1723 1865 1765 ut
1891 1715 2140 1779 probatur

630 1806 694 1856 70
713 1806 848 1864 dist.,
882 1820 928 1856 c.
961 1802 1243 1864 Neminem,
1272 1811 1389 1853 etc.
1419 1802 1737 1854 Sanctorum.
1766 1802 1830 1853 Et
1848 1802 1976 1862 illud
2000 1803 2134 1855 idem

629 1896 878 1961 probatur
899 1907 982 1944 ex.
1012 1891 1076 1943 de
1099 1891 1412 1951 Praabendis,
1435 1904 1482 1942 c.
1511 1889 1679 1956 Episc.

697 1978 959 2030 Decimum
987 1977 1194 2029 tertium
1220 1985 1318 2038 est,
1347 1976 1483 2042 quod
1505 1976 1758 2042 recipiunt
1781 1977 1998 2028 clericos
2017 1977 2140 2028 alie-

633 2081 724 2118 nos
749 2065 858 2117 sine
884 2065 1070 2116 litteris
1115 2063 1484 2116 demissoribus
1522 2077 1731 2115 suorum
1761 2065 2138 2129 episcoporum,

630 2158 686 2202 ut
711 2152 958 2218 probatur
981 2150 1036 2200 7i
1072 2149 1214 2212 dist.,
1245 2164 1292 2202 c.
1326 2147 1479 2208 Illud,
1509 2157 1624 2200 etc.
1657 2149 1714 2200 Si
1745 2151 1874 2216 quis,
1903 2159 2021 2201 etc.
2071 2149 2142 2199 De

630 2238 814 2299 aliena,
842 2245 958 2288 etc.
989 2235 1226 2287 Clericos.
1255 2235 1382 2287 lllud
1403 2236 1536 2287 idem
1563 2237 1809 2302 probatur
1830 2250 1914 2287 ex.
1940 2237 2001 2287 de
2024 2235 2140 2287 Cle-

633 2323 753 2374 ricis
775 2322 1079 2388 peregrinis,
1110 2328 1163 2372 et
1186 2320 1239 2382 7,
1265 2335 1316 2386 q.
1345 2320 1393 2382 l,
1419 2336 1465 2372 c.
1499 2320 1616 2372 Non
1643 2329 1850 2382 oportet,
1874 2329 1988 2372 etc.
2020 2319 2142 2371 Pla-

632 2409 751 2459 cuit.
782 2408 908 2460 lllud
937 2407 1069 2460 idem
1093 2407 1160 2460 28
1184 2407 1326 2468 dist.,
1362 2422 1407 2459 c.
1441 2409 1486 2458 l.
2133 2461 2138 2465 ,

699 2494 962 2548 Decimum
1004 2501 1241 2560 quartum
1288 2501 1386 2557 est,
1414 2495 1549 2560 quod
1597 2484 1863 2561 negligant
1907 2495 2144 2560 proprios

635 2583 867 2642 clericos,
897 2589 949 2633 et
989 2577 1257 2634 dimittunt
1277 2594 1367 2632 eos
1394 2583 1541 2646 quasi
1587 2595 1710 2632 oves
1738 2587 1992 2639 errantes,
2021 2594 2144 2630 con-

635 2678 713 2720 tra
740 2666 1045 2719 sententiam
1075 2667 1261 2718 Leonis
1285 2680 1444 2732 papze,
1471 2673 1529 2717 ut
1559 2666 1801 2732 probatur
1827 2666 1892 2715 77
1920 2666 2062 2726 dist.,
2092 2681 2138 2718 c.

632 2752 930 2820 Episcopus.

703 2826 964 2892 Decimum
992 2839 1228 2906 quintum
1254 2849 1354 2902 est,
1382 2841 1516 2907 quod
1557 2849 1854 2908 promovent
1895 2840 2142 2908 quosdam

633 2925 820 2978 invitos
841 2927 950 2978 sine
975 2926 1143 2992 aliqua
1175 2929 1499 2989 necessitate,
1527 2929 1615 2979 sed
1657 2928 1762 2980 sola
1787 2943 1940 2980 causa
1975 2929 2145 2994 ingra-

633 3013 884 3074 titudinis,
910 3023 1088 3064 contra
1127 3015 1460 3065 auctoritates
1492 3021 1786 3066 sanctorum
1819 3015 2044 3076 Patrum,
2091 3025 2144 3066 ut

634 3099 880 3165 probatur
906 3098 970 3149 74
997 3099 1136 3161 dist.,
1166 3115 1210 3151 c.
1241 3098 1530 3167 Episcopus,
1560 3110 1679 3152 etc.
1701 3102 1866 3162 Gesta,
1899 3104 1981 3153 ubi
2010 3103 2136 3154 dici-

637 3192 722 3235 tur
746 3184 880 3250 quod
911 3185 1080 3236 nullus
1106 3185 1430 3252 compellitur
1457 3202 1689 3239 crescere
1715 3188 1924 3240 invitus.

704 3272 967 3325 Decimum
990 3282 1190 3325 sextum
1216 3282 1311 3333 est,
1356 3274 1490 3338 quod
1516 3285 1818 3340 promovent
1861 3276 2060 3344 aliquos
2097 3277 2147 3328 in

637 3359 800 3409 sacris
824 3367 969 3409 extra
1001 3366 1231 3425 tempora
1259 3359 1322 3409 ad
1361 3359 1459 3410 hoc
1488 3360 1748 3425 deputata,
1775 3370 2150 3416 contra'aucto-

613 3441 843 3496 'ritatem
891 3453 1187 3498 sanctorum
1217 3444 1448 3508 Patrum,
1487 3456 1542 3498 ut
1585 3448 1830 3514 probatur
1861 3449 1924 3500 75
1949 3449 2078 3513 dist,
2098 3465 2146 3503 c.

641 3529 1009 3590 Ordinationes,
1039 3539 1158 3583 etc.
1205 3530 1335 3593 Quia
1363 3533 1608 3599 putribus,
1641 3543 1687 3585 et
1727 3535 1902 3586 eadem
1929 3516 2078 3598 dist.,,
2100 3551 2146 3588 c.

638 3617 756 3678 ult.,
781 3626 833 3669 et
855 3631 935 3668 ex.
969 3617 1030 3670 de
1057 3616 1328 3684 Tempore,
1356 3627 1457 3671 etc.

707 3703 966 3756 Decimum
1013 3705 1286 3770 septimum
1332 3703 1432 3767 est,
1462 3708 1596 3772 quod
1641 3707 1911 3760 conferunt
1943 3710 2152 3763 ordines

642 3803 819 3841 sacros
850 3791 1131 3842 minoribus
1158 3791 1208 3841 in
1255 3800 1404 3842 artate
1432 3793 1678 3859 legitima,
1707 3795 1770 3845 ad
1811 3796 1909 3847 hoc
1936 3797 2149 3863 indigni,

643 3890 745 3926 non
775 3878 991 3927 servatis
1033 3877 1320 3929 iuterstitiis
1347 3885 1652 3946 temporum.
1699 3890 1877 3933 contra
1923 3885 2151 3936 auctori-

643 3969 798 4014 tatem
827 3971 1136 4026 sanctorum,
1167 3972 1224 4016 ut
1251 3966 1497 4031 probatur
1518 3967 1582 4019 77
1608 3969 1726 4020 dist.
1756 3985 1849 4034 per
1879 3979 2060 4034 totum,
2101 3981 2154 4025 et

644 4051 709 4103 78
734 4051 853 4103 dist.
882 4067 974 4118 per
1003 4060 1185 4108 totum.

712 4136 973 4190 Decimum
1015 4147 1251 4190 octavum
1280 4149 1377 4200 est,
1409 4141 1544 4206 quod
1573 4145 1827 4196 sustinent
1862 4145 2079 4199 clericos
2103 4147 2152 4198 in

646 4235 738 4273 sua
774 4221 988 4282 malitia,
1027 4238 1244 4289 quorum
1272 4225 1519 4291 obsequio
1561 4223 1874 4291 delibatifut
1907 4234 2156 4300 probatur

648 4307 715 4359 73
738 4306 881 4368 dist.,
905 4306 954 4359 Si
981 4309 1092 4374 quis
1113 4309 1390 4377 episcopus,
1419 4320 1470 4364 et
1491 4327 1548 4364 c..
1569 4311 1747 4372 Error,
1774 4324 1893 4368 etc.
1929 4315 2152 4370 Consen-

648 4395 758 4443 tire.

718 4478 979 4530 Decimum
1005 4495 1190 4532 nonum
1239 4490 1338 4545 est,
1367 4483 1501 4550 quod
1528 4493 1647 4537 sunt
1673 4485 1874 4538 desides
1910 4499 1963 4538 et
1986 4489 2150 4556 negli-

651 4573 826 4630 gentes
849 4572 900 4614 et
921 4564 1033 4628 plus
1059 4565 1318 4616 adhaerent
1342 4569 1566 4622 consiliis
1594 4569 1839 4623 laioorum
1865 4585 2018 4638 quam
2051 4576 2153 4627 cle-

655 4648 898 4710 ricorum,
928 4657 982 4700 ut
1011 4651 1256 4715 probatur
1286 4652 1352 4704 85
1376 4652 1516 4712 dist.,
1560 4669 1606 4705 c.
1650 4654 1784 4708 Nihil
1826 4665 2030 4725 pastore
2056 4661 2153 4713 mi-

655 4736 834 4794 serius,
863 4734 947 4799 qui
975 4734 1205 4802 luporum
1239 4736 1487 4804 gloriatur
1515 4739 1765 4793 laudibus.

725 4821 1034 4886 Vigesimum
1062 4830 1157 4883 est,
1185 4823 1320 4888 quod
1357 4824 1538 4876 nolunt
1569 4827 1692 4878 dare
1721 4831 2026 4896 pauperibus
2052 4851 2064 4884 :
2103 4841 2156 4886 et

655 4912 866 4971 propter
891 4907 988 4958 hoc
1026 4908 1075 4957 in
1100 4923 1314 4961 vacuum
1361 4911 1637 4978 important
1683 4930 1866 4968 nomen
1909 4920 2156 4988 episcopi,

656 4999 713 5042 ut
737 4991 803 5042 26
830 4991 947 5043 dist.
975 4990 1222 5053 Fratrem,
1251 5005 1303 5046 et
1324 5011 1371 5047 c.
1402 4997 1517 5050 Non
1539 5001 1662 5053 satis
1682 5011 1751 5052 est
1782 5003 2050 5056 benene/1e.

725 5077 1038 5146 Vigesimum
1059 5078 1279 5147 primum
1323 5092 1422 5144 est,
1465 5086 1600 5151 quod
1639 5088 1954 5154 negligenter
1990 5092 2162 5144 defen-

658 5165 785 5216 dunt
832 5177 1077 5231 personas
1121 5165 1438 5221 miserabiles
1485 5179 1773 5234 spectantes
1815 5176 1880 5226 ad
1923 5176 2162 5231 Ecclesia:

660 5248 851 5308 forum,
882 5249 1078 5302 scilicet
1101 5250 1339 5317 pupillos,
1362 5253 1542 5306 viduas
1571 5263 1624 5306 et
1641 5257 1920 5322 orphanos,
1950 5259 2162 5312 libertos

659 5344 713 5388 et
736 5335 1014 5401 expositos,
1043 5343 1221 5388 contra
1252 5339 1611 5392 auctoritatem
1647 5339 1837 5393 Gelasii
1865 5351 1918 5394 et
1943 5345 2159 5397 aliorum

663 5430 977 5480 sanctorum,
1009 5429 1063 5472 ut
1090 5423 1336 5486 probatur
1361 5423 1424 5474 87
1453 5424 1571 5476 dist.
1603 5439 1698 5492 per
1723 5434 1903 5480 totum.

734 5510 1039 5575 Vigesimum
1078 5511 1354 5561 secundum
1389 5518 1486 5572 est,
1512 5513 1647 5577 quod
1683 5512 1969 5566 immiscent
1996 5529 2052 5568 se
2072 5529 2160 5566 ne-

667 5599 816 5660 gotiis
835 5598 1187 5660 szecularihus,
1204 5612 1314 5663 qua:
1341 5598 1404 5650 ad
1430 5611 1520 5650 eos
1546 5613 1642 5650 non
1660 5601 1936 5667 pertinent,
1959 5611 2012 5652 ut
2041 5615 2156 5667 pro-

2233 685 2439 744 tionem,
2465 694 2514 735 et
2538 700 2582 736 c.
2613 684 2846 750 Episcopi
2869 681 3059 732 nullam
3089 681 3159 732 rei
3183 680 3453 746 familiaris
3478 696 3648 730 curam
3672 681 3736 729 ad

2232 783 2284 818 se
2308 777 2565 833 provocent
2586 783 2603 829 ;
2629 767 2714 818 sed
2734 767 2952 827 lectioni,
2976 775 3021 817 et
3059 765 3292 825 orationi,
3315 773 3360 816 ct
3379 764 3521 816 verbo
3554 763 3738 829 praedi-

2233 854 2441 904 cationis
2466 853 2810 905 tantummodo
2839 860 3028 904 tacent.

2302 938 2618 1005 Vigesimum
2656 939 2858 989 tertium
2885 944 2985 999 est,
3011 935 3145 1002 quod
3177 935 3446 1011 conferunt
3483 936 3628 1003 plura
3652 949 3742 989 eo-

2234 1013 2532 1076 clesiastica
2575 1023 2821 1075 benelicia
2861 1023 2970 1084 uni,
3014 1031 3193 1075 contra
3222 1023 3578 1075 auctoritatem
3614 1021 3743 1088 Apo-

2234 1112 2353 1166 stoli
2379 1120 2430 1162 et
2453 1109 2708 1178 Gregorii,
2735 1112 2801 1164 88
2828 1110 2975 1171 dist.,
3006 1125 3053 1162 c.
3103 1110 3334 1176 Singula.
3379 1109 3472 1162 Ubi
3514 1109 3738 1162 dicitur:

2235 1196 2287 1247 Si
2314 1203 2475 1247 totum
2500 1207 2686 1262 corpus
2709 1196 2908 1257 oculus,
2939 1195 3024 1248 ubi
3064 1211 3175 1262 pes,
3205 1211 3323 1248 nam
3347 1209 3496 1248 sacra
3524 1197 3746 1249 varietas

2237 1283 2585 1334 membrorum
2608 1283 2763 1334 robur
2789 1297 3022 1349 corporis
3046 1290 3235 1334 servat.

2305 1369 2614 1436 Vigesimum
2637 1376 2877 1435 quartum
2902 1377 3002 1428 est,
3036 1366 3170 1434 quod
3195 1368 3375 1419 nolunt
3397 1369 3587 1422 haltere
3611 1384 3750 1422 (eco-

2233 1469 2435 1516 nomos,
2466 1455 2562 1506 sub
2587 1469 2803 1520 quorum
2850 1454 3142 1505 testimonio
3167 1468 3250 1505 res
3288 1453 3529 1506 Ecclesia:
3563 1455 3749 1521 guber-

2235 1551 2443 1603 nentur,
2471 1550 2649 1593 contra
2693 1540 3049 1620 auctoritatem
3091 1547 3386 1592 sanctorum
3431 1539 3665 1603 Patrum,
3694 1548 3750 1592 ut

2233 1629 2483 1696 probatur
2504 1628 2572 1680 89
2606 1627 2752 1688 dist.,
2774 1642 2821 1679 c.
2859 1624 3121 1687 Volumus,
3167 1634 3220 1678 et
3245 1625 3288 1678 si
3327 1625 3517 1678 habent
3544 1641 3749 1678 (nconc-

2236 1731 2347 1768 mos
2377 1716 2558 1768 volunt
2592 1715 2782 1767 habere
2807 1714 3239 1782 consanguineos,
3270 1722 3450 1766 contra
3475 1712 3748 1768 concilium

2235 1801 2554 1854 Toletanum.

2160 1882 2206 1939 Β
2303 1873 2617 1954 νὶᾇρείπιυω
2660 1886 2894 1951 quintum
2932 1894 3032 1946 est,
3079 1885 3214 1950 quod
3253 1885 3479 1952 episcopi
3513 1882 3751 1936 laborant

2237 1975 2354 2028 odio
2379 1977 2442 2027 ad
2483 1975 2722 2034 invicem,
2765 1981 2817 2024 et
2857 1980 3061 2024 certant
3087 1979 3143 2024 ut
3184 1972 3535 2038 unusquisque
3575 1971 3748 2032 cadat,

2236 2069 2289 2112 et
2313 2061 2608 2124 discrepant
2635 2058 2683 2109 in
2713 2059 3070 2120 sacramentis,
3115 2066 3174 2110 ut
3196 2057 3262 2110 93
3289 2057 3434 2119 dist.,
3458 2071 3508 2109 c.
3554 2057 3746 2124 penult.

2239 2154 2291 2199 et
2317 2147 2409 2198 ult.

2308 2235 2624 2302 Vigesimum
2653 2241 2853 2284 sextum
2879 2242 2976 2293 est,
3005 2233 3141 2299 quod
3166 2234 3267 2300 ipsi
3294 2233 3534 2300 appropri
3559 2241 3630 2302 ant
3655 2231 3751 2284 sibi

2238 2321 2412 2374 omnia
2439 2321 2572 2372 bona
2596 2319 2967 2391 ecclesiastica,
2985 2327 3041 2370 ut
3067 2320 3253 2386 probat
3270 2327 3479 2371 sanctus
3502 2317 3754 2384 Hierony-

2239 2425 2370 2469 mus,
2399 2409 2467 2462 25
2513 2409 2657 2468 dist.,
2690 2422 2737 2459 c.
2789 2405 2999 2457 Diaconi
3015 2421 3032 2466 ;
3063 2406 3148 2457 ubi
3178 2406 3368 2458 dicitur
3392 2405 3527 2472 quod
3567 2404 3753 2472 singuli

2240 2511 2332 2563 per
2371 2495 2651 2560 potentiam
2698 2491 3003 2558 episcopalis
3047 2491 3288 2552 nominis,
3332 2504 3485 2556 quam
3523 2489 3623 2543 sibi
3660 2489 3756 2556 ipsi

2241 2579 2419 2632 illicito
2443 2579 2636 2645 absque
2663 2577 2890 2630 Ecclesia
2918 2576 3260 2637 vindicarunt,
3285 2585 3450 2628 totum
3468 2576 3607 2643 quod
3633 2575 3757 2627 levi-

2240 2674 2410 2717 tarum
2439 2672 2517 2717 est
2545 2664 2651 2716 suis
2677 2663 2937 2730 applicant
2970 2661 3168 2724 usibus,
3209 2662 3440 2714 dicentes
3467 2678 3480 2711 :
3506 2660 3760 2712 Mendicat

2242 2751 2416 2803 infelix
2446 2751 2497 2802 in
2519 2749 2701 2815 plateis
2729 2749 2969 2809 clericus,
2991 2756 3043 2799 et
3070 2747 3242 2799 servili
3267 2747 3412 2814 operi
3437 2747 3759 2814 mancipatus

2243 2853 2272 2888 a
2301 2849 2611 2902 quocunque
2646 2824 2814 2901 poscit
2858 2834 3257 2900 eleemosyuam.
3299 2831 3452 2885 Solus
3490 2833 3760 2899 episcopus

2243 2924 2494 2976 incumbit
2522 2922 2690 2982 bonis,
2733 2922 2874 2974 solus
2912 2921 3008 2973 sibi
3039 2922 3263 2973 vindicat
3309 2922 3569 2982 universa,
3619 2920 3762 2973 solus

2244 3019 2420 3078 partes
2459 3009 2653 3062 invadit
2687 3009 2900 3070 alienas,
2930 3008 3070 3061 solus
3095 3008 3286 3061 occidit
3323 3008 3595 3064 universes
3621 3025 3634 3059 :
3664 3009 3760 3060 hoc

2243 3107 2325 3150 cst
2348 3097 2655 3164 principium
2679 3096 2784 3148 litis
2803 3103 2857 3147 et
2882 3095 3252 3156 distractionis,
3288 3103 3339 3146 et
3363 3095 3507 3161 origo
3527 3094 3762 3148 criminis

2137 3183 2143 3189 ’
2169 3160 2216 3221 c
2245 3193 2295 3237 et
2326 3187 2440 3236 ideo
2468 3183 2821 3237 accuSantura
2837 3182 3040 3235 clericis
3075 3189 3127 3232 et
3151 3182 3462 3233 damnantur
3488 3195 3518 3233 a
3545 3181 3764 3234 Domino
3826 3197 3835 3206 ·

2245 3269 2369 3323 Jesu
2405 3269 2632 3332 Christo,
2658 3268 2778 3334 quia
2804 3267 2998 3320 clamor
3015 3281 3195 3320 eorum
3223 3268 3383 3319 intrat
3406 3267 3456 3319 in
3482 3282 3636 3320 aures
3659 3267 3760 3322 Do-

2249 3355 2372 3408 mini
2401 3353 2652 3405 Sabaoth.
2711 3348 2713 3350 ’

2316 3441 2634 3506 Vigesimum
2661 3439 2935 3506 septimum
2975 3447 3074 3500 est.
3118 3439 3238 3504 quia
3273 3439 3498 3507 episcopi
3527 3450 3762 3503 οουιεω-

2248 3530 2379 3578 nunt
2419 3524 2746 3592 presbyteros
2780 3531 2875 3578 :et
2909 3525 2995 3576 ubi
3017 3524 3114 3591 ipsi
3163 3532 3283 3576 sunt
3321 3533 3622 3592 praesentes,
3661 3541 3761 3579 non

2249 3615 2555 3684 permittunt
2576 3626 2666 3664 eos
2704 3611 2930 3664 ofﬁcium
2959 3611 3148 3674 facere,
3177 3614 3322 3680 quasi
3347 3613 3424 3666 eis
3450 3613 3764 3676 inviderent,

2248 3708 2425 3754 contra
2457 3699 2816 3752 auctoritatem
2858 3700 3022 3751 sancti
3068 3699 3387 3767 Hieronymi,
3418 3709 3474 3752 ut
3511 3702 3763 3767 probatur

2250 3786 2317 3838 95
2339 3786 2459 3837 dist.
2489 3800 2535 3836 e.
2572 3783 2728 3846 Olim,
2755 3785 2842 3836 ubi
2877 3785 3070 3837 dicitur
3111 3787 3247 3852 quod
3290 3787 3517 3852 episcopi
3556 3798 3768 3853 propter

2251 3876 2350 3928 hoc
2395 3875 2604 3928 luerunt
2649 3875 2796 3947 lacti,
2837 3882 2895 3925 ut
2929 3873 3208 3926 schismata
3255 3875 3578 3927 tollerentur.
3614 3875 3765 3928 Dices

2250 3961 2384 4014 sicut
2407 3969 2461 4013 et
2498 3960 2785 4028 presbyteri
2821 3959 2993 4012 sciunt
3029 3960 3087 4012 se
3126 3975 3240 4013 esse
3268 3962 3636 4014 consuetudine
3673 3962 3766 4014 sub

2251 4051 2527 4115 episcopis,
2558 4049 2624 4100 ita
2653 4047 2879 4113 episcopi
2911 4047 3156 4099 noverint
3182 4047 3346 4115 magis
3373 4061 3430 4099 se
3462 4047 3527 4100 de
3553 4062 3767 4100 consue-

2254 4133 2430 4186 tudine
2475 4149 2629 4199 quam
2668 4134 2732 4185 de
2780 4135 3001 4186 veritate
3053 4135 3331 4187 Dominicte
3369 4136 3767 4204 dispensatio:.is

2251 4221 2567 4288 presbyteris
2582 4234 2696 4273 esse
2717 4217 2958 4284 majores,
2972 4221 3088 4274 etin
3105 4222 3364 4275 communi
3381 4222 3572 4277 debere
3590 4239 3770 4293 regere

2255 4308 2536 4359 Ecclesiam
2568 4306 2678 4368 Dei,
2701 4315 2754 4357 et
2777 4306 2900 4359 illud
2944 4308 3196 4375 probatur
3221 4321 3282 4360 ex
3311 4307 3378 4361 95
3407 4309 3528 4361 dist.
3559 4325 3608 4362 c.
3637 4310 3770 4362 Ecca

2256 4409 2393 4459 ergo.
2849 4402 2854 4406 ‘

2328 4473 2641 4546 Vigosimum
2665 4489 2906 4532 octavum
2932 4488 3032 4543 est,
3061 4481 3184 4548 quia
3223 4481 3531 4536 ordinantur
3558 4497 3651 4549 per
3681 4499 3770 4552 pe—

2259 4567 2485 4627 cuniam,
2527 4575 2580 4616 et
2603 4565 2732 4617 tales
2766 4566 3026 4632 accipiunt
3051 4566 3277 4633 lepram,
3308 4576 3362 4620 et
3396 4568 3521 4622 dant
3548 4569 3766 4638 lepram,

2260 4661 2315 4702 ut
2335 4653 2583 4718 probatur
2612 4652 2660 4712 l,
2693 4654 2814 4718 qJ,
2837 4666 2884 4704 c.
2917 4649 3045 4703 Cum
3081 4653 3346 4705 ordinatur
3373 4656 3650 4724 episcopus,
3683 4657 3769 4710 ubi

2259 4739 2446 4790 dicitur
2472 4754 2484 4788 :
2515 4735 2873 4803 Accipereest,
2895 4736 3238 4804 quodcunque
3275 4740 3529 4806 accipere,
3558 4750 3612 4792 et
3643 4741 3769 4792 dare

2259 4825 2620 4890 quodcunque.
2652 4822 2716 4874 Et
2730 4815 2912 4874 eadem
2938 4838 3013 4888 q.,
3040 4838 3087 4875 c.
3116 4823 3317 4888 Fertur,
3333 4825 3416 4877 ubi
3431 4825 3767 4891 diciturquod

2258 4909 2322 4961 de
2347 4909 2517 4960 radice
2553 4906 2740 4961 infecta
2775 4906 2940 4959 bonus
2975 4906 3172 4960 fructus
3221 4910 3364 4974 exire
3406 4922 3507 4960 non
3557 4910 3765 4974 poterit.

2261 4998 2314 5048 Si
2334 5011 2456 5064 ergo
2475 4995 2779 5048 vultsalvari
2805 4994 2891 5061 qui
2913 4997 3031 5048 talis
3057 5005 3155 5056 est,
3181 4996 3455 5057 renuntiet,
3473 5005 3591 5063 agat
3617 5010 3766 5064 aspe-

2261 5101 2371 5137 ram
2397 5083 2783 5152 paanitentiam;
2809 5083 2960 5136 aliter
2987 5083 3174 5136 salvari
3201 5097 3300 5135 non
3329 5083 3535 5147 poterit,
3563 5091 3620 5134 ut
3646 5098 3766 5149 prn-

2260 5174 2348 5225 bat
2375 5168 2874 5234 sanctusGrcgorius
2894 5168 2934 5229 ι,
2957 5183 3009 5235 q.
3046 5170 3093 5230 l,
3118 5183 3163 5219 c.
3196 5165 3254 5220 Si
3281 5167 3393 5234 quis
3415 5183 3587 5235 neque.

2329 5257 2639 5324 Vigesimum
2669 5269 2856 5307 nonum
2875 5259 2987 5316 'est,
3014 5255 3149 5320 quod
3177 5261 3350 5319 petunt
3380 5253 3652 5319 pecuniam
3673 5268 3766 5320 pro

2259 5344 2490 5396 balsamo
2519 5348 2703 5393 contra
2732 5341 3093 5394 auctoritatem
3123 5348 3419 5393 sanctorum
3456 5337 3688 5402 Patrum,
3715 5339 3757 5392 ί.

2259 5445 2308 5496 q.
2336 5432 2384 5489 l,
2411 5425 2674 5481 Placuitut
2691 5428 2946 5489 nullus,et
2958 5442 3003 5479 c.
3023 5427 3218 5480 Dictum
3231 5436 3450 5488 cst,ctc.
3469 5423 3755 5477 Statuimus.

2324 5514 2664 5580 Trigesimum
2678 5513 2902 5579 estquod
2923 5513 3168 5565 damnant
3195 5514 3410 5565 clericos
3432 5511 3756 5567 indiscussns,

2257 5601 2572 5667 utprobatur
2596 5601 2648 5660 Ξ,
2678 5615 2726 5666 q.
2764 5599 2812 5659 l,
2842 5599 2966 5662 Nos,
2993 5609 3092 5651 ctc.
