4010 6418
178 507 310 570 lO'O?

1063 508 1417 569 EXCERPTA
1454 506 1545 567 EX
1580 504 2079 566 PCEMTENTIALI
2112 501 2158 561 ὅ.
2202 510 2285 562 DE
2323 505 2471 564 ΒΕΘ.

3197 508 3331 565 1008

244 624 591 694 Trigesimum
637 624 861 691 primum
885 634 987 689 est,
1024 626 1161 693 quod
1205 640 1307 679 non
1345 624 1587 678 deferunt
1609 638 1702 691 ap-
1735 627 1775 681 Α
1804 623 1904 674 mis
1927 630 2139 688 paratos
2181 621 2373 686 corrigi
2400 629 2582 674 contra
2626 622 2988 674 auctoritatem
3030 631 3329 677 sanctorum

171 711 542 781 pellationibus
584 710 849 778 legitimis,
890 726 1051 779 quare
1096 713 1397 767 debuissent
1433 712 1622 779 puniri.
1648 709 1699 770 2,

168 813 231 866 (ι.
263 799 315 861 7,
351 814 399 852 c.
434 807 537 852 etc.

250 888 593 958 Trigesimum
618 889 899 942 secundum
918 898 1017 951 est,
1040 894 1178 957 quod
1195 899 1435 958 pastores
1448 888 1563 941 laici
1584 896 1708 942 sunt

172 988 233 1032 et
257 993 360 1031 non
386 980 696 1048 presbyteri,
718 980 898 1046 quales
918 988 1039 1032 sunt
1058 981 1390 1043 intrinsecus,
1419 989 1479 1032 ut
1502 979 1555 1041 2,
1576 994 1629 1046 q.
1653 980 1705 1040 7,

177 1058 435 1121 Pervenit.

252 1158 599 1223 Trigesimum
636 1158 845 1211 tertium
869 1168 951 1212 “est
969 1195 983 1221 ,
1009 1160 1147 1225 quod
1172 1159 1481 1226 permittunt
1505 1171 1560 1210 se
1589 1171 1709 1224 pro-

177 1248 379 1299 moveri
407 1248 579 1299 minus
600 1246 933 1307 sulﬁcientes,
958 1256 1138 1300 contra
1175 1248 1455 1300 concilium
1486 1244 1709 1299 Cartha-

177 1336 419 1404 gineuse,
449 1344 507 1390 ut
524 1337 773 1404 probatur
792 1333 859 1389 23
888 1338 1035 1399 dist.,
1063 1352 1110 1390 ε.
1138 1334 1287 1399 Quod
1307 1336 1525 1403 episcopi
1545 1335 1711 1388 :illud

136 1414 139 1417 ’
176 1424 320 1476 idem
339 1424 590 1491 probatur
613 1425 677 1476 58
705 1426 848 1488 dist.,
874 1441 920 1479 c.
949 1425 1135 1479 Omnes
1158 1426 1445 1493 psallentes,
1470 1425 1557 1477 ubi
1584 1425 1714 1477 dici-

177 1519 271 1565 tur
297 1514 433 1579 quod
461 1512 525 1565 de
549 1516 838 1567 substantia
876 1516 1101 1583 episcopi
1131 1526 1211 1569 est
1239 1524 1293 1567 ut
1320 1515 1387 1569 sit
1411 1515 1542 1568 bene
1572 1514 1713 1567 litte-

176 1607 349 1651 ratus.
381 1598 444 1651 Et
467 1600 582 1653 ideo
609 1598 735 1654 dicit
756 1598 1014 1669 Propheta
1041 1618 1051 1652 :
1080 1598 1153 1653 Tu
1175 1601 1435 1654 scientiam
1462 1601 1710 1667 repulisti,

1802 707 2015 761 Patrum
2041 709 2095 771 2,
2118 725 2170 776 q.
2197 711 2252 772 5,
2281 708 2539 777 Episwpi,
2571 711 2653 761 ubi
2679 710 2866 763 dicitur
2890 712 3030 777 quod
3064 728 3219 766 nemo
3244 716 3331 768 do-

1802 798 1891 850 bet
1914 798 2357 850 excommunicari
2393 797 2494 850 nisi
2520 812 2613 865 pro
2643 800 2841 866 magnis
2870 800 3097 866 peccatis
3124 810 3177 854 et
3211 817 3332 857 cum

1806 884 1956 938 aliter
1976 885 2169 952 corrigi
2197 900 2297 937 non
2323 885 2505 952 possit.

1873 974 2338 1042 Quadragesimum
2382 973 2608 1041 primum
2653 984 2752 1035 e~t,
2794 978 2929 1041 quod
2960 978 3055 1046 ipsi
3086 978 3135 1031 in
3161 980 3335 1033 causis

1806 1062 2031 1128 propriis
2055 1061 2239 1114 volunt
2260 1076 2375 1115 esse
2402 1061 2601 1129 iudices
2624 1072 2677 1113 et
2706 1072 2929 1123 actores,
2952 1073 3135 1117 contra
3164 1078 3337 1121 aucto-

1808 1149 2015 1201 ritatem
2063 1156 2362 1202 sanctorum
2406 1148 2639 1212 Patrum,
2677 1159 2735 1201 ut
2776 1151 2836 1211 2,
2867 1166 2917 1217 q.
2950 1153 3010 1213 1,
3035 1152 3121 1205 ubi
3148 1154 3338 1207 dicitur

1808 1237 1946 1304 quod
1965 1234 2030 1287 de
2054 1250 2277 1303 persona
2316 1238 2508 1291 actoris
2532 1240 2836 1301 assumitur,
2872 1239 3147 1306 iudiciaria
3189 1253 3337 1308 pote-

1808 1331 1918 1375 stas
1945 1322 2254 1375 admittitur.
2285 1323 2412 1375 lllud
2431 1324 2568 1376 idem
2591 1324 2840 1390 probatur
2863 1328 2913 1387 ὅ,
2933 1340 2983 1392 q.
3009 1325 3062 1388 4,
3084 1340 3132 1376 c.
3164 1327 3185 1378 1
3213 1336 3266 1379 et
3283 1328 3336 1381 2.

1879 1410 2350 1477 Quadragesitnum
2370 1412 2656 1465 secundum
2683 1420 2784 1474 est,
2810 1413 2947 1479 quod
2968 1414 3230 1480 expellunt
3250 1431 3338 1467 eos

1808 1500 1900 1567 qui
1926 1499 2151 1553 ﬁdeliter
2198 1514 2316 1553 cum
2354 1501 2827 1569 prazdecessoribus
2872 1512 3175 1561 senuerunt,
3206 1516 3259 1556 ut
3288 1510 3339 1565 ο,

1809 1604 1863 1655 q.
1890 1588 1943 1649 2,
1965 1603 2014 1641 c.
2042 1588 2217 1656 Hujus
2241 1588 2433 1656 placiti.
2463 1589 2526 1642 Et
2562 1590 2701 1656 quod
2734 1591 2961 1646 deterius
2986 1600 3096 1654 est,
3134 1607 3225 1645 eos
3249 1608 3344 1645 ex-

178 1696 231 1738 et
254 1702 344 1754 ego
370 1687 604 1754 repellant
645 1698 710 1750 te,
742 1705 802 1741 ne
828 1690 1109 1742 sacerdotio
1136 1690 1383 1757 fungaris.
1415 1690 1477 1744 Et
1504 1698 1717 1756 propter

1814 1675 2037 1744 spoliant
2074 1675 2494 1729 temoneratione
2543 1676 2744 1729 servitii
2785 1691 2945 1744 quam
2983 1678 3061 1730 eis
3094 1678 3350 1731 dederunt

177 1775 285 1829 hoc
306 1778 572 1846 depositus
591 1778 686 1831 fuit
705 1779 916 1845 quidam
936 1780 1209 1847 cpiscopus
1225 1780 1289 1831 ah
1311 1774 1540 1832 Honorio
1558 1794 1712 1847 papa.

1814 1764 2226 1831 praedecessores
2272 1762 2522 1830 episc0pi,
2570 1772 2753 1816 contra
2788 1765 3156 1817 auctoritatem
3200 1779 3349 1832 papa

254 1862 597 1934 Trigcsimum
629 1876 872 1934 quartum
900 1876 999 1929 est,
1024 1870 1159 1938 quod
1196 1879 1468 1937 postquam
1491 1878 1572 1923 est
1595 1884 1717 1937 pro-

1815 1849 2031 1913 Gelasii,
2062 1850 2148 1914 16,
2172 1866 2226 1918 q.
2256 1850 2308 1913 6,
2339 1865 2386 1903 c.
2415 1850 2576 1904 Illud.

176 1960 376 2015 motus,
419 1953 631 2022 negligit
657 1954 945 2019 addiscere,
968 1934 1150 2010 contra
1181 1934 1493 2009 sententiam
1516 1934 1717 2025 Grego-
1749 1934 1793 1992 Β
1887 1941 2349 2010 Quadrasesimum
2380 1944 2594 1996 ιθτιίυω
2626 1952 2730 2007 θεῖν
2757 1944 2879 2012 qni“
2922 1944 3103 1999 νοιυιιί
3139 1960 3352 1999 50"".

176 2039 270 2101 ril,
291 2038 360 2092 22
390 2040 532 2101 dist.,
561 2039 648 2093 ubi
686 2040 876 2093 dicitur
898 2042 1034 2109 quod
1065 2042 1255 2095 stultus
1278 2051 1359 2095 est
1378 2042 1465 2109 qui
1487 2043 1538 2095 in
1566 2058 1630 2096 eo
1662 2058 1717 2097 se

1815 2032 2133 2097 promissum
2159 2032 2212 2084 in
2237 2031 2746 2085 remunerationibus
2764 2032 3097 2098 sapientium,
3130 2033 3211 2086 vel
3236 2049 3350 2086 ser-

155 2127 438 2201 Vmajorem
467 2128 734 2182 existimat
759 2136 814 2187 ut
836 2130 970 2183 bona
998 2146 1112 2198 qua:
1125 2132 1349 2185 audierit
1370 2130 1573 2188 discere
1595 2148 1717 2187 con-

1814 2121 2087 2183 vientium,
2131 2127 2314 2172 contra
2362 2120 2729 2173 auctoritatem
2782 2129 3113 2183 sanctorum,
3162 2121 3261 2185 22,
3298 2132 3347 2181 α.

180 2224 402 2271 ίειιῐιηεη.

254 2298 603 2373 Trigesimum
626 2302 863 2371 quintum
885 2313 983 2366 est,
1006 2305 1143 2373 quod
1165 2305 1349 2358 nolunt
1369 2305 1450 2360 vel
1479 2308 1720 2361 nesciunt

178 2393 474 2445 canonibus
497 2386 727 2446 obedire.
764 2392 936 2458 Quare
968 2394 1269 2447 debuissent
1292 2395 1357 2448 ab
1384 2396 1720 2449 administra-

174 2477 327 2533 tione
357 2494 523 2547 usque
550 2479 615 2532 ad
650 2482 961 2551 condignam
987 2484 1349 2551 paenitentiam
1379 2487 1632 2551 amoveri,
1658 2494 1720 2540 ut

177 2568 373 2636 probat
392 2566 669 2624 Damasius
687 2584 843 2639 papa,
869 2570 957 2634 25,
986 2586 1039 2639 q.
1075 2572 1121 2623 1.

250 2652 600 2722 Trigesimum
627 2665 829 2709 sextum
869 2660 1132 2725 est,\quia
1171 2669 1295 2712 sunt
1335 2661 1494 2715 nimis
1515 2662 1717 2716 creduli

167 2740 234 2793 in
260 2740 621 2810 prmjudicium
647 2742 887 2808 aliorum,
912 2753 1093 2798 contra
1115 2746 1480 2801 auctoritatem
1510 2759 1719 2803 sancto-

176 2839 301 2881 rum
324 2827 557 2891 Patrum,
583 2830 849 2898 utprobat
881 2827 1163 2900 Gregorius
1199 2834 1281 2895 tl,
1311 2842 1363 2902 ιι.
1387 2836 1438 2897 ὅ,
1471 2850 1519 2888 ε.
1547 2834 1717 2889 Grave

176 2920 342 2972 nimis
378 2927 463 2972 est
505 2926 559 2972 et
600 2919 868 2983 indecens,
907 2929 964 2974 ut
994 2922 1047 2973 in
1082 2938 1136 2975 re
1163 2924 1317 2976 dubia
1343 2933 1487 2977 certa
1517 2925 1719 2979 feratur

179 3004 464 3058 sententia.
492 3002 557 3056 Et
584 3003 709 3058 illud
744 3006 883 3059 idem
909 3015 1135 3060 testatur
1158 3010 1293 3061 idem
1322 3010 1478 3063 Pater
1514 3010 1716 3080 Grego-

177 3092 315 3154 rius,
339 3090 409 3159 32
429 3092 571 3153 (list.,
604 3107 650 3145 c.
683 3090 936 3145 Habuisse
956 3103 1003 3145 te
1021 3092 1374 3159 concubinam,
1402 3096 1489 3149 ubi
1527 3097 1718 3151 dicitur

180 3180 322 3249 quod
351 3179 403 3233 in
425 3195 482 3234 re
512 3181 667 3233 dubia
695 3195 798 3233 non
827 3188 907 3233 est
950 3180 1245 3235 absolutum
1285 3181 1560 3252 ferendum
1578 3184 1718 3252 judi-

1818 2209 2138 2278 Quicunque.

1883 2296 2379 2365 Quadragesimum,
2394 2307 2656 2365 quartum,
2700 2299 2823 2367 quia
2853 2300 3164 2356 volunt‘sibi
3207 2302 3352 2355 credi

1817 2384 1868 2437 in
1896 2386 2255 2453 praeiudicium
2291 2386 2514 2439 aliorum
2545 2404 2558 2440 :
2591 2388 2728 2455 quod
2760 2402 2876 2442 esse
2917 2404 3023 2442 non
3067 2390 3238 2453 debet,
3291 2401 3350 2442 ut

1815 2475 2067 2543 probatur
2086 2471 2143 2536 6,
2165 2488 2217 2540 q.
2247 2473 2303 2535 2,
2331 2473 2612 2541 Episcopus
2641 2477 2686 2529 si
2706 2478 2913 2539 clerico,
2943 2489 3071 2532 etc.
3101 2480 3163 2534 Si
3182 2490 3352 2537 utnon

1817 2562 2100 2631 episcopus,
2139 2569 2263 2614 etc.
2294 2558 2496 2614 Placuit
2523 2563 2610 2626 25,
2634 2578 2687 2631 q.
2719 2563 2771 2627 5,
2796 2566 2829 2617 2
2855 2581 2901 2618 c.

1885 2651 2351 2719 Quadragesimum
2378 2652 2619 2718 quintum
2647 2663 2749 2716 est,
2776 2656 2896 2721 quia
2918 2654 3099 2710 volunt
3119 2657 3214 2711 soli
3240 2658 3345 2711 cle-

1816 2738 1955 2790 ricos
1983 2739 2242 2805 deponere
2262 2747 2442 2791 contra
2467 2754 2647 2794 sacros
2674 2758 2917 2796 canones.
2947 2745 3076 2799 Nam
3110 2747 3162 2801 in
3192 2749 3343 2817 depo-

1817 2826 2007 2879 sitione
2033 2828 2320 2895 presbyteri
2348 2827 2539 2881 debent
2563 2833 2741 2883 venire
2763 2848 2852 2885 sex
2881 2837 3129 2904 episcopi,
3155 2849 3207 2891 et
3233 2853 3351 2908 pro-

1816 2919 1966 2984 prius
1993 2916 2261 2983 septimus,
2289 2923 2341 2967 et
2369 2916 2419 2967 in
2447 2916 2665 2969 diacono
2685 2927 2736 2970 et
2762 2922 3079 2975 subdiacono
3100 2934 3207 2978 tres
3228 2942 3367 2982 cun:

1818 3004 2030 3071 proprio
2054 3005 2325 3072 episcopo,
2357 3013 2415 3056 ut
2452 3007 2705 3072 probatur
2728 3022 2825 3073 per
2861 3010 2969 3061 lucc
3001 3010 3169 3076 jural
3205 3016 3351 3079 dist.,
3398 3072 3409 3079 κ

1819 3104 1867 3143 c.
1899 3089 2135 3154 Studeat,
2166 3100 2218 3144 et
2246 3091 2327 3153 15,
2349 3107 2400 3160 q.
2436 3094 2484 3155 1,
2516 3108 2559 3145 c.
2592 3093 2667 3145 De
2688 3096 2916 3156 crimine.
2947 3107 2998 3150 et
3029 3100 3110 3163 15,
3138 3117 3191 3169 q.
3225 3104 3276 3167 7,
3302 3120 3349 3158 ε.
3416 3102 3421 3106 ”

1820 3175 1997 3240 Felix,
2027 3187 2128 3231 etc.
3439 3178 3451 3187 “

174 3269 342 3322 cium.
374 3267 439 3321 Et
483 3267 608 3320 illud
646 3268 781 3320 idem
813 3268 1006 3335 probat
1041 3268 1364 3337 Augustinus
1393 3273 1477 3337 ll,
1504 3288 1556 3342 q.
1586 3275 1640 3336 5,
1666 3288 1714 3328 ε.

1890 3261 2359 3334 Quadragesimum
2379 3276 2581 3324 sextum
2605 3279 2699 3328 est,
2719 3273 2837 3339 quia
2858 3275 3161 3345 impugnaut
3180 3294 3355 3335 exem»

182 3356 270 3409 ubi
304 3356 495 3409 dicitur
520 3355 655 3423 quoi
682 3357 921 3422 quamvis
960 3371 1083 3411 vera
1112 3360 1217 3412 sint
1244 3362 1509 3427 quzedam',
1540 3371 1717 3416 tamen

177 3441 378 3511 iudicio
422 3458 525 3496 non
555 3452 675 3496 sunt
707 3442 986 3506 credenda,
1040 3444 1139 3496 nisi
1194 3449 1352 3499 certis
1386 3446 1600 3512 judiciis
1624 3450 1716 3500 de.

182 3541 561 3587 monstrentur.
601 3532 667 3586 Et
707 3531 831 3585 illud
876 3533 1014 3586 idem
1054 3532 1253 3601 probat
1283 3534 1464 3589 Sixtus
1516 3549 1647 3604 papa
1668 3545 1721 3589 et

183 3616 367 3675 Victor
390 3635 523 3690 papa
552 3620 638 3684 50,
670 3636 721 3688 q.
749 3618 801 3683 5,
831 3636 880 3674 c.

256 3708 896 3778 Trigesimumseptimum
922 3709 1164 3777 est,quod
1199 3710 1384 3763 nolunt
1411 3712 1461 3763 in
1485 3711 1715 3765 Ecclesia

179 3796 457 3851 columnas
493 3796 695 3863 erigere
735 3810 867 3863 quos
894 3794 1133 3849 noverint
1162 3797 1424 3855 meliores.
1471 3800 1562 3852 sed
1589 3814 1720 3866 quos

181 3884 356 3952 magis
383 3882 479 3953 ipsi
508 3878 749 3953 diligunt,
780 3883 860 3935 vel
887 3898 1108 3952 quorum
1136 3883 1385 3954 obsequia
1413 3885 1716 3952 prreferunt,

176 3981 373 4025 contra
401 3985 587 4024 sacros
626 3986 855 4024 canones
885 3973 936 4034 8,
967 3987 1021 4039 q.
1055 3973 1111 4035 1,
1142 3989 1189 4025 ε.
1224 3972 1451 4040 Moyses,
1480 3982 1533 4025 et
1559 3974 1640 4035 12,
1664 3988 1717 4041 q.

182 4060 242 4124 2,
270 4057 449 4111 Gloria
489 4060 728 4128 episcopi,
758 4061 845 4112 ubi
890 4060 1081 4113 dicitur
1109 4062 1245 4128 quod
1288 4062 1433 4114 multi
1460 4063 1722 4117 aediﬁcant

181 4151 439 4218 parietes,
458 4149 793 4204 etcolumnas
816 4150 1057 4205 Ecclesiae
1080 4152 1413 4206 subtrahunt.
1439 4155 1562 4208 inde
1585 4168 1721 4223 s-rpe

186 4238 311 4291 odia
335 4238 678 4304 consurgunt.

260 4322 605 4393 Trigesimum
628 4332 871 4378 octavum
890 4326 1129 4393 est,quod
1184 4327 1317 4381 liena
1342 4329 1719 4396 ecclesiastica,

182 4408 417 4463 maxime
443 4410 785 4485 ecclesiarum.
812 4413 1195 4477 parochiarum,
1217 4424 1405 4468 contra
1432 4432 1611 4471 sacros
1634 4434 1723 4471 ca-

1817 3364 1957 3419 ptos,
1980 3362 2039 3407 ut
2062 3357 2283 3421 probant
2308 3358 2474 3410 sancti
2504 3357 2685 3413 Patres
2717 3359 2794 3424 16,
2818 3376 2867 3428 q.
2898 3364 2948 3427 1,
2979 3373 3077 3418 etc.

1888 3438 2355 3510 Quadragesimum
2395 3444 2673 3510 septimum
2722 3456 2818 3509 est,
2867 3451 3005 3516 quod
3054 3452 3267 3523 alligant
3302 3465 3357 3510 et

1818 3526 2109 3581 dissolvunt
2148 3528 2503 3584 indiﬂ'crcntcr
2534 3551 2544 3583 :
2571 3535 2707 3600 quo-.1
2744 3550 2858 3590 esse
2886 3554 2987 3593 non
3016 3540 3188 3596 debet.
3229 3543 3357 3600 Pro-

1816 3626 1935 3684 pter
1963 3619 2063 3672 lioc
2105 3622 2497 3687 suspenduntur
2542 3639 2706 3691 usque
2756 3626 2821 3677 ad
2874 3628 3083 3696 triginta
3136 3631 3265 3693 dies,
3299 3640 3357 3685 ut

1816 3703 2042 3770 probant
2079 3707 2247 3757 sancti
2274 3706 2478 3769 Patres,
2505 3708 2593 3770 25,
2621 3725 2673 3776 q.
2701 3710 2756 3772 3,
2786 3727 2832 3763 c.
2866 3711 2940 3763 De
2963 3713 3165 3777 illicita,
3190 3725 3240 3768 et
3267 3731 3351 3771 ex.

1818 3791 1881 3841 de
1902 3788 2173 3844 Sententia
2202 3796 2776 3850 excomiuunicationis.
2796 3798 2927 3862 Quia
2949 3801 3083 3853 sicut
3103 3804 3355 3869 quosdam

1818 3879 1985 3943 gratia
2017 3877 2211 3932 favoris
2246 3880 2558 3945 suilimant,
2588 3885 2657 3936 ita
2688 3888 2940 3952 quosdam
2974 3891 3095 3943 odio
3134 3892 3355 3947 invidia-

1818 3980 1918 4031 que
1944 3965 2237 4017 humiliant.
2268 3965 2523 4020 Probatur
2550 3952 2713 4039 15,311.
2736 3970 2787 4035 7,
2817 3988 2865 4025 c.
2895 3974 2943 4035 1,
2972 3982 3073 4028 etc.

1886 4050 2350 4119 Quadragesimum
2388 4066 2628 4107 octavum
2672 4066 2784 4121 est,
2831 4059 2969 4127 quod
3005 4062 3055 4114 in
3101 4065 3356 4120 conviviis

1817 4153 1920 4192 non
1943 4138 2141 4193 faciunt
2175 4139 2274 4207 legi
2298 4156 2503 4194 sacram
2524 4142 2795 4199 lectionem
2821 4164 2832 4197 :
2857 4149 2981 4200 etin
3007 4150 3106 4203 hoc
3132 4162 3353 4217 peccant

1811 4236 1999 4280 contra
2042 4227 2320 4280 concilium
2359 4228 2692 4295 Toletanum,
2724 4233 2792 4285 Η
2820 4235 2962 4295 ἀίει..
2994 4252 3045 4290 c.
3078 4236 3181 4293 Pro
3217 4257 3351 4296 rere-

1820 4317 1999 4368 rentia.
2030 4316 2095 4369 Et
2118 4325 2200 4369 est
2226 4318 2359 4370 ratio
2386 4320 2524 4387 quod
2558 4320 2679 4374 dum
2709 4336 2897 4391 corpus
2926 4326 3148 4383 diversis
3173 4328 3347 4385 fercu-

1818 4403 1883 4455 lis
1913 4404 2172 4466 rcticitur,
2220 4404 2392 4473 lingua
2438 4406 2489 4458 in
2526 4407 2934 4464 detractionibus
2970 4412 3253 4481 relaxatur,
3295 4426 3356 4475 ut

188 4512 357 4552 nones
380 4505 635 4565 usurpant
651 4511 962 4563 quocunque
980 4513 1136 4559 anno,
1165 4501 1387 4568 amplius
1408 4502 1600 4569 aliquid
1622 4504 1717 4557 sibi

1814 4493 2004 4557 probat
2030 4491 2312 4561 Gregorius
2338 4494 2389 4547 in
2416 4493 2698 4551 Moralibus
2720 4498 2852 4550 libro
2878 4502 3067 4567 primo.

186 4583 574 4661 sppropriando
615 4586 753 4652 quod
792 4599 894 4638 non
944 4585 1008 4638 de
1047 4564 1440 4654 parochialibus
1485 4564 1717 4643 malesua-

1888 4576 2354 4645 Quadragesimum
2399 4596 2592 4636 nonum
2623 4592 2729 4649 est,
2765 4564 2903 4653 quod
2942 4602 3043 4640 non
3069 4600 3259 4646 curant
3286 4590 3352 4648 ds

186 4670 292 4725 sibi
329 4683 645 4737 praesumere
671 4672 881 4733 debent,
912 4672 1012 4725 nisi
1059 4674 1196 4742 quod
1244 4674 1321 4728 eis
1359 4690 1388 4727 a
1415 4691 1617 4731 canone
1641 4687 1724 4732 est

152 4800 157 4803 Α
182 4752 526 4828 peruiissum,
554 4766 613 4809 ut
636 4760 1121 4826 probatconciiium
1141 4762 1447 4817 Toletanuni
1484 4765 1566 4825 10,
1588 4780 1641 4832 q.
1664 4767 1719 4830 3,

190 4861 257 4908 c._
276 4842 423 4909 Quod
451 4846 800 4914 cognovimus,
828 4853 881 4898 et
914 4847 1051 4922 inter
1083 4858 1274 4901 caetera
1300 4850 1427 4904 illud
1462 4850 1580 4905 ideo
1601 4866 1723 4922 pro-

190 4935 351 4988 batur
381 4931 463 4996 16,
490 4948 541 5002 q.
572 4934 624 4999 1,
646 4948 695 4987 c.
735 4914 1073 4987 Ganstitulum
1096 4944 1169 4987 est
1192 4936 1336 4988 nulli.

264 5018 609 5091 Trigesimum
638 5026 831 5079 nonum
857 5032 966 5089 est,
994 5026 1115 5094 quia
1152 5026 1435 5082 indiscrete
1464 5029 1724 5086 ulciscun-

192 5118 284 5162 tur
307 5109 543 5179 proprias
571 5108 788 5175 injurias
818 5119 998 5164 wntra
1023 5112 1384 5166 auctoritatem
1422 5124 1721 5170 sanctorum

190 5193 432 5260 Patrum,
454 5204 509 5249 ut
527 5196 779 5265 probatur
798 5195 849 5262 5,
869 5212 922 5265 q.
940 5198 993 5261 ’1,
1009 5214 1057 5251 c.
1081 5197 1138 5250 Si
1152 5200 1264 5267 quis
1285 5217 1597 5254 communem
1613 5213 1721 5255 tra-

186 5281 460 5344 ditionem,
478 5291 535 5335 ‘et
558 5281 624 5335 ιϐ
649 5282 796 5345 dist.,
822 5298 873 5337 c.
891 5281 1396 5349 Seditionarios,etc.
1425 5288 1490 5342 Et
1521 5272 1616 5357 pro
1643 5292 1722 5345 eis

197 5369 479 5425 indiscrete
502 5369 814 5438 iniuriantur
828 5378 886 5424 et
905 5375 1372 5439 excommunicant,
1396 5387 1454 5429 ut
1472 5381 1723 5446 probatur

196 5457 288 5520 23,
314 5470 366 5525 q.
390 5456 445 5519 4,
470 5457 613 5515 Inter
632 5456 877 5528 Melas.
897 5458 968 5512 Et
988 5460 1105 5515 ideo
1124 5463 1211 5517 isti
1233 5465 1362 5517 tales
1384 5464 1510 5519 nihil
1531 5467 1725 5523 habent

198 5544 488 5617 spirituale.
693 5549 698 5554 '

270 5633 733 5703 Quadragesimum
761 5644 862 5703 est,
891 5638 1012 5708 quia
1041 5640 1355 5700 stomachsti
1381 5642 1445 5697 de
1468 5639 1607 5699 facili
1632 5658 1725 5701 ox—

198 5724 589 5780 mmmunlcant
606 5723 912 5781 innocentes
930 5736 982 5780 et
1002 5728 1285 5797 culpabiles
1308 5729 1359 5783 in
1381 5732 1551 5785 causis
1572 5732 1726 5787 mini-

557 5831 819 5891 Paraos.
868 5832 1085 5895 XCIX.

1821 4666 2220 4736 divinisolliciis
2246 4676 2457 4737 propter
2477 4672 2712 4725 convivia
2740 4688 2833 4727 sua
2856 4685 3038 4729 contra
3067 4681 3352 4735 auctorita-

1817 4761 1923 4806 tem
1941 4754 2198 4821 Gregorii,
2219 4755 2286 4808 M
2303 4757 2449 4820 dist.,
2472 4767 2523 4811 et
2543 4760 2664 4827 quia
2686 4760 2880 4815 faciunt
2901 4775 3113 4823 cantare
3134 4771 3348 4826 missam

1813 4837 1963 4904 juxta
1992 4840 2183 4894 lectum
2221 4843 2273 4896 in
2316 4844 2489 4910 domo,
2517 4850 2603 4901 ubi
2627 4854 2900 4918 spurcitia:
2922 4855 3095 4909 multa:
3119 4866 3259 4921 sunt,
3294 4868 3350 4915 ot

1750 4968 1753 4972 λ
1822 4927 1940 4981 ideo
1964 4928 2192 4983 divinam
2232 4932 2535 4999 patientiam
2577 4936 2642 4988 ad
2678 4937 3002 4994 iracundiam
3039 4955 3345 5011 provocant.

1823 5015 1955 5069 Nam
1981 5032 2247 5086 nunquam
2283 5020 2440 5074 missa
2479 5022 2530 5074 in
2560 5024 2713 5078 dom
2739 5028 2990 5083 celebrari
3019 5031 3193 5087 debet.
3220 5033 3349 5088 Pro-

1824 5106 1980 5158 batur
2003 5106 2067 5158 de
2088 5105 2495 5162 Consocratione
2512 5110 2632 5163 dist.
2653 5112 2700 5172 1,
2726 5127 2775 5165 c.
2792 5112 2934 5167 Sicut
2968 5132 3066 5169 non
3090 5119 3237 5184 alibi,
3256 5122 3343 5174 ubi

1821 5189 2051 5244 dicitur:
2080 5190 2327 5247 Sanctius
2353 5200 2449 5247 est.
2469 5196 2681 5251 missam
2709 5214 2809 5251 non
2835 5212 3071 5265 cantare,
3106 5219 3260 5272 quam
3290 5208 3343 5262 in

1824 5279 1907 5333 his
1929 5278 2057 5333 locis
2083 5280 2172 5333 ubi
2202 5278 2313 5335 ﬁeri
2346 5296 2449 5335 non
2482 5292 2702 5350 oportet.
2748 5285 2814 5338 Et
2846 5290 3109 5359 suljungit
3149 5292 3199 5343 in
3240 5292 3343 5356 tino

1824 5365 2038 5435 capituli
2062 5367 2204 5435 quod
2240 5369 2295 5421 in
2332 5369 2571 5426 domibus
2591 5370 2885 5429 nullatenus
2909 5378 3068 5429 missa
3090 5377 3342 5434 celebrari

1826 5456 2001 5510 debet.

1893 5544 2389 5615 Quinquagesimum
2412 5552 2509 5610 est,
2524 5548 2659 5613 quod
2683 5545 3027 5606 rosEcclesia:
3045 5566 3147 5617 non
3168 5534 3342 5608 suum

1827 5633 1977 5690 diunt
2020 5644 2202 5691 contra
2240 5635 2600 5691 auctoritatem
2642 5640 2861 5694 monis
2898 5639 2993 5704 16,
3029 5653 3082 5707 q.
3127 5638 3152 5693 1
3197 5654 3247 5693 c.
3291 5648 3346 5694 et

1829 5723 2036 5777 easdem
2079 5737 2163 5777 res
2201 5723 2578 5779 ecclesiasticas
2602 5740 2695 5792 per
2722 5742 2778 5783 se
2810 5741 3035 5795 suosque
3062 5725 3344 5797 dilapldsnt

2916 5840 2993 5899 33
