4010 6468
727 381 853 434 1099

1571 381 1916 435 ΕΧΟΕΒΡΤΑ
1958 380 2044 433 EX
2085 379 2575 432 POENITENTIALI
2612 380 2658 432 J.
2703 381 2786 435 DE
2821 382 2966 436 DEO.

3712 390 3865 440 item

705 502 906 545 contra
933 493 1288 544 auctoritatem
1329 491 1562 550 Patrum,
1585 489 1651 542 28
1676 491 1813 548 dist.,
1840 505 1884 541 c.
1918 491 2022 542 Etsi
2051 505 2107 542 se
2134 505 2232 540 non
2265 495 2307 548 Α
2403 491 2490 542 Est
2515 492 2670 544 etiam
2691 494 2969 546 secundum
2994 495 3172 548 vitium
3192 497 3499 565 principale,
3523 498 3664 566 quod
3692 499 3864 565 quin—

717 579 1005 644 corrigunt,
1043 579 1228 630 debent
1263 577 1475 644 deponi,
1507 584 1562 628 ut
1602 577 1665 628 l9.
1702 592 1778 642 q.,
1816 592 1860 628 c.
1902 577 2228 643 Apostolicns.

703 665 784 718 Et
821 667 942 732 quia
973 679 1055 718 res
1096 665 1291 718 alienas
1334 670 1605 729 usurpant,
1637 663 1885 730 probatur
1912 662 1989 722 l6,
2020 679 2070 729 ιι.
2105 663 2151 723 6,
2184 677 2228 715 c.

724 752 944 803 Placuit.

787 838 1280 906 Quinquagesimum
1321 836 1542 902 primum
1593 843 1646 888 et
1692 833 1928 887 ultimum
1969 844 2067 898 est,
2112 834 2233 900 quia

703 925 1078 990 plorianturin
1101 923 1378 983 cathedris,
1401 930 1454 974 et
1481 936 1581 974 non
1609 929 1828 974 noscunt
1849 935 1905 973 sc
1925 921 2079 988 ipsos.
2106 921 2233 972 Nam

710 1015 763 1064 si
791 1014 1170 1080 cognovissent,
1203 1013 1429 1062 minores
1474 1009 1706 1061 subditos
1750 1023 1850 1074 non
1893 1008 2232 1074 contempsis—

705 1107 856 1151 sent.
899 1099 1149 1150 Probatur
1178 1098 1259 1156 1.9.,
1288 1112 1338 1162 q.
1367 1096 1420 1157 ‘2,
1451 1109 1495 1147 c.
1545 1093 1716 1145 Gloria
1749 1094 1983 1161 episcopi,
2033 1103 2133 1145 etc.
2179 1091 2232 1144 Si

714 1186 822 1238 hoc
845 1185 1070 1252 episc0pi
1099 1182 1456 1241 attendisscnt,
1480 1179 1775 1232 sacerdotes
1802 1179 2029 1229 minores
2056 1177 2235 1229 sedere

715 1270 862 1337 juxta
891 1268 1170 1322 scabellum
1207 1282 1385 1320 eorum
1417 1265 1602 1332 pedum
1643 1265 1780 1333 passi
1828 1279 1928 1316 non
1957 1271 2150 1324 essent,
2180 1271 2235 1312 ut

721 1356 909 1425 probat
939 1354 1213 1408 concilium
1261 1351 1686 1420 Carthaginense.
1736 1351 1794 1401 Et
1825 1358 1904 1402 est
1930 1337 2064 1401 ratio
2092 1349 2233 1414 quia,

722 1451 779 1494 ut
797 1449 1015 1494 testatur
1031 1441 1212 1493 beatus
1235 1437 1515 1507 Gregorius
1541 1453 1551 1487 :
1578 1437 1705 1488 Cum
1735 1435 1885 1502 culpa
1911 1449 2011 1486 non
2035 1435 2231 1497 subest,

720 1543 902 1582 omnes
941 1527 1222 1582 secundum
1263 1524 1516 1576 rationem
1561 1521 1867 1574 humilitatis
1894 1520 2118 1588 aequales
2144 1535 2232 1572 su-

720 1629 854 1677 mus,
885 1620 943 1666 ut
975 1613 1224 1681 probatur
1251 1611 1317 1662 22
1342 1610 1487 1672 dist.,
1510 1624 1558 1662 c.

790 1703 934 1756 Talia
963 1716 1087 1769 ergo
1113 1709 1163 1753 et
1186 1699 1493 1762 consimilia,
1521 1699 1563 1751 si
1595 1705 1714 1750 sunt
1741 1695 1964 1758 notoria,
2002 1696 2070 1746 ita
2097 1692 2235 1760 quod

2331 589 2431 640 que
2464 577 2656 629 habent
2679 578 2912 631 abbatias
2939 595 3031 646 per
3062 581 3333 635 simoniam
3361 600 3373 634 :
3402 593 3456 636 et
3476 585 3563 636 isti
3591 583 3726 637 tales
3751 599 3866 636 non

2329 672 2542 730 possunt
2577 679 2844 718 remanere
2890 667 2939 718 in
2987 667 3464 732 administratione,
3512 678 3571 722 ut
3593 672 3870 738 probatur

2330 763 2412 798 ex.
2442 749 2505 801 de
2532 748 2780 812 Simonia,
2805 767 2852 805 c.
2881 752 3127 805 Peruenit.
3179 755 3243 806 Et
3268 753 3482 818 tales,_si
3508 768 3866 818 accusantur,

2331 844 2470 888 recte
2499 837 2687 890 debent
2710 839 2912 906 deponi,
2943 848 3046 892 ext.
3078 841 3142 894 de
3168 841 3418 905 Simonia,
3439 841 3664 896 Dilectus
3689 844 3865 911 ﬁlius.

2327 922 2470 978 Alias
2498 933 2691 988 autem,
2717 927 3000 993 puniuntur
3039 928 3103 980 ad
3131 929 3400 982 arbitrium
3417 931 3614 998 judicis
3632 971 3647 996 ,
3676 941 3740 984 ut
3770 949 3846 986 ex

2330 1010 2392 1062 de
2420 1009 2669 1062 Simonia.
2839 1018 2842 1021 '
3137 1025 3140 1027 λ
3362 1031 3406 1072 .-,

2397 1097 2490 1148 Est
2526 1107 2698 1150 autem
2743 1109 2983 1164 quartum
3019 1101 3200 1154 vitium
3227 1105 3464 1168 mortale,
3489 1105 3618 1160 licet
3646 1122 3757 1160 non
3789 1109 3864 1160 ita

2333 1197 2596 1250 magnum,
2624 1186 2758 1238 sicut
2787 1203 2944 1240 unum
2971 1191 3353 1258 praemissorum
3371 1232 3385 1256 ,
3412 1195 3552 1261 quod
3579 1195 3870 1264 negligunt

2333 1274 2614 1325 monachos
2637 1289 2758 1326 suos
2787 1274 3025 1344 fugitivos
3048 1318 3062 1339 ,
3109 1285 3165 1329 ut
3192 1280 3441 1346 probatur
3464 1280 3549 1344 l8,
3580 1297 3636 1350 q.
3667 1282 3724 1346 2,
3751 1283 3864 1334 Ab-

2332 1356 2484 1418 balcs,
2517 1367 2568 1410 et
2591 1374 2673 1410 ex.
2705 1360 2768 1412 de
2792 1359 3008 1428 Regula,
3032 1377 3079 1415 c.
3112 1361 3193 1414 Ne
3221 1363 3458 1431 religiosi.

2399 1447 2491 1499 Est
2525 1455 2695 1500 autem
2718 1449 2955 1515 quintum
2980 1449 3184 1513 vitium,
3228 1453 3365 1519 quod
3389 1453 3652 1520 recipiunt
3675 1471 3869 1511 mona-

2333 1539 2458 1590 chos
2485 1547 2758 1591 extraneos
2785 1539 2896 1592 sine
2935 1539 3122 1593 litteris
3157 1525 3609 1609 commendatitiis,
3654 1553 3714 1598 ut
3738 1562 3866 1614 pro—

2334 1625 2486 1677 batur
2521 1626 2608 1688 28,
2637 1641 2687 1692 q.
2719 1627 2770 1678 2.

2404 1714 2491 1764 Est
2518 1723 2691 1766 autem
2716 1721 2919 1767 sextum
2941 1714 3140 1778 vitium,
3170 1716 3306 1784 quod
3330 1715 3546 1782 ejiciunt
3569 1721 3864 1774 monachos

720 1791 832 1842 sine
855 1803 1042 1857 magno
1074 1785 1315 1841 seandalo
1361 1785 1647 1853 ρετῡειτπί
1686 1798 1787 1835 non
1808 1781 2102 1870 Ριξιιξθτῖηξν
2132 1792 2239 1830 ωε·
2269 1783 2311 1840 Β
2338 1816 2458 1853 suos
2483 1801 2779 1859 indiscrete,
2809 1811 2865 1852 ut
2891 1814 2973 1852 ex.
3005 1802 3068 1854 de
3091 1781 3294 1870 Reg—ul"
3320 1781 3415 1855 ult.
3447 1819 3494 1857 c.

715 1877 1033 1945 tropolitano
1061 1882 1181 1927 sunt
1211 1871 1523 1932 conﬁtenda,
1553 1878 1607 1922 et
1630 1871 1695 1922 ab
1718 1884 1779 1921 eo
1805 1865 2118 1932 indulgentia
2147 1878 2237 1930 pe—

722 1966 896 2028 tenda,
927 1964 990 2015 ad
1039 1963 1137 2016 hoc
1168 1969 1224 2014 ut
1255 1961 1511 2014 medicina
1539 1958 1857 2026 poenitentia:
1893 1955 2089 2008 utiliter
2121 1968 2237 2006 esse

721 2053 904 2120 possit,
942 2060 999 2104 ut
1024 2051 1274 2118 probatur
1308 2049 1426 2101 dist.
1455 2048 1500 2109 l,
1534 2061 1580 2101 c.
1610 2056 1661 2099 et
1689 2061 1736 2098 c.
1765 2044 1819 2099 Si
1864 2051 2036 2096 autem
2059 2049 2234 2094 notum

721 2158 822 2196 non
851 2142 1158 2202 sitcrimen,
1189 2147 1241 2193 et
1267 2151 1422 2204 super
1457 2138 1557 2188 hoc
1588 2133 1885 2190 scandalum
1933 2147 2034 2185 non
2059 2139 2158 2193 est,
2185 2138 2237 2182 et

720 2229 772 2281 in
809 2227 926 2280 aliis
961 2227 1188 2293 peccatis
1229 2222 1616 2290 corporalibus,
1664 2229 1878 2288 excepta
1920 2219 2141 2272 simonia
2184 2228 2237 2271 et

721 2297 1021 2377 homicidio,
1048 2320 1264 2381 possunt
1285 2311 1381 2363 sibi
1404 2311 1680 2362 discretum
1707 2307 2022 2360 sacerdotem
2044 2307 2237 2374 eligere

721 2400 1086 2454 confessorem.
1110 2398 1364 2452 Probatur
1387 2412 1468 2449 ex.
1490 2397 1553 2448 de
1577 2395 1878 2456 Pmniteut.,
1905 2403 2006 2445 etc.
2032 2393 2097 2445 Et
2126 2394 2238 2446 lucc

720 2490 857 2541 dicta
883 2495 1000 2540 sunt
1024 2487 1088 2539 ad
1129 2487 1378 2538 honorem
1405 2483 1797 2549 episcoporum,
1825 2494 1928 2532 non
1956 2479 2236 2545 reprehen-

719 2575 908 2638 dendo,
938 2575 1028 2628 sed
1052 2573 1323 2627 monendo.
1355 2570 1574 2634 Quidam
1600 2569 1764 2620 sancti
1800 2575 1940 2628 sunt,
1963 2567 2052 2619 sed
2077 2581 2236 2618 unus-

719 2663 937 2730 quisque
971 2660 1231 2729 propriam
1274 2656 1644 2712 conscientiam
1684 2656 1978 2710 conveniat.
2014 2654 2235 2722 Explicu

719 2749 787 2803 de
813 2749 1084 2817 episcopis.
1304 2759 1307 2762 ‘

814 2853 890 2909 De
909 2853 1218 2922 confessione
1241 2851 1495 2914 abbatum,
1521 2859 1566 2904 ct
1592 2851 1673 2904 cui
1696 2850 1869 2903 debent
1897 2849 2141 2916 conﬁteri.

1302 2937 1400 3008 (Ex
1432 2950 1544 3004 cap.
1577 2935 1651 3004 7.)

786 3027 860 3081 De
881 3024 1202 3080 confessione
1240 3023 1482 3076 abbatum
1522 3021 1598 3074 sic
1634 3022 1930 3090 distingue:
1955 3030 2043 3074 aut
2071 3021 2232 3074 abbas

716 3122 800 3168 est
818 3119 1114 3180 exemptus,
1139 3118 1194 3164 et
1220 3123 1322 3164 nou
1349 3109 1507 3163 habet
1533 3109 1690 3160 alium
1717 3109 1959 3162 abbatem
1985 3107 2232 3175 majorem

715 3209 1010 3270 exemptum
1045 3214 1204 3269 super
1228 3213 1303 3253 se.
1343 3197 1400 3253 Si
1438 3198 1595 3251 estin
1625 3196 1856 3248 Romana
1882 3198 2048 3260 curia,
2083 3199 2236 3250 debet

737 3289 953 3344 :onﬁtcri
975 3289 1182 3342 domino
1218 3300 1393 3356 papas,
1427 3286 1510 3339 vel
1534 3287 1646 3354 ejus
1671 3285 2056 3351 poenitentiario
2082 3299 2238 3354 gene-

717 3378 815 3432 rali
839 3415 854 3441 ,
897 3386 952 3430 ut
979 3360 1171 3432 dictum
1212 3384 1294 3431 est
1331 3375 1396 3430 de
1433 3376 1840 3444 archiepiscopo.
1882 3375 1937 3429 Si
1964 3384 2133 3428 autem
2157 3387 2236 3430 est

717 3476 948 3520 remotus
989 3465 1056 3519 ab'
1080 3465 1316 3520 Ecclesia
1357 3464 1624 3524 Romana,
1667 3471 1838 3529 potest
1859 3463 2096 3518 confiteri
2123 3465 2234 3516 cui-

716 3567 923 3620 cunque
947 3552 1188 3617 voluerit,
1215 3553 1338 3606 dum
1364 3558 1539 3604 tamen
1562 3550 1700 3603 ﬁdeli
1729 3558 1782 3603 et
1806 3550 2034 3604 discreto
2062 3565 2238 3604 sacer-

717 3639 824 3694 dmi
845 3677 862 3704 ,
909 3647 965 3692 ut
987 3641 1236 3709 probatur
1258 3653 1342 3693 ex.
1385 3639 1448 3692 de
1480 3637 1628 3690 Poen.
1656 3636 1749 3689 ult.
1796 3636 1852 3690 Si
1881 3645 2056 3691 autem
2081 3637 2238 3690 habet

719 3728 879 3778 alium
901 3726 1145 3793 majorem
1171 3739 1328 3794 super
1348 3739 1423 3788 se,
1447 3725 1558 3777 sive
1578 3725 1646 3775 sit
1671 3733 1959 3790 exemptus,
1982 3724 2090 3776 sive
2111 3739 2234 3787 non,

719 3816 872 3870 debet
894 3816 941 3868 ei
970 3813 1223 3867 conﬁteri.
1263 3811 1319 3866 Si
1358 3819 1533 3865 autem
1562 3825 1665 3862 non
1703 3810 1858 3863 habet
1887 3810 2043 3862 alium
2073 3810 2234 3862 abba-

625 3945 627 3947 .
721 3915 827 3958 tem
850 3919 1004 3972 super
1029 3917 1104 3966 se,
1133 3909 1188 3955 et
1211 3902 1322 3969 ipse
1351 3914 1452 3953 non
1479 3906 1559 3952 est
1585 3905 1856 3965 exemptus
1873 3935 1888 3960 ,
1935 3896 2089 3949 debet
2112 3909 2235 3963 pro-

719 3995 834 4063 prio
858 3993 1100 4060 episcopo
1128 3990 1363 4044 confiteri
1388 4027 1403 4053 ,
1449 3988 1571 4054 quia
1600 3987 1708 4054 ipse
1730 3994 1810 4038 est
1836 3985 2081 4054 pnelatus
2105 3983 2232 4050 ejus,

721 4073 781 4134 ut
803 4079 1048 4148 probatur
1067 4077 1128 4128 41
1161 4076 1304 4138 dist.,
1333 4089 1382 4128 c.
1413 4073 1615 4126 Obiium
1636 4111 1650 4134 ,
1697 4080 1750 4126 et
1779 4072 1842 4123 t2
1863 4068 2007 4133 δίει,
2033 4085 2079 4122 c.
2116 4070 2234 4132 ult.,

663 4183 666 4186 ’
722 4166 804 4221 vel
847 4166 912 4219 de
950 4164 1154 4218 licentia
1179 4162 1406 4230 episcopi
1441 4161 1538 4214 sibi
1580 4160 1737 4228 eligat
1777 4158 2154 4220 confessorem,
2182 4167 2238 4210 ut

723 4255 974 4326 probatur
999 4266 1082 4304 ex.
1123 4252 1188 4304 de
1215 4249 1363 4326 Pten.
1409 4255 1464 4302 et
1494 4248 1698 4301 remissi.
1742 4255 1797 4300 et
1827 4247 1891 4298 de
1927 4245 2073 4298 Poen.
2113 4247 2235 4298 dist.

2401 1888 2492 1939 list
2519 1895 2690 1939 autem
2721 1889 2998 1954 septimum
3041 1889 3221 1940 vitium
3247 1929 3261 1953 ,
3303 1890 3439 1957 quod
3480 1892 3608 1944 dant
3652 1893 3863 1946 litteras

2333 1974 2655 2027 dimissorias
2683 1974 2960 2027 indiscrete
2977 2015 2989 2038 ,
3033 1985 3084 2028 et
3105 1977 3321 2028 credunt
3347 1979 3484 2044 quod
3510 1981 3760 2033 monachi
3783 1983 3861 2033 vel

2308 2081 2313 2092 ’-
2334 2063 2600 2130 regulares
2647 2063 2748 2114 sint
2791 2077 2885 2130 per
2927 2063 3055 2116 tales
3090 2063 3292 2116 litteras
3344 2065 3566 2118 absoluti
3618 2083 3651 2120 a
3689 2070 3858 2136 prima

2333 2148 2660 2211 ohedientia,
2712 2150 2810 2202 nisi
2857 2151 3027 2216 primo
3071 2151 3137 2203 ab
3179 2150 3268 2204 illo
3315 2150 3502 2206 abbate
3534 2169 3631 2221 per
3655 2155 3861 2208 litteras

2334 2235 2656 2289 dimissorias
2678 2236 2792 2288 ~sint
2818 2225 3046 2303 recepti,
3075 2247 3132 2290 ut
3156 2239 3403 2305 probatur
3430 2241 3490 2294 7i
3525 2243 3675 2305 dist.,
3719 2244 3858 2296 Illud

2331 2338 2547 2391 quoque,
2578 2330 2631 2374 et
2677 2338 2724 2374 c.
2771 2322 2845 2374 De
2877 2323 3064 2385 aliena,
3104 2333 3159 2376 et
3198 2341 3244 2378 c.
3281 2324 3522 2379 Clericos.
3564 2329 3694 2381 Illud
3724 2331 3858 2383 idem

2332 2411 2582 2478 probatur
2612 2409 2661 2471 7,
2688 2424 2739 2476 q.
2779 2409 2824 2470 l,
2851 2425 2896 2462 c.
2927 2409 3044 2462 Non
3067 2419 3286 2478 oportet,
3315 2420 3436 2466 etc.
3469 2411 3738 2479 Pervenit,
3771 2417 3859 2474 2i.

2333 2511 2384 2563 q.
2417 2496 2470 2559 2,
2498 2512 2543 2549 c.
2568 2504 2620 2548 et
2649 2497 2707 2558 2;
2755 2496 2880 2549 dicit
2906 2498 3045 2550 enim
3083 2497 3188 2551 Leo
3213 2513 3345 2566 papa
3373 2501 3508 2567 quod
3536 2516 3641 2555 non
3671 2503 3856 2557 debent

2334 2585 2444 2637 dari
2476 2584 2658 2637 litters:
2685 2585 3024 2647 dimissorize,
3049 2586 3148 2638 nisi
3175 2587 3320 2651 prius
3347 2597 3552 2642 constet
3575 2605 3765 2656 quare,
3798 2607 3861 2644 ne

2332 2675 2444 2725 ovis
2465 2673 2667 2741 perdita
2699 2673 2988 2724 inveniatur
3013 2673 3126 2725 sine
3167 2683 3370 2741 pastore
3391 2714 3404 2737 ,
3445 2685 3502 2727 ut
3535 2677 3601 2727 72
3639 2678 3788 2742 dist.,
3811 2693 3856 2732 c.

2333 2759 2634 2826 Episwpus.

2402 2843 2650 2899 Octavum
2680 2833 2865 2897 vitium
2894 2854 2972 2899 est
2993 2886 3006 2908 ,
3036 2849 3172 2914 quod
3211 2857 3484 2916 postquam
3532 2852 3729 2920 aliquis
3753 2870 3860 2907 mo-

2333 2933 2532 2986 nachus
2557 2932 2752 2985 resistit
2781 2933 2918 2986 vitiis
2941 2947 3140 2999 eorum,
3165 2949 3283 2988 cum
3313 2938 3552 3004 puniunt.

2400 3020 2492 3074 Est
2516 3020 2672 3073 etiam
2698 3034 2889 3073 nonum
2917 3021 3129 3084 vitium,
3177 3023 3314 3090 quod
3347 3024 3390 3076 si
3427 3025 3615 3092 aliquis
3651 3039 3863 3097 propter

2335 3108 2434 3161 hoc
2459 3108 2745 3175 appellatur
2767 3108 2832 3160 ad
2865 3109 3136 3176 judicium,
3178 3111 3354 3162 statYm
3396 3127 3516 3164 eum
3558 3117 3863 3176 verberant,

2333 3198 2415 3250 vel
2436 3197 2926 3262 excommunieant,
2942 3197 3023 3250 vel
3051 3198 3279 3266 capiunt,
3306 3200 3357 3252 in
3377 3214 3447 3253 .eo
3474 3203 3615 3268 quod
3650 3204 3868 3258 abbates

2333 3285 2583 3361 deberent
2605 3285 2797 3353 puniri.
3034 3314 3036 3317 -
3173 3269 3180 3282 ’

2402 3373 2668 3425 Decimum
2683 3373 2985 3436 vitiumest,
3003 3371 3139 3440 quod
3163 3373 3377 3426 abbates
3396 3375 3652 3440 quosdam
3682 3392 3867 3430 mona-

2334 3463 2460 3515 chos
2487 3461 2714 3513 exaltant
2748 3476 2813 3528 ex
2838 3461 3033 3514 carnali
3058 3475 3251 3524 amore,
3297 3469 3350 3513 et
3393 3460 3524 3514 alios
3561 3463 3868 3531 deprimunt

2333 3565 2396 3602 ex
2421 3549 2540 3602 odio
2567 3556 2618 3602 et
2644 3549 2856 3612 invidia,
2893 3558 2948 3601 nt
2975 3549 3223 3616 probatur
3245 3548 3326 3611 15,
3359 3563 3410 3616 q.
3441 3550 3494 3613 7,
3521 3565 3572 3603 c.
3600 3550 3649 3603 l.

2401 3637 2493 3690 Est
2517 3645 2690 3689 autem
2717 3637 3049 3689 undecimum
3072 3635 3256 3699 vitium
3276 3675 3291 3694 .
3318 3637 3457 3704 quod
3488 3637 3587 3704 ipsi
3617 3638 3716 3691 sub
3745 3653 3867 3706 spe-

2332 3727 2413 3778 cie
2452 3724 2659 3790 pietatis
2687 3723 2901 3790 palliant
2933 3723 3287 3789 impietatem,
3335 3723 3534 3776 scilicet
3581 3727 3869 3779 oceasiouc

2333 3811 2542 3878 hospitii
2570 3809 2887 3862 manducant
2915 3817 3062 3862 extra
3087 3809 3417 3878 refectqrium
3440 3824 3629 3863 carnes
3654 3813 3864 3864 insutli-

2331 3901 2546 3961 cienter,
2589 3907 2643 3951 et
2687 3913 2790 3951 non
2835 3898 3047 3950 veniunt
3085 3897 3148 3949 ad
3179 3896 3486 3958 matutinas,
3532 3911 3632 3949 nec
3660 3899 3727 3950 ad
3753 3899 3866 3952 olli—

2332 3990 2492 4051 cium,
2515 3996 2568 4040 et
2591 3988 2832 4040 monachi
2861 3987 3154 4039 moriuntur
3180 3985 3336 4049 fame,
3367 3983 3458 4053 qui
3485 3996 3701 4054 portant
3724 4003 3866 4055 pon-

2333 4074 2429 4126 dus
2447 4071 2601 4126 olllcii
2625 4072 2726 4124 diei
2754 4080 2808 4125 et
2829 4081 3006 4124 aestus.

2400 4163 2493 4215 Est
2513 4171 2686 4214 autem
2713 4161 3072 4214 duodecimum
3091 4197 3105 4222 ,
3137 4159 3275 4226 quod
3305 4159 3611 4226 permittunt
3637 4162 3862 4228 quibus-

2334 4253 2452 4305 dam
2501 4245 2773 4304 monachis
2815 4249 3005 4300 hahere
3032 4247 3330 4314 pecuniam,
3361 4256 3543 4300 contra
3573 4252 3865 4304 auctorita-

724 4324 806 4404 λϐ,
853 4354 901 4394 c.
954 4337 1171 4391 Placuit.
1231 4324 1363 4391 Cum
1406 4335 1558 4389 aliter
1582 4349 1686 4388 non
1723 4335 1886 4402 possit
1919 4333 2091 4403 ligari,
2142 4348 2240 4386 nec
2267 4361 2311 4417 υ
2339 4349 2440 4391 tem
2485 4347 2782 4390 sanctorum
2823 4335 3034 4388 Patrum
3058 4373 3073 4398 ,
3115 4342 3174 4387 ut
3200 4334 3459 4401 probatur
3487 4350 3573 4388 ex.
3613 4337 3679 4388 de
3705 4337 3862 4392 Statu

722 4428 876 4489 solvi,
901 4434 956 4478 ut
982 4427 1033 4478 in
1057 4425 1317 4492 prmdictis
1331 4423 1556 4488 juribus,
1581 4421 1681 4474 nisi
1697 4420 1870 4474 forsan
1897 4429 2036 4475 esset
2061 4420 2238 4488 regula

724 4511 986 4570 Contraria
1013 4520 1066 4565 et
1093 4525 1121 4562 a
1145 4523 1348 4562 summo
1373 4506 1616 4577 pontifice
1644 4508 1956 4574 approbata;
1987 4507 2123 4559 sicut
2144 4507 2239 4558 ha-

726 4605 852 4657 bent
897 4598 1086 4652 fratres
1125 4597 1495 4651 Cistercieuses
1540 4596 1629 4663 qui
1683 4594 1962 4647 secundum
2008 4593 2237 4661 regulam

675 4672 688 4684 ’
727 4689 823 4746 sibi
849 4683 1041 4743 faciunt
1069 4686 1434 4740 confessorem.
1485 4683 1628 4736 Licet
1655 4684 1793 4736 enim
1818 4683 1981 4734 multa
2007 4681 2235 4734 sint.ab—

729 4768 903 4832 butum
943 4767 1068 4828 vitia
1091 4814 1106 4838 ,
1155 4789 1270 4843 qua:
1311 4779 1528 4840 possunt
1560 4772 1655 4823 sub
1683 4782 1901 4820 numero
1927 4767 2234 4834 computari,
2318 4796 2321 4798 -

730 4854 900 4917 tamen
925 4876 1088 4930 pauca
1125 4875 1188 4914 ex
1223 4860 1300 4912 eis
1325 4859 1549 4912 breviter
1570 4856 2002 4926 perstringamus,
2046 4853 2110 4906 ad
2136 4854 2237 4906 hoc

729 4941 865 5026 quod
887 4949 1073 5005 futuris
1105 4949 1303 5005 cautela
1328 4948 1484 5001 tutior
1508 4955 1843 5017 prreparetur.

742 5057 750 5062 λ
797 5033 1027 5092 Primum
1062 5046 1143 5091 est
1169 5036 1352 5089 vitium
1395 5033 1710 5102 principale,
1753 5033 1890 5101 quod
1931 5041 1988 5085 ut
2023 5033 2238 5086 abbates

732 5120 888 5189 itaut,
927 5122 1156 5194 regulam
1179 5127 1474 5182 assumunt,
1517 5127 1698 5174 contra
1721 5119 2082 5173 auctoritatem
2112 5133 2234 5171 san-

729 5212 930 5280 ctorum
951 5212 1184 5287 l_’atrum,
1216 5217 1273 5262 ut
1300 5209 1553 5278 probatur
1579 5205 1664 5270 l6,
1692 5221 1745 5275 q.
1773 5205 1824 5270 7,
1855 5221 1902 5259 c.
1933 5205 2036 5258 Per
2053 5205 2228 5264 laicus,

731 5291 817 5356 ubi
847 5291 1034 5353 dicitur
1050 5298 1190 5368 quod
1228 5295 1400 5350 nullus
1434 5294 1670 5350 habitum
1690 5294 1958 5362 suscipiat,
1979 5307 2122 5361 spem
2145 5289 2236 5344 a'ut

661 5433 665 5438 .
729 5385 1119 5456 promissionem
1144 5375 1368 5446 habens,
1414 5388 1472 5437 ut
1493 5381 1655 5436 abbas
1674 5379 1783 5434 ﬂat.
1821 5379 1951 5432 Nam
1976 5380 2108 5432 tales
2132 5393 2252 5432 non.

689 5520 699 5531 .
731 5469 998 5528 intendunt
1024 5468 1266 5525 sacculum
1295 5467 1477 5540 fugare
1498 5505 1512 5532 ,
1563 5467 1657 5522 sed
1691 5473 1913 5529 mutare,
1962 5471 2018 5518 ut
2049 5465 2237 5533 proba-

734 5572 813 5615 tur
835 5559 948 5612 55.‘
1231 5567 1245 5574 ‘

2338 4426 2596 4478 monachi.

2404 4515 2497 4566 Est
2540 4520 2711 4565 autem
2752 4512 3008 4566 decimum
3050 4512 3260 4575 tertium
3285 4511 3468 4565 vitium
3491 4551 3506 4577 ,
3555 4515 3696 4581 quod
3732 4517 3856 4580 jura

2337 4599 2648 4668 episcopalia
2684 4614 2787 4652 non
2823 4606 3058 4652 metuunt
3099 4595 3368 4666 usurpare,
3413 4607 3474 4652 ut
3491 4601 3747 4668 probatur
3768 4604 3853 4668 l6,

2335 4704 2388 4756 q.
2423 4689 2472 4750 l,
2500 4703 2547 4740 c.
2576 4687 2824 4739 Pervenit.

2406 4774 2526 4827 llaec
2546 4775 2590 4826 si
2626 4774 2829 4826 notoria
2861 4781 3016 4836 sunt,
3064 4774 3307 4841 episcopo
3335 4774 3536 4826 debent
3570 4775 3810 4847 conﬁteri
3836 4793 3852 4836 ;

2333 4859 2433 4911 alia
2459 4866 2664 4922 autem,
2694 4866 2753 4909 ut
2793 4857 2857 4910 de
2899 4857 3043 4926 lapsu
3091 4858 3263 4910 carnis
3305 4865 3596 4921 taceantur,
3639 4873 3852 4928 possunt

2333 4945 2589 5008 confiteri,
2620 4945 2665 4998 si
2692 4952 2813 4998 sunt
2838 4952 3056 5005 secreta,
3075 4943 3285 5011 proprio
3310 4942 3596 4997 confessori
3614 4984 3628 5008 ,
3661 4961 3846 5000 scen“-

2333 5033 2457 5085 dum
2482 5031 2864 5084 distinctionem
2896 5031 3134 5096 superius
3158 5036 3515 5094 praeuotatam.

2336 5120 2407 5172 De
2439 5118 2746 5186 confessione
2774 5116 3131 5168 monachorum
3148 5153 3162 5180 ,
3190 5123 3236 5167 et
3279 5116 3362 5167 cui
3389 5114 3568 5180 debent
3603 5116 3844 5184 conﬁteri.

2878 5230 2882 5234 -
2915 5201 3013 5271 (Ex
3045 5211 3158 5270 cap.
3187 5201 3266 5271 8.)

2402 5292 2605 5348 Dictum
2628 5298 2711 5345 est
2734 5290 2972 5359 superius
3001 5289 3066 5342 de
3093 5289 3359 5343 monachis
3383 5296 3438 5342 et
3472 5289 3538 5343 de
3569 5290 3844 5345 confessio-

2337 5381 2489 5434 nibus
2512 5380 2833 5441 earumdem,
2869 5391 3006 5432 nunc
3023 5377 3294 5432 dicendum
3317 5385 3400 5431 est
3418 5377 3626 5446 plenius
3655 5380 3737 5434 cui
3760 5380 3843 5434 de-

2336 5468 2491 5524 beant
2511 5464 2768 5520 conﬁteri.
2796 5464 2862 5517 Et
2885 5471 2966 5519 est
2986 5463 3264 5519 tenendum
3285 5465 3423 5532 quod
3444 5462 3621 5521 abbati
3643 5465 3841 5536 proprio

2337 5552 2560 5608 debeant
2579 5550 2828 5614 conﬁteri,
2852 5550 2941 5618 qui
2959 5550 3110 5605 debet
3125 5550 3261 5604 scire
3277 5551 3630 5620 oppositiones
3651 5567 3838 5616 eorum.
