  <div class='ocr_page' id='page_1' title='image "/cluster/home/n/w/nwhite01/storage/ocr_20150623/99-100/uc1.31175006946845/560.png"; bbox 0 0 4010 6404; ppageno 0'>
   <div class='ocr_carea' id='block_1_1' title="bbox 156 412 291 463">
    <p class='ocr_par' dir='ltr' id='par_1_1' title="bbox 156 412 291 463">
     <span class='ocr_line' id='line_1_1' title="bbox 156 412 291 463; baseline -0.022 0"><span class='ocrx_word' id='word_1_1' title='bbox 156 412 291 463; x_wconf 81' lang='grc'><strong>1101</strong></span> 
     </span>
    </p>
   </div>
   <div class='ocr_carea' id='block_1_2' title="bbox 1052 411 2444 467">
    <p class='ocr_par' dir='ltr' id='par_1_2' title="bbox 1052 411 2444 467">
     <span class='ocr_line' id='line_1_2' title="bbox 1052 411 2444 467; baseline -0.001 0"><span class='ocrx_word' id='word_1_2' title='bbox 1052 412 1403 467; x_wconf 62' lang='grc' dir='ltr'><strong>ΕΧΟΕΙΚΡΤΑ</strong></span> <span class='ocrx_word' id='word_1_3' title='bbox 1438 413 1526 465; x_wconf 73' lang='lat' dir='ltr'><strong>EX</strong></span> <span class='ocrx_word' id='word_1_4' title='bbox 1565 411 1792 463; x_wconf 65' lang='lat' dir='ltr'><strong>1‘0le”</strong></span> <span class='ocrx_word' id='word_1_5' title='bbox 1800 412 1912 462; x_wconf 53' lang='lat' dir='ltr'><strong>l‘LN&#39;l</strong></span> <span class='ocrx_word' id='word_1_6' title='bbox 1932 414 2055 464; x_wconf 70' lang='grc' dir='ltr'><strong>ΞΛΜ</strong></span> <span class='ocrx_word' id='word_1_7' title='bbox 2094 412 2139 463; x_wconf 86' lang='lat' dir='ltr'><strong>J.</strong></span> <span class='ocrx_word' id='word_1_8' title='bbox 2181 414 2261 464; x_wconf 64' lang='lat' dir='ltr'><strong>lllﬁ</strong></span> <span class='ocrx_word' id='word_1_9' title='bbox 2300 413 2444 466; x_wconf 79' lang='lat' dir='ltr'><strong>DEO.</strong></span> 
     </span>
    </p>
   </div>
   <div class='ocr_carea' id='block_1_3' title="bbox 3172 413 3302 483">
    <p class='ocr_par' dir='ltr' id='par_1_3' title="bbox 3172 413 3302 483">
     <span class='ocr_line' id='line_1_3' title="bbox 3172 413 3302 483; baseline 0 -19"><span class='ocrx_word' id='word_1_10' title='bbox 3172 413 3302 483; x_wconf 72' lang='lat' dir='ltr'><strong>tto:</strong></span> 
     </span>
    </p>
   </div>
   <div class='ocr_carea' id='block_1_4' title="bbox 155 520 3289 594">
    <p class='ocr_par' dir='ltr' id='par_1_4' title="bbox 155 520 3289 594">
     <span class='ocr_line' id='line_1_4' title="bbox 155 520 3289 594; baseline 0 -18"><span class='ocrx_word' id='word_1_11' title='bbox 155 536 214 577; x_wconf 70' lang='lat' dir='ltr'><strong>rt</strong></span> <span class='ocrx_word' id='word_1_12' title='bbox 250 526 436 594; x_wconf 82' lang='lat' dir='ltr'><strong>quales</strong></span> <span class='ocrx_word' id='word_1_13' title='bbox 466 526 783 578; x_wconf 83' lang='lat' dir='ltr'><strong>intrinsecus</strong></span> <span class='ocrx_word' id='word_1_14' title='bbox 804 534 954 585; x_wconf 78' lang='lat' dir='ltr'><strong>sunt,</strong></span> <span class='ocrx_word' id='word_1_15' title='bbox 988 535 1042 577; x_wconf 87' lang='lat' dir='ltr'><strong>ut</strong></span> <span class='ocrx_word' id='word_1_16' title='bbox 1070 540 1154 577; x_wconf 83' lang='lat' dir='ltr'><strong>ex.</strong></span> <span class='ocrx_word' id='word_1_17' title='bbox 1187 534 1242 577; x_wconf 91' lang='lat' dir='ltr'><strong>et</strong></span> <span class='ocrx_word' id='word_1_18' title='bbox 1272 539 1342 584; x_wconf 86' lang='lat' dir='ltr'><strong>e.,</strong></span> <span class='ocrx_word' id='word_1_19' title='bbox 1367 538 1485 575; x_wconf 90' lang='lat' dir='ltr'><strong>cum</strong></span> <span class='ocrx_word' id='word_1_20' title='bbox 1506 535 1685 575; x_wconf 84' lang='lat' dir='ltr'><strong>eorum</strong></span> <span class='ocrx_word' id='word_1_21' title='bbox 1712 522 1761 577; x_wconf 77' lang='grc' dir='ltr'>Α</span> <span class='ocrx_word' id='word_1_22' title='bbox 1789 520 1912 571; x_wconf 97' lang='lat' dir='ltr'><strong>bent</strong></span> <span class='ocrx_word' id='word_1_23' title='bbox 1938 522 2125 586; x_wconf 79' lang='lat' dir='ltr'><strong>puniri.</strong></span> <span class='ocrx_word' id='word_1_24' title='bbox 2161 522 2307 585; x_wconf 80' lang='lat' dir='ltr'><strong>Quod</strong></span> <span class='ocrx_word' id='word_1_25' title='bbox 2335 524 2376 575; x_wconf 89' lang='lat' dir='ltr'><strong>si</strong></span> <span class='ocrx_word' id='word_1_26' title='bbox 2396 534 2570 575; x_wconf 89' lang='lat' dir='ltr'><strong>essent</strong></span> <span class='ocrx_word' id='word_1_27' title='bbox 2588 524 2813 586; x_wconf 86' lang='lat' dir='ltr'><strong>occulta,</strong></span> <span class='ocrx_word' id='word_1_28' title='bbox 2840 526 2903 577; x_wconf 92' lang='lat' dir='ltr'><strong>de</strong></span> <span class='ocrx_word' id='word_1_29' title='bbox 2918 525 3010 579; x_wconf 73' lang='lat' dir='ltr'><strong>.liis</strong></span> <span class='ocrx_word' id='word_1_30' title='bbox 3035 524 3289 592; x_wconf 52' lang='lat' dir='ltr'><strong>recolligo:</strong></span> 
     </span>
    </p>
   </div>
   <div class='ocr_carea' id='block_1_5' title="bbox 159 611 1690 679">
    <p class='ocr_par' dir='ltr' id='par_1_5' title="bbox 159 611 1690 679">
     <span class='ocr_line' id='line_1_5' title="bbox 159 611 1690 679; baseline -0.005 -13"><span class='ocrx_word' id='word_1_31' title='bbox 159 614 332 666; x_wconf 85' lang='lat' dir='ltr'><strong>abbas</strong></span> <span class='ocrx_word' id='word_1_32' title='bbox 362 613 553 666; x_wconf 85' lang='lat' dir='ltr'><strong>habeat</strong></span> <span class='ocrx_word' id='word_1_33' title='bbox 593 627 772 667; x_wconf 90' lang='lat' dir='ltr'><strong>eorum</strong></span> <span class='ocrx_word' id='word_1_34' title='bbox 802 612 927 665; x_wconf 91' lang='lat' dir='ltr'><strong>velle</strong></span> <span class='ocrx_word' id='word_1_35' title='bbox 955 620 1007 665; x_wconf 91' lang='lat' dir='ltr'><strong>et</strong></span> <span class='ocrx_word' id='word_1_36' title='bbox 1035 612 1200 675; x_wconf 91' lang='lat' dir='ltr'><strong>nolle,</strong></span> <span class='ocrx_word' id='word_1_37' title='bbox 1229 626 1383 679; x_wconf 86' lang='lat' dir='ltr'><strong>quem</strong></span> <span class='ocrx_word' id='word_1_38' title='bbox 1413 611 1509 661; x_wconf 87' lang='lat' dir='ltr'><strong>sibi</strong></span> <span class='ocrx_word' id='word_1_39' title='bbox 1534 623 1690 675; x_wconf 81' lang='lat' dir='ltr'><strong>super</strong></span> 
     </span>
    </p>
   </div>
   <div class='ocr_carea' id='block_1_6' title="bbox 159 697 1687 776">
    <p class='ocr_par' dir='ltr' id='par_1_6' title="bbox 159 697 1687 776">
     <span class='ocr_line' id='line_1_6' title="bbox 159 697 1687 776; baseline -0.005 -22"><span class='ocrx_word' id='word_1_40' title='bbox 159 702 342 769; x_wconf 88' lang='lat' dir='ltr'><strong>capita</strong></span> <span class='ocrx_word' id='word_1_41' title='bbox 368 716 462 754; x_wconf 89' lang='lat' dir='ltr'><strong>sua</strong></span> <span class='ocrx_word' id='word_1_42' title='bbox 485 709 770 769; x_wconf 84' lang='lat' dir='ltr'><strong>posuerunt</strong></span> <span class='ocrx_word' id='word_1_43' title='bbox 789 702 905 753; x_wconf 89' lang='lat' dir='ltr'><strong>loco</strong></span> <span class='ocrx_word' id='word_1_44' title='bbox 929 701 1046 758; x_wconf 84' lang='lat' dir='ltr'><strong>Dei.</strong></span> <span class='ocrx_word' id='word_1_45' title='bbox 1089 708 1146 751; x_wconf 87' lang='lat' dir='ltr'><strong>ut</strong></span> <span class='ocrx_word' id='word_1_46' title='bbox 1165 700 1419 768; x_wconf 76' lang='lat' dir='ltr'><strong>probatur</strong></span> <span class='ocrx_word' id='word_1_47' title='bbox 1450 697 1534 759; x_wconf 72' lang='lat' dir='ltr'><strong>l2,</strong></span> <span class='ocrx_word' id='word_1_48' title='bbox 1560 698 1687 776; x_wconf 35' lang='lat' dir='ltr'><strong>lue.</strong></span> 
     </span>
    </p>
   </div>
   <div class='ocr_carea' id='block_1_7' title="bbox 166 784 1691 855">
    <p class='ocr_par' dir='ltr' id='par_1_7' title="bbox 166 784 1691 855">
     <span class='ocr_line' id='line_1_7' title="bbox 166 784 1691 855; baseline -0.005 -14"><span class='ocrx_word' id='word_1_49' title='bbox 166 788 329 855; x_wconf 84' lang='lat' dir='ltr'><strong>Nolo,</strong></span> <span class='ocrx_word' id='word_1_50' title='bbox 357 797 413 843; x_wconf 88' lang='lat' dir='ltr'><strong>et</strong></span> <span class='ocrx_word' id='word_1_51' title='bbox 433 804 480 843; x_wconf 90' lang='lat' dir='ltr'><strong>c.</strong></span> <span class='ocrx_word' id='word_1_52' title='bbox 509 788 627 842; x_wconf 85' lang='lat' dir='ltr'><strong>Non</strong></span> <span class='ocrx_word' id='word_1_53' title='bbox 646 790 846 851; x_wconf 77' lang='lat' dir='ltr'><strong>dicatis,</strong></span> <span class='ocrx_word' id='word_1_54' title='bbox 890 796 946 840; x_wconf 82' lang='lat' dir='ltr'><strong>et</strong></span> <span class='ocrx_word' id='word_1_55' title='bbox 969 788 1031 839; x_wconf 74' lang='lat'><strong>15</strong></span> <span class='ocrx_word' id='word_1_56' title='bbox 1055 788 1199 848; x_wconf 89' lang='lat' dir='ltr'><strong>dist.,</strong></span> <span class='ocrx_word' id='word_1_57' title='bbox 1224 802 1271 839; x_wconf 94' lang='lat' dir='ltr'><strong>c.</strong></span> <span class='ocrx_word' id='word_1_58' title='bbox 1303 784 1459 837; x_wconf 83' lang='lat' dir='ltr'><strong>Nervi</strong></span> <span class='ocrx_word' id='word_1_59' title='bbox 1488 786 1691 852; x_wconf 77' lang='lat' dir='ltr'><strong>testicu-</strong></span> 
     </span>
    </p>
   </div>
   <div class='ocr_carea' id='block_1_8' title="bbox 162 870 1693 949">
    <p class='ocr_par' dir='ltr' id='par_1_8' title="bbox 162 870 1693 949">
     <span class='ocr_line' id='line_1_8' title="bbox 162 870 1693 949; baseline -0.005 -16"><span class='ocrx_word' id='word_1_60' title='bbox 162 870 625 949; x_wconf 40' lang='lat' dir='ltr'><strong>lorumprparet</strong></span> <span class='ocrx_word' id='word_1_61' title='bbox 654 880 791 946; x_wconf 80' lang='lat' dir='ltr'><strong>quod</strong></span> <span class='ocrx_word' id='word_1_62' title='bbox 834 879 1007 931; x_wconf 90' lang='lat' dir='ltr'><strong>abbati</strong></span> <span class='ocrx_word' id='word_1_63' title='bbox 1048 878 1271 930; x_wconf 79' lang='lat' dir='ltr'><strong>debeant</strong></span> <span class='ocrx_word' id='word_1_64' title='bbox 1305 874 1541 933; x_wconf 80' lang='lat' dir='ltr'><strong>conﬁteri</strong></span> <span class='ocrx_word' id='word_1_65' title='bbox 1580 874 1693 927; x_wconf 90' lang='lat' dir='ltr'><strong>loco</strong></span> 
     </span>
    </p>
   </div>
   <div class='ocr_carea' id='block_1_9' title="bbox 168 962 1690 1025">
    <p class='ocr_par' dir='ltr' id='par_1_9' title="bbox 168 962 1690 1025">
     <span class='ocr_line' id='line_1_9' title="bbox 168 962 1690 1025; baseline -0.009 0"><span class='ocrx_word' id='word_1_66' title='bbox 168 971 285 1025; x_wconf 85' lang='lat' dir='ltr'><strong>Dei.</strong></span> <span class='ocrx_word' id='word_1_67' title='bbox 315 971 461 1024; x_wconf 84' lang='lat' dir='ltr'><strong>Licet</strong></span> <span class='ocrx_word' id='word_1_68' title='bbox 483 977 655 1021; x_wconf 87' lang='lat' dir='ltr'><strong>autem</strong></span> <span class='ocrx_word' id='word_1_69' title='bbox 702 966 863 1019; x_wconf 88' lang='lat' dir='ltr'><strong>nmlta</strong></span> <span class='ocrx_word' id='word_1_70' title='bbox 898 967 1001 1017; x_wconf 88' lang='lat' dir='ltr'><strong>sint</strong></span> <span class='ocrx_word' id='word_1_71' title='bbox 1030 965 1155 1016; x_wconf 88' lang='lat' dir='ltr'><strong>vitia</strong></span> <span class='ocrx_word' id='word_1_72' title='bbox 1183 962 1581 1022; x_wconf 78' lang='lat' dir='ltr'><strong>monachorum,</strong></span> <span class='ocrx_word' id='word_1_73' title='bbox 1610 969 1690 1012; x_wconf 87' lang='lat' dir='ltr'><strong>ta—</strong></span> 
     </span>
    </p>
   </div>
   <div class='ocr_carea' id='block_1_10' title="bbox 168 1050 1694 1127">
    <p class='ocr_par' dir='ltr' id='par_1_10' title="bbox 168 1050 1694 1127">
     <span class='ocr_line' id='line_1_10' title="bbox 168 1050 1694 1127; baseline -0.008 -14"><span class='ocrx_word' id='word_1_74' title='bbox 168 1077 299 1115; x_wconf 79' lang='lat' dir='ltr'><strong>men.</strong></span> <span class='ocrx_word' id='word_1_75' title='bbox 318 1069 439 1114; x_wconf 88' lang='lat' dir='ltr'><strong>sunt</strong></span> <span class='ocrx_word' id='word_1_76' title='bbox 462 1059 695 1127; x_wconf 69' lang='lat' dir='ltr'><strong>quaidam</strong></span> <span class='ocrx_word' id='word_1_77' title='bbox 724 1056 1047 1123; x_wconf 75' lang='lat' dir='ltr'><strong>principalia,</strong></span> <span class='ocrx_word' id='word_1_78' title='bbox 1090 1070 1120 1107; x_wconf 91' lang='lat' dir='ltr'><strong>a</strong></span> <span class='ocrx_word' id='word_1_79' title='bbox 1156 1054 1344 1121; x_wconf 82' lang='lat' dir='ltr'><strong>quibus</strong></span> <span class='ocrx_word' id='word_1_80' title='bbox 1368 1065 1574 1105; x_wconf 87' lang='lat' dir='ltr'><strong>cessare</strong></span> <span class='ocrx_word' id='word_1_81' title='bbox 1604 1050 1694 1103; x_wconf 90' lang='lat' dir='ltr'><strong>de-</strong></span> 
     </span>
    </p>
   </div>
   <div class='ocr_carea' id='block_1_11' title="bbox 167 1141 1690 1219">
    <p class='ocr_par' dir='ltr' id='par_1_11' title="bbox 167 1141 1690 1219">
     <span class='ocr_line' id='line_1_11' title="bbox 167 1141 1690 1219; baseline -0.01 -15"><span class='ocrx_word' id='word_1_82' title='bbox 167 1152 318 1213; x_wconf 89' lang='lat' dir='ltr'><strong>bent,</strong></span> <span class='ocrx_word' id='word_1_83' title='bbox 343 1165 459 1219; x_wconf 69' lang='lat' dir='ltr'><strong>qua:</strong></span> <span class='ocrx_word' id='word_1_84' title='bbox 483 1148 649 1202; x_wconf 87' lang='lat' dir='ltr'><strong>sancti</strong></span> <span class='ocrx_word' id='word_1_85' title='bbox 680 1146 863 1199; x_wconf 89' lang='lat' dir='ltr'><strong>Patres</strong></span> <span class='ocrx_word' id='word_1_86' title='bbox 888 1143 1327 1212; x_wconf 83' lang='lat' dir='ltr'><strong>quamplurimum</strong></span> <span class='ocrx_word' id='word_1_87' title='bbox 1353 1141 1690 1193; x_wconf 80' lang='lat' dir='ltr'><strong>detestantur.</strong></span> 
     </span>
    </p>
   </div>
   <div class='ocr_carea' id='block_1_12' title="bbox 244 1226 1695 1302">
    <p class='ocr_par' dir='ltr' id='par_1_12' title="bbox 244 1226 1695 1302">
     <span class='ocr_line' id='line_1_12' title="bbox 244 1226 1695 1302; baseline -0.01 -10"><span class='ocrx_word' id='word_1_88' title='bbox 244 1239 474 1292; x_wconf 83' lang='lat' dir='ltr'><strong>Primum</strong></span> <span class='ocrx_word' id='word_1_89' title='bbox 500 1244 581 1289; x_wconf 89' lang='lat' dir='ltr'><strong>est</strong></span> <span class='ocrx_word' id='word_1_90' title='bbox 598 1274 611 1297; x_wconf 93' lang='lat'><strong>,</strong></span> <span class='ocrx_word' id='word_1_91' title='bbox 655 1234 795 1302; x_wconf 83' lang='lat' dir='ltr'><strong>quod</strong></span> <span class='ocrx_word' id='word_1_92' title='bbox 817 1232 1119 1299; x_wconf 88' lang='lat' dir='ltr'><strong>conspirant</strong></span> <span class='ocrx_word' id='word_1_93' title='bbox 1148 1238 1333 1282; x_wconf 88' lang='lat' dir='ltr'><strong>contra</strong></span> <span class='ocrx_word' id='word_1_94' title='bbox 1357 1228 1618 1285; x_wconf 90' lang='lat' dir='ltr'><strong>abbatem,</strong></span> <span class='ocrx_word' id='word_1_95' title='bbox 1650 1226 1695 1278; x_wconf 91' lang='lat' dir='ltr'><strong>si</strong></span> 
     </span>
    </p>
   </div>
   <div class='ocr_carea' id='block_1_13' title="bbox 172 1311 1765 1391">
    <p class='ocr_par' dir='ltr' id='par_1_13' title="bbox 172 1311 1765 1391">
     <span class='ocr_line' id='line_1_13' title="bbox 172 1311 1765 1391; baseline -0.013 -10"><span class='ocrx_word' id='word_1_96' title='bbox 172 1330 375 1388; x_wconf 84' lang='lat' dir='ltr'><strong>nitatur</strong></span> <span class='ocrx_word' id='word_1_97' title='bbox 392 1325 676 1391; x_wconf 81' lang='lat' dir='ltr'><strong>corrigere,</strong></span> <span class='ocrx_word' id='word_1_98' title='bbox 709 1330 763 1374; x_wconf 90' lang='lat' dir='ltr'><strong>et</strong></span> <span class='ocrx_word' id='word_1_99' title='bbox 788 1334 908 1373; x_wconf 88' lang='lat' dir='ltr'><strong>eum</strong></span> <span class='ocrx_word' id='word_1_100' title='bbox 934 1319 1114 1371; x_wconf 89' lang='lat' dir='ltr'><strong>volunt</strong></span> <span class='ocrx_word' id='word_1_101' title='bbox 1137 1316 1423 1382; x_wconf 81' lang='lat' dir='ltr'><strong>deponere,</strong></span> <span class='ocrx_word' id='word_1_102' title='bbox 1458 1321 1511 1365; x_wconf 92' lang='lat' dir='ltr'><strong>et</strong></span> <span class='ocrx_word' id='word_1_103' title='bbox 1535 1311 1692 1363; x_wconf 90' lang='lat' dir='ltr'><strong>alium</strong></span> <span class='ocrx_word' id='word_1_104' title='bbox 1758 1384 1765 1391; x_wconf 36' lang='lat'>.</span> 
     </span>
    </p>
   </div>
   <div class='ocr_carea' id='block_1_14' title="bbox 173 1401 1695 1481">
    <p class='ocr_par' dir='ltr' id='par_1_14' title="bbox 173 1401 1695 1481">
     <span class='ocr_line' id='line_1_14' title="bbox 173 1401 1695 1481; baseline -0.012 -13"><span class='ocrx_word' id='word_1_105' title='bbox 173 1417 367 1475; x_wconf 82' lang='lat' dir='ltr'><strong>facere,</strong></span> <span class='ocrx_word' id='word_1_106' title='bbox 400 1414 487 1481; x_wconf 77' lang='lat' dir='ltr'><strong>qui</strong></span> <span class='ocrx_word' id='word_1_107' title='bbox 513 1427 633 1464; x_wconf 88' lang='lat' dir='ltr'><strong>suas</strong></span> <span class='ocrx_word' id='word_1_108' title='bbox 661 1410 880 1476; x_wconf 78' lang='lat' dir='ltr'><strong>ineptias</strong></span> <span class='ocrx_word' id='word_1_109' title='bbox 904 1407 1073 1461; x_wconf 88' lang='lat' dir='ltr'><strong>valeat</strong></span> <span class='ocrx_word' id='word_1_110' title='bbox 1097 1404 1393 1464; x_wconf 71' lang='lat' dir='ltr'><strong>confovere,</strong></span> <span class='ocrx_word' id='word_1_111' title='bbox 1421 1411 1477 1453; x_wconf 92' lang='lat' dir='ltr'><strong>ut</strong></span> <span class='ocrx_word' id='word_1_112' title='bbox 1507 1401 1695 1468; x_wconf 87' lang='lat' dir='ltr'><strong>proba-</strong></span> 
     </span>
    </p>
   </div>
   <div class='ocr_carea' id='block_1_15' title="bbox 174 1494 1698 1572">
    <p class='ocr_par' dir='ltr' id='par_1_15' title="bbox 174 1494 1698 1572">
     <span class='ocr_line' id='line_1_15' title="bbox 174 1494 1698 1572; baseline -0.012 -14"><span class='ocrx_word' id='word_1_113' title='bbox 174 1515 261 1559; x_wconf 91' lang='lat' dir='ltr'><strong>tur</strong></span> <span class='ocrx_word' id='word_1_114' title='bbox 294 1505 373 1567; x_wconf 88' lang='lat' dir='ltr'><strong>l8,</strong></span> <span class='ocrx_word' id='word_1_115' title='bbox 404 1519 457 1572; x_wconf 89' lang='lat' dir='ltr'><strong>q.</strong></span> <span class='ocrx_word' id='word_1_116' title='bbox 486 1503 540 1564; x_wconf 75' lang='lat'><strong>2,</strong></span> <span class='ocrx_word' id='word_1_117' title='bbox 580 1517 626 1553; x_wconf 74' lang='grc' dir='ltr'><strong>(τ.</strong></span> <span class='ocrx_word' id='word_1_118' title='bbox 657 1501 742 1553; x_wconf 81' lang='lat' dir='ltr'><strong>ubi</strong></span> <span class='ocrx_word' id='word_1_119' title='bbox 772 1499 962 1552; x_wconf 91' lang='lat' dir='ltr'><strong>dicitur</strong></span> <span class='ocrx_word' id='word_1_120' title='bbox 998 1496 1135 1563; x_wconf 88' lang='lat' dir='ltr'><strong>quod</strong></span> <span class='ocrx_word' id='word_1_121' title='bbox 1180 1494 1319 1546; x_wconf 87' lang='lat' dir='ltr'><strong>nulla</strong></span> <span class='ocrx_word' id='word_1_122' title='bbox 1358 1498 1590 1558; x_wconf 84' lang='lat' dir='ltr'><strong>potestas</strong></span> <span class='ocrx_word' id='word_1_123' title='bbox 1615 1504 1698 1540; x_wconf 85' lang='lat' dir='ltr'><strong>re-</strong></span> 
     </span>
    </p>
   </div>
   <div class='ocr_carea' id='block_1_16' title="bbox 177 1580 1557 1654">
    <p class='ocr_par' dir='ltr' id='par_1_16' title="bbox 177 1580 1557 1654">
     <span class='ocr_line' id='line_1_16' title="bbox 177 1580 1557 1654; baseline -0.015 -3"><span class='ocrx_word' id='word_1_124' title='bbox 177 1604 412 1650; x_wconf 78' lang='lat' dir='ltr'><strong>maneret</strong></span> <span class='ocrx_word' id='word_1_125' title='bbox 439 1593 631 1654; x_wconf 79' lang='lat' dir='ltr'><strong>abbati,</strong></span> <span class='ocrx_word' id='word_1_126' title='bbox 656 1592 705 1642; x_wconf 86' lang='lat' dir='ltr'><strong>si</strong></span> <span class='ocrx_word' id='word_1_127' title='bbox 725 1587 996 1643; x_wconf 82' lang='lat' dir='ltr'><strong>monachis</strong></span> <span class='ocrx_word' id='word_1_128' title='bbox 1024 1584 1244 1652; x_wconf 73' lang='lat' dir='ltr'><strong>cmperit</strong></span> <span class='ocrx_word' id='word_1_129' title='bbox 1270 1580 1557 1647; x_wconf 43' lang='lat' dir='ltr'><strong>sul&#39;jacere.</strong></span> 
     </span>
    </p>
   </div>
   <div class='ocr_carea' id='block_1_17' title="bbox 202 1663 1697 1740">
    <p class='ocr_par' dir='ltr' id='par_1_17' title="bbox 202 1663 1697 1740">
     <span class='ocr_line' id='line_1_17' title="bbox 202 1663 1697 1740; baseline -0.014 -6"><span class='ocrx_word' id='word_1_130' title='bbox 202 1681 540 1735; x_wconf 70' lang='lat' dir='ltr'><strong>’Secundum</strong></span> <span class='ocrx_word' id='word_1_131' title='bbox 568 1677 745 1729; x_wconf 86' lang='lat' dir='ltr'><strong>vitium</strong></span> <span class='ocrx_word' id='word_1_132' title='bbox 769 1684 850 1727; x_wconf 88' lang='lat' dir='ltr'><strong>est</strong></span> <span class='ocrx_word' id='word_1_133' title='bbox 867 1713 881 1737; x_wconf 92' lang='lat'><strong>,</strong></span> <span class='ocrx_word' id='word_1_134' title='bbox 927 1672 1062 1740; x_wconf 85' lang='lat' dir='ltr'><strong>quod</strong></span> <span class='ocrx_word' id='word_1_135' title='bbox 1090 1670 1392 1736; x_wconf 88' lang='lat' dir='ltr'><strong>conspirant</strong></span> <span class='ocrx_word' id='word_1_136' title='bbox 1412 1677 1618 1733; x_wconf 90' lang='lat' dir='ltr'><strong>quoque</strong></span> <span class='ocrx_word' id='word_1_137' title='bbox 1644 1663 1697 1715; x_wconf 89' lang='lat' dir='ltr'><strong>in</strong></span> 
     </span>
    </p>
   </div>
   <div class='ocr_carea' id='block_1_18' title="bbox 1791 607 2859 678">
    <p class='ocr_par' dir='ltr' id='par_1_18' title="bbox 1791 607 2859 678">
     <span class='ocr_line' id='line_1_18' title="bbox 1791 607 2859 678; baseline 0.01 -22"><span class='ocrx_word' id='word_1_138' title='bbox 1791 607 1949 658; x_wconf 86' lang='lat' dir='ltr'><strong>vitam</strong></span> <span class='ocrx_word' id='word_1_139' title='bbox 1980 617 2350 663; x_wconf 80' lang='lat' dir='ltr'><strong>monachorum</strong></span> <span class='ocrx_word' id='word_1_140' title='bbox 2372 624 2465 678; x_wconf 87' lang='lat' dir='ltr'><strong>per</strong></span> <span class='ocrx_word' id='word_1_141' title='bbox 2490 612 2616 665; x_wconf 86' lang='lat' dir='ltr'><strong>istos</strong></span> <span class='ocrx_word' id='word_1_142' title='bbox 2645 627 2859 667; x_wconf 84' lang='lat' dir='ltr'><strong>versus:</strong></span> 
     </span>
    </p>
   </div>
   <div class='ocr_carea' id='block_1_19' title="bbox 1909 736 3173 804">
    <p class='ocr_par' dir='ltr' id='par_1_19' title="bbox 1909 736 3173 804">
     <span class='ocr_line' id='line_1_19' title="bbox 1909 736 3173 804; baseline 0.006 -20"><span class='ocrx_word' id='word_1_143' title='bbox 1909 736 2194 804; x_wconf 70' lang='lat' dir='ltr'><strong>ingrediens</strong></span> <span class='ocrx_word' id='word_1_144' title='bbox 2216 738 2713 804; x_wconf 72' lang='lat' dir='ltr'><strong>claustrummeditari</strong></span> <span class='ocrx_word' id='word_1_145' title='bbox 2738 752 2871 804; x_wconf 79' lang='lat' dir='ltr'><strong>sacra</strong></span> <span class='ocrx_word' id='word_1_146' title='bbox 2892 752 3134 793; x_wconf 83' lang='lat' dir='ltr'><strong>memento</strong></span> <span class='ocrx_word' id='word_1_147' title='bbox 3157 755 3173 791; x_wconf 89' lang='lat'><strong>:</strong></span> 
     </span>
    </p>
   </div>
   <div class='ocr_carea' id='block_1_20' title="bbox 1908 795 3074 861">
    <p class='ocr_par' dir='ltr' id='par_1_20' title="bbox 1908 795 3074 861">
     <span class='ocr_line' id='line_1_20' title="bbox 1908 795 3074 861; baseline 0.007 -20"><span class='ocrx_word' id='word_1_148' title='bbox 1908 795 1984 861; x_wconf 45' lang='lat' dir='ltr'><strong>[id</strong></span> <span class='ocrx_word' id='word_1_149' title='bbox 2005 798 2203 843; x_wconf 83' lang='lat' dir='ltr'><strong>mortale</strong></span> <span class='ocrx_word' id='word_1_150' title='bbox 2226 798 2385 861; x_wconf 67' lang='lat' dir='ltr'><strong>igeras.</strong></span> <span class='ocrx_word' id='word_1_151' title='bbox 2409 802 2704 861; x_wconf 49' lang='lat' dir='ltr'><strong>sed&#39;semper</strong></span> <span class='ocrx_word' id='word_1_152' title='bbox 2726 802 2911 861; x_wconf 85' lang='lat' dir='ltr'><strong>sobrius</strong></span> <span class='ocrx_word' id='word_1_153' title='bbox 2931 809 3036 849; x_wconf 81' lang='lat' dir='ltr'><strong>esto</strong></span> <span class='ocrx_word' id='word_1_154' title='bbox 3059 814 3074 849; x_wconf 91' lang='lat'><strong>:</strong></span> 
     </span>
    </p>
   </div>
   <div class='ocr_carea' id='block_1_21' title="bbox 1909 855 3033 920">
    <p class='ocr_par' dir='ltr' id='par_1_21' title="bbox 1909 855 3033 920">
     <span class='ocr_line' id='line_1_21' title="bbox 1909 855 3033 920; baseline 0.005 -19"><span class='ocrx_word' id='word_1_155' title='bbox 1909 855 1985 920; x_wconf 45' lang='lat' dir='ltr'><strong>liii</strong></span> <span class='ocrx_word' id='word_1_156' title='bbox 2015 864 2212 920; x_wconf 76' lang='lat' dir='ltr'><strong>reputes</strong></span> <span class='ocrx_word' id='word_1_157' title='bbox 2232 858 2424 920; x_wconf 65' lang='lat' dir='ltr'><strong>factum,</strong></span> <span class='ocrx_word' id='word_1_158' title='bbox 2449 862 2488 905; x_wconf 89' lang='lat' dir='ltr'><strong>si</strong></span> <span class='ocrx_word' id='word_1_159' title='bbox 2516 855 2841 920; x_wconf 60' lang='lat' dir='ltr'><strong>voti&#39;tempore</strong></span> <span class='ocrx_word' id='word_1_160' title='bbox 2865 860 3033 920; x_wconf 75' lang='lat' dir='ltr'><strong>factum</strong></span> 
     </span>
    </p>
   </div>
   <div class='ocr_carea' id='block_1_22' title="bbox 1910 915 3004 978">
    <p class='ocr_par' dir='ltr' id='par_1_22' title="bbox 1910 915 3004 978">
     <span class='ocr_line' id='line_1_22' title="bbox 1910 915 3004 978; baseline 0.005 -19"><span class='ocrx_word' id='word_1_161' title='bbox 1910 915 2201 978; x_wconf 57' lang='lat' dir='ltr'><strong>Morticinnm</strong></span> <span class='ocrx_word' id='word_1_162' title='bbox 2226 917 2387 972; x_wconf 80' lang='lat' dir='ltr'><strong>fuerit,</strong></span> <span class='ocrx_word' id='word_1_163' title='bbox 2412 915 2491 976; x_wconf 76' lang='lat' dir='ltr'><strong>qui</strong></span> <span class='ocrx_word' id='word_1_164' title='bbox 2519 920 2608 978; x_wconf 72' lang='lat' dir='ltr'><strong>voti</strong></span> <span class='ocrx_word' id='word_1_165' title='bbox 2636 915 2822 977; x_wconf 57' lang='lat' dir='ltr'><strong>praimia</strong></span> <span class='ocrx_word' id='word_1_166' title='bbox 2848 918 2969 967; x_wconf 91' lang='lat' dir='ltr'><strong>tollit</strong></span> <span class='ocrx_word' id='word_1_167' title='bbox 2992 932 3004 964; x_wconf 93' lang='lat'><strong>:</strong></span> 
     </span>
    </p>
   </div>
   <div class='ocr_carea' id='block_1_23' title="bbox 1908 973 2948 1037">
    <p class='ocr_par' dir='ltr' id='par_1_23' title="bbox 1908 973 2948 1037">
     <span class='ocr_line' id='line_1_23' title="bbox 1908 973 2948 1037; baseline 0.006 -16"><span class='ocrx_word' id='word_1_168' title='bbox 1908 973 1987 1022; x_wconf 80' lang='lat' dir='ltr'><strong>Nil</strong></span> <span class='ocrx_word' id='word_1_169' title='bbox 2009 974 2210 1025; x_wconf 77' lang='lat' dir='ltr'><strong>fortasse</strong></span> <span class='ocrx_word' id='word_1_170' title='bbox 2225 978 2355 1036; x_wconf 77' lang='lat' dir='ltr'><strong>juvat</strong></span> <span class='ocrx_word' id='word_1_171' title='bbox 2375 973 2616 1037; x_wconf 80' lang='lat' dir='ltr'><strong>satagere,</strong></span> <span class='ocrx_word' id='word_1_172' title='bbox 2636 973 2680 1025; x_wconf 81' lang='lat' dir='ltr'><strong>si</strong></span> <span class='ocrx_word' id='word_1_173' title='bbox 2700 979 2948 1027; x_wconf 69' lang='lat' dir='ltr'><strong>recidivae.</strong></span> 
     </span>
    </p>
   </div>
   <div class='ocr_carea' id='block_1_24' title="bbox 2246 1077 2851 1147">
    <p class='ocr_par' dir='ltr' id='par_1_24' title="bbox 2246 1077 2851 1147">
     <span class='ocr_line' id='line_1_24' title="bbox 2246 1077 2851 1147; baseline 0.003 -16"><span class='ocrx_word' id='word_1_174' title='bbox 2246 1077 2321 1131; x_wconf 87' lang='lat' dir='ltr'><strong>De</strong></span> <span class='ocrx_word' id='word_1_175' title='bbox 2342 1080 2630 1147; x_wconf 66' lang='lat' dir='ltr'><strong>poenitentia</strong></span> <span class='ocrx_word' id='word_1_176' title='bbox 2654 1080 2851 1133; x_wconf 86' lang='lat' dir='ltr'><strong>decani.</strong></span> 
     </span>
    </p>
   </div>
   <div class='ocr_carea' id='block_1_25' title="bbox 2369 1187 2725 1259">
    <p class='ocr_par' dir='ltr' id='par_1_25' title="bbox 2369 1187 2725 1259">
     <span class='ocr_line' id='line_1_25' title="bbox 2369 1187 2725 1259; baseline 0 -19"><span class='ocrx_word' id='word_1_177' title='bbox 2369 1188 2463 1258; x_wconf 83' lang='lat' dir='ltr'><strong>(Ex</strong></span> <span class='ocrx_word' id='word_1_178' title='bbox 2503 1202 2619 1259; x_wconf 88' lang='lat' dir='ltr'><strong>cap.</strong></span> <span class='ocrx_word' id='word_1_179' title='bbox 2648 1187 2725 1256; x_wconf 89' lang='lat'><strong>9.)</strong></span> 
     </span>
    </p>
   </div>
   <div class='ocr_carea' id='block_1_26' title="bbox 1859 1310 3304 1395">
    <p class='ocr_par' dir='ltr' id='par_1_26' title="bbox 1859 1310 3304 1395">
     <span class='ocr_line' id='line_1_26' title="bbox 1859 1310 3304 1395; baseline 0.006 -26"><span class='ocrx_word' id='word_1_180' title='bbox 1859 1317 1932 1369; x_wconf 82' lang='lat' dir='ltr'><strong>De</strong></span> <span class='ocrx_word' id='word_1_181' title='bbox 1956 1318 2259 1384; x_wconf 81' lang='lat' dir='ltr'><strong>ptenitentia</strong></span> <span class='ocrx_word' id='word_1_182' title='bbox 2286 1320 2469 1372; x_wconf 88' lang='lat' dir='ltr'><strong>decani</strong></span> <span class='ocrx_word' id='word_1_183' title='bbox 2497 1321 2568 1372; x_wconf 90' lang='lat' dir='ltr'><strong>ita</strong></span> <span class='ocrx_word' id='word_1_184' title='bbox 2578 1329 2801 1395; x_wconf 63' lang='lat' dir='ltr'><strong>,teneas,</strong></span> <span class='ocrx_word' id='word_1_185' title='bbox 2829 1323 2966 1390; x_wconf 87' lang='lat' dir='ltr'><strong>quod</strong></span> <span class='ocrx_word' id='word_1_186' title='bbox 2987 1323 3105 1377; x_wconf 90' lang='lat' dir='ltr'><strong>licet</strong></span> <span class='ocrx_word' id='word_1_187' title='bbox 3133 1310 3304 1379; x_wconf 76' lang='lat' dir='ltr'><strong>archi-</strong></span> 
     </span>
    </p>
   </div>
   <div class='ocr_carea' id='block_1_27' title="bbox 1792 1405 3412 1479">
    <p class='ocr_par' dir='ltr' id='par_1_27' title="bbox 1792 1405 3412 1479">
     <span class='ocr_line' id='line_1_27' title="bbox 1792 1405 3412 1479; baseline 0.004 -21"><span class='ocrx_word' id='word_1_188' title='bbox 1792 1405 2226 1473; x_wconf 86' lang='lat' dir='ltr'><strong>diaconus-major</strong></span> <span class='ocrx_word' id='word_1_189' title='bbox 2246 1408 2314 1459; x_wconf 77' lang='lat' dir='ltr'><strong>sit</strong></span> <span class='ocrx_word' id='word_1_190' title='bbox 2335 1408 2398 1460; x_wconf 89' lang='lat' dir='ltr'><strong>dc.</strong></span> <span class='ocrx_word' id='word_1_191' title='bbox 2430 1408 2543 1477; x_wconf 84' lang='lat' dir='ltr'><strong>lege</strong></span> <span class='ocrx_word' id='word_1_192' title='bbox 2566 1412 2827 1464; x_wconf 89' lang='lat' dir='ltr'><strong>communi</strong></span> <span class='ocrx_word' id='word_1_193' title='bbox 2846 1419 2965 1479; x_wconf 89' lang='lat' dir='ltr'><strong>post</strong></span> <span class='ocrx_word' id='word_1_194' title='bbox 2986 1412 3304 1479; x_wconf 86' lang='lat' dir='ltr'><strong>episcopum,</strong></span> <span class='ocrx_word' id='word_1_195' title='bbox 3394 1428 3412 1449; x_wconf 65' lang='grc' dir='ltr'><strong>κ</strong></span> 
     </span>
    </p>
   </div>
   <div class='ocr_carea' id='block_1_28' title="bbox 1791 1492 3308 1563">
    <p class='ocr_par' dir='ltr' id='par_1_28' title="bbox 1791 1492 3308 1563">
     <span class='ocr_line' id='line_1_28' title="bbox 1791 1492 3308 1563; baseline 0.005 -20"><span class='ocrx_word' id='word_1_196' title='bbox 1791 1500 1849 1544; x_wconf 84' lang='grc' dir='ltr'><strong>ιιι</strong></span> <span class='ocrx_word' id='word_1_197' title='bbox 1869 1492 2117 1560; x_wconf 88' lang='lat' dir='ltr'><strong>probatur</strong></span> <span class='ocrx_word' id='word_1_198' title='bbox 2166 1509 2249 1547; x_wconf 86' lang='lat' dir='ltr'><strong>ex.</strong></span> <span class='ocrx_word' id='word_1_199' title='bbox 2298 1496 2361 1547; x_wconf 90' lang='lat' dir='ltr'><strong>de</strong></span> <span class='ocrx_word' id='word_1_200' title='bbox 2402 1496 2680 1563; x_wconf 80' lang='lat' dir='ltr'><strong>Appellat.,</strong></span> <span class='ocrx_word' id='word_1_201' title='bbox 2720 1511 2768 1550; x_wconf 93' lang='lat' dir='ltr'><strong>c.</strong></span> <span class='ocrx_word' id='word_1_202' title='bbox 2794 1496 3111 1560; x_wconf 76' lang='lat' dir='ltr'><strong>Constitutis,</strong></span> <span class='ocrx_word' id='word_1_203' title='bbox 3137 1508 3308 1552; x_wconf 89' lang='lat' dir='ltr'><strong>tamen</strong></span> 
     </span>
    </p>
   </div>
   <div class='ocr_carea' id='block_1_29' title="bbox 1791 1579 3309 1651">
    <p class='ocr_par' dir='ltr' id='par_1_29' title="bbox 1791 1579 3309 1651">
     <span class='ocr_line' id='line_1_29' title="bbox 1791 1579 3309 1651; baseline 0.005 -20"><span class='ocrx_word' id='word_1_204' title='bbox 1791 1579 2036 1647; x_wconf 89' lang='lat' dir='ltr'><strong>episcopo</strong></span> <span class='ocrx_word' id='word_1_205' title='bbox 2061 1580 2249 1634; x_wconf 86' lang='lat' dir='ltr'><strong>debeat</strong></span> <span class='ocrx_word' id='word_1_206' title='bbox 2269 1581 2535 1645; x_wconf 84' lang='lat' dir='ltr'><strong>conﬁteri,</strong></span> <span class='ocrx_word' id='word_1_207' title='bbox 2582 1583 2663 1636; x_wconf 92' lang='lat' dir='ltr'><strong>vel</strong></span> <span class='ocrx_word' id='word_1_208' title='bbox 2682 1582 2746 1637; x_wconf 93' lang='lat' dir='ltr'><strong>de</strong></span> <span class='ocrx_word' id='word_1_209' title='bbox 2774 1584 2887 1651; x_wconf 79' lang='lat' dir='ltr'><strong>ejus</strong></span> <span class='ocrx_word' id='word_1_210' title='bbox 2924 1584 3130 1638; x_wconf 87' lang='lat' dir='ltr'><strong>licentia</strong></span> <span class='ocrx_word' id='word_1_211' title='bbox 3151 1584 3309 1639; x_wconf 88' lang='lat' dir='ltr'><strong>alium</strong></span> 
     </span>
    </p>
   </div>
   <div class='ocr_carea' id='block_1_30' title="bbox 1793 1666 3312 1737">
    <p class='ocr_par' dir='ltr' id='par_1_30' title="bbox 1793 1666 3312 1737">
     <span class='ocr_line' id='line_1_30' title="bbox 1793 1666 3312 1737; baseline 0.004 -19"><span class='ocrx_word' id='word_1_212' title='bbox 1793 1666 1890 1718; x_wconf 88' lang='lat' dir='ltr'><strong>sibi</strong></span> <span class='ocrx_word' id='word_1_213' title='bbox 1917 1666 2108 1733; x_wconf 78' lang='lat' dir='ltr'><strong>eligere</strong></span> <span class='ocrx_word' id='word_1_214' title='bbox 2127 1668 2495 1737; x_wconf 78' lang='lat' dir='ltr'><strong>confessorem,</strong></span> <span class='ocrx_word' id='word_1_215' title='bbox 2523 1671 2679 1723; x_wconf 88' lang='lat' dir='ltr'><strong>etiam</strong></span> <span class='ocrx_word' id='word_1_216' title='bbox 2703 1672 2745 1724; x_wconf 92' lang='lat' dir='ltr'><strong>si</strong></span> <span class='ocrx_word' id='word_1_217' title='bbox 2766 1670 3160 1725; x_wconf 87' lang='lat' dir='ltr'><strong>archidiaconus</strong></span> <span class='ocrx_word' id='word_1_218' title='bbox 3184 1671 3312 1724; x_wconf 78' lang='lat' dir='ltr'><strong>fuis-</strong></span> 
     </span>
    </p>
   </div>
   <div class='ocr_carea' id='block_1_31' title="bbox 178 1751 3313 1832">
    <p class='ocr_par' dir='ltr' id='par_1_31' title="bbox 178 1751 3313 1832">
     <span class='ocr_line' id='line_1_31' title="bbox 178 1751 3313 1832; baseline -0.004 -9"><span class='ocrx_word' id='word_1_219' title='bbox 178 1780 420 1830; x_wconf 85' lang='lat' dir='ltr'><strong>mortcm,</strong></span> <span class='ocrx_word' id='word_1_220' title='bbox 444 1767 576 1820; x_wconf 83' lang='lat' dir='ltr'><strong>sicut</strong></span> <span class='ocrx_word' id='word_1_221' title='bbox 605 1765 674 1818; x_wconf 88' lang='lat' dir='ltr'><strong>illi</strong></span> <span class='ocrx_word' id='word_1_222' title='bbox 698 1765 784 1832; x_wconf 91' lang='lat' dir='ltr'><strong>qui</strong></span> <span class='ocrx_word' id='word_1_223' title='bbox 811 1756 1182 1829; x_wconf 77' lang='lat' dir='ltr'><strong>conspirabant</strong></span> <span class='ocrx_word' id='word_1_224' title='bbox 1204 1760 1256 1810; x_wconf 92' lang='lat' dir='ltr'><strong>in</strong></span> <span class='ocrx_word' id='word_1_225' title='bbox 1278 1763 1494 1809; x_wconf 87' lang='lat' dir='ltr'><strong>mortem</strong></span> <span class='ocrx_word' id='word_1_226' title='bbox 1522 1752 1579 1804; x_wconf 89' lang='lat' dir='ltr'><strong>S.</strong></span> <span class='ocrx_word' id='word_1_227' title='bbox 1602 1751 1702 1805; x_wconf 89' lang='lat' dir='ltr'><strong>Be-</strong></span> <span class='ocrx_word' id='word_1_228' title='bbox 1730 1812 1769 1832; x_wconf 59' lang='lat' dir='ltr'><strong>n</strong></span> <span class='ocrx_word' id='word_1_229' title='bbox 1796 1760 1878 1804; x_wconf 88' lang='lat' dir='ltr'><strong>set</strong></span> <span class='ocrx_word' id='word_1_230' title='bbox 1918 1755 2207 1821; x_wconf 85' lang='lat' dir='ltr'><strong>presbyter.</strong></span> <span class='ocrx_word' id='word_1_231' title='bbox 2270 1754 2491 1809; x_wconf 86' lang='lat' dir='ltr'><strong>Peccant</strong></span> <span class='ocrx_word' id='word_1_232' title='bbox 2524 1766 2698 1810; x_wconf 87' lang='lat' dir='ltr'><strong>autem</strong></span> <span class='ocrx_word' id='word_1_233' title='bbox 2730 1758 2911 1811; x_wconf 89' lang='lat' dir='ltr'><strong>decani</strong></span> <span class='ocrx_word' id='word_1_234' title='bbox 2945 1759 2998 1810; x_wconf 91' lang='lat' dir='ltr'><strong>in</strong></span> <span class='ocrx_word' id='word_1_235' title='bbox 3037 1757 3120 1811; x_wconf 89' lang='lat' dir='ltr'><strong>his</strong></span> <span class='ocrx_word' id='word_1_236' title='bbox 3145 1758 3313 1812; x_wconf 88' lang='lat' dir='ltr'><strong>tribus</strong></span> 
     </span>
    </p>
   </div>
   <div class='ocr_carea' id='block_1_32' title="bbox 180 1812 2668 1914">
    <p class='ocr_par' dir='ltr' id='par_1_32' title="bbox 180 1812 2668 1914">
     <span class='ocr_line' id='line_1_32' title="bbox 180 1812 2668 1914; baseline -0.008 -3"><span class='ocrx_word' id='word_1_237' title='bbox 180 1858 367 1911; x_wconf 64' lang='lat' dir='ltr'><strong>ncslicti</strong></span> <span class='ocrx_word' id='word_1_238' title='bbox 395 1875 407 1908; x_wconf 89' lang='lat'>:</span> <span class='ocrx_word' id='word_1_239' title='bbox 431 1865 483 1910; x_wconf 89' lang='lat' dir='ltr'><strong>et</strong></span> <span class='ocrx_word' id='word_1_240' title='bbox 509 1854 639 1907; x_wconf 81' lang='lat' dir='ltr'><strong>tales</strong></span> <span class='ocrx_word' id='word_1_241' title='bbox 665 1812 784 1905; x_wconf 63' lang='lat' dir='ltr'><strong>sunt</strong></span> <span class='ocrx_word' id='word_1_242' title='bbox 810 1850 1059 1912; x_wconf 80' lang='lat' dir='ltr'><strong>infames,</strong></span> <span class='ocrx_word' id='word_1_243' title='bbox 1087 1856 1147 1900; x_wconf 87' lang='lat' dir='ltr'><strong>ut</strong></span> <span class='ocrx_word' id='word_1_244' title='bbox 1179 1848 1431 1914; x_wconf 89' lang='lat' dir='ltr'><strong>probatur</strong></span> <span class='ocrx_word' id='word_1_245' title='bbox 1451 1844 1535 1904; x_wconf 93' lang='grc'><strong>11,</strong></span> <span class='ocrx_word' id='word_1_246' title='bbox 1561 1856 1614 1909; x_wconf 92' lang='lat' dir='ltr'><strong>q.</strong></span> <span class='ocrx_word' id='word_1_247' title='bbox 1643 1841 1694 1902; x_wconf 89' lang='grc'><strong>1,</strong></span> <span class='ocrx_word' id='word_1_248' title='bbox 1728 1812 1769 1869; x_wconf 73' lang='grc' dir='ltr'><strong>Β</strong></span> <span class='ocrx_word' id='word_1_249' title='bbox 1798 1843 2039 1909; x_wconf 75' lang='lat' dir='ltr'><strong>graviter.</strong></span> <span class='ocrx_word' id='word_1_250' title='bbox 2662 1832 2668 1839; x_wconf 75' lang='grc'><strong>’</strong></span> 
     </span>
    </p>
   </div>
   <div class='ocr_carea' id='block_1_33' title="bbox 179 1945 709 2016">
    <p class='ocr_par' dir='ltr' id='par_1_33' title="bbox 179 1945 709 2016">
     <span class='ocr_line' id='line_1_33' title="bbox 179 1945 709 2016; baseline -0.011 -15"><span class='ocrx_word' id='word_1_251' title='bbox 179 1965 226 2001; x_wconf 90' lang='lat' dir='ltr'><strong>c.</strong></span> <span class='ocrx_word' id='word_1_252' title='bbox 253 1945 709 2016; x_wconf 79' lang='lat' dir='ltr'><strong>Conspirctionum.</strong></span> 
     </span>
    </p>
   </div>
   <div class='ocr_carea' id='block_1_34' title="bbox 248 2041 1700 2118">
    <p class='ocr_par' dir='ltr' id='par_1_34' title="bbox 248 2041 1700 2118">
     <span class='ocr_line' id='line_1_34' title="bbox 248 2041 1700 2118; baseline -0.011 -10"><span class='ocrx_word' id='word_1_253' title='bbox 248 2057 481 2108; x_wconf 77' lang='lat' dir='ltr'><strong>Tertium</strong></span> <span class='ocrx_word' id='word_1_254' title='bbox 509 2054 689 2106; x_wconf 86' lang='lat' dir='ltr'><strong>vitium</strong></span> <span class='ocrx_word' id='word_1_255' title='bbox 718 2060 829 2115; x_wconf 86' lang='lat' dir='ltr'><strong>est,</strong></span> <span class='ocrx_word' id='word_1_256' title='bbox 877 2051 1013 2118; x_wconf 88' lang='lat' dir='ltr'><strong>quod</strong></span> <span class='ocrx_word' id='word_1_257' title='bbox 1042 2050 1236 2102; x_wconf 88' lang='lat' dir='ltr'><strong>habent</strong></span> <span class='ocrx_word' id='word_1_258' title='bbox 1261 2047 1521 2099; x_wconf 82' lang='lat' dir='ltr'><strong>incautam</strong></span> <span class='ocrx_word' id='word_1_259' title='bbox 1550 2041 1700 2093; x_wconf 82' lang='lat' dir='ltr'><strong>fami-</strong></span> 
     </span>
    </p>
   </div>
   <div class='ocr_carea' id='block_1_35' title="bbox 179 2130 1700 2202">
    <p class='ocr_par' dir='ltr' id='par_1_35' title="bbox 179 2130 1700 2202">
     <span class='ocr_line' id='line_1_35' title="bbox 179 2130 1700 2202; baseline -0.011 -6"><span class='ocrx_word' id='word_1_260' title='bbox 179 2143 457 2196; x_wconf 85' lang='lat' dir='ltr'><strong>liaritatem</strong></span> <span class='ocrx_word' id='word_1_261' title='bbox 484 2154 601 2193; x_wconf 91' lang='lat' dir='ltr'><strong>cum</strong></span> <span class='ocrx_word' id='word_1_262' title='bbox 627 2138 947 2198; x_wconf 85' lang='lat' dir='ltr'><strong>mulieribus,</strong></span> <span class='ocrx_word' id='word_1_263' title='bbox 970 2148 1099 2202; x_wconf 88' lang='lat' dir='ltr'><strong>quas</strong></span> <span class='ocrx_word' id='word_1_264' title='bbox 1123 2134 1222 2187; x_wconf 90' lang='lat' dir='ltr'><strong>sibi</strong></span> <span class='ocrx_word' id='word_1_265' title='bbox 1248 2130 1447 2184; x_wconf 77' lang='lat' dir='ltr'><strong>faciunt</strong></span> <span class='ocrx_word' id='word_1_266' title='bbox 1472 2143 1700 2183; x_wconf 89' lang='lat' dir='ltr'><strong>comma-</strong></span> 
     </span>
    </p>
   </div>
   <div class='ocr_carea' id='block_1_36' title="bbox 180 2214 1593 2299">
    <p class='ocr_par' dir='ltr' id='par_1_36' title="bbox 180 2214 1593 2299">
     <span class='ocr_line' id='line_1_36' title="bbox 180 2214 1593 2299; baseline -0.011 -15"><span class='ocrx_word' id='word_1_267' title='bbox 180 2239 288 2284; x_wconf 91' lang='lat' dir='ltr'><strong>tres</strong></span> <span class='ocrx_word' id='word_1_268' title='bbox 311 2235 494 2283; x_wconf 89' lang='lat' dir='ltr'><strong>contra</strong></span> <span class='ocrx_word' id='word_1_269' title='bbox 521 2226 883 2280; x_wconf 83' lang='lat' dir='ltr'><strong>auctoritatem</strong></span> <span class='ocrx_word' id='word_1_270' title='bbox 907 2229 1207 2276; x_wconf 89' lang='lat' dir='ltr'><strong>sanctorum</strong></span> <span class='ocrx_word' id='word_1_271' title='bbox 1222 2214 1458 2280; x_wconf 82' lang='lat' dir='ltr'><strong>Patrum,</strong></span> <span class='ocrx_word' id='word_1_272' title='bbox 1491 2227 1593 2299; x_wconf 80' lang='lat' dir='ltr'><strong>etc.</strong></span> 
     </span>
    </p>
   </div>
   <div class='ocr_carea' id='block_1_37' title="bbox 249 2311 1700 2406">
    <p class='ocr_par' dir='ltr' id='par_1_37' title="bbox 249 2311 1700 2406">
     <span class='ocr_line' id='line_1_37' title="bbox 249 2311 1700 2406; baseline -0.01 -13"><span class='ocrx_word' id='word_1_273' title='bbox 249 2341 502 2406; x_wconf 85' lang='lat' dir='ltr'><strong>Quartum</strong></span> <span class='ocrx_word' id='word_1_274' title='bbox 546 2336 730 2390; x_wconf 91' lang='lat' dir='ltr'><strong>vitium</strong></span> <span class='ocrx_word' id='word_1_275' title='bbox 766 2344 868 2397; x_wconf 89' lang='lat' dir='ltr'><strong>est,</strong></span> <span class='ocrx_word' id='word_1_276' title='bbox 909 2330 1048 2402; x_wconf 89' lang='lat' dir='ltr'><strong>quod</strong></span> <span class='ocrx_word' id='word_1_277' title='bbox 1080 2311 1287 2385; x_wconf 78' lang='lat' dir='ltr'><strong>incaute</strong></span> <span class='ocrx_word' id='word_1_278' title='bbox 1324 2335 1700 2383; x_wconf 89' lang='lat' dir='ltr'><strong>conversantur</strong></span> 
     </span>
    </p>
   </div>
   <div class='ocr_carea' id='block_1_38' title="bbox 178 2411 1699 2490">
    <p class='ocr_par' dir='ltr' id='par_1_38' title="bbox 178 2411 1699 2490">
     <span class='ocr_line' id='line_1_38' title="bbox 178 2411 1699 2490; baseline -0.01 -6"><span class='ocrx_word' id='word_1_279' title='bbox 178 2447 299 2484; x_wconf 87' lang='lat' dir='ltr'><strong>cum</strong></span> <span class='ocrx_word' id='word_1_280' title='bbox 321 2429 651 2490; x_wconf 89' lang='lat' dir='ltr'><strong>monialibus,</strong></span> <span class='ocrx_word' id='word_1_281' title='bbox 678 2434 860 2480; x_wconf 89' lang='lat' dir='ltr'><strong>contra</strong></span> <span class='ocrx_word' id='word_1_282' title='bbox 886 2423 1249 2477; x_wconf 83' lang='lat' dir='ltr'><strong>auctoritatem</strong></span> <span class='ocrx_word' id='word_1_283' title='bbox 1273 2411 1572 2475; x_wconf 82' lang='lat' dir='ltr'><strong>sanctorum</strong></span> <span class='ocrx_word' id='word_1_284' title='bbox 1603 2416 1699 2470; x_wconf 88' lang='lat' dir='ltr'><strong>Pa-</strong></span> 
     </span>
    </p>
   </div>
   <div class='ocr_carea' id='block_1_39' title="bbox 179 2513 1219 2586">
    <p class='ocr_par' dir='ltr' id='par_1_39' title="bbox 179 2513 1219 2586">
     <span class='ocr_line' id='line_1_39' title="bbox 179 2513 1219 2586; baseline -0.013 -11"><span class='ocrx_word' id='word_1_285' title='bbox 179 2532 337 2575; x_wconf 88' lang='lat' dir='ltr'><strong>trum.</strong></span> <span class='ocrx_word' id='word_1_286' title='bbox 366 2520 451 2582; x_wconf 85' lang='grc'><strong>18,</strong></span> <span class='ocrx_word' id='word_1_287' title='bbox 477 2532 531 2586; x_wconf 87' lang='lat' dir='ltr'><strong>q.</strong></span> <span class='ocrx_word' id='word_1_288' title='bbox 569 2518 623 2579; x_wconf 74' lang='grc'><strong>2,</strong></span> <span class='ocrx_word' id='word_1_289' title='bbox 649 2530 695 2585; x_wconf 72' lang='lat' dir='ltr'><strong>c,</strong></span> <span class='ocrx_word' id='word_1_290' title='bbox 725 2513 1051 2566; x_wconf 71' lang='lat' dir='ltr'><strong>Monasteria.</strong></span> <span class='ocrx_word' id='word_1_291' title='bbox 1204 2514 1219 2525; x_wconf 76' lang='lat'>‘</span> 
     </span>
    </p>
   </div>
   <div class='ocr_carea' id='block_1_40' title="bbox 247 2619 1694 2696">
    <p class='ocr_par' dir='ltr' id='par_1_40' title="bbox 247 2619 1694 2696">
     <span class='ocr_line' id='line_1_40' title="bbox 247 2619 1694 2696; baseline -0.011 -13"><span class='ocrx_word' id='word_1_292' title='bbox 247 2629 502 2696; x_wconf 79' lang='lat' dir='ltr'><strong>Quintum</strong></span> <span class='ocrx_word' id='word_1_293' title='bbox 521 2626 706 2679; x_wconf 91' lang='lat' dir='ltr'><strong>vitium</strong></span> <span class='ocrx_word' id='word_1_294' title='bbox 725 2630 835 2684; x_wconf 86' lang='lat' dir='ltr'><strong>est,</strong></span> <span class='ocrx_word' id='word_1_295' title='bbox 865 2620 1002 2689; x_wconf 90' lang='lat' dir='ltr'><strong>quod</strong></span> <span class='ocrx_word' id='word_1_296' title='bbox 1030 2635 1132 2673; x_wconf 90' lang='lat' dir='ltr'><strong>non</strong></span> <span class='ocrx_word' id='word_1_297' title='bbox 1174 2619 1489 2672; x_wconf 89' lang='lat' dir='ltr'><strong>erubescunt</strong></span> <span class='ocrx_word' id='word_1_298' title='bbox 1518 2626 1694 2668; x_wconf 79' lang='lat' dir='ltr'><strong>matri-</strong></span> 
     </span>
    </p>
   </div>
   <div class='ocr_carea' id='block_1_41' title="bbox 177 2700 1693 2789">
    <p class='ocr_par' dir='ltr' id='par_1_41' title="bbox 177 2700 1693 2789">
     <span class='ocr_line' id='line_1_41' title="bbox 177 2700 1693 2789; baseline -0.014 -14"><span class='ocrx_word' id='word_1_299' title='bbox 177 2720 412 2775; x_wconf 88' lang='lat' dir='ltr'><strong>monium</strong></span> <span class='ocrx_word' id='word_1_300' title='bbox 446 2714 755 2789; x_wconf 79' lang='lat' dir='ltr'><strong>contrahere</strong></span> <span class='ocrx_word' id='word_1_301' title='bbox 796 2719 975 2764; x_wconf 89' lang='lat' dir='ltr'><strong>contra</strong></span> <span class='ocrx_word' id='word_1_302' title='bbox 1000 2700 1365 2763; x_wconf 79' lang='lat' dir='ltr'><strong>auctoritatem</strong></span> <span class='ocrx_word' id='word_1_303' title='bbox 1392 2715 1693 2758; x_wconf 86' lang='lat' dir='ltr'><strong>sanctorum</strong></span> 
     </span>
    </p>
   </div>
   <div class='ocr_carea' id='block_1_42' title="bbox 177 2798 1696 2877">
    <p class='ocr_par' dir='ltr' id='par_1_42' title="bbox 177 2798 1696 2877">
     <span class='ocr_line' id='line_1_42' title="bbox 177 2798 1696 2877; baseline -0.013 -10"><span class='ocrx_word' id='word_1_304' title='bbox 177 2814 395 2867; x_wconf 86' lang='lat' dir='ltr'><strong>Patrum</strong></span> <span class='ocrx_word' id='word_1_305' title='bbox 421 2850 438 2875; x_wconf 92' lang='lat'><strong>,</strong></span> <span class='ocrx_word' id='word_1_306' title='bbox 475 2817 534 2861; x_wconf 90' lang='lat' dir='ltr'><strong>ut</strong></span> <span class='ocrx_word' id='word_1_307' title='bbox 555 2814 696 2877; x_wconf 89' lang='lat' dir='ltr'><strong>patet</strong></span> <span class='ocrx_word' id='word_1_308' title='bbox 719 2804 809 2867; x_wconf 77' lang='lat'><strong>27,</strong></span> <span class='ocrx_word' id='word_1_309' title='bbox 836 2819 889 2871; x_wconf 92' lang='lat' dir='ltr'><strong>q.</strong></span> <span class='ocrx_word' id='word_1_310' title='bbox 917 2803 967 2866; x_wconf 89' lang='grc'><strong>1,</strong></span> <span class='ocrx_word' id='word_1_311' title='bbox 992 2817 1040 2856; x_wconf 92' lang='lat' dir='ltr'><strong>c.</strong></span> <span class='ocrx_word' id='word_1_312' title='bbox 1090 2800 1156 2854; x_wconf 86' lang='lat' dir='ltr'><strong>Ut</strong></span> <span class='ocrx_word' id='word_1_313' title='bbox 1192 2800 1273 2853; x_wconf 79' lang='lat' dir='ltr'><strong>lea:</strong></span> <span class='ocrx_word' id='word_1_314' title='bbox 1310 2798 1546 2860; x_wconf 82' lang='lat' dir='ltr'><strong>continet,</strong></span> <span class='ocrx_word' id='word_1_315' title='bbox 1571 2802 1625 2849; x_wconf 90' lang='lat' dir='ltr'><strong>et</strong></span> <span class='ocrx_word' id='word_1_316' title='bbox 1647 2810 1696 2848; x_wconf 89' lang='lat' dir='ltr'><strong>c.</strong></span> 
     </span>
    </p>
   </div>
   <div class='ocr_carea' id='block_1_43' title="bbox 182 2891 1187 2968">
    <p class='ocr_par' dir='ltr' id='par_1_43' title="bbox 182 2891 1187 2968">
     <span class='ocr_line' id='line_1_43' title="bbox 182 2891 1187 2968; baseline -0.009 -15"><span class='ocrx_word' id='word_1_317' title='bbox 182 2899 497 2968; x_wconf 75' lang='lat' dir='ltr'><strong>Impudicua.</strong></span> <span class='ocrx_word' id='word_1_318' title='bbox 1179 2891 1187 2897; x_wconf 85' lang='grc'><strong>’</strong></span> 
     </span>
    </p>
   </div>
   <div class='ocr_carea' id='block_1_44' title="bbox 249 2994 1703 3070">
    <p class='ocr_par' dir='ltr' id='par_1_44' title="bbox 249 2994 1703 3070">
     <span class='ocr_line' id='line_1_44' title="bbox 249 2994 1703 3070; baseline -0.012 -10"><span class='ocrx_word' id='word_1_319' title='bbox 249 3006 470 3062; x_wconf 78' lang='lat' dir='ltr'><strong>Sextum</strong></span> <span class='ocrx_word' id='word_1_320' title='bbox 503 3002 683 3057; x_wconf 86' lang='lat' dir='ltr'><strong>vitium</strong></span> <span class='ocrx_word' id='word_1_321' title='bbox 709 3011 811 3065; x_wconf 90' lang='lat' dir='ltr'><strong>est,</strong></span> <span class='ocrx_word' id='word_1_322' title='bbox 841 2998 981 3069; x_wconf 85' lang='lat' dir='ltr'><strong>quod</strong></span> <span class='ocrx_word' id='word_1_323' title='bbox 1004 2996 1186 3052; x_wconf 89' lang='lat' dir='ltr'><strong>volunt</strong></span> <span class='ocrx_word' id='word_1_324' title='bbox 1212 2994 1388 3070; x_wconf 61' lang='lat' dir='ltr'><strong>vagari</strong></span> <span class='ocrx_word' id='word_1_325' title='bbox 1417 3000 1567 3047; x_wconf 82' lang='lat' dir='ltr'><strong>extra</strong></span> <span class='ocrx_word' id='word_1_326' title='bbox 1586 3005 1703 3044; x_wconf 89' lang='lat' dir='ltr'><strong>mo-</strong></span> 
     </span>
    </p>
   </div>
   <div class='ocr_carea' id='block_1_45' title="bbox 182 3073 1701 3152">
    <p class='ocr_par' dir='ltr' id='par_1_45' title="bbox 182 3073 1701 3152">
     <span class='ocr_line' id='line_1_45' title="bbox 182 3073 1701 3152; baseline -0.013 0"><span class='ocrx_word' id='word_1_327' title='bbox 182 3098 468 3152; x_wconf 86' lang='lat' dir='ltr'><strong>nasterium</strong></span> <span class='ocrx_word' id='word_1_328' title='bbox 490 3096 601 3148; x_wconf 90' lang='lat' dir='ltr'><strong>sine</strong></span> <span class='ocrx_word' id='word_1_329' title='bbox 628 3093 829 3146; x_wconf 86' lang='lat' dir='ltr'><strong>abbatis</strong></span> <span class='ocrx_word' id='word_1_330' title='bbox 859 3089 1061 3144; x_wconf 88' lang='lat' dir='ltr'><strong>licentia</strong></span> <span class='ocrx_word' id='word_1_331' title='bbox 1081 3127 1096 3151; x_wconf 94' lang='lat'><strong>,</strong></span> <span class='ocrx_word' id='word_1_332' title='bbox 1130 3094 1312 3141; x_wconf 87' lang='lat' dir='ltr'><strong>contra</strong></span> <span class='ocrx_word' id='word_1_333' title='bbox 1340 3073 1701 3138; x_wconf 87' lang='lat' dir='ltr'><strong>auctoritatem</strong></span> 
     </span>
    </p>
   </div>
   <div class='ocr_carea' id='block_1_46' title="bbox 178 3169 1701 3247">
    <p class='ocr_par' dir='ltr' id='par_1_46' title="bbox 178 3169 1701 3247">
     <span class='ocr_line' id='line_1_46' title="bbox 178 3169 1701 3247; baseline -0.013 -6"><span class='ocrx_word' id='word_1_334' title='bbox 178 3195 483 3242; x_wconf 84' lang='lat' dir='ltr'><strong>sanctorum</strong></span> <span class='ocrx_word' id='word_1_335' title='bbox 513 3183 723 3235; x_wconf 80' lang='lat' dir='ltr'><strong>Patrum</strong></span> <span class='ocrx_word' id='word_1_336' title='bbox 748 3219 764 3246; x_wconf 93' lang='lat'><strong>,</strong></span> <span class='ocrx_word' id='word_1_337' title='bbox 807 3188 866 3234; x_wconf 91' lang='lat' dir='ltr'><strong>ut</strong></span> <span class='ocrx_word' id='word_1_338' title='bbox 901 3177 1151 3247; x_wconf 87' lang='lat' dir='ltr'><strong>probatur</strong></span> <span class='ocrx_word' id='word_1_339' title='bbox 1182 3175 1264 3238; x_wconf 85' lang='grc'><strong>16,</strong></span> <span class='ocrx_word' id='word_1_340' title='bbox 1308 3189 1361 3243; x_wconf 93' lang='lat' dir='ltr'><strong>q.</strong></span> <span class='ocrx_word' id='word_1_341' title='bbox 1402 3174 1453 3237; x_wconf 90' lang='grc'><strong>1,</strong></span> <span class='ocrx_word' id='word_1_342' title='bbox 1478 3187 1526 3225; x_wconf 92' lang='lat' dir='ltr'><strong>c.</strong></span> <span class='ocrx_word' id='word_1_343' title='bbox 1553 3169 1701 3223; x_wconf 76' lang='lat' dir='ltr'><strong>&#39;Cum</strong></span> 
     </span>
    </p>
   </div>
   <div class='ocr_carea' id='block_1_47' title="bbox 176 3268 808 3342">
    <p class='ocr_par' dir='ltr' id='par_1_47' title="bbox 176 3268 808 3342">
     <span class='ocr_line' id='line_1_47' title="bbox 176 3268 808 3342; baseline -0.008 -17"><span class='ocrx_word' id='word_1_344' title='bbox 176 3273 389 3342; x_wconf 78' lang='lat' dir='ltr'><strong>quidam</strong></span> <span class='ocrx_word' id='word_1_345' title='bbox 415 3268 666 3323; x_wconf 71' lang='lat' dir='ltr'><strong>monachi.</strong></span> <span class='ocrx_word' id='word_1_346' title='bbox 694 3314 702 3324; x_wconf 88' lang='lat'><strong>.</strong></span> <span class='ocrx_word' id='word_1_347' title='bbox 799 3312 808 3320; x_wconf 93' lang='lat'><strong>.</strong></span> 
     </span>
    </p>
   </div>
   <div class='ocr_carea' id='block_1_48' title="bbox 254 3369 1703 3448">
    <p class='ocr_par' dir='ltr' id='par_1_48' title="bbox 254 3369 1703 3448">
     <span class='ocr_line' id='line_1_48' title="bbox 254 3369 1703 3448; baseline -0.01 -13"><span class='ocrx_word' id='word_1_348' title='bbox 254 3381 544 3448; x_wconf 88' lang='lat' dir='ltr'><strong>Septimum</strong></span> <span class='ocrx_word' id='word_1_349' title='bbox 570 3378 753 3430; x_wconf 89' lang='lat' dir='ltr'><strong>vitium</strong></span> <span class='ocrx_word' id='word_1_350' title='bbox 779 3369 878 3437; x_wconf 89' lang='lat' dir='ltr'><strong>est,</strong></span> <span class='ocrx_word' id='word_1_351' title='bbox 906 3374 1043 3442; x_wconf 89' lang='lat' dir='ltr'><strong>quod</strong></span> <span class='ocrx_word' id='word_1_352' title='bbox 1068 3372 1246 3425; x_wconf 87' lang='lat' dir='ltr'><strong>volunt</strong></span> <span class='ocrx_word' id='word_1_353' title='bbox 1261 3384 1381 3423; x_wconf 86' lang='lat' dir='ltr'><strong>esse</strong></span> <span class='ocrx_word' id='word_1_354' title='bbox 1403 3370 1555 3424; x_wconf 91' lang='lat' dir='ltr'><strong>otiosi</strong></span> <span class='ocrx_word' id='word_1_355' title='bbox 1577 3383 1703 3423; x_wconf 90' lang='lat' dir='ltr'><strong>con-</strong></span> 
     </span>
    </p>
   </div>
   <div class='ocr_carea' id='block_1_49' title="bbox 184 3458 1703 3526">
    <p class='ocr_par' dir='ltr' id='par_1_49' title="bbox 184 3458 1703 3526">
     <span class='ocr_line' id='line_1_49' title="bbox 184 3458 1703 3526; baseline -0.009 -2"><span class='ocrx_word' id='word_1_356' title='bbox 184 3483 267 3525; x_wconf 87' lang='lat' dir='ltr'><strong>tra</strong></span> <span class='ocrx_word' id='word_1_357' title='bbox 295 3469 653 3522; x_wconf 88' lang='lat' dir='ltr'><strong>auctoritatem</strong></span> <span class='ocrx_word' id='word_1_358' title='bbox 686 3473 981 3519; x_wconf 87' lang='lat' dir='ltr'><strong>sanctorum</strong></span> <span class='ocrx_word' id='word_1_359' title='bbox 1020 3461 1263 3522; x_wconf 89' lang='lat' dir='ltr'><strong>Patrum;</strong></span> <span class='ocrx_word' id='word_1_360' title='bbox 1313 3459 1431 3526; x_wconf 88' lang='lat' dir='ltr'><strong>quia</strong></span> <span class='ocrx_word' id='word_1_361' title='bbox 1467 3458 1703 3511; x_wconf 87' lang='lat' dir='ltr'><strong>otiositas</strong></span> 
     </span>
    </p>
   </div>
   <div class='ocr_carea' id='block_1_50' title="bbox 181 3545 1698 3624">
    <p class='ocr_par' dir='ltr' id='par_1_50' title="bbox 181 3545 1698 3624">
     <span class='ocr_line' id='line_1_50' title="bbox 181 3545 1698 3624; baseline -0.011 -13"><span class='ocrx_word' id='word_1_362' title='bbox 181 3567 239 3612; x_wconf 88' lang='lat' dir='ltr'><strong>et</strong></span> <span class='ocrx_word' id='word_1_363' title='bbox 261 3555 496 3624; x_wconf 79' lang='lat' dir='ltr'><strong>voluptas</strong></span> <span class='ocrx_word' id='word_1_364' title='bbox 517 3566 663 3605; x_wconf 84' lang='lat' dir='ltr'><strong>arma</strong></span> <span class='ocrx_word' id='word_1_365' title='bbox 683 3558 805 3602; x_wconf 90' lang='lat' dir='ltr'><strong>sunt</strong></span> <span class='ocrx_word' id='word_1_366' title='bbox 832 3549 995 3603; x_wconf 86' lang='lat' dir='ltr'><strong>hostis</strong></span> <span class='ocrx_word' id='word_1_367' title='bbox 1022 3545 1245 3615; x_wconf 88' lang='lat' dir='ltr'><strong>antiqui,</strong></span> <span class='ocrx_word' id='word_1_368' title='bbox 1268 3554 1326 3599; x_wconf 92' lang='lat' dir='ltr'><strong>ut</strong></span> <span class='ocrx_word' id='word_1_369' title='bbox 1348 3545 1597 3613; x_wconf 85' lang='lat' dir='ltr'><strong>probatur</strong></span> <span class='ocrx_word' id='word_1_370' title='bbox 1615 3558 1698 3598; x_wconf 79' lang='lat' dir='ltr'><strong>ex.</strong></span> 
     </span>
    </p>
   </div>
   <div class='ocr_carea' id='block_1_51' title="bbox 184 3645 665 3719">
    <p class='ocr_par' dir='ltr' id='par_1_51' title="bbox 184 3645 665 3719">
     <span class='ocr_line' id='line_1_51' title="bbox 184 3645 665 3719; baseline -0.017 -19"><span class='ocrx_word' id='word_1_371' title='bbox 184 3647 251 3700; x_wconf 92' lang='lat' dir='ltr'><strong>de</strong></span> <span class='ocrx_word' id='word_1_372' title='bbox 282 3645 541 3704; x_wconf 80' lang='lat' dir='ltr'><strong>Renunc.,</strong></span> <span class='ocrx_word' id='word_1_373' title='bbox 564 3649 665 3719; x_wconf 89' lang='lat' dir='ltr'><strong>etc.</strong></span> 
     </span>
    </p>
   </div>
   <div class='ocr_carea' id='block_1_52' title="bbox 254 3734 1705 3817">
    <p class='ocr_par' dir='ltr' id='par_1_52' title="bbox 254 3734 1705 3817">
     <span class='ocr_line' id='line_1_52' title="bbox 254 3734 1705 3817; baseline -0.01 -6"><span class='ocrx_word' id='word_1_374' title='bbox 254 3755 509 3811; x_wconf 89' lang='lat' dir='ltr'><strong>Octavum</strong></span> <span class='ocrx_word' id='word_1_375' title='bbox 546 3734 866 3813; x_wconf 76' lang='lat' dir='ltr'><strong>vitiumest,</strong></span> <span class='ocrx_word' id='word_1_376' title='bbox 911 3747 1047 3817; x_wconf 85' lang='lat' dir='ltr'><strong>quod</strong></span> <span class='ocrx_word' id='word_1_377' title='bbox 1081 3747 1260 3802; x_wconf 89' lang='lat' dir='ltr'><strong>volunt</strong></span> <span class='ocrx_word' id='word_1_378' title='bbox 1287 3745 1559 3800; x_wconf 85' lang='lat' dir='ltr'><strong>comedere</strong></span> <span class='ocrx_word' id='word_1_379' title='bbox 1588 3758 1705 3797; x_wconf 90' lang='lat' dir='ltr'><strong>car-</strong></span> 
     </span>
    </p>
   </div>
   <div class='ocr_carea' id='block_1_53' title="bbox 183 3835 1702 3905">
    <p class='ocr_par' dir='ltr' id='par_1_53' title="bbox 183 3835 1702 3905">
     <span class='ocr_line' id='line_1_53' title="bbox 183 3835 1702 3905; baseline -0.011 -6"><span class='ocrx_word' id='word_1_380' title='bbox 183 3859 320 3905; x_wconf 88' lang='lat' dir='ltr'><strong>nes,</strong></span> <span class='ocrx_word' id='word_1_381' title='bbox 359 3856 476 3896; x_wconf 91' lang='lat' dir='ltr'><strong>cum</strong></span> <span class='ocrx_word' id='word_1_382' title='bbox 520 3840 628 3894; x_wconf 87' lang='lat' dir='ltr'><strong>sint</strong></span> <span class='ocrx_word' id='word_1_383' title='bbox 669 3839 782 3892; x_wconf 89' lang='lat' dir='ltr'><strong>sani</strong></span> <span class='ocrx_word' id='word_1_384' title='bbox 825 3838 938 3891; x_wconf 89' lang='lat' dir='ltr'><strong>sine</strong></span> <span class='ocrx_word' id='word_1_385' title='bbox 978 3835 1149 3903; x_wconf 85' lang='lat' dir='ltr'><strong>aliqua</strong></span> <span class='ocrx_word' id='word_1_386' title='bbox 1190 3835 1497 3888; x_wconf 85' lang='lat' dir='ltr'><strong>necessitate</strong></span> <span class='ocrx_word' id='word_1_387' title='bbox 1522 3842 1702 3886; x_wconf 88' lang='lat' dir='ltr'><strong>contra</strong></span> 
     </span>
    </p>
   </div>
   <div class='ocr_carea' id='block_1_54' title="bbox 185 3919 1703 3990">
    <p class='ocr_par' dir='ltr' id='par_1_54' title="bbox 185 3919 1703 3990">
     <span class='ocr_line' id='line_1_54' title="bbox 185 3919 1703 3990; baseline -0.009 -6"><span class='ocrx_word' id='word_1_388' title='bbox 185 3930 549 3986; x_wconf 87' lang='lat' dir='ltr'><strong>auctoritatem</strong></span> <span class='ocrx_word' id='word_1_389' title='bbox 575 3937 874 3981; x_wconf 84' lang='lat' dir='ltr'><strong>sanetorum</strong></span> <span class='ocrx_word' id='word_1_390' title='bbox 895 3924 1128 3985; x_wconf 86' lang='lat' dir='ltr'><strong>Patrum,</strong></span> <span class='ocrx_word' id='word_1_391' title='bbox 1145 3923 1461 3990; x_wconf 89' lang='lat' dir='ltr'><strong>utprobatur</strong></span> <span class='ocrx_word' id='word_1_392' title='bbox 1482 3921 1546 3972; x_wconf 88' lang='lat' dir='ltr'><strong>de</strong></span> <span class='ocrx_word' id='word_1_393' title='bbox 1570 3919 1703 3972; x_wconf 88' lang='lat' dir='ltr'><strong>Con—</strong></span> 
     </span>
    </p>
   </div>
   <div class='ocr_carea' id='block_1_55' title="bbox 186 4008 1704 4079">
    <p class='ocr_par' dir='ltr' id='par_1_55' title="bbox 186 4008 1704 4079">
     <span class='ocr_line' id='line_1_55' title="bbox 186 4008 1704 4079; baseline -0.011 -5"><span class='ocrx_word' id='word_1_394' title='bbox 186 4024 380 4075; x_wconf 85' lang='lat' dir='ltr'><strong>secrat.</strong></span> <span class='ocrx_word' id='word_1_395' title='bbox 408 4017 554 4078; x_wconf 83' lang='lat' dir='ltr'><strong>dist.,</strong></span> <span class='ocrx_word' id='word_1_396' title='bbox 580 4015 631 4075; x_wconf 86' lang='lat'><strong>5,</strong></span> <span class='ocrx_word' id='word_1_397' title='bbox 659 4029 708 4067; x_wconf 89' lang='lat' dir='ltr'><strong>c.</strong></span> <span class='ocrx_word' id='word_1_398' title='bbox 738 4011 980 4075; x_wconf 84' lang='lat' dir='ltr'><strong>Carnem,</strong></span> <span class='ocrx_word' id='word_1_399' title='bbox 1018 4011 1105 4064; x_wconf 92' lang='lat' dir='ltr'><strong>ubi</strong></span> <span class='ocrx_word' id='word_1_400' title='bbox 1134 4010 1415 4079; x_wconf 89' lang='lat' dir='ltr'><strong>imponitur</strong></span> <span class='ocrx_word' id='word_1_401' title='bbox 1436 4011 1514 4062; x_wconf 90' lang='lat' dir='ltr'><strong>eis</strong></span> <span class='ocrx_word' id='word_1_402' title='bbox 1540 4008 1704 4075; x_wconf 69' lang='lat' dir='ltr'><strong>pinni-</strong></span> 
     </span>
    </p>
   </div>
   <div class='ocr_carea' id='block_1_56' title="bbox 186 4102 1157 4160">
    <p class='ocr_par' dir='ltr' id='par_1_56' title="bbox 186 4102 1157 4160">
     <span class='ocr_line' id='line_1_56' title="bbox 186 4102 1157 4160; baseline -0.009 -1"><span class='ocrx_word' id='word_1_403' title='bbox 186 4106 350 4160; x_wconf 82' lang='lat' dir='ltr'><strong>tentia</strong></span> <span class='ocrx_word' id='word_1_404' title='bbox 379 4119 468 4157; x_wconf 80' lang='lat' dir='ltr'><strong>sex</strong></span> <span class='ocrx_word' id='word_1_405' title='bbox 492 4102 766 4156; x_wconf 90' lang='lat' dir='ltr'><strong>mensium.</strong></span> <span class='ocrx_word' id='word_1_406' title='bbox 1151 4120 1157 4125; x_wconf 62' lang='lat'>&#39;</span> 
     </span>
    </p>
   </div>
   <div class='ocr_carea' id='block_1_57' title="bbox 257 4202 1704 4272">
    <p class='ocr_par' dir='ltr' id='par_1_57' title="bbox 257 4202 1704 4272">
     <span class='ocr_line' id='line_1_57' title="bbox 257 4202 1704 4272; baseline -0.006 -9"><span class='ocrx_word' id='word_1_407' title='bbox 257 4210 459 4263; x_wconf 81' lang='lat' dir='ltr'><strong>Nonum</strong></span> <span class='ocrx_word' id='word_1_408' title='bbox 480 4207 661 4265; x_wconf 88' lang='lat' dir='ltr'><strong>vitium</strong></span> <span class='ocrx_word' id='word_1_409' title='bbox 703 4214 784 4259; x_wconf 92' lang='lat' dir='ltr'><strong>est</strong></span> <span class='ocrx_word' id='word_1_410' title='bbox 806 4243 822 4267; x_wconf 91' lang='lat'><strong>,</strong></span> <span class='ocrx_word' id='word_1_411' title='bbox 861 4205 996 4272; x_wconf 90' lang='lat' dir='ltr'><strong>quod</strong></span> <span class='ocrx_word' id='word_1_412' title='bbox 1018 4203 1197 4257; x_wconf 88' lang='lat' dir='ltr'><strong>volunt</strong></span> <span class='ocrx_word' id='word_1_413' title='bbox 1226 4203 1335 4257; x_wconf 89' lang='lat' dir='ltr'><strong>suis</strong></span> <span class='ocrx_word' id='word_1_414' title='bbox 1360 4203 1514 4255; x_wconf 89' lang='lat' dir='ltr'><strong>sociis</strong></span> <span class='ocrx_word' id='word_1_415' title='bbox 1542 4202 1704 4254; x_wconf 90' lang='lat' dir='ltr'><strong>domi-</strong></span> 
     </span>
    </p>
   </div>
   <div class='ocr_carea' id='block_1_58' title="bbox 185 4292 1701 4363">
    <p class='ocr_par' dir='ltr' id='par_1_58' title="bbox 185 4292 1701 4363">
     <span class='ocr_line' id='line_1_58' title="bbox 185 4292 1701 4363; baseline -0.008 -9"><span class='ocrx_word' id='word_1_416' title='bbox 185 4300 325 4363; x_wconf 85' lang='lat' dir='ltr'><strong>nari,</strong></span> <span class='ocrx_word' id='word_1_417' title='bbox 355 4297 574 4353; x_wconf 87' lang='lat' dir='ltr'><strong>dicendo</strong></span> <span class='ocrx_word' id='word_1_418' title='bbox 590 4310 646 4349; x_wconf 90' lang='lat' dir='ltr'><strong>se</strong></span> <span class='ocrx_word' id='word_1_419' title='bbox 676 4294 870 4347; x_wconf 88' lang='lat' dir='ltr'><strong>nobiles</strong></span> <span class='ocrx_word' id='word_1_420' title='bbox 895 4301 948 4346; x_wconf 90' lang='lat' dir='ltr'><strong>et</strong></span> <span class='ocrx_word' id='word_1_421' title='bbox 966 4293 1220 4346; x_wconf 85' lang='lat' dir='ltr'><strong>litteratos</strong></span> <span class='ocrx_word' id='word_1_422' title='bbox 1240 4332 1253 4353; x_wconf 92' lang='lat'><strong>,</strong></span> <span class='ocrx_word' id='word_1_423' title='bbox 1285 4292 1421 4358; x_wconf 88' lang='lat' dir='ltr'><strong>quod</strong></span> <span class='ocrx_word' id='word_1_424' title='bbox 1444 4292 1589 4343; x_wconf 87' lang='lat' dir='ltr'><strong>valde</strong></span> <span class='ocrx_word' id='word_1_425' title='bbox 1619 4306 1701 4343; x_wconf 91' lang='lat' dir='ltr'><strong>re—</strong></span> 
     </span>
    </p>
   </div>
   <div class='ocr_carea' id='block_1_59' title="bbox 1863 1920 3152 1997">
    <p class='ocr_par' dir='ltr' id='par_1_59' title="bbox 1863 1920 3152 1997">
     <span class='ocr_line' id='line_1_59' title="bbox 1863 1920 3152 1997; baseline 0.004 -21"><span class='ocrx_word' id='word_1_426' title='bbox 1863 1924 2057 1986; x_wconf 89' lang='lat' dir='ltr'><strong>Primo,</strong></span> <span class='ocrx_word' id='word_1_427' title='bbox 2086 1926 2208 1991; x_wconf 89' lang='lat' dir='ltr'><strong>quia</strong></span> <span class='ocrx_word' id='word_1_428' title='bbox 2235 1935 2355 1979; x_wconf 90' lang='lat' dir='ltr'><strong>sunt</strong></span> <span class='ocrx_word' id='word_1_429' title='bbox 2389 1925 2576 1980; x_wconf 80' lang='lat' dir='ltr'><strong>infensi</strong></span> <span class='ocrx_word' id='word_1_430' title='bbox 2605 1927 2712 1979; x_wconf 87' lang='lat' dir='ltr'><strong>suis</strong></span> <span class='ocrx_word' id='word_1_431' title='bbox 2740 1920 3015 1997; x_wconf 77' lang='lat' dir='ltr'><strong>episcopis,</strong></span> <span class='ocrx_word' id='word_1_432' title='bbox 3050 1936 3152 1981; x_wconf 88' lang='lat' dir='ltr'><strong>etc.</strong></span> 
     </span>
    </p>
   </div>
   <div class='ocr_carea' id='block_1_60' title="bbox 1863 2002 3309 2082">
    <p class='ocr_par' dir='ltr' id='par_1_60' title="bbox 1863 2002 3309 2082">
     <span class='ocr_line' id='line_1_60' title="bbox 1863 2002 3309 2082; baseline 0.001 -17"><span class='ocrx_word' id='word_1_433' title='bbox 1863 2012 2118 2073; x_wconf 88' lang='lat' dir='ltr'><strong>Secundo,</strong></span> <span class='ocrx_word' id='word_1_434' title='bbox 2151 2014 2272 2079; x_wconf 90' lang='lat' dir='ltr'><strong>quia</strong></span> <span class='ocrx_word' id='word_1_435' title='bbox 2310 2014 2486 2066; x_wconf 89' lang='lat' dir='ltr'><strong>volunt</strong></span> <span class='ocrx_word' id='word_1_436' title='bbox 2515 2014 2580 2066; x_wconf 91' lang='lat' dir='ltr'><strong>ad</strong></span> <span class='ocrx_word' id='word_1_437' title='bbox 2614 2016 2960 2067; x_wconf 87' lang='lat' dir='ltr'><strong>sacerdotium</strong></span> <span class='ocrx_word' id='word_1_438' title='bbox 2998 2002 3309 2082; x_wconf 72' lang='lat' dir='ltr'><strong>promoveri,</strong></span> 
     </span>
    </p>
   </div>
   <div class='ocr_carea' id='block_1_61' title="bbox 1726 2102 2929 2170">
    <p class='ocr_par' dir='ltr' id='par_1_61' title="bbox 1726 2102 2929 2170">
     <span class='ocr_line' id='line_1_61' title="bbox 1726 2102 2929 2170; baseline 0.004 -18"><span class='ocrx_word' id='word_1_439' title='bbox 1726 2121 1729 2125; x_wconf 94' lang='grc'><strong>·</strong></span> <span class='ocrx_word' id='word_1_440' title='bbox 1795 2116 1912 2153; x_wconf 90' lang='lat' dir='ltr'><strong>cum</strong></span> <span class='ocrx_word' id='word_1_441' title='bbox 1943 2102 2038 2169; x_wconf 91' lang='lat' dir='ltr'><strong>ipsi</strong></span> <span class='ocrx_word' id='word_1_442' title='bbox 2062 2103 2351 2170; x_wconf 87' lang='lat' dir='ltr'><strong>presbyteri</strong></span> <span class='ocrx_word' id='word_1_443' title='bbox 2382 2104 2629 2156; x_wconf 89' lang='lat' dir='ltr'><strong>deberent</strong></span> <span class='ocrx_word' id='word_1_444' title='bbox 2654 2118 2799 2167; x_wconf 88' lang='lat' dir='ltr'><strong>esse,</strong></span> <span class='ocrx_word' id='word_1_445' title='bbox 2825 2114 2929 2159; x_wconf 88' lang='lat' dir='ltr'><strong>etc.</strong></span> 
     </span>
    </p>
   </div>
   <div class='ocr_carea' id='block_1_62' title="bbox 1864 2190 3314 2258">
    <p class='ocr_par' dir='ltr' id='par_1_62' title="bbox 1864 2190 3314 2258">
     <span class='ocr_line' id='line_1_62' title="bbox 1864 2190 3314 2258; baseline 0.003 -16"><span class='ocrx_word' id='word_1_446' title='bbox 1864 2190 2062 2253; x_wconf 87' lang='lat' dir='ltr'><strong>Tertio,</strong></span> <span class='ocrx_word' id='word_1_447' title='bbox 2110 2190 2232 2258; x_wconf 86' lang='lat' dir='ltr'><strong>quia</strong></span> <span class='ocrx_word' id='word_1_448' title='bbox 2276 2190 2425 2243; x_wconf 87' lang='lat' dir='ltr'><strong>valde</strong></span> <span class='ocrx_word' id='word_1_449' title='bbox 2472 2193 2703 2257; x_wconf 87' lang='lat' dir='ltr'><strong>superbi,</strong></span> <span class='ocrx_word' id='word_1_450' title='bbox 2742 2201 2794 2245; x_wconf 91' lang='lat' dir='ltr'><strong>et</strong></span> <span class='ocrx_word' id='word_1_451' title='bbox 2839 2193 3145 2247; x_wconf 87' lang='lat' dir='ltr'><strong>conculcant</strong></span> <span class='ocrx_word' id='word_1_452' title='bbox 3185 2193 3314 2247; x_wconf 86' lang='lat' dir='ltr'><strong>alios</strong></span> 
     </span>
    </p>
   </div>
   <div class='ocr_carea' id='block_1_63' title="bbox 1796 2276 3317 2355">
    <p class='ocr_par' dir='ltr' id='par_1_63' title="bbox 1796 2276 3317 2355">
     <span class='ocr_line' id='line_1_63' title="bbox 1796 2276 3317 2355; baseline 0.001 -22"><span class='ocrx_word' id='word_1_453' title='bbox 1796 2280 2057 2348; x_wconf 87' lang='lat' dir='ltr'><strong>simplices</strong></span> <span class='ocrx_word' id='word_1_454' title='bbox 2106 2288 2159 2333; x_wconf 91' lang='lat' dir='ltr'><strong>ct</strong></span> <span class='ocrx_word' id='word_1_455' title='bbox 2206 2276 2480 2334; x_wconf 80' lang='lat' dir='ltr'><strong>litteratos.</strong></span> <span class='ocrx_word' id='word_1_456' title='bbox 2547 2280 2705 2355; x_wconf 39' lang='lat' dir='ltr'><strong>Unde;</strong></span> <span class='ocrx_word' id='word_1_457' title='bbox 2729 2281 2884 2334; x_wconf 89' lang='lat' dir='ltr'><strong>hodie</strong></span> <span class='ocrx_word' id='word_1_458' title='bbox 2918 2295 3053 2347; x_wconf 62' lang='lat' dir='ltr'><strong>saepe</strong></span> <span class='ocrx_word' id='word_1_459' title='bbox 3096 2290 3317 2348; x_wconf 79' lang='lat' dir='ltr'><strong>surgunt</strong></span> 
     </span>
    </p>
   </div>
   <div class='ocr_carea' id='block_1_64' title="bbox 1793 2369 3413 2438">
    <p class='ocr_par' dir='ltr' id='par_1_64' title="bbox 1793 2369 3413 2438">
     <span class='ocr_line' id='line_1_64' title="bbox 1793 2369 3413 2438; baseline 0.001 -16"><span class='ocrx_word' id='word_1_460' title='bbox 1793 2369 1933 2431; x_wconf 89' lang='lat' dir='ltr'><strong>odia,</strong></span> <span class='ocrx_word' id='word_1_461' title='bbox 1972 2378 2024 2421; x_wconf 89' lang='lat' dir='ltr'><strong>et</strong></span> <span class='ocrx_word' id='word_1_462' title='bbox 2064 2370 2339 2422; x_wconf 86' lang='lat' dir='ltr'><strong>homicidia</strong></span> <span class='ocrx_word' id='word_1_463' title='bbox 2378 2379 2763 2438; x_wconf 89' lang='lat' dir='ltr'><strong>perpetrantur,</strong></span> <span class='ocrx_word' id='word_1_464' title='bbox 2805 2385 2917 2437; x_wconf 72' lang='lat' dir='ltr'><strong>qua:</strong></span> <span class='ocrx_word' id='word_1_465' title='bbox 2949 2370 3085 2436; x_wconf 88' lang='lat' dir='ltr'><strong>juris</strong></span> <span class='ocrx_word' id='word_1_466' title='bbox 3121 2372 3313 2437; x_wconf 84' lang='lat' dir='ltr'><strong>proba-</strong></span> <span class='ocrx_word' id='word_1_467' title='bbox 3382 2384 3413 2393; x_wconf 48' lang='grc' dir='ltr'><em>ν’</em></span> 
     </span>
    </p>
   </div>
   <div class='ocr_carea' id='block_1_65' title="bbox 1797 2456 3316 2527">
    <p class='ocr_par' dir='ltr' id='par_1_65' title="bbox 1797 2456 3316 2527">
     <span class='ocr_line' id='line_1_65' title="bbox 1797 2456 3316 2527; baseline 0.003 -21"><span class='ocrx_word' id='word_1_468' title='bbox 1797 2457 1937 2509; x_wconf 89' lang='lat' dir='ltr'><strong>tione</strong></span> <span class='ocrx_word' id='word_1_469' title='bbox 1970 2470 2071 2508; x_wconf 91' lang='lat' dir='ltr'><strong>non</strong></span> <span class='ocrx_word' id='word_1_470' title='bbox 2109 2456 2341 2524; x_wconf 82' lang='lat' dir='ltr'><strong>indigent</strong></span> <span class='ocrx_word' id='word_1_471' title='bbox 2373 2475 2385 2508; x_wconf 88' lang='lat'><strong>:</strong></span> <span class='ocrx_word' id='word_1_472' title='bbox 2417 2458 2539 2524; x_wconf 86' lang='lat' dir='ltr'><strong>quia</strong></span> <span class='ocrx_word' id='word_1_473' title='bbox 2568 2459 2632 2510; x_wconf 90' lang='lat' dir='ltr'><strong>de</strong></span> <span class='ocrx_word' id='word_1_474' title='bbox 2672 2458 2811 2511; x_wconf 77' lang='lat' dir='ltr'><strong>facto</strong></span> <span class='ocrx_word' id='word_1_475' title='bbox 2838 2466 2990 2527; x_wconf 74' lang='lat' dir='ltr'><strong>‘sche</strong></span> <span class='ocrx_word' id='word_1_476' title='bbox 3021 2459 3209 2526; x_wconf 72' lang='lat' dir='ltr'><strong>smpius</strong></span> <span class='ocrx_word' id='word_1_477' title='bbox 3234 2468 3316 2513; x_wconf 83' lang='lat' dir='ltr'><strong>est</strong></span> 
     </span>
    </p>
   </div>
   <div class='ocr_carea' id='block_1_66' title="bbox 1795 2543 3314 2613">
    <p class='ocr_par' dir='ltr' id='par_1_66' title="bbox 1795 2543 3314 2613">
     <span class='ocr_line' id='line_1_66' title="bbox 1795 2543 3314 2613; baseline 0 -16"><span class='ocrx_word' id='word_1_478' title='bbox 1795 2553 2138 2612; x_wconf 86' lang='lat' dir='ltr'><strong>compertum.</strong></span> <span class='ocrx_word' id='word_1_479' title='bbox 2187 2543 2243 2597; x_wconf 91' lang='lat' dir='ltr'><strong>Si</strong></span> <span class='ocrx_word' id='word_1_480' title='bbox 2277 2558 2400 2611; x_wconf 84' lang='lat' dir='ltr'><strong>ergo</strong></span> <span class='ocrx_word' id='word_1_481' title='bbox 2439 2544 2490 2596; x_wconf 92' lang='lat' dir='ltr'><strong>in</strong></span> <span class='ocrx_word' id='word_1_482' title='bbox 2535 2544 2721 2598; x_wconf 89' lang='lat' dir='ltr'><strong>talibus</strong></span> <span class='ocrx_word' id='word_1_483' title='bbox 2761 2546 3109 2613; x_wconf 86' lang='lat' dir='ltr'><strong>peccaverint,</strong></span> <span class='ocrx_word' id='word_1_484' title='bbox 3153 2545 3234 2598; x_wconf 85' lang='lat' dir='ltr'><strong>vel</strong></span> <span class='ocrx_word' id='word_1_485' title='bbox 3261 2544 3314 2597; x_wconf 89' lang='lat' dir='ltr'><strong>in</strong></span> 
     </span>
    </p>
   </div>
   <div class='ocr_carea' id='block_1_67' title="bbox 1795 2630 3313 2700">
    <p class='ocr_par' dir='ltr' id='par_1_67' title="bbox 1795 2630 3313 2700">
     <span class='ocr_line' id='line_1_67' title="bbox 1795 2630 3313 2700; baseline 0.003 -16"><span class='ocrx_word' id='word_1_486' title='bbox 1795 2633 1914 2684; x_wconf 87' lang='lat' dir='ltr'><strong>aliis</strong></span> <span class='ocrx_word' id='word_1_487' title='bbox 1938 2630 2295 2685; x_wconf 89' lang='lat' dir='ltr'><strong>consimilibus</strong></span> <span class='ocrx_word' id='word_1_488' title='bbox 2320 2671 2335 2693; x_wconf 92' lang='lat'><strong>,</strong></span> <span class='ocrx_word' id='word_1_489' title='bbox 2376 2640 2433 2684; x_wconf 86' lang='lat' dir='ltr'><strong>ut</strong></span> <span class='ocrx_word' id='word_1_490' title='bbox 2465 2632 2528 2685; x_wconf 88' lang='lat' dir='ltr'><strong>de</strong></span> <span class='ocrx_word' id='word_1_491' title='bbox 2555 2632 2751 2685; x_wconf 88' lang='lat' dir='ltr'><strong>carnali</strong></span> <span class='ocrx_word' id='word_1_492' title='bbox 2798 2630 2943 2700; x_wconf 79' lang='lat' dir='ltr'><strong>lapsu</strong></span> <span class='ocrx_word' id='word_1_493' title='bbox 2987 2634 3241 2697; x_wconf 85' lang='lat' dir='ltr'><strong>taceatur,</strong></span> <span class='ocrx_word' id='word_1_494' title='bbox 3269 2647 3313 2688; x_wconf 86' lang='grc' dir='ltr'>ει</span> 
     </span>
    </p>
   </div>
   <div class='ocr_carea' id='block_1_68' title="bbox 1796 2720 3316 2789">
    <p class='ocr_par' dir='ltr' id='par_1_68' title="bbox 1796 2720 3316 2789">
     <span class='ocr_line' id='line_1_68' title="bbox 1796 2720 3316 2789; baseline 0.001 -19"><span class='ocrx_word' id='word_1_495' title='bbox 1796 2720 2055 2771; x_wconf 89' lang='lat' dir='ltr'><strong>notorium</strong></span> <span class='ocrx_word' id='word_1_496' title='bbox 2081 2728 2179 2779; x_wconf 91' lang='lat' dir='ltr'><strong>est,</strong></span> <span class='ocrx_word' id='word_1_497' title='bbox 2208 2733 2304 2786; x_wconf 90' lang='lat' dir='ltr'><strong>per</strong></span> <span class='ocrx_word' id='word_1_498' title='bbox 2326 2720 2623 2787; x_wconf 88' lang='lat' dir='ltr'><strong>episcopum</strong></span> <span class='ocrx_word' id='word_1_499' title='bbox 2650 2721 2839 2774; x_wconf 85' lang='lat' dir='ltr'><strong>debent</strong></span> <span class='ocrx_word' id='word_1_500' title='bbox 2853 2720 3061 2789; x_wconf 79' lang='lat' dir='ltr'><strong>corrigi,</strong></span> <span class='ocrx_word' id='word_1_501' title='bbox 3091 2729 3143 2774; x_wconf 91' lang='lat' dir='ltr'><strong>et</strong></span> <span class='ocrx_word' id='word_1_502' title='bbox 3160 2734 3316 2789; x_wconf 81' lang='lat' dir='ltr'><strong>agere</strong></span> 
     </span>
    </p>
   </div>
   <div class='ocr_carea' id='block_1_69' title="bbox 1795 2806 3316 2874">
    <p class='ocr_par' dir='ltr' id='par_1_69' title="bbox 1795 2806 3316 2874">
     <span class='ocr_line' id='line_1_69' title="bbox 1795 2806 3316 2874; baseline 0.001 -17"><span class='ocrx_word' id='word_1_503' title='bbox 1795 2806 2154 2873; x_wconf 69' lang='lat' dir='ltr'><strong>pmnitentiam</strong></span> <span class='ocrx_word' id='word_1_504' title='bbox 2183 2815 2539 2874; x_wconf 86' lang='lat' dir='ltr'><strong>competenter</strong></span> <span class='ocrx_word' id='word_1_505' title='bbox 2564 2822 2579 2859; x_wconf 91' lang='lat'><strong>:</strong></span> <span class='ocrx_word' id='word_1_506' title='bbox 2602 2809 2650 2861; x_wconf 90' lang='lat' dir='ltr'><strong>si</strong></span> <span class='ocrx_word' id='word_1_507' title='bbox 2678 2816 2851 2862; x_wconf 90' lang='lat' dir='ltr'><strong>autem</strong></span> <span class='ocrx_word' id='word_1_508' title='bbox 2879 2808 3100 2872; x_wconf 83' lang='lat' dir='ltr'><strong>occulte,</strong></span> <span class='ocrx_word' id='word_1_509' title='bbox 3127 2810 3316 2862; x_wconf 88' lang='lat' dir='ltr'><strong>debent</strong></span> 
     </span>
    </p>
   </div>
   <div class='ocr_carea' id='block_1_70' title="bbox 1798 2884 3358 2974">
    <p class='ocr_par' dir='ltr' id='par_1_70' title="bbox 1798 2884 3358 2974">
     <span class='ocr_line' id='line_1_70' title="bbox 1798 2884 3358 2974; baseline 0.001 -28"><span class='ocrx_word' id='word_1_510' title='bbox 1798 2894 2070 2961; x_wconf 74' lang='lat' dir='ltr'><strong>pmnitere,</strong></span> <span class='ocrx_word' id='word_1_511' title='bbox 2118 2902 2172 2946; x_wconf 89' lang='lat' dir='ltr'><strong>et</strong></span> <span class='ocrx_word' id='word_1_512' title='bbox 2198 2894 2436 2974; x_wconf 85' lang='lat' dir='ltr'><strong>conﬁteri</strong></span> <span class='ocrx_word' id='word_1_513' title='bbox 2463 2884 2727 2963; x_wconf 86' lang='lat' dir='ltr'><strong>episcopo,</strong></span> <span class='ocrx_word' id='word_1_514' title='bbox 2762 2896 2840 2950; x_wconf 89' lang='lat' dir='ltr'><strong>vel</strong></span> <span class='ocrx_word' id='word_1_515' title='bbox 2869 2896 3020 2949; x_wconf 85' lang='lat' dir='ltr'><strong>alteri</strong></span> <span class='ocrx_word' id='word_1_516' title='bbox 3049 2897 3162 2950; x_wconf 90' lang='lat' dir='ltr'><strong>loco</strong></span> <span class='ocrx_word' id='word_1_517' title='bbox 3181 2896 3314 2964; x_wconf 82' lang='lat' dir='ltr'><strong>ejus,</strong></span> <span class='ocrx_word' id='word_1_518' title='bbox 3352 2948 3358 2955; x_wconf 87' lang='lat'><em>_</em></span> 
     </span>
    </p>
   </div>
   <div class='ocr_carea' id='block_1_71' title="bbox 1800 2974 2683 3049">
    <p class='ocr_par' dir='ltr' id='par_1_71' title="bbox 1800 2974 2683 3049">
     <span class='ocr_line' id='line_1_71' title="bbox 1800 2974 2683 3049; baseline 0.002 -16"><span class='ocrx_word' id='word_1_519' title='bbox 1800 2990 1858 3033; x_wconf 92' lang='lat' dir='ltr'><strong>ut</strong></span> <span class='ocrx_word' id='word_1_520' title='bbox 1876 2982 2126 3049; x_wconf 89' lang='lat' dir='ltr'><strong>probatur</strong></span> <span class='ocrx_word' id='word_1_521' title='bbox 2146 2982 2209 3035; x_wconf 89' lang='lat' dir='ltr'><strong>dc</strong></span> <span class='ocrx_word' id='word_1_522' title='bbox 2234 2974 2381 3035; x_wconf 75' lang='lat' dir='ltr'><strong>Ptnn.</strong></span> <span class='ocrx_word' id='word_1_523' title='bbox 2410 2982 2531 3035; x_wconf 88' lang='lat' dir='ltr'><strong>dist.</strong></span> <span class='ocrx_word' id='word_1_524' title='bbox 2558 2982 2609 3046; x_wconf 95' lang='grc'><strong>1,</strong></span> <span class='ocrx_word' id='word_1_525' title='bbox 2634 2996 2683 3037; x_wconf 91' lang='lat' dir='ltr'><strong>c.</strong></span> 
     </span>
    </p>
   </div>
   <div class='ocr_carea' id='block_1_72' title="bbox 1726 3088 3279 3168">
    <p class='ocr_par' dir='ltr' id='par_1_72' title="bbox 1726 3088 3279 3168">
     <span class='ocr_line' id='line_1_72' title="bbox 1726 3088 3279 3168; baseline 0.001 -26"><span class='ocrx_word' id='word_1_526' title='bbox 1726 3106 1775 3168; x_wconf 68' lang='grc' dir='ltr'><strong><em>ε</em></strong></span> <span class='ocrx_word' id='word_1_527' title='bbox 1837 3088 1912 3142; x_wconf 85' lang='lat' dir='ltr'><strong>De</strong></span> <span class='ocrx_word' id='word_1_528' title='bbox 1934 3088 2227 3151; x_wconf 70' lang='lat' dir='ltr'><strong>paenitentia</strong></span> <span class='ocrx_word' id='word_1_529' title='bbox 2251 3089 2619 3154; x_wconf 82' lang='lat' dir='ltr'><strong>archidiaconi,</strong></span> <span class='ocrx_word' id='word_1_530' title='bbox 2650 3100 2699 3143; x_wconf 83' lang='lat' dir='ltr'><strong>et</strong></span> <span class='ocrx_word' id='word_1_531' title='bbox 2722 3090 2804 3142; x_wconf 81' lang='lat' dir='ltr'><strong>cui</strong></span> <span class='ocrx_word' id='word_1_532' title='bbox 2833 3090 3007 3144; x_wconf 79' lang='lat' dir='ltr'><strong>debeat</strong></span> <span class='ocrx_word' id='word_1_533' title='bbox 3033 3091 3279 3158; x_wconf 75' lang='lat' dir='ltr'><strong>conﬁteri.</strong></span> 
     </span>
    </p>
   </div>
   <div class='ocr_carea' id='block_1_73' title="bbox 2367 3194 2753 3270">
    <p class='ocr_par' dir='ltr' id='par_1_73' title="bbox 2367 3194 2753 3270">
     <span class='ocr_line' id='line_1_73' title="bbox 2367 3194 2753 3270; baseline -0.003 -20"><span class='ocrx_word' id='word_1_534' title='bbox 2367 3197 2473 3270; x_wconf 79' lang='lat' dir='ltr'><strong>(Ex</strong></span> <span class='ocrx_word' id='word_1_535' title='bbox 2499 3211 2613 3266; x_wconf 88' lang='lat' dir='ltr'><strong>cap.</strong></span> <span class='ocrx_word' id='word_1_536' title='bbox 2645 3194 2753 3268; x_wconf 77' lang='lat' dir='ltr'><strong>to.)</strong></span> 
     </span>
    </p>
   </div>
   <div class='ocr_carea' id='block_1_74' title="bbox 1867 3308 3318 3376">
    <p class='ocr_par' dir='ltr' id='par_1_74' title="bbox 1867 3308 3318 3376">
     <span class='ocr_line' id='line_1_74' title="bbox 1867 3308 3318 3376; baseline -0.001 -13"><span class='ocrx_word' id='word_1_537' title='bbox 1867 3311 1939 3363; x_wconf 87' lang='lat' dir='ltr'><strong>De</strong></span> <span class='ocrx_word' id='word_1_538' title='bbox 1966 3309 2271 3376; x_wconf 76' lang='lat' dir='ltr'><strong>pmnitentia</strong></span> <span class='ocrx_word' id='word_1_539' title='bbox 2297 3308 2649 3362; x_wconf 87' lang='lat' dir='ltr'><strong>archidiaconi</strong></span> <span class='ocrx_word' id='word_1_540' title='bbox 2677 3308 2753 3362; x_wconf 89' lang='lat' dir='ltr'><strong>sie</strong></span> <span class='ocrx_word' id='word_1_541' title='bbox 2777 3317 2985 3371; x_wconf 82' lang='lat' dir='ltr'><strong>teneas,</strong></span> <span class='ocrx_word' id='word_1_542' title='bbox 3022 3317 3078 3362; x_wconf 90' lang='lat' dir='ltr'><strong>et</strong></span> <span class='ocrx_word' id='word_1_543' title='bbox 3115 3308 3181 3362; x_wconf 90' lang='lat' dir='ltr'><strong>de</strong></span> <span class='ocrx_word' id='word_1_544' title='bbox 3199 3308 3318 3376; x_wconf 83' lang='lat' dir='ltr'><strong>jure</strong></span> 
     </span>
    </p>
   </div>
   <div class='ocr_carea' id='block_1_75' title="bbox 1799 3397 3316 3467">
    <p class='ocr_par' dir='ltr' id='par_1_75' title="bbox 1799 3397 3316 3467">
     <span class='ocr_line' id='line_1_75' title="bbox 1799 3397 3316 3467; baseline -0.001 -15"><span class='ocrx_word' id='word_1_545' title='bbox 1799 3399 2063 3452; x_wconf 89' lang='lat' dir='ltr'><strong>communi</strong></span> <span class='ocrx_word' id='word_1_546' title='bbox 2095 3413 2189 3451; x_wconf 90' lang='lat' dir='ltr'><strong>suo</strong></span> <span class='ocrx_word' id='word_1_547' title='bbox 2215 3397 2367 3450; x_wconf 90' lang='lat' dir='ltr'><strong>debet</strong></span> <span class='ocrx_word' id='word_1_548' title='bbox 2394 3398 2637 3465; x_wconf 82' lang='lat' dir='ltr'><strong>episcopo</strong></span> <span class='ocrx_word' id='word_1_549' title='bbox 2669 3397 2923 3461; x_wconf 80' lang='lat' dir='ltr'><strong>conﬁteri,</strong></span> <span class='ocrx_word' id='word_1_550' title='bbox 2966 3413 3085 3451; x_wconf 90' lang='lat' dir='ltr'><strong>cum</strong></span> <span class='ocrx_word' id='word_1_551' title='bbox 3118 3398 3226 3467; x_wconf 90' lang='lat' dir='ltr'><strong>ipse</strong></span> <span class='ocrx_word' id='word_1_552' title='bbox 3250 3399 3316 3452; x_wconf 92' lang='lat' dir='ltr'><strong>sit</strong></span> 
     </span>
    </p>
   </div>
   <div class='ocr_carea' id='block_1_76' title="bbox 1800 3486 3278 3556">
    <p class='ocr_par' dir='ltr' id='par_1_76' title="bbox 1800 3486 3278 3556">
     <span class='ocr_line' id='line_1_76' title="bbox 1800 3486 3278 3556; baseline -0.002 -15"><span class='ocrx_word' id='word_1_553' title='bbox 1800 3488 1984 3556; x_wconf 84' lang='lat' dir='ltr'><strong>major.</strong></span> <span class='ocrx_word' id='word_1_554' title='bbox 2015 3486 2241 3539; x_wconf 89' lang='lat' dir='ltr'><strong>Peccant</strong></span> <span class='ocrx_word' id='word_1_555' title='bbox 2266 3486 2616 3539; x_wconf 86' lang='lat' dir='ltr'><strong>archidiaconi</strong></span> <span class='ocrx_word' id='word_1_556' title='bbox 2646 3486 2937 3553; x_wconf 87' lang='lat' dir='ltr'><strong>specialiter</strong></span> <span class='ocrx_word' id='word_1_557' title='bbox 2963 3486 3015 3539; x_wconf 91' lang='lat' dir='ltr'><strong>in</strong></span> <span class='ocrx_word' id='word_1_558' title='bbox 3036 3486 3154 3541; x_wconf 88' lang='lat' dir='ltr'><strong>istis</strong></span> <span class='ocrx_word' id='word_1_559' title='bbox 3169 3501 3278 3540; x_wconf 77' lang='lat' dir='ltr'><strong>sex.</strong></span> 
     </span>
    </p>
   </div>
   <div class='ocr_carea' id='block_1_77' title="bbox 1866 3574 3315 3646">
    <p class='ocr_par' dir='ltr' id='par_1_77' title="bbox 1866 3574 3315 3646">
     <span class='ocr_line' id='line_1_77' title="bbox 1866 3574 3315 3646; baseline 0.001 -18"><span class='ocrx_word' id='word_1_560' title='bbox 1866 3577 2063 3639; x_wconf 90' lang='lat' dir='ltr'><strong>Primo,</strong></span> <span class='ocrx_word' id='word_1_561' title='bbox 2111 3576 2233 3644; x_wconf 90' lang='lat' dir='ltr'><strong>quia</strong></span> <span class='ocrx_word' id='word_1_562' title='bbox 2276 3576 2456 3628; x_wconf 89' lang='lat' dir='ltr'><strong>volunt</strong></span> <span class='ocrx_word' id='word_1_563' title='bbox 2488 3574 2658 3630; x_wconf 84' lang='lat' dir='ltr'><strong>facere</strong></span> <span class='ocrx_word' id='word_1_564' title='bbox 2691 3575 2933 3631; x_wconf 85' lang='lat' dir='ltr'><strong>collectas</strong></span> <span class='ocrx_word' id='word_1_565' title='bbox 2958 3590 3011 3629; x_wconf 78' lang='lat' dir='ltr'><strong>in</strong></span> <span class='ocrx_word' id='word_1_566' title='bbox 3047 3578 3315 3646; x_wconf 72' lang='lat' dir='ltr'><strong>presbyte-</strong></span> 
     </span>
    </p>
   </div>
   <div class='ocr_carea' id='block_1_78' title="bbox 1801 3665 3320 3729">
    <p class='ocr_par' dir='ltr' id='par_1_78' title="bbox 1801 3665 3320 3729">
     <span class='ocr_line' id='line_1_78' title="bbox 1801 3665 3320 3729; baseline 0.001 -11"><span class='ocrx_word' id='word_1_567' title='bbox 1801 3682 1887 3719; x_wconf 91' lang='lat' dir='ltr'><strong>ros</strong></span> <span class='ocrx_word' id='word_1_568' title='bbox 1919 3673 2099 3719; x_wconf 90' lang='lat' dir='ltr'><strong>coutra</strong></span> <span class='ocrx_word' id='word_1_569' title='bbox 2124 3665 2487 3718; x_wconf 88' lang='lat' dir='ltr'><strong>auctoritatem</strong></span> <span class='ocrx_word' id='word_1_570' title='bbox 2519 3672 2838 3723; x_wconf 87' lang='lat' dir='ltr'><strong>sanctorum.</strong></span> <span class='ocrx_word' id='word_1_571' title='bbox 2877 3671 2934 3717; x_wconf 92' lang='lat' dir='ltr'><strong>ut</strong></span> <span class='ocrx_word' id='word_1_572' title='bbox 2971 3665 3220 3729; x_wconf 86' lang='lat' dir='ltr'><strong>probatur</strong></span> <span class='ocrx_word' id='word_1_573' title='bbox 3251 3665 3320 3719; x_wconf 74' lang='grc'><strong>24</strong></span> 
     </span>
    </p>
   </div>
   <div class='ocr_carea' id='block_1_79' title="bbox 1801 3759 3083 3837">
    <p class='ocr_par' dir='ltr' id='par_1_79' title="bbox 1801 3759 3083 3837">
     <span class='ocr_line' id='line_1_79' title="bbox 1801 3759 3083 3837; baseline -0.005 -24"><span class='ocrx_word' id='word_1_574' title='bbox 1801 3761 1944 3822; x_wconf 81' lang='lat' dir='ltr'><strong>dist.,</strong></span> <span class='ocrx_word' id='word_1_575' title='bbox 1967 3774 2021 3837; x_wconf 74' lang='lat' dir='ltr'><strong>e;</strong></span> <span class='ocrx_word' id='word_1_576' title='bbox 2046 3759 2145 3814; x_wconf 92' lang='lat' dir='ltr'><strong>ult.</strong></span> <span class='ocrx_word' id='word_1_577' title='bbox 3080 3800 3083 3807; x_wconf 97' lang='lat'><strong>.</strong></span> 
     </span>
    </p>
   </div>
   <div class='ocr_carea' id='block_1_80' title="bbox 1871 3844 3316 3916">
    <p class='ocr_par' dir='ltr' id='par_1_80' title="bbox 1871 3844 3316 3916">
     <span class='ocr_line' id='line_1_80' title="bbox 1871 3844 3316 3916; baseline -0.003 -13"><span class='ocrx_word' id='word_1_578' title='bbox 1871 3849 2129 3911; x_wconf 83' lang='lat' dir='ltr'><strong>Secundo,</strong></span> <span class='ocrx_word' id='word_1_579' title='bbox 2155 3849 2273 3915; x_wconf 91' lang='lat' dir='ltr'><strong>quia</strong></span> <span class='ocrx_word' id='word_1_580' title='bbox 2296 3848 2475 3901; x_wconf 90' lang='lat' dir='ltr'><strong>volunt</strong></span> <span class='ocrx_word' id='word_1_581' title='bbox 2500 3844 2692 3916; x_wconf 82' lang='lat' dir='ltr'><strong>habere</strong></span> <span class='ocrx_word' id='word_1_582' title='bbox 2710 3846 2983 3916; x_wconf 88' lang='lat' dir='ltr'><strong>pecuniam</strong></span> <span class='ocrx_word' id='word_1_583' title='bbox 3008 3845 3088 3901; x_wconf 86' lang='lat' dir='ltr'><strong>vel</strong></span> <span class='ocrx_word' id='word_1_584' title='bbox 3108 3860 3316 3901; x_wconf 86' lang='lat' dir='ltr'><strong>vaccam</strong></span> 
     </span>
    </p>
   </div>
   <div class='ocr_carea' id='block_1_81' title="bbox 1802 3931 3316 4004">
    <p class='ocr_par' dir='ltr' id='par_1_81' title="bbox 1802 3931 3316 4004">
     <span class='ocr_line' id='line_1_81' title="bbox 1802 3931 3316 4004; baseline -0.003 -15"><span class='ocrx_word' id='word_1_585' title='bbox 1802 3938 1970 3989; x_wconf 84' lang='lat' dir='ltr'><strong>albam</strong></span> <span class='ocrx_word' id='word_1_586' title='bbox 2012 3951 2107 4004; x_wconf 86' lang='lat' dir='ltr'><strong>pro</strong></span> <span class='ocrx_word' id='word_1_587' title='bbox 2146 3936 2464 3987; x_wconf 85' lang='lat' dir='ltr'><strong>investituris</strong></span> <span class='ocrx_word' id='word_1_588' title='bbox 2501 3931 2867 3992; x_wconf 86' lang='lat' dir='ltr'><strong>ecclesiarum,</strong></span> <span class='ocrx_word' id='word_1_589' title='bbox 2911 3932 2991 3985; x_wconf 88' lang='lat' dir='ltr'><strong>vel</strong></span> <span class='ocrx_word' id='word_1_590' title='bbox 3035 3933 3316 3985; x_wconf 84' lang='lat' dir='ltr'><strong>beneﬁcio-</strong></span> 
     </span>
    </p>
   </div>
   <div class='ocr_carea' id='block_1_82' title="bbox 1804 4018 3317 4091">
    <p class='ocr_par' dir='ltr' id='par_1_82' title="bbox 1804 4018 3317 4091">
     <span class='ocr_line' id='line_1_82' title="bbox 1804 4018 3317 4091; baseline -0.002 -14"><span class='ocrx_word' id='word_1_591' title='bbox 1804 4040 1941 4088; x_wconf 91' lang='lat' dir='ltr'><strong>rum,</strong></span> <span class='ocrx_word' id='word_1_592' title='bbox 1984 4024 2062 4078; x_wconf 89' lang='lat' dir='ltr'><strong>vel</strong></span> <span class='ocrx_word' id='word_1_593' title='bbox 2101 4039 2194 4091; x_wconf 92' lang='lat' dir='ltr'><strong>pro</strong></span> <span class='ocrx_word' id='word_1_594' title='bbox 2226 4018 2499 4076; x_wconf 82' lang='lat' dir='ltr'><strong>abbatibus</strong></span> <span class='ocrx_word' id='word_1_595' title='bbox 2534 4022 2615 4075; x_wconf 90' lang='lat' dir='ltr'><strong>vel</strong></span> <span class='ocrx_word' id='word_1_596' title='bbox 2656 4022 2930 4076; x_wconf 88' lang='lat' dir='ltr'><strong>abbatissis</strong></span> <span class='ocrx_word' id='word_1_597' title='bbox 2970 4021 3225 4090; x_wconf 87' lang='lat' dir='ltr'><strong>ponendis</strong></span> <span class='ocrx_word' id='word_1_598' title='bbox 3265 4022 3317 4074; x_wconf 79' lang='lat' dir='ltr'><strong>iu</strong></span> 
     </span>
    </p>
   </div>
   <div class='ocr_carea' id='block_1_83' title="bbox 1802 4109 3346 4183">
    <p class='ocr_par' dir='ltr' id='par_1_83' title="bbox 1802 4109 3346 4183">
     <span class='ocr_line' id='line_1_83' title="bbox 1802 4109 3346 4183; baseline -0.003 -15"><span class='ocrx_word' id='word_1_599' title='bbox 1802 4116 1950 4174; x_wconf 86' lang='lat' dir='ltr'><strong>sede,</strong></span> <span class='ocrx_word' id='word_1_600' title='bbox 1988 4123 2169 4167; x_wconf 86' lang='lat' dir='ltr'><strong>contra</strong></span> <span class='ocrx_word' id='word_1_601' title='bbox 2197 4113 2558 4165; x_wconf 85' lang='lat' dir='ltr'><strong>auctoritatem</strong></span> <span class='ocrx_word' id='word_1_602' title='bbox 2587 4118 2886 4165; x_wconf 88' lang='lat' dir='ltr'><strong>sanctorum</strong></span> <span class='ocrx_word' id='word_1_603' title='bbox 2918 4109 3151 4174; x_wconf 84' lang='lat' dir='ltr'><strong>Patrum,</strong></span> <span class='ocrx_word' id='word_1_604' title='bbox 3180 4118 3281 4164; x_wconf 87' lang='lat' dir='ltr'><strong>etc.</strong></span> <span class='ocrx_word' id='word_1_605' title='bbox 3334 4174 3346 4183; x_wconf 32' lang='grc' dir='ltr'><strong>ε</strong></span> 
     </span>
    </p>
   </div>
   <div class='ocr_carea' id='block_1_84' title="bbox 1871 4196 3319 4269">
    <p class='ocr_par' dir='ltr' id='par_1_84' title="bbox 1871 4196 3319 4269">
     <span class='ocr_line' id='line_1_84' title="bbox 1871 4196 3319 4269; baseline -0.005 -14"><span class='ocrx_word' id='word_1_606' title='bbox 1871 4200 2068 4264; x_wconf 79' lang='lat' dir='ltr'><strong>Tertio,</strong></span> <span class='ocrx_word' id='word_1_607' title='bbox 2092 4198 2228 4269; x_wconf 85' lang='lat' dir='ltr'><strong>quod</strong></span> <span class='ocrx_word' id='word_1_608' title='bbox 2259 4214 2377 4253; x_wconf 90' lang='lat' dir='ltr'><strong>cum</strong></span> <span class='ocrx_word' id='word_1_609' title='bbox 2404 4198 2855 4252; x_wconf 75' lang='lat' dir='ltr'><strong>excommunicant</strong></span> <span class='ocrx_word' id='word_1_610' title='bbox 2882 4196 3084 4264; x_wconf 89' lang='lat' dir='ltr'><strong>aliquos</strong></span> <span class='ocrx_word' id='word_1_611' title='bbox 3107 4205 3319 4264; x_wconf 90' lang='lat' dir='ltr'><strong>propter</strong></span> 
     </span>
    </p>
   </div>
   <div class='ocr_carea' id='block_1_85' title="bbox 1804 4283 3319 4359">
    <p class='ocr_par' dir='ltr' id='par_1_85' title="bbox 1804 4283 3319 4359">
     <span class='ocr_line' id='line_1_85' title="bbox 1804 4283 3319 4359; baseline -0.005 -16"><span class='ocrx_word' id='word_1_612' title='bbox 1804 4291 2027 4359; x_wconf 86' lang='lat' dir='ltr'><strong>aliquem</strong></span> <span class='ocrx_word' id='word_1_613' title='bbox 2054 4303 2344 4350; x_wconf 75' lang='lat' dir='ltr'><strong>excessum,</strong></span> <span class='ocrx_word' id='word_1_614' title='bbox 2372 4283 2554 4340; x_wconf 90' lang='lat' dir='ltr'><strong>nolunt</strong></span> <span class='ocrx_word' id='word_1_615' title='bbox 2579 4300 2698 4338; x_wconf 87' lang='lat' dir='ltr'><strong>eum</strong></span> <span class='ocrx_word' id='word_1_616' title='bbox 2737 4284 3005 4339; x_wconf 86' lang='lat' dir='ltr'><strong>absolvere</strong></span> <span class='ocrx_word' id='word_1_617' title='bbox 3030 4285 3140 4338; x_wconf 87' lang='lat' dir='ltr'><strong>sine</strong></span> <span class='ocrx_word' id='word_1_618' title='bbox 3162 4300 3319 4353; x_wconf 88' lang='lat' dir='ltr'><strong>pecu-</strong></span> 
     </span>
    </p>
   </div>
   <div class='ocr_carea' id='block_1_86' title="bbox 184 4374 3313 4461">
    <p class='ocr_par' dir='ltr' id='par_1_86' title="bbox 184 4374 3313 4461">
     <span class='ocr_line' id='line_1_86' title="bbox 184 4374 3313 4461; baseline -0.006 -17"><span class='ocrx_word' id='word_1_619' title='bbox 184 4397 387 4444; x_wconf 86' lang='lat' dir='ltr'><strong>motum</strong></span> <span class='ocrx_word' id='word_1_620' title='bbox 414 4393 495 4440; x_wconf 88' lang='lat' dir='ltr'><strong>est</strong></span> <span class='ocrx_word' id='word_1_621' title='bbox 536 4400 568 4437; x_wconf 86' lang='lat' dir='ltr'><strong>a</strong></span> <span class='ocrx_word' id='word_1_622' title='bbox 608 4381 785 4451; x_wconf 83' lang='lat' dir='ltr'><strong>regula</strong></span> <span class='ocrx_word' id='word_1_623' title='bbox 816 4379 1134 4441; x_wconf 91' lang='lat' dir='ltr'><strong>monachali,</strong></span> <span class='ocrx_word' id='word_1_624' title='bbox 1182 4386 1239 4432; x_wconf 88' lang='lat' dir='ltr'><strong>ut</strong></span> <span class='ocrx_word' id='word_1_625' title='bbox 1259 4380 1508 4445; x_wconf 89' lang='lat' dir='ltr'><strong>probatur</strong></span> <span class='ocrx_word' id='word_1_626' title='bbox 1530 4394 1612 4430; x_wconf 76' lang='lat' dir='ltr'><strong>ex.</strong></span> <span class='ocrx_word' id='word_1_627' title='bbox 1642 4379 1705 4430; x_wconf 88' lang='lat' dir='ltr'><strong>de</strong></span> <span class='ocrx_word' id='word_1_628' title='bbox 1733 4407 1780 4461; x_wconf 67' lang='grc' dir='ltr'><strong><em>Β</em></strong></span> <span class='ocrx_word' id='word_1_629' title='bbox 1804 4381 1891 4433; x_wconf 87' lang='lat' dir='ltr'><strong>nia</strong></span> <span class='ocrx_word' id='word_1_630' title='bbox 1917 4398 1928 4432; x_wconf 89' lang='lat'>:</span> <span class='ocrx_word' id='word_1_631' title='bbox 1961 4389 2013 4433; x_wconf 90' lang='lat' dir='ltr'><strong>et</strong></span> <span class='ocrx_word' id='word_1_632' title='bbox 2038 4380 2135 4432; x_wconf 91' lang='lat' dir='ltr'><strong>hoc</strong></span> <span class='ocrx_word' id='word_1_633' title='bbox 2165 4378 2503 4431; x_wconf 88' lang='lat' dir='ltr'><strong>simoniacum</strong></span> <span class='ocrx_word' id='word_1_634' title='bbox 2548 4384 2648 4457; x_wconf 83' lang='lat' dir='ltr'><strong>es&#39;,</strong></span> <span class='ocrx_word' id='word_1_635' title='bbox 2679 4383 2737 4427; x_wconf 94' lang='lat' dir='ltr'><strong>ut</strong></span> <span class='ocrx_word' id='word_1_636' title='bbox 2763 4374 3011 4442; x_wconf 89' lang='lat' dir='ltr'><strong>probatur</strong></span> <span class='ocrx_word' id='word_1_637' title='bbox 3033 4374 3085 4437; x_wconf 88' lang='grc'><strong>1,</strong></span> <span class='ocrx_word' id='word_1_638' title='bbox 3110 4388 3163 4441; x_wconf 88' lang='lat' dir='ltr'><strong>q.</strong></span> <span class='ocrx_word' id='word_1_639' title='bbox 3190 4374 3242 4438; x_wconf 89' lang='grc'><strong>1,</strong></span> <span class='ocrx_word' id='word_1_640' title='bbox 3265 4388 3313 4426; x_wconf 89' lang='lat' dir='ltr'><strong>c.</strong></span> 
     </span>
    </p>
   </div>
   <div class='ocr_carea' id='block_1_87' title="bbox 184 4472 603 4543">
    <p class='ocr_par' dir='ltr' id='par_1_87' title="bbox 184 4472 603 4543">
     <span class='ocr_line' id='line_1_87' title="bbox 184 4472 603 4543; baseline -0.017 -13"><span class='ocrx_word' id='word_1_641' title='bbox 184 4477 340 4529; x_wconf 79' lang='lat' dir='ltr'><strong>Statu</strong></span> <span class='ocrx_word' id='word_1_642' title='bbox 365 4472 531 4543; x_wconf 78' lang='lat' dir='ltr'><strong>rcgul.</strong></span> <span class='ocrx_word' id='word_1_643' title='bbox 554 4487 603 4526; x_wconf 91' lang='lat' dir='ltr'><strong>c.</strong></span> 
     </span>
    </p>
   </div>
   <div class='ocr_carea' id='block_1_88' title="bbox 259 4552 1705 4623">
    <p class='ocr_par' dir='ltr' id='par_1_88' title="bbox 259 4552 1705 4623">
     <span class='ocr_line' id='line_1_88' title="bbox 259 4552 1705 4623; baseline -0.009 -7"><span class='ocrx_word' id='word_1_644' title='bbox 259 4564 523 4616; x_wconf 85' lang='lat' dir='ltr'><strong>Decimum</strong></span> <span class='ocrx_word' id='word_1_645' title='bbox 549 4559 733 4612; x_wconf 85' lang='lat' dir='ltr'><strong>vitium</strong></span> <span class='ocrx_word' id='word_1_646' title='bbox 756 4565 836 4611; x_wconf 89' lang='lat' dir='ltr'><strong>est</strong></span> <span class='ocrx_word' id='word_1_647' title='bbox 853 4597 868 4621; x_wconf 92' lang='lat'><strong>,</strong></span> <span class='ocrx_word' id='word_1_648' title='bbox 905 4554 1042 4623; x_wconf 88' lang='lat' dir='ltr'><strong>quod</strong></span> <span class='ocrx_word' id='word_1_649' title='bbox 1077 4553 1255 4607; x_wconf 88' lang='lat' dir='ltr'><strong>volunt</strong></span> <span class='ocrx_word' id='word_1_650' title='bbox 1282 4554 1472 4606; x_wconf 87' lang='lat' dir='ltr'><strong>habere</strong></span> <span class='ocrx_word' id='word_1_651' title='bbox 1492 4552 1705 4606; x_wconf 85' lang='lat' dir='ltr'><strong>cellulas</strong></span> 
     </span>
    </p>
   </div>
   <div class='ocr_carea' id='block_1_89' title="bbox 185 4643 1705 4719">
    <p class='ocr_par' dir='ltr' id='par_1_89' title="bbox 185 4643 1705 4719">
     <span class='ocr_line' id='line_1_89' title="bbox 185 4643 1705 4719; baseline -0.009 -13"><span class='ocrx_word' id='word_1_652' title='bbox 185 4657 484 4719; x_wconf 62' lang='lat' dir='ltr'><strong>separatas,</strong></span> <span class='ocrx_word' id='word_1_653' title='bbox 498 4656 551 4700; x_wconf 90' lang='lat' dir='ltr'><strong>et</strong></span> <span class='ocrx_word' id='word_1_654' title='bbox 569 4646 747 4700; x_wconf 88' lang='lat' dir='ltr'><strong>volunt</strong></span> <span class='ocrx_word' id='word_1_655' title='bbox 766 4646 938 4699; x_wconf 79' lang='lat' dir='ltr'><strong>facere</strong></span> <span class='ocrx_word' id='word_1_656' title='bbox 961 4643 1328 4696; x_wconf 88' lang='lat' dir='ltr'><strong>abstinentiam</strong></span> <span class='ocrx_word' id='word_1_657' title='bbox 1349 4651 1529 4695; x_wconf 89' lang='lat' dir='ltr'><strong>contra</strong></span> <span class='ocrx_word' id='word_1_658' title='bbox 1562 4656 1705 4694; x_wconf 90' lang='lat' dir='ltr'><strong>com-</strong></span> 
     </span>
    </p>
   </div>
   <div class='ocr_carea' id='block_1_90' title="bbox 187 4728 1700 4805">
    <p class='ocr_par' dir='ltr' id='par_1_90' title="bbox 187 4728 1700 4805">
     <span class='ocr_line' id='line_1_90' title="bbox 187 4728 1700 4805; baseline -0.009 -12"><span class='ocrx_word' id='word_1_659' title='bbox 187 4753 401 4801; x_wconf 78' lang='lat' dir='ltr'><strong>munem</strong></span> <span class='ocrx_word' id='word_1_660' title='bbox 430 4736 680 4805; x_wconf 80' lang='lat' dir='ltr'><strong>regulam,</strong></span> <span class='ocrx_word' id='word_1_661' title='bbox 710 4743 768 4787; x_wconf 92' lang='lat' dir='ltr'><strong>ut</strong></span> <span class='ocrx_word' id='word_1_662' title='bbox 788 4735 1037 4802; x_wconf 90' lang='lat' dir='ltr'><strong>probatur</strong></span> <span class='ocrx_word' id='word_1_663' title='bbox 1053 4732 1139 4793; x_wconf 75' lang='lat'><strong>20,</strong></span> <span class='ocrx_word' id='word_1_664' title='bbox 1170 4748 1223 4799; x_wconf 89' lang='lat' dir='ltr'><strong>q.</strong></span> <span class='ocrx_word' id='word_1_665' title='bbox 1253 4730 1305 4793; x_wconf 72' lang='grc'><strong>4,</strong></span> <span class='ocrx_word' id='word_1_666' title='bbox 1334 4745 1382 4783; x_wconf 92' lang='lat' dir='ltr'><strong>c.</strong></span> <span class='ocrx_word' id='word_1_667' title='bbox 1420 4728 1700 4781; x_wconf 77' lang='lat' dir='ltr'><strong>Monacln’s.</strong></span> 
     </span>
    </p>
   </div>
   <div class='ocr_carea' id='block_1_91' title="bbox 261 4816 1707 4892">
    <p class='ocr_par' dir='ltr' id='par_1_91' title="bbox 261 4816 1707 4892">
     <span class='ocr_line' id='line_1_91' title="bbox 261 4816 1707 4892; baseline -0.012 -10"><span class='ocrx_word' id='word_1_668' title='bbox 261 4826 602 4882; x_wconf 87' lang='lat' dir='ltr'><strong>Undecimum</strong></span> <span class='ocrx_word' id='word_1_669' title='bbox 630 4823 808 4875; x_wconf 89' lang='lat' dir='ltr'><strong>vitium</strong></span> <span class='ocrx_word' id='word_1_670' title='bbox 833 4828 933 4892; x_wconf 80' lang='lat' dir='ltr'><strong>est,</strong></span> <span class='ocrx_word' id='word_1_671' title='bbox 969 4820 1107 4887; x_wconf 88' lang='lat' dir='ltr'><strong>quod</strong></span> <span class='ocrx_word' id='word_1_672' title='bbox 1127 4820 1306 4871; x_wconf 92' lang='lat' dir='ltr'><strong>volunt</strong></span> <span class='ocrx_word' id='word_1_673' title='bbox 1330 4816 1521 4869; x_wconf 87' lang='lat' dir='ltr'><strong>habere</strong></span> <span class='ocrx_word' id='word_1_674' title='bbox 1549 4830 1707 4883; x_wconf 86' lang='lat' dir='ltr'><strong>pecu-</strong></span> 
     </span>
    </p>
   </div>
   <div class='ocr_carea' id='block_1_92' title="bbox 185 4904 1705 4984">
    <p class='ocr_par' dir='ltr' id='par_1_92' title="bbox 185 4904 1705 4984">
     <span class='ocr_line' id='line_1_92' title="bbox 185 4904 1705 4984; baseline -0.011 -13"><span class='ocrx_word' id='word_1_675' title='bbox 185 4920 339 4979; x_wconf 81' lang='lat' dir='ltr'><strong>lium,</strong></span> <span class='ocrx_word' id='word_1_676' title='bbox 364 4916 502 4984; x_wconf 84' lang='lat' dir='ltr'><strong>quod</strong></span> <span class='ocrx_word' id='word_1_677' title='bbox 527 4911 667 4966; x_wconf 84' lang='lat' dir='ltr'><strong>nullo</strong></span> <span class='ocrx_word' id='word_1_678' title='bbox 691 4909 843 4964; x_wconf 89' lang='lat' dir='ltr'><strong>modo</strong></span> <span class='ocrx_word' id='word_1_679' title='bbox 866 4909 943 4962; x_wconf 87' lang='lat' dir='ltr'><strong>eis</strong></span> <span class='ocrx_word' id='word_1_680' title='bbox 970 4909 1107 4962; x_wconf 88' lang='lat' dir='ltr'><strong>licet.</strong></span> <span class='ocrx_word' id='word_1_681' title='bbox 1146 4907 1343 4960; x_wconf 87' lang='lat' dir='ltr'><strong>Debent</strong></span> <span class='ocrx_word' id='word_1_682' title='bbox 1368 4906 1419 4957; x_wconf 88' lang='lat' dir='ltr'><strong>in</strong></span> <span class='ocrx_word' id='word_1_683' title='bbox 1447 4914 1616 4957; x_wconf 87' lang='lat' dir='ltr'><strong>morte</strong></span> <span class='ocrx_word' id='word_1_684' title='bbox 1654 4904 1705 4954; x_wconf 89' lang='lat' dir='ltr'><strong>in</strong></span> 
     </span>
    </p>
   </div>
   <div class='ocr_carea' id='block_1_93' title="bbox 187 4991 1703 5073">
    <p class='ocr_par' dir='ltr' id='par_1_93' title="bbox 187 4991 1703 5073">
     <span class='ocr_line' id='line_1_93' title="bbox 187 4991 1703 5073; baseline -0.012 -12"><span class='ocrx_word' id='word_1_685' title='bbox 187 5003 522 5073; x_wconf 82' lang='lat' dir='ltr'><strong>sterquilinio</strong></span> <span class='ocrx_word' id='word_1_686' title='bbox 543 5000 773 5069; x_wconf 87' lang='lat' dir='ltr'><strong>sepeliri,</strong></span> <span class='ocrx_word' id='word_1_687' title='bbox 799 5008 858 5052; x_wconf 92' lang='lat' dir='ltr'><strong>ut</strong></span> <span class='ocrx_word' id='word_1_688' title='bbox 880 4998 1131 5067; x_wconf 91' lang='lat' dir='ltr'><strong>probatur</strong></span> <span class='ocrx_word' id='word_1_689' title='bbox 1152 5011 1234 5048; x_wconf 73' lang='lat' dir='ltr'><strong>ex.</strong></span> <span class='ocrx_word' id='word_1_690' title='bbox 1261 4994 1323 5047; x_wconf 80' lang='lat' dir='ltr'><strong>de</strong></span> <span class='ocrx_word' id='word_1_691' title='bbox 1346 4991 1496 5046; x_wconf 86' lang='lat' dir='ltr'><strong>Statu</strong></span> <span class='ocrx_word' id='word_1_692' title='bbox 1520 4992 1703 5059; x_wconf 81' lang='lat' dir='ltr'><strong>regul.,</strong></span> 
     </span>
    </p>
   </div>
   <div class='ocr_carea' id='block_1_94' title="bbox 187 5090 1121 5163">
    <p class='ocr_par' dir='ltr' id='par_1_94' title="bbox 187 5090 1121 5163">
     <span class='ocr_line' id='line_1_94' title="bbox 187 5090 1121 5163; baseline -0.01 -14"><span class='ocrx_word' id='word_1_693' title='bbox 187 5113 240 5163; x_wconf 74' lang='grc' dir='ltr'><strong>ς.</strong></span> <span class='ocrx_word' id='word_1_694' title='bbox 269 5090 522 5145; x_wconf 74' lang='lat' dir='ltr'><strong>Monachi.</strong></span> <span class='ocrx_word' id='word_1_695' title='bbox 1102 5126 1121 5141; x_wconf 82' lang='lat'><strong>..</strong></span> 
     </span>
    </p>
   </div>
   <div class='ocr_carea' id='block_1_95' title="bbox 262 5168 1707 5239">
    <p class='ocr_par' dir='ltr' id='par_1_95' title="bbox 262 5168 1707 5239">
     <span class='ocr_line' id='line_1_95' title="bbox 262 5168 1707 5239; baseline -0.01 -6"><span class='ocrx_word' id='word_1_696' title='bbox 262 5177 633 5232; x_wconf 86' lang='lat' dir='ltr'><strong>Duodecimum</strong></span> <span class='ocrx_word' id='word_1_697' title='bbox 675 5175 859 5226; x_wconf 90' lang='lat' dir='ltr'><strong>vitium</strong></span> <span class='ocrx_word' id='word_1_698' title='bbox 899 5182 999 5234; x_wconf 89' lang='lat' dir='ltr'><strong>est,</strong></span> <span class='ocrx_word' id='word_1_699' title='bbox 1034 5171 1171 5238; x_wconf 91' lang='lat' dir='ltr'><strong>quod</strong></span> <span class='ocrx_word' id='word_1_700' title='bbox 1207 5178 1287 5223; x_wconf 89' lang='lat' dir='ltr'><strong>est</strong></span> <span class='ocrx_word' id='word_1_701' title='bbox 1316 5170 1544 5239; x_wconf 79' lang='lat' dir='ltr'><strong>gravius,</strong></span> <span class='ocrx_word' id='word_1_702' title='bbox 1568 5168 1707 5237; x_wconf 89' lang='lat' dir='ltr'><strong>quod</strong></span> 
     </span>
    </p>
   </div>
   <div class='ocr_carea' id='block_1_96' title="bbox 192 5256 1703 5323">
    <p class='ocr_par' dir='ltr' id='par_1_96' title="bbox 192 5256 1703 5323">
     <span class='ocr_line' id='line_1_96' title="bbox 192 5256 1703 5323; baseline -0.009 -5"><span class='ocrx_word' id='word_1_703' title='bbox 192 5264 437 5318; x_wconf 84' lang='lat' dir='ltr'><strong>monachi</strong></span> <span class='ocrx_word' id='word_1_704' title='bbox 463 5260 741 5316; x_wconf 86' lang='lat' dir='ltr'><strong>detrahunt</strong></span> <span class='ocrx_word' id='word_1_705' title='bbox 762 5272 817 5311; x_wconf 92' lang='lat' dir='ltr'><strong>se</strong></span> <span class='ocrx_word' id='word_1_706' title='bbox 840 5258 905 5310; x_wconf 90' lang='lat' dir='ltr'><strong>ad</strong></span> <span class='ocrx_word' id='word_1_707' title='bbox 927 5258 1165 5319; x_wconf 90' lang='lat' dir='ltr'><strong>invicem,</strong></span> <span class='ocrx_word' id='word_1_708' title='bbox 1190 5265 1246 5308; x_wconf 92' lang='lat' dir='ltr'><strong>ut</strong></span> <span class='ocrx_word' id='word_1_709' title='bbox 1265 5256 1465 5323; x_wconf 90' lang='lat' dir='ltr'><strong>possint</strong></span> <span class='ocrx_word' id='word_1_710' title='bbox 1483 5256 1703 5308; x_wconf 87' lang='lat' dir='ltr'><strong>cadere:</strong></span> 
     </span>
    </p>
   </div>
   <div class='ocr_carea' id='block_1_97' title="bbox 188 5346 1115 5417">
    <p class='ocr_par' dir='ltr' id='par_1_97' title="bbox 188 5346 1115 5417">
     <span class='ocr_line' id='line_1_97' title="bbox 188 5346 1115 5417; baseline -0.01 -12"><span class='ocrx_word' id='word_1_711' title='bbox 188 5359 248 5406; x_wconf 88' lang='lat' dir='ltr'><strong>et</strong></span> <span class='ocrx_word' id='word_1_712' title='bbox 272 5351 350 5404; x_wconf 86' lang='lat' dir='ltr'><strong>sic</strong></span> <span class='ocrx_word' id='word_1_713' title='bbox 366 5357 493 5403; x_wconf 90' lang='lat' dir='ltr'><strong>sunt</strong></span> <span class='ocrx_word' id='word_1_714' title='bbox 512 5348 806 5417; x_wconf 87' lang='lat' dir='ltr'><strong>spirituales</strong></span> <span class='ocrx_word' id='word_1_715' title='bbox 829 5346 1115 5399; x_wconf 67' lang='lat' dir='ltr'><strong>homicidae.</strong></span> 
     </span>
    </p>
   </div>
   <div class='ocr_carea' id='block_1_98' title="bbox 264 5430 1704 5505">
    <p class='ocr_par' dir='ltr' id='par_1_98' title="bbox 264 5430 1704 5505">
     <span class='ocr_line' id='line_1_98' title="bbox 264 5430 1704 5505; baseline -0.006 -14"><span class='ocrx_word' id='word_1_716' title='bbox 264 5436 386 5491; x_wconf 72' lang='lat' dir='ltr'><strong>llzcc</strong></span> <span class='ocrx_word' id='word_1_717' title='bbox 407 5450 534 5505; x_wconf 75' lang='lat' dir='ltr'><strong>ergo</strong></span> <span class='ocrx_word' id='word_1_718' title='bbox 559 5443 613 5490; x_wconf 90' lang='lat' dir='ltr'><strong>et</strong></span> <span class='ocrx_word' id='word_1_719' title='bbox 637 5433 825 5488; x_wconf 88' lang='lat' dir='ltr'><strong>similia</strong></span> <span class='ocrx_word' id='word_1_720' title='bbox 850 5432 1038 5486; x_wconf 88' lang='lat' dir='ltr'><strong>debent</strong></span> <span class='ocrx_word' id='word_1_721' title='bbox 1060 5431 1297 5484; x_wconf 88' lang='lat' dir='ltr'><strong>monachi</strong></span> <span class='ocrx_word' id='word_1_722' title='bbox 1328 5430 1558 5483; x_wconf 86' lang='lat' dir='ltr'><strong>evitare:</strong></span> <span class='ocrx_word' id='word_1_723' title='bbox 1590 5437 1642 5483; x_wconf 93' lang='lat' dir='ltr'><strong>et</strong></span> <span class='ocrx_word' id='word_1_724' title='bbox 1660 5431 1704 5482; x_wconf 92' lang='lat' dir='ltr'><strong>si</strong></span> 
     </span>
    </p>
   </div>
   <div class='ocr_carea' id='block_1_99' title="bbox 193 5517 1705 5587">
    <p class='ocr_par' dir='ltr' id='par_1_99' title="bbox 193 5517 1705 5587">
     <span class='ocr_line' id='line_1_99' title="bbox 193 5517 1705 5587; baseline -0.005 -9"><span class='ocrx_word' id='word_1_725' title='bbox 193 5525 247 5578; x_wconf 89' lang='lat' dir='ltr'><strong>in</strong></span> <span class='ocrx_word' id='word_1_726' title='bbox 280 5524 358 5577; x_wconf 88' lang='lat' dir='ltr'><strong>eis</strong></span> <span class='ocrx_word' id='word_1_727' title='bbox 380 5523 664 5578; x_wconf 84' lang='lat' dir='ltr'><strong>ceciderint</strong></span> <span class='ocrx_word' id='word_1_728' title='bbox 702 5521 780 5574; x_wconf 87' lang='lat' dir='ltr'><strong>vel</strong></span> <span class='ocrx_word' id='word_1_729' title='bbox 813 5521 865 5575; x_wconf 90' lang='lat' dir='ltr'><strong>in</strong></span> <span class='ocrx_word' id='word_1_730' title='bbox 906 5520 1077 5587; x_wconf 86' lang='lat' dir='ltr'><strong>aliqua</strong></span> <span class='ocrx_word' id='word_1_731' title='bbox 1104 5518 1506 5586; x_wconf 79' lang='lat' dir='ltr'><strong>przcmissorum,</strong></span> <span class='ocrx_word' id='word_1_732' title='bbox 1534 5517 1705 5570; x_wconf 86' lang='lat' dir='ltr'><strong>abbati</strong></span> 
     </span>
    </p>
   </div>
   <div class='ocr_carea' id='block_1_100' title="bbox 194 5603 1704 5669">
    <p class='ocr_par' dir='ltr' id='par_1_100' title="bbox 194 5603 1704 5669">
     <span class='ocr_line' id='line_1_100' title="bbox 194 5603 1704 5669; baseline -0.005 -4"><span class='ocrx_word' id='word_1_733' title='bbox 194 5611 385 5665; x_wconf 75' lang='lat' dir='ltr'><strong>debent</strong></span> <span class='ocrx_word' id='word_1_734' title='bbox 409 5608 643 5664; x_wconf 71' lang='lat' dir='ltr'><strong>conﬁteri</strong></span> <span class='ocrx_word' id='word_1_735' title='bbox 670 5650 682 5667; x_wconf 86' lang='lat'><strong>,</strong></span> <span class='ocrx_word' id='word_1_736' title='bbox 731 5608 807 5660; x_wconf 83' lang='lat' dir='ltr'><strong>vcl</strong></span> <span class='ocrx_word' id='word_1_737' title='bbox 845 5608 994 5659; x_wconf 69' lang='lat' dir='ltr'><strong>alicui</strong></span> <span class='ocrx_word' id='word_1_738' title='bbox 1039 5606 1150 5658; x_wconf 86' lang='lat' dir='ltr'><strong>loco</strong></span> <span class='ocrx_word' id='word_1_739' title='bbox 1175 5603 1303 5669; x_wconf 81' lang='lat' dir='ltr'><strong>eius,</strong></span> <span class='ocrx_word' id='word_1_740' title='bbox 1334 5614 1385 5657; x_wconf 80' lang='lat' dir='ltr'><strong>ct</strong></span> <span class='ocrx_word' id='word_1_741' title='bbox 1413 5605 1587 5657; x_wconf 85' lang='lat' dir='ltr'><strong>acrius</strong></span> <span class='ocrx_word' id='word_1_742' title='bbox 1610 5605 1704 5657; x_wconf 89' lang='lat' dir='ltr'><strong>de-</strong></span> 
     </span>
    </p>
   </div>
   <div class='ocr_carea' id='block_1_101' title="bbox 1807 4451 2854 4535">
    <p class='ocr_par' dir='ltr' id='par_1_101' title="bbox 1807 4451 2854 4535">
     <span class='ocr_line' id='line_1_101' title="bbox 1807 4451 2854 4535; baseline -0.004 -15"><span class='ocrx_word' id='word_1_743' title='bbox 1807 4468 2024 4533; x_wconf 79' lang='lat' dir='ltr'><strong>Quiiibct</strong></span> <span class='ocrx_word' id='word_1_744' title='bbox 2051 4483 2187 4535; x_wconf 79' lang='lat' dir='ltr'><strong>ergo,</strong></span> <span class='ocrx_word' id='word_1_745' title='bbox 2218 4475 2269 4519; x_wconf 91' lang='lat' dir='ltr'><strong>et</strong></span> <span class='ocrx_word' id='word_1_746' title='bbox 2294 4481 2341 4518; x_wconf 92' lang='lat' dir='ltr'><strong>c.</strong></span> <span class='ocrx_word' id='word_1_747' title='bbox 2375 4463 2560 4516; x_wconf 74' lang='lat' dir='ltr'><strong>Nullus</strong></span> <span class='ocrx_word' id='word_1_748' title='bbox 2574 4451 2854 4533; x_wconf 64' lang='lat' dir='ltr'><strong>cpiscopus.</strong></span> 
     </span>
    </p>
   </div>
   <div class='ocr_carea' id='block_1_102' title="bbox 1871 4550 3313 4624">
    <p class='ocr_par' dir='ltr' id='par_1_102' title="bbox 1871 4550 3313 4624">
     <span class='ocr_line' id='line_1_102' title="bbox 1871 4550 3313 4624; baseline -0.002 -16"><span class='ocrx_word' id='word_1_749' title='bbox 1871 4558 2086 4623; x_wconf 86' lang='lat' dir='ltr'><strong>Quarto,</strong></span> <span class='ocrx_word' id='word_1_750' title='bbox 2137 4551 2258 4624; x_wconf 86' lang='lat' dir='ltr'><strong>quia</strong></span> <span class='ocrx_word' id='word_1_751' title='bbox 2306 4554 2534 4606; x_wconf 90' lang='lat' dir='ltr'><strong>vendunt</strong></span> <span class='ocrx_word' id='word_1_752' title='bbox 2554 4550 2966 4618; x_wconf 83' lang='lat' dir='ltr'><strong>jurisdictionem</strong></span> <span class='ocrx_word' id='word_1_753' title='bbox 3001 4566 3150 4605; x_wconf 82' lang='lat' dir='ltr'><strong>suam</strong></span> <span class='ocrx_word' id='word_1_754' title='bbox 3178 4552 3313 4614; x_wconf 85' lang='lat' dir='ltr'><strong>aliis,</strong></span> 
     </span>
    </p>
   </div>
   <div class='ocr_carea' id='block_1_103' title="bbox 1805 4637 3317 4713">
    <p class='ocr_par' dir='ltr' id='par_1_103' title="bbox 1805 4637 3317 4713">
     <span class='ocr_line' id='line_1_103' title="bbox 1805 4637 3317 4713; baseline -0.005 -15"><span class='ocrx_word' id='word_1_755' title='bbox 1805 4646 1892 4713; x_wconf 91' lang='lat' dir='ltr'><strong>qui</strong></span> <span class='ocrx_word' id='word_1_756' title='bbox 1922 4650 2233 4710; x_wconf 58' lang='lat' dir='ltr'><strong>extorquent</strong></span> <span class='ocrx_word' id='word_1_757' title='bbox 2274 4641 2544 4707; x_wconf 89' lang='lat' dir='ltr'><strong>pecuniam</strong></span> <span class='ocrx_word' id='word_1_758' title='bbox 2587 4654 2616 4691; x_wconf 88' lang='lat' dir='ltr'><strong>a</strong></span> <span class='ocrx_word' id='word_1_759' title='bbox 2650 4638 3007 4692; x_wconf 80' lang='lat' dir='ltr'><strong>sacerdotibus</strong></span> <span class='ocrx_word' id='word_1_760' title='bbox 3045 4652 3139 4706; x_wconf 88' lang='lat' dir='ltr'><strong>per</strong></span> <span class='ocrx_word' id='word_1_761' title='bbox 3183 4637 3317 4705; x_wconf 84' lang='lat' dir='ltr'><strong>inju-</strong></span> 
     </span>
    </p>
   </div>
   <div class='ocr_carea' id='block_1_104' title="bbox 1805 4725 3315 4795">
    <p class='ocr_par' dir='ltr' id='par_1_104' title="bbox 1805 4725 3315 4795">
     <span class='ocr_line' id='line_1_104' title="bbox 1805 4725 3315 4795; baseline -0.007 -7"><span class='ocrx_word' id='word_1_762' title='bbox 1805 4737 1934 4789; x_wconf 90' lang='lat' dir='ltr'><strong>riam</strong></span> <span class='ocrx_word' id='word_1_763' title='bbox 1960 4743 2013 4787; x_wconf 92' lang='lat' dir='ltr'><strong>et</strong></span> <span class='ocrx_word' id='word_1_764' title='bbox 2032 4732 2377 4787; x_wconf 83' lang='lat' dir='ltr'><strong>Simoniacam</strong></span> <span class='ocrx_word' id='word_1_765' title='bbox 2402 4728 2732 4795; x_wconf 86' lang='lat' dir='ltr'><strong>pravitatem,</strong></span> <span class='ocrx_word' id='word_1_766' title='bbox 2775 4736 2834 4783; x_wconf 90' lang='lat' dir='ltr'><strong>ut</strong></span> <span class='ocrx_word' id='word_1_767' title='bbox 2856 4726 3109 4795; x_wconf 85' lang='lat' dir='ltr'><strong>probatur</strong></span> <span class='ocrx_word' id='word_1_768' title='bbox 3125 4740 3210 4779; x_wconf 81' lang='lat' dir='ltr'><strong>ex.</strong></span> <span class='ocrx_word' id='word_1_769' title='bbox 3236 4725 3315 4778; x_wconf 83' lang='lat' dir='ltr'><strong>Ne</strong></span> 
     </span>
    </p>
   </div>
   <div class='ocr_carea' id='block_1_105' title="bbox 1802 4813 3151 4890">
    <p class='ocr_par' dir='ltr' id='par_1_105' title="bbox 1802 4813 3151 4890">
     <span class='ocr_line' id='line_1_105' title="bbox 1802 4813 3151 4890; baseline -0.007 -14"><span class='ocrx_word' id='word_1_770' title='bbox 1802 4821 1999 4890; x_wconf 75' lang='grc' dir='ltr'><strong><em>ρι’ιείαεὶ</em></strong></span> <span class='ocrx_word' id='word_1_771' title='bbox 2018 4821 2144 4874; x_wconf 74' lang='lat' dir='ltr'><strong>vices</strong></span> <span class='ocrx_word' id='word_1_772' title='bbox 2166 4834 2307 4880; x_wconf 74' lang='lat' dir='ltr'><strong>suos,</strong></span> <span class='ocrx_word' id='word_1_773' title='bbox 2328 4832 2374 4870; x_wconf 89' lang='lat' dir='ltr'><strong>c.</strong></span> <span class='ocrx_word' id='word_1_774' title='bbox 2391 4813 2664 4877; x_wconf 71' lang='lat' dir='ltr'><strong>Prmterea,</strong></span> <span class='ocrx_word' id='word_1_775' title='bbox 2687 4824 2741 4867; x_wconf 91' lang='lat' dir='ltr'><strong>ct</strong></span> <span class='ocrx_word' id='word_1_776' title='bbox 2761 4829 2808 4869; x_wconf 90' lang='lat' dir='ltr'><strong>c.</strong></span> <span class='ocrx_word' id='word_1_777' title='bbox 2829 4813 2973 4867; x_wconf 84' lang='lat' dir='ltr'><strong>Cum.</strong></span> <span class='ocrx_word' id='word_1_778' title='bbox 3146 4820 3151 4826; x_wconf 84' lang='grc'><em>’</em></span> 
     </span>
    </p>
   </div>
   <div class='ocr_carea' id='block_1_106' title="bbox 1870 4900 3314 4976">
    <p class='ocr_par' dir='ltr' id='par_1_106' title="bbox 1870 4900 3314 4976">
     <span class='ocr_line' id='line_1_106' title="bbox 1870 4900 3314 4976; baseline -0.006 -13"><span class='ocrx_word' id='word_1_779' title='bbox 1870 4911 2079 4975; x_wconf 76' lang='lat' dir='ltr'><strong>Quinto,</strong></span> <span class='ocrx_word' id='word_1_780' title='bbox 2117 4908 2238 4976; x_wconf 87' lang='lat' dir='ltr'><strong>quia</strong></span> <span class='ocrx_word' id='word_1_781' title='bbox 2266 4903 2446 4958; x_wconf 89' lang='lat' dir='ltr'><strong>nolunt</strong></span> <span class='ocrx_word' id='word_1_782' title='bbox 2472 4904 2537 4956; x_wconf 86' lang='lat' dir='ltr'><strong>ad</strong></span> <span class='ocrx_word' id='word_1_783' title='bbox 2574 4902 2891 4957; x_wconf 88' lang='lat' dir='ltr'><strong>diaconalem</strong></span> <span class='ocrx_word' id='word_1_784' title='bbox 2933 4900 3166 4956; x_wconf 89' lang='lat' dir='ltr'><strong>ordinem</strong></span> <span class='ocrx_word' id='word_1_785' title='bbox 3194 4917 3314 4971; x_wconf 90' lang='lat' dir='ltr'><strong>pro-</strong></span> 
     </span>
    </p>
   </div>
   <div class='ocr_carea' id='block_1_107' title="bbox 1803 4987 3309 5058">
    <p class='ocr_par' dir='ltr' id='par_1_107' title="bbox 1803 4987 3309 5058">
     <span class='ocr_line' id='line_1_107' title="bbox 1803 4987 3309 5058; baseline -0.006 -7"><span class='ocrx_word' id='word_1_786' title='bbox 1803 4997 2019 5058; x_wconf 88' lang='lat' dir='ltr'><strong>moveri,</strong></span> <span class='ocrx_word' id='word_1_787' title='bbox 2043 5005 2220 5049; x_wconf 89' lang='lat' dir='ltr'><strong>contra</strong></span> <span class='ocrx_word' id='word_1_788' title='bbox 2246 4992 2523 5047; x_wconf 90' lang='lat' dir='ltr'><strong>concilium</strong></span> <span class='ocrx_word' id='word_1_789' title='bbox 2552 4990 2793 5044; x_wconf 84' lang='lat' dir='ltr'><strong>Lateran.</strong></span> <span class='ocrx_word' id='word_1_790' title='bbox 2815 5004 2899 5043; x_wconf 81' lang='lat' dir='ltr'><strong>ex.</strong></span> <span class='ocrx_word' id='word_1_791' title='bbox 2926 4988 2988 5042; x_wconf 81' lang='lat' dir='ltr'><strong>de</strong></span> <span class='ocrx_word' id='word_1_792' title='bbox 3013 4987 3309 5052; x_wconf 80' lang='lat' dir='ltr'><strong>Elect.,etc.</strong></span> 
     </span>
    </p>
   </div>
   <div class='ocr_carea' id='block_1_108' title="bbox 1872 5075 3308 5145">
    <p class='ocr_par' dir='ltr' id='par_1_108' title="bbox 1872 5075 3308 5145">
     <span class='ocr_line' id='line_1_108' title="bbox 1872 5075 3308 5145; baseline -0.008 -8"><span class='ocrx_word' id='word_1_793' title='bbox 1872 5083 2055 5145; x_wconf 79' lang='lat' dir='ltr'><strong>Sexto,</strong></span> <span class='ocrx_word' id='word_1_794' title='bbox 2091 5090 2144 5132; x_wconf 89' lang='lat' dir='ltr'><strong>et</strong></span> <span class='ocrx_word' id='word_1_795' title='bbox 2171 5079 2293 5131; x_wconf 88' lang='lat' dir='ltr'><strong>illud</strong></span> <span class='ocrx_word' id='word_1_796' title='bbox 2338 5078 2594 5131; x_wconf 78' lang='lat' dir='ltr'><strong>deformat</strong></span> <span class='ocrx_word' id='word_1_797' title='bbox 2623 5090 2799 5130; x_wconf 89' lang='lat' dir='ltr'><strong>eorum</strong></span> <span class='ocrx_word' id='word_1_798' title='bbox 2838 5076 3182 5137; x_wconf 87' lang='lat' dir='ltr'><strong>honestatem,</strong></span> <span class='ocrx_word' id='word_1_799' title='bbox 3207 5075 3308 5127; x_wconf 79' lang='lat' dir='ltr'><strong>sci-</strong></span> 
     </span>
    </p>
   </div>
   <div class='ocr_carea' id='block_1_109' title="bbox 1803 5164 3310 5237">
    <p class='ocr_par' dir='ltr' id='par_1_109' title="bbox 1803 5164 3310 5237">
     <span class='ocr_line' id='line_1_109' title="bbox 1803 5164 3310 5237; baseline -0.007 -13"><span class='ocrx_word' id='word_1_800' title='bbox 1803 5173 1925 5226; x_wconf 87' lang='lat' dir='ltr'><strong>licet</strong></span> <span class='ocrx_word' id='word_1_801' title='bbox 1973 5168 2109 5237; x_wconf 90' lang='lat' dir='ltr'><strong>quod</strong></span> <span class='ocrx_word' id='word_1_802' title='bbox 2165 5183 2283 5220; x_wconf 89' lang='lat' dir='ltr'><strong>cum</strong></span> <span class='ocrx_word' id='word_1_803' title='bbox 2342 5164 2655 5218; x_wconf 87' lang='lat' dir='ltr'><strong>mulierculis</strong></span> <span class='ocrx_word' id='word_1_804' title='bbox 2713 5171 3087 5216; x_wconf 86' lang='lat' dir='ltr'><strong>conversantur</strong></span> <span class='ocrx_word' id='word_1_805' title='bbox 3131 5170 3310 5214; x_wconf 90' lang='lat' dir='ltr'><strong>contra</strong></span> 
     </span>
    </p>
   </div>
   <div class='ocr_carea' id='block_1_110' title="bbox 1804 5250 3303 5319">
    <p class='ocr_par' dir='ltr' id='par_1_110' title="bbox 1804 5250 3303 5319">
     <span class='ocr_line' id='line_1_110' title="bbox 1804 5250 3303 5319; baseline -0.007 -8"><span class='ocrx_word' id='word_1_806' title='bbox 1804 5258 2161 5311; x_wconf 83' lang='lat' dir='ltr'><strong>auctoritatem</strong></span> <span class='ocrx_word' id='word_1_807' title='bbox 2212 5262 2510 5307; x_wconf 88' lang='lat' dir='ltr'><strong>sanctorum</strong></span> <span class='ocrx_word' id='word_1_808' title='bbox 2552 5251 2764 5304; x_wconf 87' lang='lat' dir='ltr'><strong>Patrum</strong></span> <span class='ocrx_word' id='word_1_809' title='bbox 2788 5290 2803 5316; x_wconf 92' lang='lat'><strong>,</strong></span> <span class='ocrx_word' id='word_1_810' title='bbox 2858 5259 2916 5304; x_wconf 90' lang='lat' dir='ltr'><strong>ut</strong></span> <span class='ocrx_word' id='word_1_811' title='bbox 2958 5250 3207 5319; x_wconf 86' lang='lat' dir='ltr'><strong>probatur</strong></span> <span class='ocrx_word' id='word_1_812' title='bbox 3242 5251 3303 5305; x_wconf 85' lang='grc'><strong>81</strong></span> 
     </span>
    </p>
   </div>
   <div class='ocr_carea' id='block_1_111' title="bbox 1804 5334 3312 5413">
    <p class='ocr_par' dir='ltr' id='par_1_111' title="bbox 1804 5334 3312 5413">
     <span class='ocr_line' id='line_1_111' title="bbox 1804 5334 3312 5413; baseline -0.006 -13"><span class='ocrx_word' id='word_1_813' title='bbox 1804 5348 1948 5407; x_wconf 90' lang='lat' dir='ltr'><strong>dist.,</strong></span> <span class='ocrx_word' id='word_1_814' title='bbox 1994 5360 2042 5397; x_wconf 91' lang='lat' dir='ltr'><strong>c.</strong></span> <span class='ocrx_word' id='word_1_815' title='bbox 2085 5342 2616 5401; x_wconf 80' lang='lat' dir='ltr'><strong>Archidiaconatuum,</strong></span> <span class='ocrx_word' id='word_1_816' title='bbox 2642 5346 2695 5391; x_wconf 84' lang='lat' dir='ltr'><strong>et</strong></span> <span class='ocrx_word' id='word_1_817' title='bbox 2716 5353 2765 5392; x_wconf 91' lang='lat' dir='ltr'><strong>c.</strong></span> <span class='ocrx_word' id='word_1_818' title='bbox 2791 5334 3020 5413; x_wconf 60' lang='lat' dir='ltr'><strong>giariqu</strong></span> <span class='ocrx_word' id='word_1_819' title='bbox 3044 5338 3201 5400; x_wconf 71' lang='lat' dir='ltr'><strong>solus,</strong></span> <span class='ocrx_word' id='word_1_820' title='bbox 3222 5338 3312 5391; x_wconf 82' lang='lat' dir='ltr'><strong>ubi</strong></span> 
     </span>
    </p>
   </div>
   <div class='ocr_carea' id='block_1_112' title="bbox 1803 5425 3305 5501">
    <p class='ocr_par' dir='ltr' id='par_1_112' title="bbox 1803 5425 3305 5501">
     <span class='ocr_line' id='line_1_112' title="bbox 1803 5425 3305 5501; baseline -0.008 -15"><span class='ocrx_word' id='word_1_821' title='bbox 1803 5433 1993 5486; x_wconf 88' lang='lat' dir='ltr'><strong>dicitur</strong></span> <span class='ocrx_word' id='word_1_822' title='bbox 2020 5428 2155 5497; x_wconf 89' lang='lat' dir='ltr'><strong>quod</strong></span> <span class='ocrx_word' id='word_1_823' title='bbox 2184 5429 2279 5481; x_wconf 85' lang='lat' dir='ltr'><strong>sub</strong></span> <span class='ocrx_word' id='word_1_824' title='bbox 2303 5433 2551 5501; x_wconf 63' lang='lat' dir='ltr'><strong>praetextu</strong></span> <span class='ocrx_word' id='word_1_825' title='bbox 2587 5425 2892 5479; x_wconf 88' lang='lat' dir='ltr'><strong>humilitatis</strong></span> <span class='ocrx_word' id='word_1_826' title='bbox 2925 5440 3026 5478; x_wconf 89' lang='lat' dir='ltr'><strong>non</strong></span> <span class='ocrx_word' id='word_1_827' title='bbox 3053 5426 3208 5501; x_wconf 64' lang='lat' dir='ltr'><strong>debet</strong></span> <span class='ocrx_word' id='word_1_828' title='bbox 3227 5438 3305 5477; x_wconf 84' lang='lat' dir='ltr'><strong>ar-</strong></span> 
     </span>
    </p>
   </div>
   <div class='ocr_carea' id='block_1_113' title="bbox 1803 5513 3177 5583">
    <p class='ocr_par' dir='ltr' id='par_1_113' title="bbox 1803 5513 3177 5583">
     <span class='ocr_line' id='line_1_113' title="bbox 1803 5513 3177 5583; baseline -0.006 -12"><span class='ocrx_word' id='word_1_829' title='bbox 1803 5521 2137 5573; x_wconf 85' lang='lat' dir='ltr'><strong>chidiaconus</strong></span> <span class='ocrx_word' id='word_1_830' title='bbox 2164 5517 2490 5583; x_wconf 75' lang='lat' dir='ltr'><strong>frequentare</strong></span> <span class='ocrx_word' id='word_1_831' title='bbox 2515 5513 2767 5568; x_wconf 87' lang='lat' dir='ltr'><strong>domicilia</strong></span> <span class='ocrx_word' id='word_1_832' title='bbox 2804 5521 3177 5567; x_wconf 83' lang='lat' dir='ltr'><strong>matronarum.</strong></span> 
     </span>
    </p>
   </div>
   <div class='ocr_carea' id='block_1_114' title="bbox 1870 5597 3302 5671">
    <p class='ocr_par' dir='ltr' id='par_1_114' title="bbox 1870 5597 3302 5671">
     <span class='ocr_line' id='line_1_114' title="bbox 1870 5597 3302 5671; baseline -0.006 -13"><span class='ocrx_word' id='word_1_833' title='bbox 1870 5608 1910 5659; x_wconf 70' lang='grc' dir='ltr'><strong>Α</strong></span> <span class='ocrx_word' id='word_1_834' title='bbox 1943 5606 2129 5658; x_wconf 87' lang='lat' dir='ltr'><strong>talibus</strong></span> <span class='ocrx_word' id='word_1_835' title='bbox 2156 5617 2279 5671; x_wconf 69' lang='lat' dir='ltr'><strong>ergo</strong></span> <span class='ocrx_word' id='word_1_836' title='bbox 2311 5610 2363 5654; x_wconf 91' lang='lat' dir='ltr'><strong>et</strong></span> <span class='ocrx_word' id='word_1_837' title='bbox 2397 5601 2750 5654; x_wconf 84' lang='lat' dir='ltr'><strong>consimilibus</strong></span> <span class='ocrx_word' id='word_1_838' title='bbox 2788 5599 3045 5654; x_wconf 83' lang='lat' dir='ltr'><strong>abstinere</strong></span> <span class='ocrx_word' id='word_1_839' title='bbox 3091 5597 3302 5663; x_wconf 80' lang='lat' dir='ltr'><strong>debent;</strong></span> 
     </span>
    </p>
   </div>
  </div>
