4010 6426
666 432 794 483 “05

1549 421 1899 477 EXCERPTA
1937 423 2025 474 EX
2063 420 2551 475 PCENITENTIALI
2586 420 2633 472 J.
2663 421 2746 472 DE
2782 419 2926 471 ΠΕΟ.
3002 422 3010 431 ⁵

3640 413 3767 466 1104

658 544 776 598 etsi
801 542 1145 610 peccaverint,
1177 554 1269 607 per
1307 538 1662 606 paenitentiam
1693 535 1940 588 humilem
1980 543 2031 585 et
2056 533 2161 585 dis-
2191 535 2239 590 Α
2263 527 2417 582 debet
2437 543 2531 580 suo
2567 526 2821 596 superiori
2845 525 3100 586 conﬁteri,
3129 533 3179 576 et
3205 524 3271 576 ab
3297 522 3382 576 illo
3405 523 3674 590 castigari,
3716 534 3770 575 ut

653 640 852 684 cretam
876 630 1064 685 debent
1090 627 1386 681 satisfacere
1406 626 1660 680 Creatori.

926 738 999 790 De
1022 737 1330 804 confessione
1352 724 1909 801 archipresbyterorutn.

1204 845 1318 921 (Ex
1342 860 1452 911 cap.
1479 844 1604 911 Η.)

718 956 1298 1023 Archipresbyterorum
1343 953 1566 1008 cilicium
1607 951 1814 1017 duplex,
1859 949 1998 1016 quod
2047 958 2165 1002 sunt

653 1038 1087 1109 archipresbyteri
1129 1040 1497 1094 cathedralium
1544 1037 1878 1090 ecclesiarum
1923 1053 1935 1086 :
1975 1043 2025 1087 et
2078 1035 2163 1088 isti

649 1131 839 1182 debent
865 1130 1105 1196 episeopo
1143 1126 1395 1188 conﬁteri,
1441 1120 1730 1191 prresertim
1765 1123 1807 1174 si
1841 1137 1943 1174 non
1971 1123 2164 1174 habent

653 1217 807 1274 alium
835 1215 1082 1281 majorem
1107 1228 1263 1280 super
1291 1227 1365 1273 sc,
1395 1226 1509 1264 cum
1540 1211 1601 1263 de
1620 1209 1736 1275 jure
1763 1209 2025 1261 comnumi
2047 1207 2162 1259 fun-

649 1311 835 1368 gantur
877 1301 1102 1368 episcopi
1147 1299 1372 1352 absentis
1398 1297 1508 1349 vice
1550 1297 1602 1348 in
1629 1297 1802 1348 missis
1841 1282 2086 1348 canendis
2111 1302 2163 1346 et

647 1390 701 1442 in
730 1389 958 1447 collectis
993 1387 1240 1464 dicendis,
1269 1394 1325 1438 ut
1362 1387 1610 1452 probatur
1643 1383 1710 1436 25
1749 1384 1891 1445 dist.,
1919 1398 1967 1434 c.
1994 1391 2048 1434 et
2073 1397 2155 1434 ex.

648 1478 713 1532 de
734 1478 909 1533 Ollicio
927 1477 1375 1544 archipresbyteri.
1412 1475 1633 1528 Peccant
1655 1480 1826 1524 autem
1870 1471 2159 1539 specialiter

648 1563 700 1616 in
728 1565 825 1616 hoc
850 1564 985 1630 quod
1027 1565 1129 1616 sint
1160 1563 1477 1630 negligentes
1504 1561 1642 1612 circa
1680 1572 1857 1609 curam
1887 1558 2156 1624 presbyte-

651 1665 824 1703 rorum
865 1650 1222 1709 cardinalium,
1254 1656 1311 1700 ut
1347 1647 1483 1700 circa
1530 1645 1860 1712 pcenitentias
1891 1645 2158 1710 imponen-

647 1740 739 1791 «las
786 1747 889 1791 tam
937 1739 1134 1791 clericis
1163 1751 1314 1803 quam
1355 1735 1532 1788 laicis:
1574 1729 1626 1785 et
1652 1741 1710 1785 ut
1735 1735 1799 1786 de
1841 1733 1956 1786 aliis
1985 1739 2154 1784 tacea-

648 1840 780 1885 mus,
807 1826 927 1890 quia
970 1825 1223 1887 denegant
1254 1821 1528 1886 justitiam,
1566 1829 1616 1871 et
1642 1819 1760 1886 quia
1787 1819 1910 1869 dant

649 1911 744 1962 tias
789 1909 1004 1975 pecunia
1030 1909 1305 1968 mediante,
1355 1906 1541 1973 quibus
1573 1905 1616 1956 si
1647 1919 1764 1971 Spes
1791 1903 1988 1956 nummi
2033 1904 2153 1955 subs

649 1996 886 2057 trahitur,
923 1995 1096 2048 statim
1135 1994 1379 2048 recedunt
1414 2008 1443 2045 a
1483 1994 1565 2046 via
1591 1992 1821 2058 justitize,
1851 1999 1907 2044 ut
1936 1999 2154 2043 testatur

645 2092 854 2136 sanctus
898 2082 1194 2151 Gregorius.
1226 2089 1278 2134 et
1306 2081 1552 2150 probatur
1581 2081 1661 2143 Η,
1693 2097 1744 2149 q.
1770 2083 1820 2134 5.
1852 2081 2001 2133 Tales
2031 2075 2154 2146 ergo

643 2185 887 2226 excessus
913 2181 963 2225 et
987 2172 1300 2233 consimiles,
1331 2172 1374 2224 si
1402 2171 1604 2238 publica
1646 2171 1882 2222 laborant
1922 2169 2148 2229 infamia,

643 2261 828 2314 debent
849 2262 1087 2328 episcopo
1112 2260 1370 2320 conﬁteri,
1390 2268 1444 2311 et
1469 2273 1563 2326 per
1586 2273 1753 2310 euma
1783 2258 1970 2311 talibus
1997 2259 2154 2311 casti-

641 2349 785 2417 gari;
841 2348 967 2400 alias
997 2349 1060 2400 de
1085 2345 1292 2400 licentia
1320 2346 1546 2414 episcopi
1587 2354 1802 2412 possunt
1825 2344 1922 2397 sibi
1952 2346 2150 2398 discre-

644 2441 753 2486 tum
784 2432 973 2501 eligere
1013 2430 1384 2494 confessorem,
1429 2438 1480 2483 et
1507 2432 1752 2498 probatur
1777 2431 1838 2483 de
1853 2431 1999 2483 Poen.
2028 2433 2148 2484 dist.

641 2521 693 2579 6,
724 2535 771 2573 c.
801 2519 894 2572 ult.
919 2519 1017 2571 Alii
1047 2526 1166 2571 sunt
1208 2518 1639 2585 archipresbyteri
1675 2518 1904 2580 rurales,
1941 2517 2028 2584 qui
2056 2516 2151 2568 de-

641 2608 754 2658 cani
783 2622 810 2659 a
839 2608 1145 2673 quibusdam
1183 2614 1452 2666 vocantur,
1494 2613 1547 2656 et
1580 2604 1887 2671 quandoque
1927 2603 2149 2670 plebaui,

640 2701 691 2744 et
711 2689 1018 2759 quandoque
1041 2693 1272 2754 abbates,
1315 2693 1437 2744 licet
1457 2679 1752 2759 improprie.
1795 2690 1939 2754 Quod
1963 2704 2151 2743 vocen-

646 2789 732 2832 tur
757 2781 960 2843 decani,
1005 2779 1160 2833 habet
1204 2795 1289 2833 ex.
1335 2780 1399 2832 de
1429 2778 1515 2832 off.
1547 2779 1669 2833 0rd.
1716 2779 1862 2842 Quod
1901 2785 2148 2830 vocentur

643 2868 881 2929 abbates,
933 2866 1089 2919 habet
1129 2881 1212 2920 ex.
1264 2867 1328 2920 de
1367 2866 1676 2920 Renunciat.
1711 2865 1857 2928 Quod
1901 2872 2150 2916 vocentur

641 2953 861 3019 plebaui,
905 2951 1061 3006 habet
1088 2968 1170 3007 ex.
1209 2955 1272 3006 de
1299 2952 1387 3006 olf.
1425 2952 1573 3014 Ord.,
1605 2962 1728 3005 etc.
1776 2953 1862 3004 lsti
1891 2952 2018 3005 tales
2057 2951 2148 3004 de-

641 3039 766 3090 bent
787 3039 1030 3106 episcopo
1055 3038 1312 3100 conﬁteri,
1341 3047 1392 3090 et
1416 3040 1563 3091 alteri
1591 3040 1652 3092 de
1670 3039 1878 3092 licentia
1899 3039 2143 3106 episcopi.

641 3125 865 3177 Pcecant
901 3133 1080 3218 tamen
1124 3127 1176 3177 in
1220 3125 1316 3218 hoc
1344 3128 1621 3218 prmcipue,
1662 3128 1797 3195 quod
1840 3128 2145 3218 sunt‘negli-
2172 3119 2217 3180 C
2310 3155 2504 3208 Canwr
2530 3161 2702 3207 amem
2739 3153 2894 3205 debet
2928 3151 3169 3218 episcopo
3207 3147 3440 3201 conﬁteri
3470 3147 3552 3200 cui
3583 3147 3770 3200 imme.

643 3218 824 3269 gentes
870 3211 1008 3262 circa
1056 3213 1430 3278 correptionem
1478 3216 1918 3282 presbyterorum,
1969 3216 2056 3281 qui
2094 3215 2144 3266 in

639 3313 734 3351 suo
765 3298 968 3363 plebatu
993 3314 1088 3366 per
1112 3301 1338 3352 minores
1364 3300 1540 3353 titulos
1579 3310 1982 3364 commorantur,
2013 3318 2144 3369 quo-

642 3407 756 3443 rum
793 3385 951 3445 vitam
984 3395 1038 3446 et
1063 3395 1250 3446 statum
1275 3386 1572 3442 debuissent
1595 3389 1832 3456 episeopo
1854 3389 1932 3441 Vel
1974 3391 2145 3443 archi-

607 3505 609 3507 ι
641 3476 874 3528 ιιὶειεοηίε
901 3479 1160 3541 intimare,
1183 3489 1238 3532 ut
1263 3474 1512 3546 probatur
1536 3488 1620 3526 ex.
1647 3477 1709 3528 de
1737 3476 1835 3529 ΟΠ.
1863 3479 2008 3530 arch.

643 3580 713 3630 De
739 3582 1046 3648 confessione
1077 3583 1395 3644 tltesaurarit,
1425 3595 1472 3636 et
1504 3581 1766 3637 camerari!
1794 3580 1867 3634 vel
1897 3582 2141 3635 sacristce.

1189 3672 1302 3739 (Ex
1333 3687 1446 3739 cap.
1486 3672 1569 3724 te.
1591 3671 1609 3740 )

709 3773 1085 3826 'l‘hesaurarius
1115 3775 1195 3828 vel
1235 3777 1452 3828 sacrista
1470 3815 1484 3838 ,
1511 3778 1649 3843 quod
1676 3776 1809 3829 idem
1835 3785 1914 3830 est
1950 3779 2001 3828 in
2030 3777 2145 3830 ofﬁ-

639 3860 742 3921 cio,
765 3859 886 3912 licet
901 3861 1104 3914 nomina
1132 3862 1236 3914 sint
1256 3862 1476 3926 diversa,
1501 3862 1652 3915 debet
1675 3864 1881 3930 proprio
1899 3865 2142 3931 episcopo

610 3947 892 4009 conﬁteri,
939 3948 1020 4001 vel
1062 3948 1126 4002 de
1162 3950 1366 4002 licentia
1415 3950 1576 4016 ipsius
1615 3950 1710 4002 sibi
1752 3951 1908 4003 alium
1952 3952 2144 4020 eligere

640 4051 735 4103 pro
772 4036 988 4103 provido
1015 4035 1326 4090 confessore.
1377 4035 1599 4090 Peecant
1641 4037 1778 4090 circa
1824 4039 1921 4090 hoc
1952 4040 2145 4105 princi-

642 4124 846 4192 paliter,
887 4125 1022 4191 quod
1074 4125 1388 4193 negligenter
1434 4133 1676 4178 exercent
1719 4125 1948 4178 ofﬁcium
1995 4142 2144 4179 suum

643 4213 782 4265 circa
825 4214 1109 4265 custodiam
1157 4227 1419 4265 sacrorum
1444 4227 1682 4264 vasorum
1712 4214 1791 4266 vel
1813 4216 2148 4268 vestimento-

644 4313 757 4350 rum
783 4297 1270 4366 ecclesiastieorum,
1307 4299 1425 4364 quia
1461 4312 1584 4350 vasa
1622 4298 1700 4351 vel
1737 4300 2039 4353 vestimenta
2072 4300 2146 4353 fa-

645 4386 786 4436 ciunt
834 4385 1063 4446 tractari,
1091 4394 1141 4437 et
1178 4371 1444 4438 inhoneste
1470 4400 1563 4453 per
1596 4385 1734 4438 viros
1759 4384 1917 4438 laicos
1943 4387 2024 4440 vel
2051 4387 2146 4439 mi-

645 4486 802 4526 nores
843 4473 1059 4525 clericos
1105 4472 1284 4529 contra
1323 4473 1680 4525 auctoritatem
1709 4482 2004 4527 sanctorum
2049 4475 2148 4527 Pa-

647 4571 784 4612 trum
813 4567 868 4610 ut
889 4561 1137 4626 probatur
1159 4559 1226 4611 25
1263 4559 1403 4620 dist.,
1429 4573 1474 4611 c.
1503 4557 1618 4610 Non
1655 4559 1801 4611 liceat
1826 4597 1840 4622 ,
1866 4567 1919 4612 et
1944 4575 1992 4612 c.
2032 4560 2148 4614 Non

647 4656 854 4716 oportet.
903 4646 1124 4701 Peceant
1151 4649 1303 4700 etiam
1331 4649 1465 4700 circa
1485 4647 1758 4700 luminaria
1782 4647 2031 4711 ecclesire,
2060 4656 2149 4701 aut

646 4736 784 4788 circa
807 4731 1180 4793 ordinationem
1208 4734 1405 4787 ostiarii
1430 4747 1444 4796 ,
1469 4741 1523 4786 et
1544 4734 1680 4787 circa
1713 4736 2144 4803 praeparationem

648 4821 862 4883 incensi,
914 4829 969 4873 et
992 4821 1131 4873 circa
1160 4835 1335 4872 curam
1374 4819 1680 4886 baptisterii,
1726 4829 1782 4872 ut
1805 4820 2050 4887 probatur
2076 4822 2144 4876 25

648 4908 766 4959 dist.
795 4921 841 4958 c.
865 4913 963 4958 etc.
993 4906 1137 4957 Talia
1158 4918 1281 4974 ergo
1303 4915 1360 4958 et.
1385 4907 1690 4969 consimilia,
1732 4907 1773 4960 si
1805 4907 2041 4961 laborent
2068 4910 2146 4960 in-

650 4993 827 5056 famia,
867 4993 1054 5062 debent
1079 4993 1318 5062 episcopo
1351 4994 1618 5047 conﬁteri:
1647 4997 1775 5048 alias
1818 5007 1987 5050 autem
2029 5013 2147 5064 pos-

649 5089 767 5135 sunt
796 5080 857 5134 de
899 5080 1010 5147 ejus
1041 5083 1248 5140 licentia
1273 5080 1368 5136 sibi
1395 5083 1670 5136 discretum
1716 5084 1908 5151 eligere
1947 5084 2150 5138 confes-

651 5183 836 5221 solem.

753 5276 824 5328 De
859 5281 1142 5344 paenitentia
1169 5254 1443 5347 prarpositi,
1461 5287 1505 5332 et
1533 5280 1613 5332 cui
1635 5280 1771 5332 debet
1799 5282 2045 5348 conﬁteri.

1191 5387 1206 5452 (
1234 5387 1308 5438 Ex
1345 5401 1455 5453 cap.
1493 5387 1572 5439 l3.
1599 5385 1618 5455 )

720 5480 1029 5560 PrmpoSitus
1054 5503 1221 5546 autem
1254 5502 1394 5547 recto
1418 5494 1667 5548 vocabulo
1690 5502 1922 5556 vocatur,
1957 5497 2044 5561 qui
2070 5510 2154 5547 su-

659 5594 750 5645 per
775 5581 900 5633 alios
926 5596 1102 5635 curam
1129 5582 1276 5650 gerit.
1308 5581 1405 5635 Iste
1441 5593 1633 5645 autem,
1674 5582 1716 5635 si
1757 5589 1835 5634 est
1862 5582 2150 5649 religiosus,

2266 617 2516 684 probatur
2535 630 2618 668 ex.
2651 615 2714 668 de
2740 615 2919 682 Appel.
2943 623 2994 666 et
3021 627 3104 664 ex.
3133 613 3193 667 de
3219 612 3360 664 Jure.
3393 611 3445 664 Si
3476 623 3647 663 autem
3671 626 3769 662 non

2265 711 2345 754 est
2370 701 2659 767 religiosus,
2685 701 2839 755 debet
2858 715 2951 754 suo
2975 698 3229 766 superiori
3255 698 3489 750 conﬁteri
3511 696 3592 748 vel
3622 695 3768 749 alteri

2264 789 2328 841 de
2350 787 2460 855 ejus
2487 789 2714 841 licentia.
2963 795 2967 800 ‘

2259 897 2336 951 De
2377 899 2663 967 paenitentia
2698 900 2927 967 magistri
2947 897 3242 1031 giholarum
3277 906 3322 950 et
3361 900 3440 949 cui
3473 898 3610 949 debet
3646 913 3768 950 con-

3007 981 3099 1017 ert.

3007 981 3099 1017 ενι.

2801 1075 2820 1144 (
2841 1075 2915 1128 Ex
2950 1088 3065 1140 cap.
3101 1073 3184 1125 M.
3208 1072 3226 1141 )

2328 1181 2572 1249 Magister
2596 1180 2891 1233 scholarum
2934 1179 3089 1232 debet
3129 1179 3370 1245 episcopo
3404 1176 3656 1238 conﬁteri,
3684 1176 3767 1228 cui

2256 1269 2550 1321 immediate
2595 1268 2791 1319 subest.
2822 1266 3044 1320 Peccant
3071 1272 3243 1318 autem
3281 1263 3572 1330 specialiter
3604 1264 3655 1315 in
3691 1263 3768 1315 di-

2254 1355 2439 1408 versis.
2488 1355 2664 1408 Primo
2715 1356 2835 1421 quia
2875 1353 3102 1407 vendunt
3148 1353 3382 1406 licentias
3427 1351 3663 1411 docendi,
3712 1360 3770 1402 ut

2252 1443 2503 1510 probatur
2538 1457 2623 1494 ex.
2669 1441 2731 1494 de
2780 1440 3058 1508 Magistris.
3089 1436 3326 1491 Secundo
3349 1438 3469 1504 quia
3511 1439 3767 1503 denegant

2254 1510 2516 1582 licentiam
2541 1528 2728 1595 dignis.
2767 1525 2951 1588 Tales,
2984 1526 3025 1578 si
3054 1525 3248 1577 directe
3274 1523 3492 1576 fuissent
3513 1523 3762 1584 accusati,

2254 1617 2503 1669 deberent
2527 1629 2556 1666 a
2583 1629 2678 1668 suo
2703 1613 2876 1668 ofﬁcio
2901 1621 3148 1680 perpetuo
3188 1625 3463 1668 removeri,
3489 1617 3544 1660 ut
3576 1609 3765 1674 proba-

2254 1711 2338 1756 tur
2367 1705 2416 1765 l,
2454 1721 2508 1771 q.
2553 1704 2605 1766 7,
2644 1710 2743 1756 etc.
2767 1694 2989 1754 Peccant
3013 1707 3206 1760 autem,
3255 1706 3309 1751 et
3338 1699 3390 1749 in
3426 1711 3487 1748 eo
3514 1697 3761 1759 graviter,

2183 1831 2227 1888 Β
2253 1793 2388 1888 quod
2415 1792 2570 1888 rudes
2593 1799 2649 1888 et
2683 1790 2848 1888 ignari
2872 1789 3180 1888 permittunt
3218 1789 3275 1884 se
3303 1787 3365 1837 ad
3398 1781 3764 1888 tale‘ofﬁciurn

2252 1878 2540 1938 sublimari,
2565 1877 2652 1944 qui
2676 1884 2888 1943 pessent
2912 1875 3041 1927 alios
3065 1873 3378 1925 examinare.
3403 1871 3528 1923 ltcm
3553 1872 3762 1938 quando

2251 1976 2369 2019 sunt
2395 1966 2778 2032 conspiratores
2803 1971 2988 2016 contra
3014 1963 3280 2028 episcopos
3305 1973 3425 2012 suos
3481 1967 3535 2010 ut
3568 1959 3763 2025 proba-

2251 2063 2337 2126 tur
2362 2068 2446 2106 ex.
2477 2054 2540 2106 de
2576 2051 2776 2106 Caium.
2808 2050 3031 2104 Peccant
3057 2059 3232 2102 autem
3260 2049 3310 2100 in
3341 2063 3402 2101 ea
3437 2047 3680 2108 scientia,
3711 2047 3762 2099 in

2249 2155 2348 2206 qua
2375 2146 2556 2207 petunt
2590 2139 2828 2192 licentias
2868 2137 2966 2192 sibi
3006 2137 3140 2216 dari.
3183 2136 3334 2188 Tales
3363 2138 3529 2193 enim,
3562 2135 3650 2202 qui
3686 2134 3758 2185 ita

2248 2229 2519 2281 ambitiose
2563 2217 2975 2294 promoventur,
3019 2223 3299 2277 crudeliter
3343 2237 3374 2274 a
3416 2220 3616 2278 diabolo
3665 2235 3763 2288 pu-

2247 2301 2479 2368 nientur.
2508 2311 2742 2365 Potentes
2765 2313 2895 2364 enim
2936 2319 3160 2378 potenter
3191 2317 3441 2362 tormento
3471 2308 3724 2376 patientur
3743 2323 3761 2358 :

2247 2415 2366 2453 nam
2392 2400 2544 2452 debet
2569 2398 2724 2450 homo
2755 2411 2812 2449 se
2835 2395 3003 2448 metiri
3047 2393 3281 2450 cumillo
3307 2392 3481 2446 ofﬁcio
3511 2393 3648 2459 quod
3675 2392 3764 2444 dc—

2245 2486 2440 2538 siderat
2479 2484 2710 2550 adipisci,
2747 2491 2798 2536 et
2824 2483 2866 2535 si
2892 2490 2973 2535 est
3007 2480 3238 2544 inferior,
3267 2488 3438 2534 cesset
3464 2494 3477 2532 :
3500 2481 3546 2533 si
3592 2487 3762 2532 autem

2246 2579 2325 2624 est
2347 2571 2578 2638 aequalis,
2612 2586 2727 2624 cum
2751 2571 2937 2623 timore
2974 2568 3202 2621 accedat.
3249 2565 3392 2619 Talia
3426 2580 3550 2634 ergo
3568 2573 3622 2618 et
3642 2578 3764 2623 con-

2246 2661 2453 2724 similia,
2497 2661 2541 2712 si
2565 2674 2720 2727 super
2746 2660 2828 2712 his
2857 2649 3052 2711 laborat
3086 2655 3316 2718 infamia,
3346 2655 3498 2708 debet
3520 2653 3764 2721 episcopo

2203 2774 2207 2778 ·
2246 2749 2504 2810 conﬁteri,
2552 2749 2597 2800 si
2645 2747 2756 2798 vult
2801 2745 3025 2807 salvari;
3077 2744 3265 2806 aliter,
3318 2745 3382 2795 de
3433 2740 3643 2794 licentia
3684 2738 3767 2792 sui

2245 2834 2495 2901 episc0pi,
2524 2840 2697 2900 potest
2715 2833 2812 2884 sibi
2832 2831 3023 2898 eligere
3041 2829 3310 2895 providum
3336 2826 3708 2880 confessorem.

2365 2937 2441 2991 De
2465 2937 2754 3006 paenitentia
2775 2936 3021 2996 cantoris,
3048 2944 3092 3001 et
3123 2935 3203 2986 cui
3229 2933 3367 2986 debet
3393 2932 3646 2999 conﬁteri.

2619 3041 2642 3068 α
2797 3040 3201 3112 (Excap.l5.)
3376 3012 3380 3015 ’

2244 3244 2382 3296 diate
2409 3243 2642 3294 noscitur
2671 3239 2959 3306 subjacere,
2987 3238 3070 3290 vel
3097 3238 3160 3290 de
3188 3237 3299 3304 ejus
3325 3236 3531 3289 licentia
3552 3235 3650 3288 sibi
3671 3236 3766 3288 eli-

2243 3343 2362 3394 gere
2407 3329 2688 3381 discretum
2721 3325 3091 3382 confessorem.
3137 3325 3325 3378 Peccat
3371 3333 3542 3377 autem
3579 3332 3766 3377 cantor

2241 3411 2536 3480 specialiter
2562 3413 2613 3464 in
2642 3413 2759 3473 hoc,
2800 3420 2858 3462 ut
2882 3412 2944 3465 de
2969 3411 3083 3463 aliis
3105 3418 3391 3471 taceamus,
3420 3410 3544 3477 quia
3580 3411 3762 3478 recipit

2242 3501 2294 3552 in
2319 3501 2481 3557 choro
2509 3501 2766 3567 indignos,
2796 3500 2882 3566 qui
2911 3500 3082 3566 legere
3107 3500 3358 3560 nesciunt,
3404 3514 3501 3553 nec
3523 3508 3755 3562 cantare,

2241 3598 2294 3639 ct
2323 3587 2550 3639 refutant
2577 3587 2884 3653 Quandoque
2919 3586 3101 3655 dignos
3127 3605 3137 3638 :
3186 3587 3323 3656 quod
3354 3586 3519 3654 magis
3543 3601 3758 3640 consue-

2243 3677 2416 3729 tudine
2462 3691 2617 3744 quam
2657 3675 2780 3742 jure
2821 3677 3011 3748 poterit
3054 3677 3398 3742 comprobari.
3441 3675 3663 3729 Peccant
3709 3685 3759 3730 et

2239 3772 2453 3830 propter
2478 3762 2614 3813 aliud
2643 3761 2779 3828 quod
2820 3761 3125 3828 quibusdam
3168 3762 3458 3815 concedant
3499 3763 3562 3815 de
3589 3764 3754 3828 gratia

2241 3848 2568 3917 quotidianus
2597 3849 2759 3911 cibos,
2809 3849 2898 3914 qui
2935 3848 3252 3915 negligenter
3291 3846 3521 3899 ofﬁcium
3564 3849 3759 3902 obeunt

2239 3941 2662 4001 ecclesiasticum,
2687 3947 2745 3992 et
2767 3939 2882 3992 aliis
2905 3931 3250 3999 subtrahunt;
3280 3938 3400 4006 quia
3427 3935 3490 3989 ad
3527 3936 3760 3991 officium

2242 4044 2342 4080 non
2365 4036 2646 4095 potuerunt
2663 4029 2932 4081 commode
2962 4027 3234 4080 interesse.
3330 4082 3336 4087 _

2282 4150 2354 4202 De
2377 4151 2665 4216 paenitentia
2691 4151 3068 4213 canonicorum,
3091 4160 3136 4202 et
3162 4149 3243 4201 otii
3267 4149 3439 4202 debent
3471 4149 3715 4215 conﬁteri.

2781 4253 2898 4322 (Ex
2934 4239 3051 4323 cap.”
3091 4253 3215 4322 te.)

2291 4361 2384 4424 _De
2429 4362 2732 4428 paenitentia
2778 4362 3144 4415 canonicorum
3192 4361 3485 4414 ﬁrmissime
3524 4368 3658 4422 tene,
3702 4370 3752 4414 et

2178 4426 2220 4484 θ
2245 4426 2537 4502 nullatenus
2570 4449 2791 4512 dubites,
2834 4449 2971 4515 quod
3005 4447 3067 4499 de
3100 4446 3220 4512 jure
3260 4447 3519 4500 communi
3548 4447 3754 4500 debuis-

2240 4544 2358 4589 sent
2385 4524 2590 4588 decano
2617 4534 2876 4597 conﬁteri,
2911 4535 2992 4587 vel
3025 4535 3286 4600 episcopo,
3323 4532 3402 4586 vel
3438 4533 3588 4586 alicui
3621 4549 3751 4607 praef

2240 4624 2408 4691 posito
2430 4623 2683 4684 ecclesiae,
2715 4623 2758 4674 si
2779 4623 3022 4676 sacerdos
3044 4622 3200 4683 esset,
3230 4620 3309 4695 vel
3332 4620 3514 4674 saltem
3543 4621 3755 4674 debuis--

2241 4721 2356 4766 sent
2377 4720 2553 4780 petere
2581 4713 2646 4764 ab
2673 4712 2915 4779 episcopo
2952 4712 3214 4764 licentiam
3239 4711 3374 4778 quod
3400 4712 3601 4778 possint
3635 4711 3757 4764 aliis

2248 4799 2583 4859 conﬁteri,ch
2606 4800 2702 4852 sibi
2725 4800 3037 4853 constituere
3054 4799 3343 4868 generalem
3367 4797 3749 4865 paenitentiam.

2248 4885 2483 4938 Praedicti
2523 4886 2756 4937 canonici
2787 4887 2837 4937 in
2879 4885 2992 4938 istis
3025 4893 3294 4953 quatuor,
3325 4870 3396 4936 ut
3418 4883 3482 4936 de
3522 4883 3639 4936 aliis
3674 4893 3748 4936 ta.

2247 4987 2476 5032 ccamus,
2501 4972 2724 5039 graviter
2746 4971 3030 5024 oll‘endunt.
3550 4971 3553 4973 ’

2315 5057 2507 5118 Primo,
2532 5059 2651 5122 quia
2678 5065 2908 5138 tempore
2934 5056 3256 5108 necessitatis
3277 5056 3455 5109 volunt
3481 5055 3544 5107 ad
3574 5068 3747 5107 sacros

2247 5145 2453 5210 ordines
2475 5144 2785 5210 promoveri,
2813 5137 2870 5194 ut
2897 5145 3148 5210 probatur
3169 5144 3233 5195 ’74
3260 5144 3403 5206 dist.,
3448 5157 3495 5194 c.
3539 5140 3598 5194 Si
3635 5142 3754 5209 quis

2249 5229 2435 5293 ciet-ici,
2463 5240 2514 5285 et
2540 5248 2586 5284 c.
2631 5231 2850 5282 Placui'.

2319 5317 2556 5372 Secundo
2579 5358 2591 5380 ,
2633 5319 2841 5384 quidam
2875 5333 3050 5370 eorum
3079 5333 3171 5385 per
3209 5317 3540 5369 ambitionem
3573 5332 3746 5371 succe-

2253 5391 2379 5458 dunt
2402 5408 2453 5458 in
2479 5407 2646 5461 locum
2677 5406 2927 5469 viventis;
2955 5414 3008 5458 et
3050 5406 3164 5458 ideo
3188 5413 3436 5472 perpetuo
3473 5413 3594 5456 sunt
3619 5401 3740 5457 infa-

2252 5505 2378 5544 mes.
2405 5492 2501 5544 Ex-
2533 5493 2595 5543 de
2617 5491 2909 5551 Prmbend;,
2935 5499 3035 5543 etc.

2321 5579 2513 5641 Tertio,
2545 5578 2662 5645 quia
2693 5584 2811 5632 sunt
2839 5569 2986 5631 valde
3030 5576 3254 5643 delicati,
3292 5585 3343 5630 et
3383 5575 3562 5628 volunt
3586 5573 3746 5630 oﬁicia
