4010 6416
230 530 362 586 1105

1091 525 1445 579 EXCERPTA
1478 525 1568 579 EX
1603 525 2101 581 PGINITENTIALI
2133 525 2182 580 1.
2223 525 2309 579 DE
2344 524 2495 579 DEO.

3223 533 3354 587 “06

225 636 580 703 frequentare.
602 634 776 700 Quare
795 634 1096 687 debuissent
1118 648 1148 686 a
1172 634 1467 701 prtebendis
1493 635 1603 689 suis
1630 648 1746 689 sus-
1774 638 1814 693 Δ
1845 644 2127 699 cretorum,
2155 635 2341 693 faciam
2379 651 2565 705 pauca,
2590 643 2644 689 et
2668 638 2890 692 narrabo
2914 642 3136 707 posteris
3159 658 3357 711 μηρία

220 726 377 792 pendi
436 719 609 792 usque
660 724 727 776 ad
773 722 1185 790 correptionem,
1237 724 1523 779 monitione
1573 732 1744 778 tamen

221 813 515 881 prtemissa,
538 819 597 863 ut
615 812 869 878 probatur
903 823 987 863 ex.
1017 810 1082 862 de
1106 809 1244 862 Cler.

291 899 512 966 Quarto,
558 898 680 965 quia
717 897 984 951 cumulant
1029 895 1303 963 pecuniam
1327 897 1393 948 de
1432 895 1745 963 praebendis,

222 976 289 1041 et
305 986 490 1040 nolunt
504 986 823 1053 pauperibus
848 984 1060 1050 elargiri
1095 992 1279 1037 contra
1296 997 1476 1036 sacros
1499 996 1746 1045 canones,

222 1081 285 1126 ut
306 1072 556 1140 probatur
580 1071 631 1135 7,
679 1086 732 1137 q.
780 1071 830 1133 1,
856 1085 905 1123 c.
937 1070 1066 1133 ult.;
1098 1069 1185 1121 ubi
1224 1070 1363 1122 enim
1394 1069 1630 1122 canonici
1656 1083 1749 1122 ca-

224 1159 479 1213 thedralis
522 1158 755 1217 ecclesia:
798 1157 934 1209 male
966 1156 1165 1219 vivunt,
1218 1163 1326 1208 tota
1353 1155 1536 1208 civitas
1579 1156 1750 1222 capite

222 1250 469 1301 deorsum
510 1247 703 1314 pendet
759 1262 772 1297 :
827 1252 883 1299 et
934 1250 1074 1300 totus
1121 1251 1291 1295 status
1337 1242 1564 1295 civitatis
1619 1256 1748 1295 cou-

224 1336 465 1389 turbatur
489 1372 505 1398 ,
564 1334 853 1403 praesertim
911 1331 1036 1399 quia
1088 1329 1270 1383 nolunt
1313 1328 1571 1396 superiori
1622 1328 1749 1381 obe-

222 1422 354 1479 dire,
1072 1462 1075 1465 .
1372 1414 1378 1423 ‘
1462 1434 1467 1439 ο

292 1507 351 1561 Si
397 1521 523 1578 ergo
574 1508 629 1560 in
656 1507 918 1585 prmdietis
939 1505 1018 1559 vel
1045 1505 1098 1559 in
1140 1505 1314 1573 aliquo
1354 1505 1747 1573 prtedictorum,

221 1594 304 1646 vel
350 1595 404 1647 in
435 1594 725 1648 minoribus
752 1593 831 1646 vel
873 1594 925 1645 in
964 1593 1268 1659 majoribus,
1294 1591 1624 1654 oﬂ‘enderint,
1654 1607 1750 1659 per

220 1697 401 1751 veram
417 1676 796 1751 penitentiam,
812 1682 857 1734 si
879 1682 1072 1735 salvari
1093 1681 1286 1742 volunt,
1311 1696 1406 1734 suo
1424 1680 1752 1734 satisfaciant

218 1744 471 1824 creditori
517 1769 607 1838 qui
657 1744 865 1835 semper
890 1782 1074 1821 eorum
1122 1766 1346 1821 reditum
1372 1774 1660 1833 exspectat,
1693 1776 1752 1822 ut

219 1857 475 1926 probatur
507 1858 576 1911 93
605 1857 752 1919 dist.,
781 1870 830 1909 c.
860 1855 1097 1907 Diaconi.

1842 728 2026 780 venda.

1908 814 2083 867 Primo
2130 824 2182 868 et
2233 817 2593 884 principaliter
2633 828 2853 895 peccant
2912 824 3170 885 advocati.
3230 827 3356 895 quia
3442 880 3447 885 .

1841 899 2086 967 adjuvant
2103 902 2317 956 subdole
2333 904 2702 967 adversarium,
2729 915 2783 960 et
2804 893 3067 976 perdendo
3088 893 3352 981 proprium

1842 986 2144 1041 clientulum
2169 1006 2180 1040 :
2204 998 2260 1041 et
2284 989 2413 1042 tales
2437 992 2867 1056 prmvaricatores
2891 1004 3012 1049 sunt
3037 1006 3089 1051 et
3111 995 3353 1065 infames,

1843 1078 1900 1123 ut
1927 1073 2175 1143 probatur
2197 1074 2250 1136 2,
2278 1090 2332 1142 q.
2357 1076 2410 1137 3,
2440 1091 2510 1136 c.,
2536 1084 2639 1129 etc.

1913 1157 2167 1219 Secun-lo,
2214 1162 2334 1228 quia
2382 1161 2665 1217 defendunt
2716 1166 2886 1220 malas
2913 1184 3098 1221 causas
3127 1172 3359 1226 scienter

1842 1255 2025 1298 contra
2072 1250 2438 1302 auctoritatem
2479 1260 2780 1305 sanctorum
2810 1254 3039 1317 Patrum,
3076 1264 3133 1309 ut
3171 1260 3360 1326 proba-

1800 1377 1802 1380 ,
1844 1339 1927 1384 tur
1948 1333 2033 1396 Η,
2058 1349 2110 1402 q.
2142 1336 2193 1387 5.

1909 1419 2106 1483 Tertio,
2135 1424 2257 1489 quia
2302 1424 2398 1477 sub
2422 1426 2590 1493 specie
2634 1428 2847 1493 pietatis
2877 1429 3095 1495 palliant
3119 1432 3375 1499 impieta-u

1844 1514 1967 1569 tem,
1991 1511 2357 1585 prolt'ahentes
2389 1527 2574 1569 causas
2601 1513 2828 1567 clientuli
2857 1516 2956 1568 sui.

1910 1592 2109 1657 Quarto
2152 1603 2391 1662 peccant,
2439 1599 2558 1662 quia
2587 1599 2673 1651 ubi
2707 1615 2807 1652 non
2837 1608 2959 1653 sunt
2985 1601 3071 1655 alii
3098 1605 3360 1669 advocati,

1845 1680 2101 1746 recipiunt
2123 1696 2364 1749 magnum
2391 1684 2639 1737 salarium
2681 1702 2800 1738 cum
2843 1690 2986 1755 gravi
3025 1691 3216 1745 damno
3258 1692 3365 1746 liti-

1844 1767 2044 1833 gatoris
2074 1785 2086 1819 ;
2113 1780 2329 1836 propter
2370 1773 2511 1839 quod
2566 1772 2869 1827 debuissent
2911 1776 2978 1827 ab
3021 1779 3364 1833 advocatione

1844 1855 2120 1907 removeri.

220 1964 296 2019 De
320 1964 616 2037 pttnitentia
642 1962 905 2015 domorum
926 1961 1375 2040 et‘rnagislrorum,
1397 1966 1445 2011 et
1469 1960 1552 2015 cui
1570 1959 1747 2012 debent

1914 1930 2106 2040 Quinto
2157 1952 2394 2009 peccant,
2424 1946 2544 2011 quia
2565 1959 2682 1998 cum
2722 1948 3113 2015 nesciuntjura‘,
3167 1953 3367 2022 vitupe-

865 2028 1112 2096 conﬁteri.

801 2118 898 2188 (Ex
925 2133 1040 2184 cap.
1072 2117 1179 2185 i7.)

284 2209 539 2263 Doctores
582 2222 725 2270 vero,
755 2207 798 2259 si
827 2212 948 2259 sunt
975 2203 1235 2272 inquilini,
1274 2203 1465 2256 debent
1492 2202 1747 2269 paeniten-

218 2297 347 2351 tiam
372 2309 529 2365 agere
548 2310 727 2351 coram
755 2293 1046 2356 sacerdote,
1067 2294 1120 2345 in
1149 2289 1299 2358 cujus
1322 2290 1572 2358 parochia
1598 2289 1748 2341 babi-

218 2393 351 2449 tant,
389 2386 472 2439 vel
504 2384 568 2438 de
612 2399 705 2438 sua
742 2382 951 2443 licentia
991 2381 1187 2449 eligant
1207 2378 1310 2433 sibi
1352 2377 1743 2432 confessorem:

217 2478 263 2530 si
292 2485 469 2529 autem
494 2483 618 2528 sunt
654 2483 971 2534 castrenses,
1002 2471 1188 2526 debent
1216 2467 1453 2523 confiteri
1484 2482 1579 2522 suo
1615 2481 1749 2535 prae-

214 2566 349 2629 lato,
372 2564 427 2616 in
453 2563 602 2632 cujus
624 2560 872 2630 parochia
892 2550 1152 2622 habitant,
1172 2556 1254 2610 vel
1280 2556 1433 2609 alicui
1462 2555 1576 2610 loco
1602 2554 1744 2622 ejus;

217 2667 341 2707 cum
388 2650 521 2703 alius
548 2663 668 2703 eum
714 2662 819 2701 non
868 2646 1032 2715 possit
1068 2644 1291 2705 solvere,
1336 2656 1433 2695 nec
1478 2641 1662 2710 ligare,
1691 2649 1750 2693 ut

216 2741 474 2811 probatur
500 2738 553 2802 8,
583 2738 637 2801 2,
685 2753 732 2791 c.
763 2736 819 2800 i,
848 2735 883 2788 2
909 2742 965 2789 et
999 2735 1049 2787 ὅ.
1081 2726 1191 2786 Hoc
1240 2738 1410 2785 autum
1460 2730 1751 2784 subintelli-

214 2845 334 2903 gas,
378 2830 503 2899 quia
524 2828 771 2897 superior
796 2840 1005 2894 semper
1035 2832 1209 2893 potest
1248 2820 1551 2885 absolvere,
1602 2820 1751 2899 cujus

215 2894 506 2973 auctoritas
557 2894 773 2984 escepta
821 2913 1146 2982 intelligitur.
1198 2912 1452 2965 Doctores
1498 2894 1751 2965 autemet

215 3008 479 3080 praecipue
528 3007 857 3060 decretorum
905 3003 959 3055 in
990 3001 1169 3055 multis
1190 2986 1474 3057 Dominum
1521 2997 1751 3066 graviter

216 3095 509 3155 offendunt.

281 3184 483 3246 Primo,
508 3182 634 3252 quia
659 3194 762 3235 non
787 3186 909 3234 sunt
929 3179 1071 3248 digni
1096 3176 1422 3257 magisterio,
1462 3182 1518 3228 et
1545 3172 1748 3226 faciunt

216 3287 276 3328 se
330 3288 428 3341 per
469 3240 743 3341 pecuniam
780 3269 862 3323 vel
900 3240 1213 3337 pervpreeesv
1235 3241 1493 3324 sordidas,
1539 3262 1621 3316 vel
1652 3278 1747 3332 per
1773 3240 1817 3302 ί)

218 3360 550 3433 fraudulenta
599 3356 904 3412 munuscula
931 3395 945 3420 ,
984 3355 1068 3408 vel
1118 3355 1272 3408 aliter
1319 3352 1633 3406 inconcinne
1683 3349 1750 3404 ad

219 3448 584 3518 magisterium
619 3446 935 3516 promoveri.

288 3534 553 3600 Secundo,
598 3535 721 3603 quia
760 3531 1051 3601 despiciunt
1098 3529 1337 3584 subditos
1386 3526 1477 3596 qui
1533 3533 1655 3578 sunt
1699 3524 1750 3577 in

219 3625 505 3683 cathedris.
535 3623 691 3677 Tales
723 3621 965 3689 injuriam
986 3618 1185 3672 faciunt
1209 3616 1494 3677 cathedrm,
1524 3629 1588 3666 eo
1612 3612 1751 3681 quod

218 3715 358 3770 male
406 3713 593 3769 sedent
637 3697 795 3780 super
847 3709 1154 3765 cathedram
1211 3715 1462 3775 tanquam
1514 3705 1754 3773 Dagones

218 3814 379 3874 super
396 3818 572 3859 arcam
590 3801 816 3857 Domini.
849 3799 997 3856 Unde
1023 3797 1174 3858 multi
1193 3794 1511 3877 sacerdotes,
1528 3801 1581 3847 et
1599 3792 1753 3861 pauci

222 3894 541 3948 sacerdotes.
722 3942 725 3943 ,
1502 3928 1509 3933 .

160 4028 174 4042 .
269 3984 492 4046 Tertio,
521 3980 644 4049 quia
688 3985 1031 4035 contemnunt
1063 3975 1253 4029 idiotas
1277 3974 1413 4027 bene
1457 3970 1756 4037 morigena—

223 4079 322 4133 tos,
344 4072 434 4141 qui
462 4070 631 4138 magis
650 4066 891 4135 abjurare
909 4065 1186 4119 voluerunt
1205 4061 1332 4115 vitia
1354 4072 1579 4121 morum,
1596 4066 1770 4127 quam.

221 4162 526 4223 verborum,
551 4165 611 4212 ut
635 4157 704 4211 59
749 4156 871 4211 dist.
902 4168 949 4213 c.
983 4151 1166 4206 sedulo
1208 4147 1510 4203 immiscent
1550 4159 1609 4199 se
1638 4143 1770 4213 qui--

222 4249 441 4304 busdam
468 4245 845 4316 quaestionibus
881 4251 936 4297 et
973 4239 1354 4295 subtilitatibus
1382 4242 1440 4289 ut
1474 4233 1756 4301 videantur

221 4339 386 4393 multa
438 4337 601 4401 scire,
643 4343 701 4391 et
745 4335 819 4391 ita
868 4348 993 4388 suos
1036 4328 1366 4385 confundunt
1394 4321 1662 4377 auditores
1690 4322 1757 4373 ad

223 4445 371 4486 suam
423 4427 855 4489 ostentationem,
919 4437 1024 4477 non
1078 4420 1145 4475 ad
1196 4414 1576 4485 discipulorum
1609 4410 1755 4467 utili-

226 4529 409 4575 tatem.

1845 2034 1966 2078 rant
1987 2027 2266 2081 advocatos
2298 2030 2530 2105 adversa:
2557 2034 2741 2097 partis,
2771 2046 2829 2085 ut
2875 2035 3125 2101 probatur
3146 2028 3201 2100 3,
3230 2054 3282 2105 q.
3312 2040 3375 2101 7,

1914 2114 2073 2167 Sexto
2104 2103 2352 2182 peccant,
2382 2124 2434 2169 et
2480 2124 2727 2184 tanquam
2758 2119 3030 2173 homicida:
3055 2120 3212 2185 sunt,’
3240 2103 3382 2181 cum.

1844 2201 2043 2256 faciunt
2058 2203 2333 2256 clientulos
2356 2218 2479 2257 suos
2495 2212 2548 2256 et
2567 2212 2725 2259 testes
2752 2192 2944 2275 ﬂagitia
2972 2207 3147 2263 dicere
3184 2218 3385 2269 contra.

1845 2290 2119 2343 adversam
2148 2300 2371 2358 partem.

1912 2378 2017 2432 Ista
2046 2388 2166 2431 sunt
2193 2380 2499 2448 principalia
2530 2395 2646 2447 quae
2673 2380 2944 2435 confessor
2984 2383 3051 2436 ab
3094 2384 3172 2437 eis
3199 2384 3370 2453 inqui-

1849 2482 1962 2520 rere
1988 2467 2161 2523 debet.
2194 2468 2250 2521 Si
2284 2483 2411 2538 ergo
2447 2469 2682 2522 advocati
2708 2468 2896 2520 salvari
2923 2469 3123 2533 volunt,
3162 2472 3370 2526 satisfa~

1846 2557 1990 2610 ciant
2024 2556 2127 2608 illis
2156 2570 2288 2624 quos
2315 2556 2581 2619 laeserunt,
2607 2564 2660 2608 et
2684 2570 2776 2623 per
2798 2557 3369 2624 paenitentiam-veram

1847 2662 1941 2700 suo
1966 2646 2293 2698 satisfaciant
2317 2645 2572 2699 Creatori.
3085 2653 3088 2657 ’

1830 2803 1846 2814 ⁸
1918 2737 1989 2790 De
2012 2737 2301 2805 pmuitentiu
2315 2736 2664 2805 juriconsulti,
2687 2746 2733 2790 et
2758 2738 2840 2789 cui
2878 2737 3018 2790 debet
3048 2738 3300 2806 conﬁteri,

2423 2823 2522 2893 (Ex
2544 2838 2659 2889 cap.
2694 2824 2800 2889 i9.)

1913 2907 2324 2962 Iurisconsultus
2342 2914 2421 2960 est
2466 2906 2551 2959 ille
2587 2906 2675 2974 qui
2719 2906 2872 2959 solvit
2899 2892 3216 2975 quatstiones
3247 2923 3371 2976 pro-
3426 2912 3433 2925 ‘

1847 3000 2043 3066 positas
2068 2998 2133 3051 de
2151 2997 2573 3071 jurisconsultis..
2602 2997 2676 3050 Ita
2718 3004 2853 3060 tene,
2879 2997 3017 3064 quod
3046 2996 3182 3051 idem
3231 2984 3368 3065 juris

1847 3093 1946 3147 est,
1970 3085 2109 3138 sicut
2140 3085 2203 3138 de
2231 3086 2516 3147 advocatis,
2551 3085 2754 3138 scilicet
2801 3085 3019 3139 reddere
3060 3086 3227 3141 aliena
3255 3102 3372 3156 qua:

1847 3186 2120 3241 perperam
2156 3172 2329 3240 adepti
2375 3180 2516 3235 sunt,
2553 3179 2606 3224 et
2649 3173 2888 3225 conﬁteri
2935 3175 3148 3242 proprio
3202 3189 3374 3229 sacer-

1849 3260 1975 3323 doti,
2003 3269 2056 3314 et
2091 3274 2184 3328 per
2207 3260 2320 3328 ejus
2343 3258 2620 3314 consilium
2645 3275 2739 3313 suo
2758 3259 3061 3314 satisfacere
3105 3259 3365 3314 Creatori.

1849 3348 1925 3401 De
1953 3350 2242 3417 paenitentia
2262 3349 2667 3418 presbyterorum
2695 3349 2847 3402 ettcui
2874 3348 3084 3402 debeant
3118 3349 3367 3417 conﬁteri.

2420 3436 2523 3507 (Et
2550 3451 2665 3502 cap.
2697 3435 2808 3505 20.)
2910 3442 2917 3449 “

1918 3524 2065 3579 Licet
2106 3524 2345 3593 superius
2373 3524 2437 3577 de
2480 3524 2788 3591 pmuitentia
2826 3524 3252 3593 presbyterorum
3298 3523 3376 3577 di-

1850 3623 1990 3668 ctum
2026 3615 2113 3676 sit,
2140 3622 2312 3669 tamen
2341 3612 2581 3680 quadam
2603 3620 2966 3665 remanserunt
2991 3628 3108 3679 qua:
3133 3613 3231 3665 sub
3256 3612 3401 3666 bre-.

1848 3702 2078 3770 viloquio
2132 3700 2404 3761 intimabo.
2461 3690 2743 3769 Presbyter
2782 3699 3074 3772 suoodebet
3136 3697 3385 3753 confiteri.

1851 3794 2123 3862 superiori,
2177 3800 2232 3846 et
2272 3791 2571 3846 sacerdotes
2615 3789 2845 3845 minores
2885 3787 2982 3842 sub
3020 3786 3254 3856 praelato,
3293 3789 3393 3846 vel.

1851 3882 1951 3937 sibi
1996 3882 2218 3935 invicem
2250 3881 2315 3934 de
2348 3879 2560 3933 licentia
2586 3878 2787 3947 prmlati
2817 3876 3133 3930 conﬁtentur
3171 3877 3377 3943 episco—

1850 3984 1937 4038 po,
1962 3970 2006 4023 si
2032 3969 2228 4029 volunt.
2267 3967 2334 4021 Et
2380 3966 2503 4020 licet
2538 3958 2685 4018 tanta
2707 3965 2781 4038 sit»
2801 3962 2997 4019 malitia
3042 3963 3376 4026 clericorum,

1849 4036 2143 4128 praesertim
2178 4057 2621 4126 presbyterorum,
2646 4036 2883 4122 qutelvix
2913 4060 3088 4120 posset
3144 4053 3240 4105 sub
3282 4068 3380 4105 nu-

1846 4154 2000 4200 'mero
2037 4143 2427 4213 comprehendi,
2460 4156 2623 4211 pauca
2665 4150 2841 4194 tamen
2866 4140 2990 4194 vitia
3019 4139 3118 4194 sub
3154 4140 3380 4195 brevilo-

1855 4236 1979 4304 quie
2002 4234 2070 4288 ad
2111 4248 2295 4288 eorum
2322 4233 2705 4301 correptionem
2732 4238 2784 4285 et
2802 4230 3065 4303 cautelam
3093 4231 3159 4285 ad
3183 4245 3381 4287 memo-

1856 4329 1989 4381 riam
2012 4328 2446 4396 perstringamus.

1921 4417 2099 4471 Primo
2125 4417 2176 4469 in
2204 4416 2304 4471 hoc
2328 4420 2566 4483 peccant,
2588 4412 2710 4480 quia
2731 4410 3041 4480 permittunt
3055 4424 3113 4464 se
3138 4409 3384 4477 indignos

1857 4506 1922 4560 ad
1947 4505 2301 4559 ecclesiastica
2328 4501 2497 4557 cilicia
2523 4498 2823 4570 promoveri
2851 4506 3033 4552 contra
3060 4496 3381 4577 ecclesiasti-

290 4610 515 4675 Quarto,
560 4604 683 4677 quia
707 4603 897 4657 docent
925 4602 976 4655 in
1003 4597 1267 4654 cathedris
1304 4609 1367 4650 ea
1393 4607 1508 4664 qua:
1545 4589 1757 4660 placere
1785 4570 1832 4629 9
1856 4608 1948 4649 cos
1966 4592 2216 4647 canones.

222 4704 443 4770 possunt
468 4715 481 4749 :
515 4704 570 4751 et
599 4694 687 4749 isti
712 4698 836 4747 sunt
874 4690 1119 4745 doctores
1145 4687 1211 4741 de
1242 4685 1434 4754 quibus
1459 4681 1590 4734 dicit
1632 4691 1759 4733 con-

225 4789 401 4843 cilium
443 4781 1081 4852 Constantinopolitanum
1122 4796 1135 4830 :
1187 4775 1439 4831 Malorum
1481 4770 1758 4824 doctorum

224 4877 361 4936 mala
398 4874 643 4930 doctrina
661 4877 763 4927 est.
793 4871 932 4938 l,xq.
952 4855 1025 4933 ‘7,
1056 4883 1104 4922 c.
1140 4860 1581 4920 Convenientibus.

290 4965 508 5032 Quinto,
533 4962 656 5031 quia
683 4974 806 5016 cum
844 4958 945 5027 ipsi
988 4956 1125 5012 male
1154 4956 1359 5016 vivunt,
1407 4949 1530 5003 talia
1556 4953 1561 4958 '
1585 4960 1760 5014 repre-

226 5055 458 5113 hendere
480 5050 677 5107 audent
702 5059 887 5106 contra
915 5047 1283 5109 auctoritatem
1321 5047 1623 5097 sanctorum
1660 5036 1763 5090 Pa-

229 5155 386 5208 trum,
407 5153 517 5201 εῑο.
1081 5176 1089 5184 ι

226 5233 301 5289 De
322 5231 642 5299 confessione
659 5229 1044 5292 advocatorum,
1067 5237 1113 5279 et
1151 5224 1236 5277 cui
1284 5219 1463 5274 debent
1509 5212 1758 5280 conﬁteri.

816 5317 915 5390 (Ex
936 5331 1051 5387 cap.
1072 5312 1181 5383 18.)

296 5414 552 5474 Advocati
602 5411 793 5467 debent
828 5405 1068 5461 conﬁteri
1117 5401 1332 5473 proprio
1370 5398 1652 5461 sacerdoti,
1681 5396 1769 5454 vel.

228 5507 382 5563 alteri
406 5499 707 5560 discretiori
732 5496 796 5551 de
823 5493 1035 5550 licentia
1079 5486 1367 5547 sacerdotis
1403 5484 1599 5559 proprii
1626 5502 1638 5534 :
1671 5482 1766 5537 ali-

231 5608 311 5651 ter
342 5592 547 5649 absolvi
571 5603 672 5643 non
697 5584 896 5657 poterit
920 5583 989 5637 ab
1025 5580 1128 5635 alio
1167 5578 1248 5633 vel
1288 5576 1459 5647 ligari.
1490 5574 1601 5629 Hoc
1626 5579 1767 5628 esset

214 5683 594 5741 'diﬂicillimum
622 5658 839 5732 narrare
875 5687 1059 5728 omnes
1082 5682 1333 5726 excessus
1358 5666 1762 5725 advocatorum;

232 5794 407 5834 tatnen
461 5788 561 5844 ego
610 5769 838 5841 Joannes
881 5768 946 5821 de
998 5766 1128 5830 Deo,
1179 5762 1424 5831 antiquus
1461 5759 1643 5814 doctor
1671 5757 1768 5810 De-

1926 4682 2184 4745 Secuudo,
2209 4680 2329 4748 quia
2354 4684 2727 4748 promoventur
2762 4673 3072 4743 quandoque
3100 4686 3195 4741 per
3222 4673 3383 4728 simo—
3413 4723 3421 4725 _

1857 4772 2062 4828 niacam
2089 4769 2421 4838 pravitatem.

1926 4860 2125 4921 Tertio,
2163 4856 2284 4926 quia
2316 4855 2466 4910 valde
2495 4850 2882 4906 incontinenter
2907 4850 3109 4902 vivunt.

1928 4934 2143 5013 Quarto,
2170 4944 2292 5012 quia
2319 4940 2616 4995 immiscent
2647 4952 2705 4992 se
2732 4935 3042 5006 spectaculis
3083 4942 3137 4988 et
3177 4932 3382 5003 pompis

1861 5040 2156 5101 mulierum,
2185 5043 2237 5090 et
2256 5032 2515 5101 recipiunt
2537 5042 2757 5083 munera
2785 5034 2840 5082 et
2861 5023 3168 5089 incumbunt
3187 5022 3397 5084 usuris,

1861 5136 1915 5181 et
1932 5126 2050 5196 plus
2081 5124 2300 5193 diligunt
2324 5134 2505 5174 comas
2528 5118 2779 5171 laicorum
2803 5127 2958 5182 quam
2983 5110 3205 5164 coronas
3232 5107 3384 5163 cleri-

1861 5231 2065 5279 corum,
2086 5222 2141 5268 et
2166 5213 2462 5266 immiscent
2494 5224 2551 5264 se
2597 5203 3025 5265 mercationibus,
3054 5208 3106 5255 et
3141 5199 3384 5267 frequen-

1865 5312 1977 5358 tant
1995 5301 2256 5357 domicilia
2277 5300 2550 5354 mulierum
2570 5295 2865 5356 viduarum,
2891 5299 2944 5345 et
2964 5290 3161 5345 habent
3176 5301 3385 5356 quoque

1864 5386 1999 5462 apud
2026 5405 2083 5445 se
2105 5374 2352 5444 mulieres
2370 5402 2399 5446 a
2424 5382 2711 5440 canonibus
2730 5379 3055 5441 interdictas,
3075 5380 3131 5429 e‘t
3144 5374 3388 5443 frequenv.

1866 5489 1977 5535 tant
2004 5480 2271 5544 tabernas,
2316 5484 2370 5531 et
2413 5474 2563 5529 ludos
2599 5468 2902 5524 taxiilorum
2946 5471 3003 5519 et
3043 5462 3292 5525 alearum,
3332 5467 3387 5514 et

1865 5572 2049 5625 nolunt
2099 5569 2277 5624 divina
2325 5564 2491 5621 otiicia
2531 5560 2881 5630 frequentare,
2908 5564 2967 5615 et,
2984 5553 3203 5623 diligunt
3225 5563 3390 5605 vena-

1867 5663 2036 5715 tiones
2056 5659 2325 5725 silvatieas
2348 5663 2403 5710 et
2427 5653 2717 5713 saltuosas,‘
2736 5655 2790 5704 et
2826 5647 2953 5702 dant
2992 5641 3205 5698 liberius
3223 5653 3387 5696 vena-

1868 5750 2086 5812 toribus,
2114 5745 2499 5835 meretricibus,
2523 5742 2604 5797 vel
2624 5735 2999 5808 jnculatoribus
3025 5746 3178 5802 quam
3200 5740 3391 5800 paupe-
