  <div class='ocr_page' id='page_1' title='image "/cluster/home/n/w/nwhite01/storage/ocr_20150623/99-100/uc1.31175006946845/563.png"; bbox 0 0 4010 6430; ppageno 0'>
   <div class='ocr_carea' id='block_1_1' title="bbox 657 502 790 554">
    <p class='ocr_par' dir='ltr' id='par_1_1' title="bbox 657 502 790 554">
     <span class='ocr_line' id='line_1_1' title="bbox 657 502 790 554; baseline 0.015 -2"><span class='ocrx_word' id='word_1_1' title='bbox 657 502 790 554; x_wconf 76' lang='grc' dir='ltr'><strong>ΗΟἹ</strong></span> 
     </span>
    </p>
   </div>
   <div class='ocr_carea' id='block_1_2' title="bbox 650 690 2172 760">
    <p class='ocr_par' dir='ltr' id='par_1_2' title="bbox 650 690 2172 760">
     <span class='ocr_line' id='line_1_2' title="bbox 650 690 2172 760; baseline -0.005 -8"><span class='ocrx_word' id='word_1_2' title='bbox 650 712 889 759; x_wconf 82' lang='lat' dir='ltr'><strong>suarum,</strong></span> <span class='ocrx_word' id='word_1_3' title='bbox 933 704 986 748; x_wconf 89' lang='lat' dir='ltr'><strong>et</strong></span> <span class='ocrx_word' id='word_1_4' title='bbox 1017 697 1073 748; x_wconf 86' lang='lat' dir='ltr'><strong>in</strong></span> <span class='ocrx_word' id='word_1_5' title='bbox 1119 694 1362 748; x_wconf 88' lang='lat' dir='ltr'><strong>seandalo</strong></span> <span class='ocrx_word' id='word_1_6' title='bbox 1389 693 1753 760; x_wconf 87' lang='lat' dir='ltr'><strong>plurimorum,</strong></span> <span class='ocrx_word' id='word_1_7' title='bbox 1784 700 1967 746; x_wconf 91' lang='lat' dir='ltr'><strong>contra</strong></span> <span class='ocrx_word' id='word_1_8' title='bbox 2004 690 2172 744; x_wconf 89' lang='lat' dir='ltr'><strong>eccle-</strong></span> 
     </span>
    </p>
   </div>
   <div class='ocr_carea' id='block_1_3' title="bbox 652 784 1233 839">
    <p class='ocr_par' dir='ltr' id='par_1_3' title="bbox 652 784 1233 839">
     <span class='ocr_line' id='line_1_3' title="bbox 652 784 1233 839; baseline -0.005 0"><span class='ocrx_word' id='word_1_9' title='bbox 652 787 890 839; x_wconf 83' lang='lat' dir='ltr'><strong>siasticas</strong></span> <span class='ocrx_word' id='word_1_10' title='bbox 918 784 1233 837; x_wconf 76' lang='lat' dir='ltr'><strong>sanctiones.</strong></span> 
     </span>
    </p>
   </div>
   <div class='ocr_carea' id='block_1_4' title="bbox 716 869 2171 941">
    <p class='ocr_par' dir='ltr' id='par_1_4' title="bbox 716 869 2171 941">
     <span class='ocr_line' id='line_1_4' title="bbox 716 869 2171 941; baseline -0.003 -15"><span class='ocrx_word' id='word_1_11' title='bbox 716 875 929 941; x_wconf 86' lang='lat' dir='ltr'><strong>Quinto,</strong></span> <span class='ocrx_word' id='word_1_12' title='bbox 955 874 1075 941; x_wconf 81' lang='lat' dir='ltr'><strong>quia</strong></span> <span class='ocrx_word' id='word_1_13' title='bbox 1101 872 1295 939; x_wconf 60' lang='lat' dir='ltr'><strong>praelati</strong></span> <span class='ocrx_word' id='word_1_14' title='bbox 1338 873 1568 924; x_wconf 86' lang='lat' dir='ltr'><strong>invident</strong></span> <span class='ocrx_word' id='word_1_15' title='bbox 1595 871 1842 934; x_wconf 89' lang='lat' dir='ltr'><strong>subditis,</strong></span> <span class='ocrx_word' id='word_1_16' title='bbox 1888 879 1943 923; x_wconf 87' lang='lat' dir='ltr'><strong>et</strong></span> <span class='ocrx_word' id='word_1_17' title='bbox 1978 869 2171 923; x_wconf 85' lang='lat' dir='ltr'><strong>subditi</strong></span> 
     </span>
    </p>
   </div>
   <div class='ocr_carea' id='block_1_5' title="bbox 649 958 2219 1028">
    <p class='ocr_par' dir='ltr' id='par_1_5' title="bbox 649 958 2219 1028">
     <span class='ocr_line' id='line_1_5' title="bbox 649 958 2219 1028; baseline -0.001 -17"><span class='ocrx_word' id='word_1_18' title='bbox 649 960 896 1028; x_wconf 70' lang='lat' dir='ltr'><strong>praelato,</strong></span> <span class='ocrx_word' id='word_1_19' title='bbox 966 974 1087 1011; x_wconf 88' lang='lat' dir='ltr'><strong>cum</strong></span> <span class='ocrx_word' id='word_1_20' title='bbox 1146 959 1449 1011; x_wconf 80' lang='lat' dir='ltr'><strong>debuissent</strong></span> <span class='ocrx_word' id='word_1_21' title='bbox 1504 973 1561 1011; x_wconf 86' lang='lat' dir='ltr'><strong>se</strong></span> <span class='ocrx_word' id='word_1_22' title='bbox 1625 959 1846 1011; x_wconf 90' lang='lat' dir='ltr'><strong>invicem</strong></span> <span class='ocrx_word' id='word_1_23' title='bbox 1921 958 2219 1026; x_wconf 75' lang='lat' dir='ltr'><strong>diligere,~</strong></span> 
     </span>
    </p>
   </div>
   <div class='ocr_carea' id='block_1_6' title="bbox 647 1046 2171 1117">
    <p class='ocr_par' dir='ltr' id='par_1_6' title="bbox 647 1046 2171 1117">
     <span class='ocr_line' id='line_1_6' title="bbox 647 1046 2171 1117; baseline -0.001 -16"><span class='ocrx_word' id='word_1_24' title='bbox 647 1058 705 1102; x_wconf 85' lang='grc' dir='ltr'><strong>ιιι</strong></span> <span class='ocrx_word' id='word_1_25' title='bbox 731 1051 867 1103; x_wconf 89' lang='lat' dir='ltr'><strong>inter</strong></span> <span class='ocrx_word' id='word_1_26' title='bbox 907 1049 1150 1117; x_wconf 71' lang='lat' dir='ltr'><strong>prtelatos</strong></span> <span class='ocrx_word' id='word_1_27' title='bbox 1205 1057 1258 1100; x_wconf 91' lang='lat' dir='ltr'><strong>et</strong></span> <span class='ocrx_word' id='word_1_28' title='bbox 1291 1046 1530 1100; x_wconf 53' lang='lat' dir='ltr'><strong>subditos</strong></span> <span class='ocrx_word' id='word_1_29' title='bbox 1580 1048 1730 1100; x_wconf 88' lang='lat' dir='ltr'><strong>tieret</strong></span> <span class='ocrx_word' id='word_1_30' title='bbox 1772 1046 2171 1114; x_wconf 83' lang='lat' dir='ltr'><strong>comprehensio</strong></span> 
     </span>
    </p>
   </div>
   <div class='ocr_carea' id='block_1_7' title="bbox 646 1136 943 1191">
    <p class='ocr_par' dir='ltr' id='par_1_7' title="bbox 646 1136 943 1191">
     <span class='ocr_line' id='line_1_7' title="bbox 646 1136 943 1191; baseline -0.003 -1"><span class='ocrx_word' id='word_1_31' title='bbox 646 1136 943 1191; x_wconf 85' lang='lat' dir='ltr'><strong>ebaritatis.</strong></span> 
     </span>
    </p>
   </div>
   <div class='ocr_carea' id='block_1_8' title="bbox 712 1223 2170 1293">
    <p class='ocr_par' dir='ltr' id='par_1_8' title="bbox 712 1223 2170 1293">
     <span class='ocr_line' id='line_1_8' title="bbox 712 1223 2170 1293; baseline -0.004 -13"><span class='ocrx_word' id='word_1_32' title='bbox 712 1226 895 1289; x_wconf 76' lang='lat' dir='ltr'><strong>Sexto,</strong></span> <span class='ocrx_word' id='word_1_33' title='bbox 922 1226 1046 1293; x_wconf 89' lang='lat' dir='ltr'><strong>quia</strong></span> <span class='ocrx_word' id='word_1_34' title='bbox 1076 1225 1234 1277; x_wconf 88' lang='lat' dir='ltr'><strong>multa</strong></span> <span class='ocrx_word' id='word_1_35' title='bbox 1263 1225 1386 1275; x_wconf 82' lang='lat' dir='ltr'><strong>vitia</strong></span> <span class='ocrx_word' id='word_1_36' title='bbox 1410 1223 1626 1291; x_wconf 88' lang='lat' dir='ltr'><strong>palliant</strong></span> <span class='ocrx_word' id='word_1_37' title='bbox 1647 1224 1744 1277; x_wconf 90' lang='lat' dir='ltr'><strong>sub</strong></span> <span class='ocrx_word' id='word_1_38' title='bbox 1786 1225 1961 1292; x_wconf 90' lang='lat' dir='ltr'><strong>specie</strong></span> <span class='ocrx_word' id='word_1_39' title='bbox 2008 1224 2170 1275; x_wconf 89' lang='lat' dir='ltr'><strong>virtu-</strong></span> 
     </span>
    </p>
   </div>
   <div class='ocr_carea' id='block_1_9' title="bbox 643 1312 2193 1385">
    <p class='ocr_par' dir='ltr' id='par_1_9' title="bbox 643 1312 2193 1385">
     <span class='ocr_line' id='line_1_9' title="bbox 643 1312 2193 1385; baseline -0.002 -19"><span class='ocrx_word' id='word_1_40' title='bbox 643 1314 730 1367; x_wconf 91' lang='lat' dir='ltr'><strong>tis.</strong></span> <span class='ocrx_word' id='word_1_41' title='bbox 767 1313 899 1366; x_wconf 85' lang='lat' dir='ltr'><strong>Nam</strong></span> <span class='ocrx_word' id='word_1_42' title='bbox 941 1328 1058 1385; x_wconf 85' lang='lat' dir='ltr'><strong>cum</strong></span> <span class='ocrx_word' id='word_1_43' title='bbox 1087 1314 1193 1365; x_wconf 87' lang='lat' dir='ltr'><strong>sint</strong></span> <span class='ocrx_word' id='word_1_44' title='bbox 1233 1314 1393 1371; x_wconf 84' lang='lat' dir='ltr'><strong>avari,</strong></span> <span class='ocrx_word' id='word_1_45' title='bbox 1441 1312 1620 1365; x_wconf 83' lang='lat' dir='ltr'><strong>volunt</strong></span> <span class='ocrx_word' id='word_1_46' title='bbox 1648 1312 1813 1365; x_wconf 89' lang='lat' dir='ltr'><strong>videri</strong></span> <span class='ocrx_word' id='word_1_47' title='bbox 1859 1312 2193 1380; x_wconf 52' lang='lat' dir='ltr'><strong>temperati;</strong></span> 
     </span>
    </p>
   </div>
   <div class='ocr_carea' id='block_1_10' title="bbox 639 1400 2074 1467">
    <p class='ocr_par' dir='ltr' id='par_1_10' title="bbox 639 1400 2074 1467">
     <span class='ocr_line' id='line_1_10' title="bbox 639 1400 2074 1467; baseline -0.004 -12"><span class='ocrx_word' id='word_1_48' title='bbox 639 1410 693 1455; x_wconf 91' lang='lat' dir='ltr'><strong>et</strong></span> <span class='ocrx_word' id='word_1_49' title='bbox 726 1416 844 1456; x_wconf 91' lang='lat' dir='ltr'><strong>cum</strong></span> <span class='ocrx_word' id='word_1_50' title='bbox 875 1401 979 1454; x_wconf 86' lang='lat' dir='ltr'><strong>sint</strong></span> <span class='ocrx_word' id='word_1_51' title='bbox 1003 1401 1259 1460; x_wconf 86' lang='lat' dir='ltr'><strong>crudeles,</strong></span> <span class='ocrx_word' id='word_1_52' title='bbox 1286 1401 1466 1452; x_wconf 85' lang='lat' dir='ltr'><strong>volunt</strong></span> <span class='ocrx_word' id='word_1_53' title='bbox 1487 1400 1651 1452; x_wconf 88' lang='lat' dir='ltr'><strong>videri</strong></span> <span class='ocrx_word' id='word_1_54' title='bbox 1674 1400 2074 1467; x_wconf 83' lang='lat' dir='ltr'><strong>compatientes.</strong></span> 
     </span>
    </p>
   </div>
   <div class='ocr_carea' id='block_1_11' title="bbox 706 1488 2164 1559">
    <p class='ocr_par' dir='ltr' id='par_1_11' title="bbox 706 1488 2164 1559">
     <span class='ocr_line' id='line_1_11' title="bbox 706 1488 2164 1559; baseline -0.005 -16"><span class='ocrx_word' id='word_1_55' title='bbox 706 1488 959 1559; x_wconf 90' lang='lat' dir='ltr'><strong>Septimo,</strong></span> <span class='ocrx_word' id='word_1_56' title='bbox 980 1490 1101 1556; x_wconf 85' lang='lat' dir='ltr'><strong>quia</strong></span> <span class='ocrx_word' id='word_1_57' title='bbox 1125 1490 1221 1557; x_wconf 83' lang='lat' dir='ltr'><strong>ipsi</strong></span> <span class='ocrx_word' id='word_1_58' title='bbox 1258 1488 1451 1541; x_wconf 82' lang='lat' dir='ltr'><strong>subditi</strong></span> <span class='ocrx_word' id='word_1_59' title='bbox 1483 1488 1705 1539; x_wconf 89' lang='lat' dir='ltr'><strong>invicem</strong></span> <span class='ocrx_word' id='word_1_60' title='bbox 1730 1502 1788 1539; x_wconf 90' lang='lat' dir='ltr'><strong>se</strong></span> <span class='ocrx_word' id='word_1_61' title='bbox 1811 1493 2126 1539; x_wconf 89' lang='lat' dir='ltr'><strong>consumunt</strong></span> <span class='ocrx_word' id='word_1_62' title='bbox 2153 1504 2164 1536; x_wconf 91' lang='lat'>:</span> 
     </span>
    </p>
   </div>
   <div class='ocr_carea' id='block_1_12' title="bbox 637 1574 2027 1637">
    <p class='ocr_par' dir='ltr' id='par_1_12' title="bbox 637 1574 2027 1637">
     <span class='ocr_line' id='line_1_12' title="bbox 637 1574 2027 1637; baseline -0.003 -8"><span class='ocrx_word' id='word_1_63' title='bbox 637 1584 693 1629; x_wconf 86' lang='lat' dir='ltr'><strong>ct</strong></span> <span class='ocrx_word' id='word_1_64' title='bbox 713 1576 829 1629; x_wconf 83' lang='lat' dir='ltr'><strong>ideo</strong></span> <span class='ocrx_word' id='word_1_65' title='bbox 855 1576 1131 1629; x_wconf 65' lang='lat' dir='ltr'><strong>homicidae</strong></span> <span class='ocrx_word' id='word_1_66' title='bbox 1161 1583 1303 1637; x_wconf 79' lang='lat' dir='ltr'><strong>sunt,</strong></span> <span class='ocrx_word' id='word_1_67' title='bbox 1332 1583 1385 1626; x_wconf 88' lang='lat' dir='ltr'><strong>et</strong></span> <span class='ocrx_word' id='word_1_68' title='bbox 1408 1575 1695 1627; x_wconf 89' lang='lat' dir='ltr'><strong>deteriores</strong></span> <span class='ocrx_word' id='word_1_69' title='bbox 1717 1574 2027 1626; x_wconf 78' lang='lat' dir='ltr'><strong>latronibus.</strong></span> 
     </span>
    </p>
   </div>
   <div class='ocr_carea' id='block_1_13' title="bbox 709 1660 2168 1729">
    <p class='ocr_par' dir='ltr' id='par_1_13' title="bbox 709 1660 2168 1729">
     <span class='ocr_line' id='line_1_13' title="bbox 709 1660 2168 1729; baseline -0.002 -12"><span class='ocrx_word' id='word_1_70' title='bbox 709 1662 930 1727; x_wconf 88' lang='lat' dir='ltr'><strong>Octavo,</strong></span> <span class='ocrx_word' id='word_1_71' title='bbox 954 1663 1076 1729; x_wconf 80' lang='lat' dir='ltr'><strong>quia</strong></span> <span class='ocrx_word' id='word_1_72' title='bbox 1103 1662 1253 1714; x_wconf 87' lang='lat' dir='ltr'><strong>valde</strong></span> <span class='ocrx_word' id='word_1_73' title='bbox 1273 1670 1393 1714; x_wconf 82' lang='lat' dir='ltr'><strong>sunt</strong></span> <span class='ocrx_word' id='word_1_74' title='bbox 1421 1662 1800 1725; x_wconf 69' lang='lat' dir='ltr'><strong>inconstantes,</strong></span> <span class='ocrx_word' id='word_1_75' title='bbox 1843 1660 2168 1729; x_wconf 82' lang='lat' dir='ltr'><strong>proferentes</strong></span> 
     </span>
    </p>
   </div>
   <div class='ocr_carea' id='block_1_14' title="bbox 638 1749 1431 1803">
    <p class='ocr_par' dir='ltr' id='par_1_14' title="bbox 638 1749 1431 1803">
     <span class='ocr_line' id='line_1_14' title="bbox 638 1749 1431 1803; baseline -0.003 -2"><span class='ocrx_word' id='word_1_76' title='bbox 638 1750 796 1802; x_wconf 77' lang='lat' dir='ltr'><strong>verba</strong></span> <span class='ocrx_word' id='word_1_77' title='bbox 822 1749 1095 1803; x_wconf 82' lang='lat' dir='ltr'><strong>inhonesta</strong></span> <span class='ocrx_word' id='word_1_78' title='bbox 1128 1758 1183 1801; x_wconf 91' lang='lat' dir='ltr'><strong>ct</strong></span> <span class='ocrx_word' id='word_1_79' title='bbox 1207 1749 1431 1801; x_wconf 88' lang='lat' dir='ltr'><strong>inutilia.</strong></span> 
     </span>
    </p>
   </div>
   <div class='ocr_carea' id='block_1_15' title="bbox 704 1835 2167 1903">
    <p class='ocr_par' dir='ltr' id='par_1_15' title="bbox 704 1835 2167 1903">
     <span class='ocr_line' id='line_1_15' title="bbox 704 1835 2167 1903; baseline 0.001 -15"><span class='ocrx_word' id='word_1_80' title='bbox 704 1835 869 1897; x_wconf 86' lang='lat' dir='ltr'><strong>Nono,</strong></span> <span class='ocrx_word' id='word_1_81' title='bbox 921 1836 1044 1903; x_wconf 89' lang='lat' dir='ltr'><strong>quia</strong></span> <span class='ocrx_word' id='word_1_82' title='bbox 1092 1845 1313 1903; x_wconf 77' lang='lat' dir='ltr'><strong>peccant</strong></span> <span class='ocrx_word' id='word_1_83' title='bbox 1360 1836 1411 1887; x_wconf 91' lang='lat' dir='ltr'><strong>in</strong></span> <span class='ocrx_word' id='word_1_84' title='bbox 1440 1837 1747 1899; x_wconf 66' lang='lat' dir='ltr'><strong>sacrificiis,</strong></span> <span class='ocrx_word' id='word_1_85' title='bbox 1776 1840 1897 1890; x_wconf 87' lang='lat' dir='ltr'><strong>eum</strong></span> <span class='ocrx_word' id='word_1_86' title='bbox 1940 1836 2167 1891; x_wconf 73' lang='lat' dir='ltr'><strong>oll‘crunt</strong></span> 
     </span>
    </p>
   </div>
   <div class='ocr_carea' id='block_1_16' title="bbox 1711 491 3169 561">
    <p class='ocr_par' dir='ltr' id='par_1_16' title="bbox 1711 491 3169 561">
     <span class='ocr_line' id='line_1_16' title="bbox 1711 491 3169 561; baseline -0.003 -13"><span class='ocrx_word' id='word_1_87' title='bbox 1711 497 1800 550; x_wconf 83' lang='lat' dir='ltr'><strong>AD</strong></span> <span class='ocrx_word' id='word_1_88' title='bbox 1816 494 2366 550; x_wconf 62' lang='grc' dir='ltr'><strong>-ΡαΕΝιτΕΝτιΑιΕ</strong></span> <span class='ocrx_word' id='word_1_89' title='bbox 2405 491 2742 547; x_wconf 72' lang='lat' dir='ltr'><strong>TIIEODORI</strong></span> <span class='ocrx_word' id='word_1_90' title='bbox 3163 553 3169 561; x_wconf 32' lang='lat'>.</span> 
     </span>
    </p>
   </div>
   <div class='ocr_carea' id='block_1_17' title="bbox 655 600 3825 679">
    <p class='ocr_par' dir='ltr' id='par_1_17' title="bbox 655 600 3825 679">
     <span class='ocr_line' id='line_1_17' title="bbox 655 600 3825 679; baseline -0.004 -14"><span class='ocrx_word' id='word_1_91' title='bbox 655 612 799 665; x_wconf 86' lang='lat' dir='ltr'><strong>ribus</strong></span> <span class='ocrx_word' id='word_1_92' title='bbox 826 611 890 664; x_wconf 88' lang='lat' dir='ltr'><strong>de</strong></span> <span class='ocrx_word' id='word_1_93' title='bbox 906 610 1222 679; x_wconf 84' lang='lat' dir='ltr'><strong>patrimonio</strong></span> <span class='ocrx_word' id='word_1_94' title='bbox 1256 606 1504 661; x_wconf 77' lang='lat' dir='ltr'><strong>Cruciﬁxi</strong></span> <span class='ocrx_word' id='word_1_95' title='bbox 1531 607 1581 659; x_wconf 89' lang='lat' dir='ltr'><strong>in</strong></span> <span class='ocrx_word' id='word_1_96' title='bbox 1612 606 1846 672; x_wconf 85' lang='lat' dir='ltr'><strong>periculo</strong></span> <span class='ocrx_word' id='word_1_97' title='bbox 1878 606 2172 658; x_wconf 88' lang='lat' dir='ltr'><strong>animarum</strong></span> <span class='ocrx_word' id='word_1_98' title='bbox 2201 611 2247 666; x_wconf 77' lang='grc' dir='ltr'><strong>Α</strong></span> <span class='ocrx_word' id='word_1_99' title='bbox 2273 601 2495 667; x_wconf 79' lang='lat' dir='ltr'><strong>Christi;</strong></span> <span class='ocrx_word' id='word_1_100' title='bbox 2518 613 2572 654; x_wconf 88' lang='lat' dir='ltr'><strong>et</strong></span> <span class='ocrx_word' id='word_1_101' title='bbox 2596 602 2881 656; x_wconf 88' lang='lat' dir='ltr'><strong>secundum</strong></span> <span class='ocrx_word' id='word_1_102' title='bbox 2912 600 3143 670; x_wconf 82' lang='lat' dir='ltr'><strong>regulam</strong></span> <span class='ocrx_word' id='word_1_103' title='bbox 3169 602 3348 655; x_wconf 88' lang='lat' dir='ltr'><strong>Jacobi</strong></span> <span class='ocrx_word' id='word_1_104' title='bbox 3374 601 3595 669; x_wconf 72' lang='lat' dir='ltr'><strong>apostoli</strong></span> <span class='ocrx_word' id='word_1_105' title='bbox 3621 602 3825 675; x_wconf 30' lang='lat' dir='ltr'><strong>dicen-3</strong></span> 
     </span>
    </p>
   </div>
   <div class='ocr_carea' id='block_1_18' title="bbox 3662 494 3803 555">
    <p class='ocr_par' dir='ltr' id='par_1_18' title="bbox 3662 494 3803 555">
     <span class='ocr_line' id='line_1_18' title="bbox 3662 494 3803 555; baseline 0.035 -11"><span class='ocrx_word' id='word_1_106' title='bbox 3662 494 3803 555; x_wconf 65' lang='lat'><strong>{108</strong></span> 
     </span>
    </p>
   </div>
   <div class='ocr_carea' id='block_1_19' title="bbox 2268 687 3805 756">
    <p class='ocr_par' dir='ltr' id='par_1_19' title="bbox 2268 687 3805 756">
     <span class='ocr_line' id='line_1_19' title="bbox 2268 687 3805 756; baseline 0 -16"><span class='ocrx_word' id='word_1_107' title='bbox 2268 689 2378 743; x_wconf 85' lang='lat' dir='ltr'><strong>tis:</strong></span> <span class='ocrx_word' id='word_1_108' title='bbox 2407 688 2729 755; x_wconf 80' lang='lat' dir='ltr'><strong>Conﬁtemini</strong></span> <span class='ocrx_word' id='word_1_109' title='bbox 2771 687 3070 741; x_wconf 86' lang='lat' dir='ltr'><strong>alterutrum</strong></span> <span class='ocrx_word' id='word_1_110' title='bbox 3106 699 3313 756; x_wconf 86' lang='lat' dir='ltr'><strong>peccata</strong></span> <span class='ocrx_word' id='word_1_111' title='bbox 3355 697 3538 749; x_wconf 77' lang='lat' dir='ltr'><strong>vestra,</strong></span> <span class='ocrx_word' id='word_1_112' title='bbox 3582 697 3626 738; x_wconf 93' lang='lat' dir='ltr'><strong>et</strong></span> <span class='ocrx_word' id='word_1_113' title='bbox 3658 701 3805 741; x_wconf 83' lang='lat' dir='ltr'><strong>orate</strong></span> 
     </span>
    </p>
   </div>
   <div class='ocr_carea' id='block_1_20' title="bbox 2267 773 3003 844">
    <p class='ocr_par' dir='ltr' id='par_1_20' title="bbox 2267 773 3003 844">
     <span class='ocr_line' id='line_1_20' title="bbox 2267 773 3003 844; baseline 0.001 -18"><span class='ocrx_word' id='word_1_114' title='bbox 2267 792 2358 844; x_wconf 83' lang='lat' dir='ltr'><strong>pro</strong></span> <span class='ocrx_word' id='word_1_115' title='bbox 2388 776 2617 837; x_wconf 78' lang='lat' dir='ltr'><strong>invicem,</strong></span> <span class='ocrx_word' id='word_1_116' title='bbox 2645 780 2699 827; x_wconf 79' lang='lat' dir='ltr'><strong>&#39;ut</strong></span> <span class='ocrx_word' id='word_1_117' title='bbox 2724 773 3003 828; x_wconf 78' lang='lat' dir='ltr'><strong>salremini.</strong></span> 
     </span>
    </p>
   </div>
   <div class='ocr_carea' id='block_1_21' title="bbox 2272 883 3807 954">
    <p class='ocr_par' dir='ltr' id='par_1_21' title="bbox 2272 883 3807 954">
     <span class='ocr_line' id='line_1_21' title="bbox 2272 883 3807 954; baseline -0.002 -16"><span class='ocrx_word' id='word_1_118' title='bbox 2272 884 2453 938; x_wconf 86' lang='lat' dir='ltr'><strong>Utrum</strong></span> <span class='ocrx_word' id='word_1_119' title='bbox 2463 888 2620 954; x_wconf 82' lang='lat' dir='ltr'><strong>possit</strong></span> <span class='ocrx_word' id='word_1_120' title='bbox 2634 886 2891 954; x_wconf 85' lang='lat' dir='ltr'><strong>presbyter</strong></span> <span class='ocrx_word' id='word_1_121' title='bbox 2907 887 3122 954; x_wconf 78' lang='lat' dir='ltr'><strong>recipere</strong></span> <span class='ocrx_word' id='word_1_122' title='bbox 3136 886 3419 954; x_wconf 76' lang='lat' dir='ltr'><strong>pecuniam,</strong></span> <span class='ocrx_word' id='word_1_123' title='bbox 3436 883 3511 954; x_wconf 80' lang='lat' dir='ltr'><strong>uel</strong></span> <span class='ocrx_word' id='word_1_124' title='bbox 3525 884 3628 954; x_wconf 78' lang='lat' dir='ltr'><strong>alia</strong></span> <span class='ocrx_word' id='word_1_125' title='bbox 3640 885 3807 947; x_wconf 79' lang='lat' dir='ltr'><strong>dona,</strong></span> 
     </span>
    </p>
   </div>
   <div class='ocr_carea' id='block_1_22' title="bbox 2356 951 3688 1022">
    <p class='ocr_par' dir='ltr' id='par_1_22' title="bbox 2356 951 3688 1022">
     <span class='ocr_line' id='line_1_22' title="bbox 2356 951 3688 1022; baseline -0.002 -18"><span class='ocrx_word' id='word_1_126' title='bbox 2356 951 2472 1022; x_wconf 71' lang='lat' dir='ltr'><strong>&#39;pro</strong></span> <span class='ocrx_word' id='word_1_127' title='bbox 2498 951 2664 1007; x_wconf 81' lang='lat' dir='ltr'><strong>missis</strong></span> <span class='ocrx_word' id='word_1_128' title='bbox 2693 951 2980 1015; x_wconf 69' lang='lat' dir='ltr'><strong>cantaridis,</strong></span> <span class='ocrx_word' id='word_1_129' title='bbox 3004 951 3050 1005; x_wconf 81' lang='lat' dir='ltr'><strong>et</strong></span> <span class='ocrx_word' id='word_1_130' title='bbox 3078 951 3170 1020; x_wconf 86' lang='lat' dir='ltr'><strong>pro</strong></span> <span class='ocrx_word' id='word_1_131' title='bbox 3196 953 3312 1005; x_wconf 84' lang='lat' dir='ltr'><strong>aliis</strong></span> <span class='ocrx_word' id='word_1_132' title='bbox 3348 951 3688 1005; x_wconf 79' lang='lat' dir='ltr'><strong>orationibus.</strong></span> 
     </span>
    </p>
   </div>
   <div class='ocr_carea' id='block_1_23' title="bbox 2849 1039 3229 1109">
    <p class='ocr_par' dir='ltr' id='par_1_23' title="bbox 2849 1039 3229 1109">
     <span class='ocr_line' id='line_1_23' title="bbox 2849 1039 3229 1109; baseline -0.003 -16"><span class='ocrx_word' id='word_1_133' title='bbox 2849 1041 2948 1109; x_wconf 80' lang='lat' dir='ltr'><strong>(Ex</strong></span> <span class='ocrx_word' id='word_1_134' title='bbox 2974 1055 3087 1108; x_wconf 85' lang='lat' dir='ltr'><strong>cap.</strong></span> <span class='ocrx_word' id='word_1_135' title='bbox 3117 1039 3229 1109; x_wconf 72' lang='lat'><strong>2‘2.)</strong></span> 
     </span>
    </p>
   </div>
   <div class='ocr_carea' id='block_1_24' title="bbox 2337 1126 3808 1196">
    <p class='ocr_par' dir='ltr' id='par_1_24' title="bbox 2337 1126 3808 1196">
     <span class='ocr_line' id='line_1_24' title="bbox 2337 1126 3808 1196; baseline -0.005 -13"><span class='ocrx_word' id='word_1_136' title='bbox 2337 1129 2554 1183; x_wconf 77' lang='lat' dir='ltr'><strong>Videtur</strong></span> <span class='ocrx_word' id='word_1_137' title='bbox 2588 1129 2738 1196; x_wconf 85' lang='lat' dir='ltr'><strong>quod</strong></span> <span class='ocrx_word' id='word_1_138' title='bbox 2768 1129 3017 1181; x_wconf 84' lang='lat' dir='ltr'><strong>sacerdos</strong></span> <span class='ocrx_word' id='word_1_139' title='bbox 3047 1144 3149 1180; x_wconf 89' lang='lat' dir='ltr'><strong>non</strong></span> <span class='ocrx_word' id='word_1_140' title='bbox 3178 1127 3344 1195; x_wconf 84' lang='lat' dir='ltr'><strong>possit</strong></span> <span class='ocrx_word' id='word_1_141' title='bbox 3375 1126 3609 1194; x_wconf 80' lang='lat' dir='ltr'><strong>recipere</strong></span> <span class='ocrx_word' id='word_1_142' title='bbox 3647 1139 3808 1192; x_wconf 80' lang='lat' dir='ltr'><strong>pecu—</strong></span> 
     </span>
    </p>
   </div>
   <div class='ocr_carea' id='block_1_25' title="bbox 2267 1213 3805 1284">
    <p class='ocr_par' dir='ltr' id='par_1_25' title="bbox 2267 1213 3805 1284">
     <span class='ocr_line' id='line_1_25' title="bbox 2267 1213 3805 1284; baseline -0.004 -14"><span class='ocrx_word' id='word_1_143' title='bbox 2267 1218 2406 1270; x_wconf 83' lang='lat' dir='ltr'><strong>niam</strong></span> <span class='ocrx_word' id='word_1_144' title='bbox 2425 1231 2523 1284; x_wconf 86' lang='lat' dir='ltr'><strong>pro</strong></span> <span class='ocrx_word' id='word_1_145' title='bbox 2542 1217 2715 1270; x_wconf 86' lang='lat' dir='ltr'><strong>missis</strong></span> <span class='ocrx_word' id='word_1_146' title='bbox 2742 1217 3031 1275; x_wconf 87' lang='lat' dir='ltr'><strong>cantandis,</strong></span> <span class='ocrx_word' id='word_1_147' title='bbox 3077 1230 3207 1282; x_wconf 85' lang='lat' dir='ltr'><strong>quas</strong></span> <span class='ocrx_word' id='word_1_148' title='bbox 3234 1214 3506 1283; x_wconf 74' lang='lat' dir='ltr'><strong>pmnitenti</strong></span> <span class='ocrx_word' id='word_1_149' title='bbox 3531 1213 3805 1280; x_wconf 88' lang='lat' dir='ltr'><strong>imposuit.</strong></span> 
     </span>
    </p>
   </div>
   <div class='ocr_carea' id='block_1_26' title="bbox 2266 1289 3811 1373">
    <p class='ocr_par' dir='ltr' id='par_1_26' title="bbox 2266 1289 3811 1373">
     <span class='ocr_line' id='line_1_26' title="bbox 2266 1289 3811 1373; baseline 0 -17"><span class='ocrx_word' id='word_1_150' title='bbox 2266 1305 2356 1358; x_wconf 77' lang='lat' dir='ltr'><strong>llle</strong></span> <span class='ocrx_word' id='word_1_151' title='bbox 2382 1306 2521 1373; x_wconf 88' lang='lat' dir='ltr'><strong>enim</strong></span> <span class='ocrx_word' id='word_1_152' title='bbox 2544 1306 2676 1357; x_wconf 87' lang='lat' dir='ltr'><strong>bene</strong></span> <span class='ocrx_word' id='word_1_153' title='bbox 2706 1304 2907 1358; x_wconf 83' lang='lat' dir='ltr'><strong>sciebat</strong></span> <span class='ocrx_word' id='word_1_154' title='bbox 2940 1289 3090 1373; x_wconf 76' lang='lat' dir='ltr'><strong>quod</strong></span> <span class='ocrx_word' id='word_1_155' title='bbox 3110 1305 3292 1359; x_wconf 79' lang='lat' dir='ltr'><strong>laicus.</strong></span> <span class='ocrx_word' id='word_1_156' title='bbox 3315 1321 3417 1357; x_wconf 90' lang='lat' dir='ltr'><strong>non</strong></span> <span class='ocrx_word' id='word_1_157' title='bbox 3452 1313 3660 1372; x_wconf 90' lang='lat' dir='ltr'><strong>poterat</strong></span> <span class='ocrx_word' id='word_1_158' title='bbox 3682 1319 3811 1356; x_wconf 84' lang='lat' dir='ltr'><strong>ean-</strong></span> 
     </span>
    </p>
   </div>
   <div class='ocr_carea' id='block_1_27' title="bbox 2267 1377 3811 1458">
    <p class='ocr_par' dir='ltr' id='par_1_27' title="bbox 2267 1377 3811 1458">
     <span class='ocr_line' id='line_1_27' title="bbox 2267 1377 3811 1458; baseline 0.002 -17"><span class='ocrx_word' id='word_1_159' title='bbox 2267 1399 2379 1443; x_wconf 90' lang='lat' dir='ltr'><strong>tare</strong></span> <span class='ocrx_word' id='word_1_160' title='bbox 2407 1391 2623 1442; x_wconf 87' lang='lat' dir='ltr'><strong>missam</strong></span> <span class='ocrx_word' id='word_1_161' title='bbox 2656 1409 2668 1443; x_wconf 90' lang='lat'><strong>:</strong></span> <span class='ocrx_word' id='word_1_162' title='bbox 2708 1398 2761 1444; x_wconf 91' lang='lat' dir='ltr'><strong>et</strong></span> <span class='ocrx_word' id='word_1_163' title='bbox 2784 1392 2901 1443; x_wconf 78' lang='lat' dir='ltr'><strong>ideo</strong></span> <span class='ocrx_word' id='word_1_164' title='bbox 2938 1377 3344 1457; x_wconf 61' lang='lat' dir='ltr'><strong>prmsumcretur</strong></span> <span class='ocrx_word' id='word_1_165' title='bbox 3379 1392 3519 1458; x_wconf 86' lang='lat' dir='ltr'><strong>quod</strong></span> <span class='ocrx_word' id='word_1_166' title='bbox 3557 1392 3811 1444; x_wconf 84' lang='lat' dir='ltr'><strong>sacerdos</strong></span> 
     </span>
    </p>
   </div>
   <div class='ocr_carea' id='block_1_28' title="bbox 2268 1477 3807 1553">
    <p class='ocr_par' dir='ltr' id='par_1_28' title="bbox 2268 1477 3807 1553">
     <span class='ocr_line' id='line_1_28' title="bbox 2268 1477 3807 1553; baseline 0 -23"><span class='ocrx_word' id='word_1_167' title='bbox 2268 1479 2320 1530; x_wconf 88' lang='lat' dir='ltr'><strong>in</strong></span> <span class='ocrx_word' id='word_1_168' title='bbox 2346 1477 2528 1531; x_wconf 79' lang='lat' dir='ltr'><strong>fraude</strong></span> <span class='ocrx_word' id='word_1_169' title='bbox 2564 1478 2784 1553; x_wconf 75' lang='lat' dir='ltr'><strong>canonis</strong></span> <span class='ocrx_word' id='word_1_170' title='bbox 2821 1478 2924 1531; x_wconf 90' lang='lat' dir='ltr'><strong>tale</strong></span> <span class='ocrx_word' id='word_1_171' title='bbox 2974 1494 3107 1531; x_wconf 90' lang='lat' dir='ltr'><strong>onus</strong></span> <span class='ocrx_word' id='word_1_172' title='bbox 3136 1479 3489 1546; x_wconf 82' lang='lat' dir='ltr'><strong>imposuisset,</strong></span> <span class='ocrx_word' id='word_1_173' title='bbox 3529 1488 3586 1530; x_wconf 92' lang='lat' dir='ltr'><strong>ut</strong></span> <span class='ocrx_word' id='word_1_174' title='bbox 3622 1486 3807 1545; x_wconf 88' lang='lat' dir='ltr'><strong>postea</strong></span> 
     </span>
    </p>
   </div>
   <div class='ocr_carea' id='block_1_29' title="bbox 2267 1565 3809 1634">
    <p class='ocr_par' dir='ltr' id='par_1_29' title="bbox 2267 1565 3809 1634">
     <span class='ocr_line' id='line_1_29' title="bbox 2267 1565 3809 1634; baseline 0.001 -16"><span class='ocrx_word' id='word_1_175' title='bbox 2267 1576 2476 1634; x_wconf 78' lang='lat' dir='ltr'><strong>recepta</strong></span> <span class='ocrx_word' id='word_1_176' title='bbox 2510 1567 2730 1633; x_wconf 88' lang='lat' dir='ltr'><strong>pecunia</strong></span> <span class='ocrx_word' id='word_1_177' title='bbox 2761 1582 2880 1620; x_wconf 90' lang='lat' dir='ltr'><strong>eum</strong></span> <span class='ocrx_word' id='word_1_178' title='bbox 2929 1567 2995 1619; x_wconf 87' lang='lat' dir='ltr'><strong>ab</strong></span> <span class='ocrx_word' id='word_1_179' title='bbox 3030 1567 3118 1620; x_wconf 92' lang='lat' dir='ltr'><strong>illo</strong></span> <span class='ocrx_word' id='word_1_180' title='bbox 3163 1582 3324 1620; x_wconf 88' lang='lat' dir='ltr'><strong>onere</strong></span> <span class='ocrx_word' id='word_1_181' title='bbox 3365 1567 3638 1620; x_wconf 87' lang='lat' dir='ltr'><strong>relevaret.</strong></span> <span class='ocrx_word' id='word_1_182' title='bbox 3697 1565 3809 1620; x_wconf 89' lang='lat' dir='ltr'><strong>lloc</strong></span> 
     </span>
    </p>
   </div>
   <div class='ocr_carea' id='block_1_30' title="bbox 2263 1640 3807 1722">
    <p class='ocr_par' dir='ltr' id='par_1_30' title="bbox 2263 1640 3807 1722">
     <span class='ocr_line' id='line_1_30' title="bbox 2263 1640 3807 1722; baseline -0.001 -15"><span class='ocrx_word' id='word_1_183' title='bbox 2263 1668 2387 1722; x_wconf 84' lang='lat' dir='ltr'><strong>ergo</strong></span> <span class='ocrx_word' id='word_1_184' title='bbox 2420 1670 2539 1708; x_wconf 88' lang='lat' dir='ltr'><strong>cum</strong></span> <span class='ocrx_word' id='word_1_185' title='bbox 2564 1656 2633 1707; x_wconf 89' lang='lat' dir='ltr'><strong>sit</strong></span> <span class='ocrx_word' id='word_1_186' title='bbox 2658 1656 2859 1721; x_wconf 80' lang='lat' dir='ltr'><strong>species</strong></span> <span class='ocrx_word' id='word_1_187' title='bbox 2879 1655 3019 1718; x_wconf 84' lang='lat' dir='ltr'><strong>mali,</strong></span> <span class='ocrx_word' id='word_1_188' title='bbox 3050 1640 3165 1708; x_wconf 73' lang='lat' dir='ltr'><strong>ideo</strong></span> <span class='ocrx_word' id='word_1_189' title='bbox 3190 1655 3474 1708; x_wconf 88' lang='lat' dir='ltr'><strong>secundum</strong></span> <span class='ocrx_word' id='word_1_190' title='bbox 3497 1654 3807 1722; x_wconf 80' lang='lat' dir='ltr'><strong>Apostoluai</strong></span> 
     </span>
    </p>
   </div>
   <div class='ocr_carea' id='block_1_31' title="bbox 2264 1741 3810 1811">
    <p class='ocr_par' dir='ltr' id='par_1_31' title="bbox 2264 1741 3810 1811">
     <span class='ocr_line' id='line_1_31' title="bbox 2264 1741 3810 1811; baseline 0.003 -21"><span class='ocrx_word' id='word_1_191' title='bbox 2264 1741 2530 1793; x_wconf 87' lang='lat' dir='ltr'><strong>vitandum</strong></span> <span class='ocrx_word' id='word_1_192' title='bbox 2557 1750 2655 1794; x_wconf 90' lang='lat' dir='ltr'><strong>est.</strong></span> <span class='ocrx_word' id='word_1_193' title='bbox 2697 1742 2860 1797; x_wconf 86' lang='lat' dir='ltr'><strong>Debet</strong></span> <span class='ocrx_word' id='word_1_194' title='bbox 2882 1756 3006 1811; x_wconf 82' lang='lat' dir='ltr'><strong>ergo</strong></span> <span class='ocrx_word' id='word_1_195' title='bbox 3034 1742 3282 1795; x_wconf 84' lang='lat' dir='ltr'><strong>sacerdos</strong></span> <span class='ocrx_word' id='word_1_196' title='bbox 3303 1742 3352 1795; x_wconf 92' lang='lat' dir='ltr'><strong>ei</strong></span> <span class='ocrx_word' id='word_1_197' title='bbox 3384 1742 3541 1795; x_wconf 88' lang='lat' dir='ltr'><strong>aliam</strong></span> <span class='ocrx_word' id='word_1_198' title='bbox 3576 1743 3810 1796; x_wconf 86' lang='lat' dir='ltr'><strong>indicere</strong></span> 
     </span>
    </p>
   </div>
   <div class='ocr_carea' id='block_1_32' title="bbox 2265 1830 2781 1897">
    <p class='ocr_par' dir='ltr' id='par_1_32' title="bbox 2265 1830 2781 1897">
     <span class='ocr_line' id='line_1_32' title="bbox 2265 1830 2781 1897; baseline 0 -16"><span class='ocrx_word' id='word_1_199' title='bbox 2265 1830 2649 1897; x_wconf 68' lang='lat' dir='ltr'><strong>pmnitentiam,</strong></span> <span class='ocrx_word' id='word_1_200' title='bbox 2681 1837 2781 1883; x_wconf 92' lang='lat' dir='ltr'><strong>etc.</strong></span> 
     </span>
    </p>
   </div>
   <div class='ocr_carea' id='block_1_33' title="bbox 635 1918 3807 2015">
    <p class='ocr_par' dir='ltr' id='par_1_33' title="bbox 635 1918 3807 2015">
     <span class='ocr_line' id='line_1_33' title="bbox 635 1918 3807 2015; baseline -0.002 -37"><span class='ocrx_word' id='word_1_201' title='bbox 635 1925 861 1984; x_wconf 82' lang='lat' dir='ltr'><strong>bestiam</strong></span> <span class='ocrx_word' id='word_1_202' title='bbox 880 1923 1099 1979; x_wconf 85' lang='lat' dir='ltr'><strong>fractam</strong></span> <span class='ocrx_word' id='word_1_203' title='bbox 1122 1923 1201 1976; x_wconf 91' lang='lat' dir='ltr'><strong>vel</strong></span> <span class='ocrx_word' id='word_1_204' title='bbox 1221 1925 1401 1977; x_wconf 89' lang='lat' dir='ltr'><strong>vinum</strong></span> <span class='ocrx_word' id='word_1_205' title='bbox 1423 1925 1537 1978; x_wconf 90' lang='lat' dir='ltr'><strong>sine</strong></span> <span class='ocrx_word' id='word_1_206' title='bbox 1560 1941 1713 1993; x_wconf 81' lang='lat' dir='ltr'><strong>aqua,</strong></span> <span class='ocrx_word' id='word_1_207' title='bbox 1737 1926 1817 1977; x_wconf 88' lang='lat' dir='ltr'><strong>vel</strong></span> <span class='ocrx_word' id='word_1_208' title='bbox 1840 1941 2028 1993; x_wconf 88' lang='lat' dir='ltr'><strong>aquam</strong></span> <span class='ocrx_word' id='word_1_209' title='bbox 2051 1928 2165 2015; x_wconf 69' lang='lat' dir='ltr'><strong>sipe</strong></span> <span class='ocrx_word' id='word_1_210' title='bbox 2198 1938 2240 1995; x_wconf 74' lang='grc' dir='ltr'><strong><em>Β</em></strong></span> <span class='ocrx_word' id='word_1_211' title='bbox 2271 1918 2453 1972; x_wconf 78' lang='lat' dir='ltr'><strong>Utrum</strong></span> <span class='ocrx_word' id='word_1_212' title='bbox 2475 1921 2735 2015; x_wconf 71' lang='lat' dir='ltr'><strong>episcopus</strong></span> <span class='ocrx_word' id='word_1_213' title='bbox 2759 1920 2834 1973; x_wconf 83' lang='lat' dir='ltr'><strong>vel</strong></span> <span class='ocrx_word' id='word_1_214' title='bbox 2860 1920 3003 1999; x_wconf 33' lang='lat' dir='ltr'><strong>alius.</strong></span> <span class='ocrx_word' id='word_1_215' title='bbox 3027 1921 3271 2000; x_wconf 75' lang='lat' dir='ltr'><strong>pra-latus</strong></span> <span class='ocrx_word' id='word_1_216' title='bbox 3295 1923 3452 2015; x_wconf 65' lang='lat' dir='ltr'><strong>possit</strong></span> <span class='ocrx_word' id='word_1_217' title='bbox 3471 1923 3671 2015; x_wconf 51' lang='lat' dir='ltr'><strong>exiget}</strong></span> <span class='ocrx_word' id='word_1_218' title='bbox 3696 1932 3807 2015; x_wconf 42' lang='lat' dir='ltr'><strong>[aut</strong></span> 
     </span>
    </p>
   </div>
   <div class='ocr_carea' id='block_1_34' title="bbox 638 2012 2167 2077">
    <p class='ocr_par' dir='ltr' id='par_1_34' title="bbox 638 2012 2167 2077">
     <span class='ocr_line' id='line_1_34' title="bbox 638 2012 2167 2077; baseline 0.002 -13"><span class='ocrx_word' id='word_1_219' title='bbox 638 2013 777 2077; x_wconf 87' lang='lat' dir='ltr'><strong>vino,</strong></span> <span class='ocrx_word' id='word_1_220' title='bbox 812 2012 1140 2068; x_wconf 86' lang='lat' dir='ltr'><strong>celebrantes</strong></span> <span class='ocrx_word' id='word_1_221' title='bbox 1163 2012 1243 2066; x_wconf 86' lang='lat' dir='ltr'><strong>bis</strong></span> <span class='ocrx_word' id='word_1_222' title='bbox 1264 2012 1317 2065; x_wconf 91' lang='lat' dir='ltr'><strong>in</strong></span> <span class='ocrx_word' id='word_1_223' title='bbox 1333 2012 1436 2077; x_wconf 88' lang='lat' dir='ltr'><strong>die,</strong></span> <span class='ocrx_word' id='word_1_224' title='bbox 1464 2014 1545 2067; x_wconf 90' lang='lat' dir='ltr'><strong>vel</strong></span> <span class='ocrx_word' id='word_1_225' title='bbox 1574 2031 1676 2067; x_wconf 84' lang='lat' dir='ltr'><strong>non</strong></span> <span class='ocrx_word' id='word_1_226' title='bbox 1703 2016 2006 2067; x_wconf 88' lang='lat' dir='ltr'><strong>custodiunt</strong></span> <span class='ocrx_word' id='word_1_227' title='bbox 2025 2012 2167 2068; x_wconf 84' lang='lat' dir='ltr'><strong>chri-</strong></span> 
     </span>
    </p>
   </div>
   <div class='ocr_carea' id='block_1_35' title="bbox 632 2101 2168 2167">
    <p class='ocr_par' dir='ltr' id='par_1_35' title="bbox 632 2101 2168 2167">
     <span class='ocr_line' id='line_1_35' title="bbox 632 2101 2168 2167; baseline 0.001 -9"><span class='ocrx_word' id='word_1_228' title='bbox 632 2118 746 2158; x_wconf 81' lang='lat' dir='ltr'><strong>sma</strong></span> <span class='ocrx_word' id='word_1_229' title='bbox 770 2101 851 2157; x_wconf 85' lang='lat' dir='ltr'><strong>vel</strong></span> <span class='ocrx_word' id='word_1_230' title='bbox 874 2102 1247 2156; x_wconf 81' lang='lat' dir='ltr'><strong>eucharistiam</strong></span> <span class='ocrx_word' id='word_1_231' title='bbox 1270 2102 1406 2156; x_wconf 90' lang='lat' dir='ltr'><strong>sicut</strong></span> <span class='ocrx_word' id='word_1_232' title='bbox 1427 2103 1649 2167; x_wconf 77' lang='lat' dir='ltr'><strong>debent,</strong></span> <span class='ocrx_word' id='word_1_233' title='bbox 1667 2104 1750 2157; x_wconf 86' lang='lat' dir='ltr'><strong>vel</strong></span> <span class='ocrx_word' id='word_1_234' title='bbox 1782 2120 1885 2157; x_wconf 93' lang='lat' dir='ltr'><strong>non</strong></span> <span class='ocrx_word' id='word_1_235' title='bbox 1914 2104 2168 2159; x_wconf 89' lang='lat' dir='ltr'><strong>mundant</strong></span> 
     </span>
    </p>
   </div>
   <div class='ocr_carea' id='block_1_36' title="bbox 636 2188 2165 2246">
    <p class='ocr_par' dir='ltr' id='par_1_36' title="bbox 636 2188 2165 2246">
     <span class='ocr_line' id='line_1_36' title="bbox 636 2188 2165 2246; baseline 0.004 -7"><span class='ocrx_word' id='word_1_236' title='bbox 636 2202 759 2242; x_wconf 87' lang='lat' dir='ltr'><strong>vasa</strong></span> <span class='ocrx_word' id='word_1_237' title='bbox 808 2196 862 2242; x_wconf 88' lang='lat' dir='ltr'><strong>et</strong></span> <span class='ocrx_word' id='word_1_238' title='bbox 898 2188 1084 2242; x_wconf 88' lang='lat' dir='ltr'><strong>altaria</strong></span> <span class='ocrx_word' id='word_1_239' title='bbox 1134 2198 1190 2242; x_wconf 90' lang='lat' dir='ltr'><strong>et</strong></span> <span class='ocrx_word' id='word_1_240' title='bbox 1228 2190 1539 2243; x_wconf 85' lang='lat' dir='ltr'><strong>vestimenta</strong></span> <span class='ocrx_word' id='word_1_241' title='bbox 1584 2189 1833 2244; x_wconf 84' lang='lat' dir='ltr'><strong>decenter</strong></span> <span class='ocrx_word' id='word_1_242' title='bbox 1877 2193 2165 2246; x_wconf 88' lang='lat' dir='ltr'><strong>secundum</strong></span> 
     </span>
    </p>
   </div>
   <div class='ocr_carea' id='block_1_37' title="bbox 588 2274 884 2331">
    <p class='ocr_par' dir='ltr' id='par_1_37' title="bbox 588 2274 884 2331">
     <span class='ocr_line' id='line_1_37' title="bbox 588 2274 884 2331; baseline 0.003 -3"><span class='ocrx_word' id='word_1_243' title='bbox 588 2274 593 2278; x_wconf 81' lang='grc'><strong>’</strong></span> <span class='ocrx_word' id='word_1_244' title='bbox 636 2291 884 2331; x_wconf 86' lang='lat' dir='ltr'><strong>canones.</strong></span> 
     </span>
    </p>
   </div>
   <div class='ocr_carea' id='block_1_38' title="bbox 707 2364 2161 2433">
    <p class='ocr_par' dir='ltr' id='par_1_38' title="bbox 707 2364 2161 2433">
     <span class='ocr_line' id='line_1_38' title="bbox 707 2364 2161 2433; baseline 0.005 -16"><span class='ocrx_word' id='word_1_245' title='bbox 707 2364 940 2429; x_wconf 87' lang='lat' dir='ltr'><strong>Decimo,</strong></span> <span class='ocrx_word' id='word_1_246' title='bbox 969 2366 1093 2433; x_wconf 89' lang='lat' dir='ltr'><strong>quia</strong></span> <span class='ocrx_word' id='word_1_247' title='bbox 1142 2366 1275 2421; x_wconf 89' lang='lat' dir='ltr'><strong>alios</strong></span> <span class='ocrx_word' id='word_1_248' title='bbox 1322 2368 1631 2422; x_wconf 86' lang='lat' dir='ltr'><strong>subvertant</strong></span> <span class='ocrx_word' id='word_1_249' title='bbox 1666 2379 1720 2423; x_wconf 91' lang='lat' dir='ltr'><strong>et</strong></span> <span class='ocrx_word' id='word_1_250' title='bbox 1751 2370 1803 2423; x_wconf 91' lang='lat' dir='ltr'><strong>in</strong></span> <span class='ocrx_word' id='word_1_251' title='bbox 1832 2371 1973 2423; x_wconf 92' lang='lat' dir='ltr'><strong>omni</strong></span> <span class='ocrx_word' id='word_1_252' title='bbox 2027 2371 2161 2433; x_wconf 86' lang='lat' dir='ltr'><strong>loco,</strong></span> 
     </span>
    </p>
   </div>
   <div class='ocr_carea' id='block_1_39' title="bbox 638 2455 2165 2525">
    <p class='ocr_par' dir='ltr' id='par_1_39' title="bbox 638 2455 2165 2525">
     <span class='ocr_line' id='line_1_39' title="bbox 638 2455 2165 2525; baseline 0.003 -20"><span class='ocrx_word' id='word_1_253' title='bbox 638 2465 695 2506; x_wconf 86' lang='lat' dir='ltr'><strong>ut</strong></span> <span class='ocrx_word' id='word_1_254' title='bbox 723 2462 946 2508; x_wconf 85' lang='lat' dir='ltr'><strong>testatur</strong></span> <span class='ocrx_word' id='word_1_255' title='bbox 973 2455 1339 2525; x_wconf 84' lang='lat' dir='ltr'><strong>Hieronymus,</strong></span> <span class='ocrx_word' id='word_1_256' title='bbox 1376 2466 1629 2524; x_wconf 90' lang='lat' dir='ltr'><strong>ponentes</strong></span> <span class='ocrx_word' id='word_1_257' title='bbox 1679 2458 2003 2522; x_wconf 80' lang='lat' dir='ltr'><strong>scandalum,</strong></span> <span class='ocrx_word' id='word_1_258' title='bbox 2051 2475 2165 2512; x_wconf 85' lang='lat' dir='ltr'><strong>ver-</strong></span> 
     </span>
    </p>
   </div>
   <div class='ocr_carea' id='block_1_40' title="bbox 635 2542 1500 2611">
    <p class='ocr_par' dir='ltr' id='par_1_40' title="bbox 635 2542 1500 2611">
     <span class='ocr_line' id='line_1_40' title="bbox 635 2542 1500 2611; baseline 0.001 -16"><span class='ocrx_word' id='word_1_259' title='bbox 635 2542 894 2595; x_wconf 82' lang='lat' dir='ltr'><strong>tantur-in</strong></span> <span class='ocrx_word' id='word_1_260' title='bbox 918 2542 1161 2611; x_wconf 84' lang='lat' dir='ltr'><strong>laqueum</strong></span> <span class='ocrx_word' id='word_1_261' title='bbox 1185 2551 1500 2596; x_wconf 89' lang='lat' dir='ltr'><strong>tortuosum.</strong></span> 
     </span>
    </p>
   </div>
   <div class='ocr_carea' id='block_1_41' title="bbox 703 2630 2166 2701">
    <p class='ocr_par' dir='ltr' id='par_1_41' title="bbox 703 2630 2166 2701">
     <span class='ocr_line' id='line_1_41' title="bbox 703 2630 2166 2701; baseline 0.006 -18"><span class='ocrx_word' id='word_1_262' title='bbox 703 2630 824 2684; x_wconf 66' lang='lat' dir='ltr'><strong>Hinc</strong></span> <span class='ocrx_word' id='word_1_263' title='bbox 852 2645 978 2699; x_wconf 84' lang='lat' dir='ltr'><strong>ergo</strong></span> <span class='ocrx_word' id='word_1_264' title='bbox 1002 2640 1055 2685; x_wconf 89' lang='lat' dir='ltr'><strong>et</strong></span> <span class='ocrx_word' id='word_1_265' title='bbox 1078 2632 1389 2696; x_wconf 90' lang='lat' dir='ltr'><strong>consimilia,</strong></span> <span class='ocrx_word' id='word_1_266' title='bbox 1426 2643 1484 2687; x_wconf 89' lang='lat' dir='ltr'><strong>ut</strong></span> <span class='ocrx_word' id='word_1_267' title='bbox 1506 2634 1570 2688; x_wconf 89' lang='lat' dir='ltr'><strong>de</strong></span> <span class='ocrx_word' id='word_1_268' title='bbox 1601 2635 1718 2689; x_wconf 87' lang='lat' dir='ltr'><strong>aliis</strong></span> <span class='ocrx_word' id='word_1_269' title='bbox 1743 2644 2030 2701; x_wconf 86' lang='lat' dir='ltr'><strong>taceamus,</strong></span> <span class='ocrx_word' id='word_1_270' title='bbox 2075 2640 2166 2691; x_wconf 88' lang='lat' dir='ltr'><strong>de-</strong></span> 
     </span>
    </p>
   </div>
   <div class='ocr_carea' id='block_1_42' title="bbox 633 2718 2161 2791">
    <p class='ocr_par' dir='ltr' id='par_1_42' title="bbox 633 2718 2161 2791">
     <span class='ocr_line' id='line_1_42' title="bbox 633 2718 2161 2791; baseline 0.006 -18"><span class='ocrx_word' id='word_1_271' title='bbox 633 2720 760 2773; x_wconf 88' lang='lat' dir='ltr'><strong>bent</strong></span> <span class='ocrx_word' id='word_1_272' title='bbox 792 2718 968 2773; x_wconf 87' lang='lat' dir='ltr'><strong>clerici</strong></span> <span class='ocrx_word' id='word_1_273' title='bbox 994 2719 1258 2785; x_wconf 78' lang='lat' dir='ltr'><strong>conﬁteri,</strong></span> <span class='ocrx_word' id='word_1_274' title='bbox 1281 2730 1336 2775; x_wconf 89' lang='lat' dir='ltr'><strong>et</strong></span> <span class='ocrx_word' id='word_1_275' title='bbox 1370 2737 1399 2775; x_wconf 88' lang='lat' dir='ltr'><strong>a</strong></span> <span class='ocrx_word' id='word_1_276' title='bbox 1428 2723 1618 2777; x_wconf 84' lang='lat' dir='ltr'><strong>talibus</strong></span> <span class='ocrx_word' id='word_1_277' title='bbox 1642 2726 1706 2778; x_wconf 89' lang='lat' dir='ltr'><strong>de</strong></span> <span class='ocrx_word' id='word_1_278' title='bbox 1741 2734 1934 2780; x_wconf 68' lang='lat' dir='ltr'><strong>caetero</strong></span> <span class='ocrx_word' id='word_1_279' title='bbox 1954 2742 2161 2791; x_wconf 86' lang='lat' dir='ltr'><strong>cavere,</strong></span> 
     </span>
    </p>
   </div>
   <div class='ocr_carea' id='block_1_43' title="bbox 630 2808 2159 2880">
    <p class='ocr_par' dir='ltr' id='par_1_43' title="bbox 630 2808 2159 2880">
     <span class='ocr_line' id='line_1_43' title="bbox 630 2808 2159 2880; baseline 0.005 -16"><span class='ocrx_word' id='word_1_280' title='bbox 630 2809 732 2865; x_wconf 86' lang='lat' dir='ltr'><strong>nisi</strong></span> <span class='ocrx_word' id='word_1_281' title='bbox 755 2808 1017 2863; x_wconf 82' lang='lat' dir='ltr'><strong>voluerint</strong></span> <span class='ocrx_word' id='word_1_282' title='bbox 1062 2811 1114 2864; x_wconf 91' lang='lat' dir='ltr'><strong>in</strong></span> <span class='ocrx_word' id='word_1_283' title='bbox 1148 2820 1455 2880; x_wconf 84' lang='lat' dir='ltr'><strong>perpetuum</strong></span> <span class='ocrx_word' id='word_1_284' title='bbox 1488 2829 1608 2868; x_wconf 86' lang='lat' dir='ltr'><strong>eum</strong></span> <span class='ocrx_word' id='word_1_285' title='bbox 1660 2815 1870 2870; x_wconf 89' lang='lat' dir='ltr'><strong>diabolo</strong></span> <span class='ocrx_word' id='word_1_286' title='bbox 1916 2819 2159 2871; x_wconf 86' lang='lat' dir='ltr'><strong>cruciari.</strong></span> 
     </span>
    </p>
   </div>
   <div class='ocr_carea' id='block_1_44' title="bbox 631 2900 1319 2970">
    <p class='ocr_par' dir='ltr' id='par_1_44' title="bbox 631 2900 1319 2970">
     <span class='ocr_line' id='line_1_44' title="bbox 631 2900 1319 2970; baseline -0.003 -15"><span class='ocrx_word' id='word_1_287' title='bbox 631 2900 856 2970; x_wconf 78' lang='lat' dir='ltr'><strong>Explicit</strong></span> <span class='ocrx_word' id='word_1_288' title='bbox 872 2900 938 2954; x_wconf 86' lang='lat' dir='ltr'><strong>de</strong></span> <span class='ocrx_word' id='word_1_289' title='bbox 975 2900 1319 2970; x_wconf 86' lang='lat' dir='ltr'><strong>presbyteris.</strong></span> 
     </span>
    </p>
   </div>
   <div class='ocr_carea' id='block_1_45' title="bbox 1080 3006 1717 3080">
    <p class='ocr_par' dir='ltr' id='par_1_45' title="bbox 1080 3006 1717 3080">
     <span class='ocr_line' id='line_1_45' title="bbox 1080 3006 1717 3080; baseline 0 -19"><span class='ocrx_word' id='word_1_290' title='bbox 1080 3006 1277 3061; x_wconf 82' lang='lat' dir='ltr'><strong>Salutio</strong></span> <span class='ocrx_word' id='word_1_291' title='bbox 1302 3010 1370 3062; x_wconf 82' lang='lat' dir='ltr'><strong>ad</strong></span> <span class='ocrx_word' id='word_1_292' title='bbox 1398 3012 1717 3080; x_wconf 66' lang='lat' dir='ltr'><strong>objectiones.</strong></span> 
     </span>
    </p>
   </div>
   <div class='ocr_carea' id='block_1_46' title="bbox 1200 3119 1587 3192">
    <p class='ocr_par' dir='ltr' id='par_1_46' title="bbox 1200 3119 1587 3192">
     <span class='ocr_line' id='line_1_46' title="bbox 1200 3119 1587 3192; baseline 0.005 -19"><span class='ocrx_word' id='word_1_293' title='bbox 1200 3119 1298 3189; x_wconf 80' lang='lat' dir='ltr'><strong>(Ex</strong></span> <span class='ocrx_word' id='word_1_294' title='bbox 1328 3136 1443 3189; x_wconf 90' lang='lat' dir='ltr'><strong>cap.</strong></span> <span class='ocrx_word' id='word_1_295' title='bbox 1477 3122 1587 3192; x_wconf 73' lang='lat'><strong>2|.)</strong></span> 
     </span>
    </p>
   </div>
   <div class='ocr_carea' id='block_1_47' title="bbox 701 3204 2164 3285">
    <p class='ocr_par' dir='ltr' id='par_1_47' title="bbox 701 3204 2164 3285">
     <span class='ocr_line' id='line_1_47' title="bbox 701 3204 2164 3285; baseline 0.008 -29"><span class='ocrx_word' id='word_1_296' title='bbox 701 3204 900 3258; x_wconf 76' lang='lat' dir='ltr'><strong>Forsan</strong></span> <span class='ocrx_word' id='word_1_297' title='bbox 929 3205 1126 3261; x_wconf 87' lang='lat' dir='ltr'><strong>diceret</strong></span> <span class='ocrx_word' id='word_1_298' title='bbox 1149 3206 1376 3276; x_wconf 79' lang='lat' dir='ltr'><strong>aliquis:</strong></span> <span class='ocrx_word' id='word_1_299' title='bbox 1409 3208 1543 3274; x_wconf 87' lang='lat' dir='ltr'><strong>Quid</strong></span> <span class='ocrx_word' id='word_1_300' title='bbox 1573 3211 1695 3263; x_wconf 85' lang='lat' dir='ltr'><strong>velit</strong></span> <span class='ocrx_word' id='word_1_301' title='bbox 1720 3212 1818 3265; x_wconf 84' lang='lat' dir='ltr'><strong>hoc</strong></span> <span class='ocrx_word' id='word_1_302' title='bbox 1842 3214 1982 3281; x_wconf 89' lang='lat' dir='ltr'><strong>quod</strong></span> <span class='ocrx_word' id='word_1_303' title='bbox 2004 3218 2164 3285; x_wconf 79' lang='lat' dir='ltr'><strong>magi-</strong></span> 
     </span>
    </p>
   </div>
   <div class='ocr_carea' id='block_1_48' title="bbox 632 3288 2162 3372">
    <p class='ocr_par' dir='ltr' id='par_1_48' title="bbox 632 3288 2162 3372">
     <span class='ocr_line' id='line_1_48' title="bbox 632 3288 2162 3372; baseline 0.01 -31"><span class='ocrx_word' id='word_1_304' title='bbox 632 3299 743 3343; x_wconf 74' lang='lat' dir='ltr'><strong>ster</strong></span> <span class='ocrx_word' id='word_1_305' title='bbox 783 3288 1010 3347; x_wconf 79' lang='lat' dir='ltr'><strong>Joannes</strong></span> <span class='ocrx_word' id='word_1_306' title='bbox 1036 3293 1101 3347; x_wconf 90' lang='lat' dir='ltr'><strong>de</strong></span> <span class='ocrx_word' id='word_1_307' title='bbox 1146 3295 1252 3348; x_wconf 86' lang='lat' dir='ltr'><strong>Deo</strong></span> <span class='ocrx_word' id='word_1_308' title='bbox 1277 3297 1599 3364; x_wconf 87' lang='lat' dir='ltr'><strong>computavit</strong></span> <span class='ocrx_word' id='word_1_309' title='bbox 1628 3300 1751 3352; x_wconf 86' lang='lat' dir='ltr'><strong>vitia</strong></span> <span class='ocrx_word' id='word_1_310' title='bbox 1780 3302 2020 3368; x_wconf 71' lang='lat' dir='ltr'><strong>quaedam</strong></span> <span class='ocrx_word' id='word_1_311' title='bbox 2045 3319 2162 3372; x_wconf 65' lang='lat' dir='ltr'><strong>quae</strong></span> 
     </span>
    </p>
   </div>
   <div class='ocr_carea' id='block_1_49' title="bbox 634 3380 2163 3461">
    <p class='ocr_par' dir='ltr' id='par_1_49' title="bbox 634 3380 2163 3461">
     <span class='ocr_line' id='line_1_49' title="bbox 634 3380 2163 3461; baseline 0.01 -30"><span class='ocrx_word' id='word_1_312' title='bbox 634 3380 969 3433; x_wconf 90' lang='lat' dir='ltr'><strong>committunt</strong></span> <span class='ocrx_word' id='word_1_313' title='bbox 995 3391 1099 3435; x_wconf 88' lang='lat' dir='ltr'><strong>tam</strong></span> <span class='ocrx_word' id='word_1_314' title='bbox 1141 3383 1333 3439; x_wconf 86' lang='lat' dir='ltr'><strong>subditi</strong></span> <span class='ocrx_word' id='word_1_315' title='bbox 1364 3400 1519 3451; x_wconf 81' lang='lat' dir='ltr'><strong>quam</strong></span> <span class='ocrx_word' id='word_1_316' title='bbox 1544 3387 1764 3455; x_wconf 62' lang='lat' dir='ltr'><strong>praelati.</strong></span> <span class='ocrx_word' id='word_1_317' title='bbox 1804 3389 1883 3441; x_wconf 79' lang='lat' dir='ltr'><strong>Ad</strong></span> <span class='ocrx_word' id='word_1_318' title='bbox 1926 3392 2026 3444; x_wconf 86' lang='lat' dir='ltr'><strong>hoc</strong></span> <span class='ocrx_word' id='word_1_319' title='bbox 2066 3408 2163 3461; x_wconf 83' lang='lat' dir='ltr'><strong>ego</strong></span> 
     </span>
    </p>
   </div>
   <div class='ocr_carea' id='block_1_50' title="bbox 631 3464 2161 3548">
    <p class='ocr_par' dir='ltr' id='par_1_50' title="bbox 631 3464 2161 3548">
     <span class='ocr_line' id='line_1_50' title="bbox 631 3464 2161 3548; baseline 0.01 -31"><span class='ocrx_word' id='word_1_320' title='bbox 631 3464 861 3522; x_wconf 89' lang='lat' dir='ltr'><strong>Joannes</strong></span> <span class='ocrx_word' id='word_1_321' title='bbox 902 3469 966 3522; x_wconf 88' lang='lat' dir='ltr'><strong>de</strong></span> <span class='ocrx_word' id='word_1_322' title='bbox 1007 3471 1115 3525; x_wconf 81' lang='lat' dir='ltr'><strong>Deo</strong></span> <span class='ocrx_word' id='word_1_323' title='bbox 1158 3474 1471 3545; x_wconf 86' lang='lat' dir='ltr'><strong>respondeo,</strong></span> <span class='ocrx_word' id='word_1_324' title='bbox 1507 3476 1646 3543; x_wconf 84' lang='lat' dir='ltr'><strong>quod</strong></span> <span class='ocrx_word' id='word_1_325' title='bbox 1694 3485 1747 3529; x_wconf 93' lang='lat' dir='ltr'><strong>tu</strong></span> <span class='ocrx_word' id='word_1_326' title='bbox 1785 3480 2032 3533; x_wconf 80' lang='lat' dir='ltr'><strong>sacerdos</strong></span> <span class='ocrx_word' id='word_1_327' title='bbox 2071 3483 2161 3548; x_wconf 85' lang='lat' dir='ltr'><strong>qui</strong></span> 
     </span>
    </p>
   </div>
   <div class='ocr_carea' id='block_1_51' title="bbox 628 3551 2165 3637">
    <p class='ocr_par' dir='ltr' id='par_1_51' title="bbox 628 3551 2165 3637">
     <span class='ocr_line' id='line_1_51' title="bbox 628 3551 2165 3637; baseline 0.011 -32"><span class='ocrx_word' id='word_1_328' title='bbox 628 3551 783 3607; x_wconf 82' lang='lat' dir='ltr'><strong>audis</strong></span> <span class='ocrx_word' id='word_1_329' title='bbox 814 3553 1169 3616; x_wconf 76' lang='lat' dir='ltr'><strong>confessiones</strong></span> <span class='ocrx_word' id='word_1_330' title='bbox 1194 3558 1309 3612; x_wconf 94' lang='lat' dir='ltr'><strong>loco</strong></span> <span class='ocrx_word' id='word_1_331' title='bbox 1332 3561 1423 3614; x_wconf 89' lang='lat' dir='ltr'><strong>Dei</strong></span> <span class='ocrx_word' id='word_1_332' title='bbox 1448 3561 1668 3617; x_wconf 87' lang='lat' dir='ltr'><strong>deberes</strong></span> <span class='ocrx_word' id='word_1_333' title='bbox 1700 3564 1924 3619; x_wconf 81' lang='lat' dir='ltr'><strong>diversis</strong></span> <span class='ocrx_word' id='word_1_334' title='bbox 1958 3570 2165 3637; x_wconf 80' lang='lat' dir='ltr'><strong>experi-</strong></span> 
     </span>
    </p>
   </div>
   <div class='ocr_carea' id='block_1_52' title="bbox 633 3646 2167 3721">
    <p class='ocr_par' dir='ltr' id='par_1_52' title="bbox 633 3646 2167 3721">
     <span class='ocr_line' id='line_1_52' title="bbox 633 3646 2167 3721; baseline 0.009 -22"><span class='ocrx_word' id='word_1_335' title='bbox 633 3646 822 3701; x_wconf 88' lang='lat' dir='ltr'><strong>mentis</strong></span> <span class='ocrx_word' id='word_1_336' title='bbox 842 3647 916 3701; x_wconf 88' lang='lat' dir='ltr'><strong>uti</strong></span> <span class='ocrx_word' id='word_1_337' title='bbox 938 3648 1003 3701; x_wconf 89' lang='lat' dir='ltr'><strong>ad</strong></span> <span class='ocrx_word' id='word_1_338' title='bbox 1026 3649 1229 3716; x_wconf 87' lang='lat' dir='ltr'><strong>peccati</strong></span> <span class='ocrx_word' id='word_1_339' title='bbox 1258 3651 1497 3705; x_wconf 89' lang='lat' dir='ltr'><strong>morbum</strong></span> <span class='ocrx_word' id='word_1_340' title='bbox 1526 3653 1911 3721; x_wconf 75' lang='lat' dir='ltr'><strong>expellendum,</strong></span> <span class='ocrx_word' id='word_1_341' title='bbox 1935 3668 1987 3710; x_wconf 85' lang='lat' dir='ltr'><strong>et</strong></span> <span class='ocrx_word' id='word_1_342' title='bbox 2011 3660 2167 3713; x_wconf 73' lang='lat' dir='ltr'><strong>delic-</strong></span> 
     </span>
    </p>
   </div>
   <div class='ocr_carea' id='block_1_53' title="bbox 637 3734 2167 3815">
    <p class='ocr_par' dir='ltr' id='par_1_53' title="bbox 637 3734 2167 3815">
     <span class='ocr_line' id='line_1_53' title="bbox 637 3734 2167 3815; baseline 0.011 -29"><span class='ocrx_word' id='word_1_343' title='bbox 637 3749 727 3787; x_wconf 85' lang='lat' dir='ltr'><strong>res</strong></span> <span class='ocrx_word' id='word_1_344' title='bbox 768 3734 818 3786; x_wconf 91' lang='lat' dir='ltr'><strong>in</strong></span> <span class='ocrx_word' id='word_1_345' title='bbox 866 3750 1057 3804; x_wconf 78' lang='lat' dir='ltr'><strong>genere</strong></span> <span class='ocrx_word' id='word_1_346' title='bbox 1102 3751 1336 3805; x_wconf 78' lang='lat' dir='ltr'><strong>quterere</strong></span> <span class='ocrx_word' id='word_1_347' title='bbox 1380 3740 1444 3792; x_wconf 88' lang='lat' dir='ltr'><strong>de</strong></span> <span class='ocrx_word' id='word_1_348' title='bbox 1483 3755 1825 3809; x_wconf 84' lang='lat' dir='ltr'><strong>quocunque,</strong></span> <span class='ocrx_word' id='word_1_349' title='bbox 1856 3761 1885 3797; x_wconf 87' lang='lat' dir='ltr'><strong>a</strong></span> <span class='ocrx_word' id='word_1_350' title='bbox 1935 3748 2167 3815; x_wconf 80' lang='lat' dir='ltr'><strong>quolibet</strong></span> 
     </span>
    </p>
   </div>
   <div class='ocr_carea' id='block_1_54' title="bbox 561 3823 2164 3898">
    <p class='ocr_par' dir='ltr' id='par_1_54' title="bbox 561 3823 2164 3898">
     <span class='ocr_line' id='line_1_54' title="bbox 561 3823 2164 3898; baseline 0.011 -23"><span class='ocrx_word' id='word_1_351' title='bbox 561 3878 564 3882; x_wconf 31' lang='grc' dir='ltr'>λ</span> <span class='ocrx_word' id='word_1_352' title='bbox 635 3823 939 3890; x_wconf 74' lang='grc' dir='ltr'><strong>μωηίιθιιιε,</strong></span> <span class='ocrx_word' id='word_1_353' title='bbox 962 3825 1246 3882; x_wconf 86' lang='lat' dir='ltr'><strong>secundum</strong></span> <span class='ocrx_word' id='word_1_354' title='bbox 1274 3829 1502 3892; x_wconf 88' lang='lat' dir='ltr'><strong>modum,</strong></span> <span class='ocrx_word' id='word_1_355' title='bbox 1535 3838 1589 3885; x_wconf 91' lang='lat' dir='ltr'><strong>et</strong></span> <span class='ocrx_word' id='word_1_356' title='bbox 1608 3833 1865 3898; x_wconf 89' lang='lat' dir='ltr'><strong>ordinem,</strong></span> <span class='ocrx_word' id='word_1_357' title='bbox 1893 3846 1946 3890; x_wconf 90' lang='lat' dir='ltr'><strong>ct</strong></span> <span class='ocrx_word' id='word_1_358' title='bbox 1969 3845 2164 3892; x_wconf 89' lang='lat' dir='ltr'><strong>statum</strong></span> 
     </span>
    </p>
   </div>
   <div class='ocr_carea' id='block_1_55' title="bbox 633 3912 1265 3984">
    <p class='ocr_par' dir='ltr' id='par_1_55' title="bbox 633 3912 1265 3984">
     <span class='ocr_line' id='line_1_55' title="bbox 633 3912 1265 3984; baseline 0.008 -19"><span class='ocrx_word' id='word_1_359' title='bbox 633 3912 874 3984; x_wconf 81' lang='lat' dir='ltr'><strong>superius</strong></span> <span class='ocrx_word' id='word_1_360' title='bbox 895 3924 1265 3982; x_wconf 66' lang='lat' dir='ltr'><strong>praenotatum.</strong></span> 
     </span>
    </p>
   </div>
   <div class='ocr_carea' id='block_1_56' title="bbox 701 4002 2165 4080">
    <p class='ocr_par' dir='ltr' id='par_1_56' title="bbox 701 4002 2165 4080">
     <span class='ocr_line' id='line_1_56' title="bbox 701 4002 2165 4080; baseline 0.01 -26"><span class='ocrx_word' id='word_1_361' title='bbox 701 4002 827 4055; x_wconf 89' lang='lat' dir='ltr'><strong>Item</strong></span> <span class='ocrx_word' id='word_1_362' title='bbox 855 4006 899 4058; x_wconf 83' lang='lat' dir='ltr'><strong>si</strong></span> <span class='ocrx_word' id='word_1_363' title='bbox 944 4004 1137 4072; x_wconf 70' lang='lat' dir='ltr'><strong>qumris</strong></span> <span class='ocrx_word' id='word_1_364' title='bbox 1178 4014 1351 4058; x_wconf 80' lang='lat' dir='ltr'><strong>utrum</strong></span> <span class='ocrx_word' id='word_1_365' title='bbox 1384 4006 1455 4060; x_wconf 89' lang='lat' dir='ltr'><strong>illi</strong></span> <span class='ocrx_word' id='word_1_366' title='bbox 1497 4009 1766 4063; x_wconf 89' lang='lat' dir='ltr'><strong>salventur</strong></span> <span class='ocrx_word' id='word_1_367' title='bbox 1790 4014 1878 4080; x_wconf 86' lang='lat' dir='ltr'><strong>qui</strong></span> <span class='ocrx_word' id='word_1_368' title='bbox 1911 4015 2165 4070; x_wconf 90' lang='lat' dir='ltr'><strong>hactenus</strong></span> 
     </span>
    </p>
   </div>
   <div class='ocr_carea' id='block_1_57' title="bbox 636 4094 2164 4163">
    <p class='ocr_par' dir='ltr' id='par_1_57' title="bbox 636 4094 2164 4163">
     <span class='ocr_line' id='line_1_57' title="bbox 636 4094 2164 4163; baseline 0.009 -20"><span class='ocrx_word' id='word_1_369' title='bbox 636 4107 737 4144; x_wconf 89' lang='lat' dir='ltr'><strong>non</strong></span> <span class='ocrx_word' id='word_1_370' title='bbox 767 4101 1043 4146; x_wconf 86' lang='lat' dir='ltr'><strong>servarunt</strong></span> <span class='ocrx_word' id='word_1_371' title='bbox 1074 4094 1200 4147; x_wconf 92' lang='lat' dir='ltr'><strong>istas</strong></span> <span class='ocrx_word' id='word_1_372' title='bbox 1228 4096 1372 4163; x_wconf 84' lang='lat' dir='ltr'><strong>rcgul</strong></span> <span class='ocrx_word' id='word_1_373' title='bbox 1411 4097 1507 4149; x_wconf 90' lang='lat' dir='ltr'><strong>sin</strong></span> <span class='ocrx_word' id='word_1_374' title='bbox 1537 4099 1949 4156; x_wconf 74' lang='lat' dir='ltr'><strong>confessionibus</strong></span> <span class='ocrx_word' id='word_1_375' title='bbox 1971 4102 2164 4157; x_wconf 78' lang='lat' dir='ltr'><strong>facien-</strong></span> 
     </span>
    </p>
   </div>
   <div class='ocr_carea' id='block_1_58' title="bbox 630 4183 2154 4263">
    <p class='ocr_par' dir='ltr' id='par_1_58' title="bbox 630 4183 2154 4263">
     <span class='ocr_line' id='line_1_58' title="bbox 630 4183 2154 4263; baseline 0.01 -28"><span class='ocrx_word' id='word_1_376' title='bbox 630 4183 733 4246; x_wconf 83' lang='lat' dir='ltr'><strong>dis,</strong></span> <span class='ocrx_word' id='word_1_377' title='bbox 787 4186 1077 4252; x_wconf 86' lang='lat' dir='ltr'><strong>respondeo</strong></span> <span class='ocrx_word' id='word_1_378' title='bbox 1130 4190 1417 4242; x_wconf 89' lang='lat' dir='ltr'><strong>secundum</strong></span> <span class='ocrx_word' id='word_1_379' title='bbox 1468 4192 1700 4259; x_wconf 81' lang='lat' dir='ltr'><strong>regulam</strong></span> <span class='ocrx_word' id='word_1_380' title='bbox 1755 4196 2094 4263; x_wconf 87' lang='lat' dir='ltr'><strong>apostolicam</strong></span> <span class='ocrx_word' id='word_1_381' title='bbox 2143 4218 2154 4251; x_wconf 90' lang='lat'><strong>:</strong></span> 
     </span>
    </p>
   </div>
   <div class='ocr_carea' id='block_1_59' title="bbox 632 4269 2153 4354">
    <p class='ocr_par' dir='ltr' id='par_1_59' title="bbox 632 4269 2153 4354">
     <span class='ocr_line' id='line_1_59' title="bbox 632 4269 2153 4354; baseline 0.009 -30"><span class='ocrx_word' id='word_1_382' title='bbox 632 4271 779 4324; x_wconf 76' lang='lat' dir='ltr'><strong>Alter</strong></span> <span class='ocrx_word' id='word_1_383' title='bbox 802 4269 1011 4325; x_wconf 81' lang='lat' dir='ltr'><strong>alterius</strong></span> <span class='ocrx_word' id='word_1_384' title='bbox 1034 4290 1189 4326; x_wconf 91' lang='lat' dir='ltr'><strong>onera</strong></span> <span class='ocrx_word' id='word_1_385' title='bbox 1216 4286 1435 4343; x_wconf 83' lang='lat' dir='ltr'><strong>portate,</strong></span> <span class='ocrx_word' id='word_1_386' title='bbox 1458 4287 1503 4329; x_wconf 88' lang='lat' dir='ltr'><strong>et</strong></span> <span class='ocrx_word' id='word_1_387' title='bbox 1533 4279 1606 4330; x_wconf 85' lang='lat' dir='ltr'><strong>sic</strong></span> <span class='ocrx_word' id='word_1_388' title='bbox 1630 4281 1971 4349; x_wconf 76' lang='lat' dir='ltr'><strong>adimplebitis</strong></span> <span class='ocrx_word' id='word_1_389' title='bbox 1998 4285 2153 4354; x_wconf 83' lang='lat' dir='ltr'><strong>legem</strong></span> 
     </span>
    </p>
   </div>
   <div class='ocr_carea' id='block_1_60' title="bbox 2334 1989 3807 2057">
    <p class='ocr_par' dir='ltr' id='par_1_60' title="bbox 2334 1989 3807 2057">
     <span class='ocr_line' id='line_1_60' title="bbox 2334 1989 3807 2057; baseline 0.001 -17"><span class='ocrx_word' id='word_1_390' title='bbox 2334 1990 2613 2056; x_wconf 72' lang='lat' dir='ltr'><strong>expendere</strong></span> <span class='ocrx_word' id='word_1_391' title='bbox 2632 2005 2802 2056; x_wconf 67' lang='lat' dir='ltr'><strong>plenas</strong></span> <span class='ocrx_word' id='word_1_392' title='bbox 2825 1989 3145 2056; x_wconf 81' lang='lat' dir='ltr'><strong>pecuniarias</strong></span> <span class='ocrx_word' id='word_1_393' title='bbox 3167 1989 3504 2057; x_wconf 80' lang='lat' dir='ltr'><strong>peccantium,</strong></span> <span class='ocrx_word' id='word_1_394' title='bbox 3532 1989 3605 2042; x_wconf 74' lang='lat' dir='ltr'><strong>uel</strong></span> <span class='ocrx_word' id='word_1_395' title='bbox 3625 1990 3807 2042; x_wconf 77' lang='lat' dir='ltr'><strong>debeat</strong></span> 
     </span>
    </p>
   </div>
   <div class='ocr_carea' id='block_1_61' title="bbox 2334 2057 2907 2125">
    <p class='ocr_par' dir='ltr' id='par_1_61' title="bbox 2334 2057 2907 2125">
     <span class='ocr_line' id='line_1_61' title="bbox 2334 2057 2907 2125; baseline 0.005 -19"><span class='ocrx_word' id='word_1_396' title='bbox 2334 2057 2641 2123; x_wconf 84' lang='lat' dir='ltr'><strong>pauperibus</strong></span> <span class='ocrx_word' id='word_1_397' title='bbox 2678 2057 2907 2125; x_wconf 76' lang='lat' dir='ltr'><strong>elargiri.</strong></span> 
     </span>
    </p>
   </div>
   <div class='ocr_carea' id='block_1_62' title="bbox 2844 2146 3231 2216">
    <p class='ocr_par' dir='ltr' id='par_1_62' title="bbox 2844 2146 3231 2216">
     <span class='ocr_line' id='line_1_62' title="bbox 2844 2146 3231 2216; baseline 0.003 -16"><span class='ocrx_word' id='word_1_398' title='bbox 2844 2146 2943 2216; x_wconf 78' lang='lat' dir='ltr'><strong>(Ex</strong></span> <span class='ocrx_word' id='word_1_399' title='bbox 2970 2160 3085 2215; x_wconf 89' lang='lat' dir='ltr'><strong>cap.</strong></span> <span class='ocrx_word' id='word_1_400' title='bbox 3119 2146 3231 2216; x_wconf 73' lang='grc'><strong>24.)</strong></span> 
     </span>
    </p>
   </div>
   <div class='ocr_carea' id='block_1_63' title="bbox 2338 2220 3807 2303">
    <p class='ocr_par' dir='ltr' id='par_1_63' title="bbox 2338 2220 3807 2303">
     <span class='ocr_line' id='line_1_63' title="bbox 2338 2220 3807 2303; baseline -0.001 -16"><span class='ocrx_word' id='word_1_401' title='bbox 2338 2232 2441 2287; x_wconf 86' lang='lat' dir='ltr'><strong>Sed</strong></span> <span class='ocrx_word' id='word_1_402' title='bbox 2480 2250 2639 2303; x_wconf 90' lang='lat' dir='ltr'><strong>super</strong></span> <span class='ocrx_word' id='word_1_403' title='bbox 2664 2235 2763 2289; x_wconf 84' lang='lat' dir='ltr'><strong>hoc</strong></span> <span class='ocrx_word' id='word_1_404' title='bbox 2799 2235 2875 2289; x_wconf 90' lang='lat' dir='ltr'><strong>sic</strong></span> <span class='ocrx_word' id='word_1_405' title='bbox 2908 2235 3206 2297; x_wconf 80' lang='lat' dir='ltr'><strong>ﬁrmissime</strong></span> <span class='ocrx_word' id='word_1_406' title='bbox 3247 2242 3385 2298; x_wconf 90' lang='lat' dir='ltr'><strong>tene,</strong></span> <span class='ocrx_word' id='word_1_407' title='bbox 3416 2243 3472 2287; x_wconf 90' lang='lat' dir='ltr'><strong>et</strong></span> <span class='ocrx_word' id='word_1_408' title='bbox 3497 2220 3807 2295; x_wconf 68' lang='lat' dir='ltr'><strong>nullatenus</strong></span> 
     </span>
    </p>
   </div>
   <div class='ocr_carea' id='block_1_64' title="bbox 2266 2323 3810 2392">
    <p class='ocr_par' dir='ltr' id='par_1_64' title="bbox 2266 2323 3810 2392">
     <span class='ocr_line' id='line_1_64' title="bbox 2266 2323 3810 2392; baseline 0.002 -16"><span class='ocrx_word' id='word_1_409' title='bbox 2266 2323 2494 2386; x_wconf 82' lang='lat' dir='ltr'><strong>dubites,</strong></span> <span class='ocrx_word' id='word_1_410' title='bbox 2523 2327 2660 2391; x_wconf 81' lang='lat' dir='ltr'><strong>quod</strong></span> <span class='ocrx_word' id='word_1_411' title='bbox 2686 2325 2811 2378; x_wconf 87' lang='lat' dir='ltr'><strong>licet</strong></span> <span class='ocrx_word' id='word_1_412' title='bbox 2848 2326 2968 2377; x_wconf 90' lang='lat' dir='ltr'><strong>talis</strong></span> <span class='ocrx_word' id='word_1_413' title='bbox 2995 2327 3214 2392; x_wconf 89' lang='lat' dir='ltr'><strong>pecunia</strong></span> <span class='ocrx_word' id='word_1_414' title='bbox 3252 2325 3316 2378; x_wconf 92' lang='lat' dir='ltr'><strong>de</strong></span> <span class='ocrx_word' id='word_1_415' title='bbox 3346 2333 3512 2377; x_wconf 84' lang='lat' dir='ltr'><strong>morte</strong></span> <span class='ocrx_word' id='word_1_416' title='bbox 3537 2341 3565 2377; x_wconf 94' lang='lat' dir='ltr'><strong>a</strong></span> <span class='ocrx_word' id='word_1_417' title='bbox 3595 2326 3810 2392; x_wconf 75' lang='lat' dir='ltr'><strong>quibus-</strong></span> 
     </span>
    </p>
   </div>
   <div class='ocr_carea' id='block_1_65' title="bbox 2266 2411 3809 2483">
    <p class='ocr_par' dir='ltr' id='par_1_65' title="bbox 2266 2411 3809 2483">
     <span class='ocr_line' id='line_1_65' title="bbox 2266 2411 3809 2483; baseline 0.001 -21"><span class='ocrx_word' id='word_1_418' title='bbox 2266 2411 2388 2462; x_wconf 84' lang='lat' dir='ltr'><strong>dam</strong></span> <span class='ocrx_word' id='word_1_419' title='bbox 2434 2412 2693 2478; x_wconf 80' lang='lat' dir='ltr'><strong>episcopis</strong></span> <span class='ocrx_word' id='word_1_420' title='bbox 2716 2419 2769 2464; x_wconf 92' lang='lat' dir='ltr'><strong>et</strong></span> <span class='ocrx_word' id='word_1_421' title='bbox 2798 2411 3029 2478; x_wconf 71' lang='lat' dir='ltr'><strong>przelatis</strong></span> <span class='ocrx_word' id='word_1_422' title='bbox 3060 2411 3175 2465; x_wconf 86' lang='lat' dir='ltr'><strong>aliis</strong></span> <span class='ocrx_word' id='word_1_423' title='bbox 3218 2413 3475 2483; x_wconf 78' lang='lat' dir='ltr'><strong>exigatur,</strong></span> <span class='ocrx_word' id='word_1_424' title='bbox 3505 2421 3680 2465; x_wconf 82' lang='lat' dir='ltr'><strong>tannn</strong></span> <span class='ocrx_word' id='word_1_425' title='bbox 3711 2412 3809 2480; x_wconf 90' lang='lat' dir='ltr'><strong>ipsi</strong></span> 
     </span>
    </p>
   </div>
   <div class='ocr_carea' id='block_1_66' title="bbox 2265 2495 3809 2570">
    <p class='ocr_par' dir='ltr' id='par_1_66' title="bbox 2265 2495 3809 2570">
     <span class='ocr_line' id='line_1_66' title="bbox 2265 2495 3809 2570; baseline 0.001 -19"><span class='ocrx_word' id='word_1_426' title='bbox 2265 2497 2463 2566; x_wconf 74' lang='lat' dir='ltr'><strong>prmlati</strong></span> <span class='ocrx_word' id='word_1_427' title='bbox 2498 2513 2599 2551; x_wconf 90' lang='lat' dir='ltr'><strong>non</strong></span> <span class='ocrx_word' id='word_1_428' title='bbox 2630 2495 2745 2552; x_wconf 82' lang='lat' dir='ltr'><strong>illas</strong></span> <span class='ocrx_word' id='word_1_429' title='bbox 2784 2501 3033 2567; x_wconf 85' lang='lat' dir='ltr'><strong>pecunias</strong></span> <span class='ocrx_word' id='word_1_430' title='bbox 3077 2501 3130 2553; x_wconf 93' lang='lat' dir='ltr'><strong>in</strong></span> <span class='ocrx_word' id='word_1_431' title='bbox 3173 2502 3415 2570; x_wconf 88' lang='lat' dir='ltr'><strong>proprios</strong></span> <span class='ocrx_word' id='word_1_432' title='bbox 3445 2518 3570 2555; x_wconf 87' lang='lat' dir='ltr'><strong>usus</strong></span> <span class='ocrx_word' id='word_1_433' title='bbox 3616 2517 3809 2555; x_wconf 70' lang='lat' dir='ltr'><strong>consu-</strong></span> 
     </span>
    </p>
   </div>
   <div class='ocr_carea' id='block_1_67' title="bbox 2263 2588 3809 2659">
    <p class='ocr_par' dir='ltr' id='par_1_67' title="bbox 2263 2588 3809 2659">
     <span class='ocr_line' id='line_1_67' title="bbox 2263 2588 3809 2659; baseline 0.003 -19"><span class='ocrx_word' id='word_1_434' title='bbox 2263 2602 2409 2640; x_wconf 84' lang='lat' dir='ltr'><strong>mere</strong></span> <span class='ocrx_word' id='word_1_435' title='bbox 2452 2588 2663 2653; x_wconf 86' lang='lat' dir='ltr'><strong>debent,</strong></span> <span class='ocrx_word' id='word_1_436' title='bbox 2715 2591 2808 2644; x_wconf 91' lang='lat' dir='ltr'><strong>sed</strong></span> <span class='ocrx_word' id='word_1_437' title='bbox 2853 2591 3169 2659; x_wconf 76' lang='lat' dir='ltr'><strong>pauperibus</strong></span> <span class='ocrx_word' id='word_1_438' title='bbox 3212 2606 3475 2659; x_wconf 80' lang='lat' dir='ltr'><strong>erogare;</strong></span> <span class='ocrx_word' id='word_1_439' title='bbox 3523 2607 3644 2645; x_wconf 85' lang='lat' dir='ltr'><strong>nam</strong></span> <span class='ocrx_word' id='word_1_440' title='bbox 3678 2590 3809 2645; x_wconf 65' lang='lat' dir='ltr'><strong>talus</strong></span> 
     </span>
    </p>
   </div>
   <div class='ocr_carea' id='block_1_68' title="bbox 2258 2675 3807 2745">
    <p class='ocr_par' dir='ltr' id='par_1_68' title="bbox 2258 2675 3807 2745">
     <span class='ocr_line' id='line_1_68' title="bbox 2258 2675 3807 2745; baseline 0.003 -19"><span class='ocrx_word' id='word_1_441' title='bbox 2258 2675 2463 2743; x_wconf 83' lang='lat' dir='ltr'><strong>judices</strong></span> <span class='ocrx_word' id='word_1_442' title='bbox 2494 2692 2597 2729; x_wconf 88' lang='lat' dir='ltr'><strong>non</strong></span> <span class='ocrx_word' id='word_1_443' title='bbox 2636 2687 2989 2745; x_wconf 88' lang='lat' dir='ltr'><strong>provocantur</strong></span> <span class='ocrx_word' id='word_1_444' title='bbox 3016 2693 3194 2732; x_wconf 89' lang='lat' dir='ltr'><strong>amore</strong></span> <span class='ocrx_word' id='word_1_445' title='bbox 3223 2677 3461 2744; x_wconf 69' lang='lat' dir='ltr'><strong>justitiae,</strong></span> <span class='ocrx_word' id='word_1_446' title='bbox 3508 2678 3600 2730; x_wconf 89' lang='lat' dir='ltr'><strong>sed</strong></span> <span class='ocrx_word' id='word_1_447' title='bbox 3629 2692 3807 2731; x_wconf 79' lang='lat' dir='ltr'><strong>amore</strong></span> 
     </span>
    </p>
   </div>
   <div class='ocr_carea' id='block_1_69' title="bbox 2164 2763 3802 2832">
    <p class='ocr_par' dir='ltr' id='par_1_69' title="bbox 2164 2763 3802 2832">
     <span class='ocr_line' id='line_1_69' title="bbox 2164 2763 3802 2832; baseline 0 -16"><span class='ocrx_word' id='word_1_448' title='bbox 2164 2785 2173 2792; x_wconf 83' lang='lat'><strong>-</strong></span> <span class='ocrx_word' id='word_1_449' title='bbox 2260 2765 2514 2832; x_wconf 72' lang='lat' dir='ltr'><strong>pecunize,</strong></span> <span class='ocrx_word' id='word_1_450' title='bbox 2546 2773 2604 2817; x_wconf 87' lang='lat' dir='ltr'><strong>ut</strong></span> <span class='ocrx_word' id='word_1_451' title='bbox 2623 2766 2875 2832; x_wconf 87' lang='lat' dir='ltr'><strong>probatur</strong></span> <span class='ocrx_word' id='word_1_452' title='bbox 2902 2766 2988 2829; x_wconf 85' lang='lat' dir='ltr'><strong>ll,</strong></span> <span class='ocrx_word' id='word_1_453' title='bbox 3015 2781 3067 2832; x_wconf 86' lang='lat' dir='ltr'><strong>q.</strong></span> <span class='ocrx_word' id='word_1_454' title='bbox 3096 2767 3148 2830; x_wconf 79' lang='lat'><strong>5,</strong></span> <span class='ocrx_word' id='word_1_455' title='bbox 3180 2781 3229 2818; x_wconf 93' lang='lat' dir='ltr'><strong>c.</strong></span> <span class='ocrx_word' id='word_1_456' title='bbox 3285 2763 3386 2829; x_wconf 84' lang='lat' dir='ltr'><strong>Qui</strong></span> <span class='ocrx_word' id='word_1_457' title='bbox 3427 2774 3557 2816; x_wconf 82' lang='lat' dir='ltr'><strong>recte</strong></span> <span class='ocrx_word' id='word_1_458' title='bbox 3575 2764 3802 2831; x_wconf 84' lang='lat' dir='ltr'><strong>judicat.</strong></span> 
     </span>
    </p>
   </div>
   <div class='ocr_carea' id='block_1_70' title="bbox 2264 2851 3808 2922">
    <p class='ocr_par' dir='ltr' id='par_1_70' title="bbox 2264 2851 3808 2922">
     <span class='ocr_line' id='line_1_70' title="bbox 2264 2851 3808 2922; baseline 0.001 -18"><span class='ocrx_word' id='word_1_459' title='bbox 2264 2853 2329 2911; x_wconf 83' lang='lat' dir='ltr'><strong>Et</strong></span> <span class='ocrx_word' id='word_1_460' title='bbox 2373 2852 2489 2905; x_wconf 90' lang='lat' dir='ltr'><strong>ideo</strong></span> <span class='ocrx_word' id='word_1_461' title='bbox 2536 2851 2669 2905; x_wconf 85' lang='lat' dir='ltr'><strong>ﬁunt</strong></span> <span class='ocrx_word' id='word_1_462' title='bbox 2701 2853 2809 2921; x_wconf 84' lang='lat' dir='ltr'><strong>lupi</strong></span> <span class='ocrx_word' id='word_1_463' title='bbox 2864 2852 3128 2915; x_wconf 89' lang='lat' dir='ltr'><strong>custodes,</strong></span> <span class='ocrx_word' id='word_1_464' title='bbox 3178 2862 3234 2906; x_wconf 91' lang='lat' dir='ltr'><strong>ut</strong></span> <span class='ocrx_word' id='word_1_465' title='bbox 3272 2853 3325 2919; x_wconf 69' lang='grc'><strong>4,</strong></span> <span class='ocrx_word' id='word_1_466' title='bbox 3358 2870 3409 2922; x_wconf 90' lang='lat' dir='ltr'><strong>q.</strong></span> <span class='ocrx_word' id='word_1_467' title='bbox 3458 2854 3505 2915; x_wconf 70' lang='lat'><strong>.5,</strong></span> <span class='ocrx_word' id='word_1_468' title='bbox 3533 2869 3580 2907; x_wconf 92' lang='lat' dir='ltr'><strong>c.</strong></span> <span class='ocrx_word' id='word_1_469' title='bbox 3616 2851 3808 2907; x_wconf 84' lang='lat' dir='ltr'><strong>Contra</strong></span> 
     </span>
    </p>
   </div>
   <div class='ocr_carea' id='block_1_71' title="bbox 2264 2940 3806 3011">
    <p class='ocr_par' dir='ltr' id='par_1_71' title="bbox 2264 2940 3806 3011">
     <span class='ocr_line' id='line_1_71' title="bbox 2264 2940 3806 3011; baseline 0.002 -19"><span class='ocrx_word' id='word_1_470' title='bbox 2264 2942 2435 2994; x_wconf 87' lang='lat' dir='ltr'><strong>ritum.</strong></span> <span class='ocrx_word' id='word_1_471' title='bbox 2487 2940 2654 2997; x_wconf 89' lang='lat' dir='ltr'><strong>Unum</strong></span> <span class='ocrx_word' id='word_1_472' title='bbox 2686 2958 2783 3011; x_wconf 88' lang='lat' dir='ltr'><strong>ego</strong></span> <span class='ocrx_word' id='word_1_473' title='bbox 2824 2941 3053 2995; x_wconf 73' lang='lat' dir='ltr'><strong>Joann-s</strong></span> <span class='ocrx_word' id='word_1_474' title='bbox 3083 2944 3145 2996; x_wconf 90' lang='lat' dir='ltr'><strong>de</strong></span> <span class='ocrx_word' id='word_1_475' title='bbox 3191 2944 3296 2996; x_wconf 83' lang='lat' dir='ltr'><strong>Deo</strong></span> <span class='ocrx_word' id='word_1_476' title='bbox 3324 2951 3487 2997; x_wconf 89' lang='lat' dir='ltr'><strong>testor</strong></span> <span class='ocrx_word' id='word_1_477' title='bbox 3521 2943 3653 2996; x_wconf 86' lang='lat' dir='ltr'><strong>tales</strong></span> <span class='ocrx_word' id='word_1_478' title='bbox 3676 2958 3806 3010; x_wconf 67' lang='lat' dir='ltr'><strong>pne-</strong></span> 
     </span>
    </p>
   </div>
   <div class='ocr_carea' id='block_1_72' title="bbox 2265 3031 3806 3100">
    <p class='ocr_par' dir='ltr' id='par_1_72' title="bbox 2265 3031 3806 3100">
     <span class='ocr_line' id='line_1_72' title="bbox 2265 3031 3806 3100; baseline 0.001 -17"><span class='ocrx_word' id='word_1_479' title='bbox 2265 3031 2399 3084; x_wconf 89' lang='lat' dir='ltr'><strong>latos</strong></span> <span class='ocrx_word' id='word_1_480' title='bbox 2448 3033 2546 3085; x_wconf 83' lang='lat' dir='ltr'><strong>sub</strong></span> <span class='ocrx_word' id='word_1_481' title='bbox 2599 3033 2833 3100; x_wconf 90' lang='lat' dir='ltr'><strong>periculo</strong></span> <span class='ocrx_word' id='word_1_482' title='bbox 2878 3032 3171 3084; x_wconf 86' lang='lat' dir='ltr'><strong>animarum</strong></span> <span class='ocrx_word' id='word_1_483' title='bbox 3225 3047 3434 3083; x_wconf 79' lang='lat' dir='ltr'><strong>suarum</strong></span> <span class='ocrx_word' id='word_1_484' title='bbox 3479 3039 3533 3084; x_wconf 89' lang='lat' dir='ltr'><strong>et</strong></span> <span class='ocrx_word' id='word_1_485' title='bbox 3581 3041 3806 3084; x_wconf 83' lang='lat' dir='ltr'><strong>tremore</strong></span> 
     </span>
    </p>
   </div>
   <div class='ocr_carea' id='block_1_73' title="bbox 2267 3119 3801 3189">
    <p class='ocr_par' dir='ltr' id='par_1_73' title="bbox 2267 3119 3801 3189">
     <span class='ocr_line' id='line_1_73' title="bbox 2267 3119 3801 3189; baseline 0.001 -19"><span class='ocrx_word' id='word_1_486' title='bbox 2267 3119 2521 3175; x_wconf 84' lang='lat' dir='ltr'><strong>tremendi</strong></span> <span class='ocrx_word' id='word_1_487' title='bbox 2559 3119 2767 3187; x_wconf 84' lang='lat' dir='ltr'><strong>judicii,</strong></span> <span class='ocrx_word' id='word_1_488' title='bbox 2810 3121 2948 3187; x_wconf 89' lang='lat' dir='ltr'><strong>quod</strong></span> <span class='ocrx_word' id='word_1_489' title='bbox 2986 3120 3114 3173; x_wconf 88' lang='lat' dir='ltr'><strong>tales</strong></span> <span class='ocrx_word' id='word_1_490' title='bbox 3140 3120 3388 3187; x_wconf 85' lang='lat' dir='ltr'><strong>pecunias</strong></span> <span class='ocrx_word' id='word_1_491' title='bbox 3415 3136 3518 3174; x_wconf 89' lang='lat' dir='ltr'><strong>non</strong></span> <span class='ocrx_word' id='word_1_492' title='bbox 3552 3121 3801 3189; x_wconf 81' lang='lat' dir='ltr'><strong>exigant;</strong></span> 
     </span>
    </p>
   </div>
   <div class='ocr_carea' id='block_1_74' title="bbox 2266 3209 3804 3278">
    <p class='ocr_par' dir='ltr' id='par_1_74' title="bbox 2266 3209 3804 3278">
     <span class='ocr_line' id='line_1_74' title="bbox 2266 3209 3804 3278; baseline 0.002 -20"><span class='ocrx_word' id='word_1_493' title='bbox 2266 3215 2319 3259; x_wconf 89' lang='lat' dir='ltr'><strong>et</strong></span> <span class='ocrx_word' id='word_1_494' title='bbox 2358 3210 2401 3260; x_wconf 90' lang='lat' dir='ltr'><strong>si</strong></span> <span class='ocrx_word' id='word_1_495' title='bbox 2442 3209 2680 3278; x_wconf 63' lang='lat' dir='ltr'><strong>exigunt,</strong></span> <span class='ocrx_word' id='word_1_496' title='bbox 2714 3225 2818 3263; x_wconf 88' lang='lat' dir='ltr'><strong>non</strong></span> <span class='ocrx_word' id='word_1_497' title='bbox 2861 3219 3189 3270; x_wconf 89' lang='lat' dir='ltr'><strong>consumant,</strong></span> <span class='ocrx_word' id='word_1_498' title='bbox 3238 3210 3331 3263; x_wconf 84' lang='lat' dir='ltr'><strong>sed</strong></span> <span class='ocrx_word' id='word_1_499' title='bbox 3364 3209 3583 3277; x_wconf 84' lang='lat' dir='ltr'><strong>leprosis</strong></span> <span class='ocrx_word' id='word_1_500' title='bbox 3609 3220 3660 3263; x_wconf 91' lang='lat' dir='ltr'><strong>et</strong></span> <span class='ocrx_word' id='word_1_501' title='bbox 3690 3210 3804 3262; x_wconf 88' lang='lat' dir='ltr'><strong>aliis</strong></span> 
     </span>
    </p>
   </div>
   <div class='ocr_carea' id='block_1_75' title="bbox 2265 3295 3803 3366">
    <p class='ocr_par' dir='ltr' id='par_1_75' title="bbox 2265 3295 3803 3366">
     <span class='ocr_line' id='line_1_75' title="bbox 2265 3295 3803 3366; baseline 0.003 -20"><span class='ocrx_word' id='word_1_502' title='bbox 2265 3295 2581 3362; x_wconf 87' lang='lat' dir='ltr'><strong>pauperibus</strong></span> <span class='ocrx_word' id='word_1_503' title='bbox 2615 3297 2907 3366; x_wconf 80' lang='lat' dir='ltr'><strong>largiantur</strong></span> <span class='ocrx_word' id='word_1_504' title='bbox 2930 3315 2945 3351; x_wconf 91' lang='lat'><strong>:</strong></span> <span class='ocrx_word' id='word_1_505' title='bbox 2974 3315 3093 3354; x_wconf 87' lang='lat' dir='ltr'><strong>cum</strong></span> <span class='ocrx_word' id='word_1_506' title='bbox 3123 3299 3200 3351; x_wconf 83' lang='lat' dir='ltr'><strong>eis</strong></span> <span class='ocrx_word' id='word_1_507' title='bbox 3226 3315 3253 3349; x_wconf 89' lang='lat' dir='ltr'><strong>a</strong></span> <span class='ocrx_word' id='word_1_508' title='bbox 3274 3297 3394 3364; x_wconf 82' lang='lat' dir='ltr'><strong>jure</strong></span> <span class='ocrx_word' id='word_1_509' title='bbox 3420 3314 3521 3352; x_wconf 91' lang='lat' dir='ltr'><strong>non</strong></span> <span class='ocrx_word' id='word_1_510' title='bbox 3549 3299 3655 3351; x_wconf 79' lang='lat' dir='ltr'><strong>sint</strong></span> <span class='ocrx_word' id='word_1_511' title='bbox 3683 3316 3803 3352; x_wconf 82' lang='lat' dir='ltr'><strong>coa-</strong></span> 
     </span>
    </p>
   </div>
   <div class='ocr_carea' id='block_1_76' title="bbox 2263 3386 3801 3455">
    <p class='ocr_par' dir='ltr' id='par_1_76' title="bbox 2263 3386 3801 3455">
     <span class='ocr_line' id='line_1_76' title="bbox 2263 3386 3801 3455; baseline 0.001 -19"><span class='ocrx_word' id='word_1_512' title='bbox 2263 3398 2443 3446; x_wconf 71' lang='lat' dir='ltr'><strong>cessze,</strong></span> <span class='ocrx_word' id='word_1_513' title='bbox 2476 3386 2565 3438; x_wconf 90' lang='lat' dir='ltr'><strong>scd</strong></span> <span class='ocrx_word' id='word_1_514' title='bbox 2600 3387 2809 3453; x_wconf 91' lang='lat' dir='ltr'><strong>penitus</strong></span> <span class='ocrx_word' id='word_1_515' title='bbox 2833 3402 2864 3438; x_wconf 91' lang='lat' dir='ltr'><strong>a</strong></span> <span class='ocrx_word' id='word_1_516' title='bbox 2887 3387 3175 3439; x_wconf 88' lang='lat' dir='ltr'><strong>canonibus</strong></span> <span class='ocrx_word' id='word_1_517' title='bbox 3203 3386 3513 3449; x_wconf 67' lang='lat' dir='ltr'><strong>interdirtze,</strong></span> <span class='ocrx_word' id='word_1_518' title='bbox 3540 3395 3597 3438; x_wconf 92' lang='lat' dir='ltr'><strong>ut</strong></span> <span class='ocrx_word' id='word_1_519' title='bbox 3614 3388 3801 3455; x_wconf 77' lang='lat' dir='ltr'><strong>probat</strong></span> 
     </span>
    </p>
   </div>
   <div class='ocr_carea' id='block_1_77' title="bbox 2263 3474 3205 3545">
    <p class='ocr_par' dir='ltr' id='par_1_77' title="bbox 2263 3474 3205 3545">
     <span class='ocr_line' id='line_1_77' title="bbox 2263 3474 3205 3545; baseline -0.001 -15"><span class='ocrx_word' id='word_1_520' title='bbox 2263 3474 2562 3530; x_wconf 77' lang='lat' dir='ltr'><strong>Alexander</strong></span> <span class='ocrx_word' id='word_1_521' title='bbox 2597 3490 2731 3545; x_wconf 88' lang='lat' dir='ltr'><strong>papa</strong></span> <span class='ocrx_word' id='word_1_522' title='bbox 2756 3492 2841 3531; x_wconf 79' lang='lat' dir='ltr'><strong>ex.</strong></span> <span class='ocrx_word' id='word_1_523' title='bbox 2869 3478 2931 3530; x_wconf 84' lang='lat' dir='ltr'><strong>de</strong></span> <span class='ocrx_word' id='word_1_524' title='bbox 2960 3475 3130 3531; x_wconf 68' lang='lat' dir='ltr'><strong>Panis</strong></span> <span class='ocrx_word' id='word_1_525' title='bbox 3156 3492 3205 3531; x_wconf 90' lang='lat' dir='ltr'><strong>c.</strong></span> 
     </span>
    </p>
   </div>
   <div class='ocr_carea' id='block_1_78' title="bbox 2332 3562 3442 3636">
    <p class='ocr_par' dir='ltr' id='par_1_78' title="bbox 2332 3562 3442 3636">
     <span class='ocr_line' id='line_1_78' title="bbox 2332 3562 3442 3636; baseline 0.001 -20"><span class='ocrx_word' id='word_1_526' title='bbox 2332 3562 2400 3616; x_wconf 85' lang='lat' dir='ltr'><strong>Et</strong></span> <span class='ocrx_word' id='word_1_527' title='bbox 2428 3573 2539 3633; x_wconf 86' lang='lat' dir='ltr'><strong>post</strong></span> <span class='ocrx_word' id='word_1_528' title='bbox 2585 3565 2745 3619; x_wconf 86' lang='lat' dir='ltr'><strong>multa</strong></span> <span class='ocrx_word' id='word_1_529' title='bbox 2774 3565 2879 3619; x_wconf 87' lang='lat' dir='ltr'><strong>alia</strong></span> <span class='ocrx_word' id='word_1_530' title='bbox 2903 3569 2956 3620; x_wconf 89' lang='lat' dir='ltr'><strong>in</strong></span> <span class='ocrx_word' id='word_1_531' title='bbox 2980 3568 3082 3635; x_wconf 83' lang='lat' dir='ltr'><strong>[ine</strong></span> <span class='ocrx_word' id='word_1_532' title='bbox 3120 3567 3214 3619; x_wconf 81' lang='lat' dir='ltr'><strong>hoc</strong></span> <span class='ocrx_word' id='word_1_533' title='bbox 3240 3565 3442 3636; x_wconf 86' lang='lat' dir='ltr'><strong>legitur.</strong></span> 
     </span>
    </p>
   </div>
   <div class='ocr_carea' id='block_1_79' title="bbox 2266 3672 3801 3747">
    <p class='ocr_par' dir='ltr' id='par_1_79' title="bbox 2266 3672 3801 3747">
     <span class='ocr_line' id='line_1_79' title="bbox 2266 3672 3801 3747; baseline 0.002 -22"><span class='ocrx_word' id='word_1_534' title='bbox 2266 3672 2488 3743; x_wconf 69' lang='lat' dir='ltr'><strong>Ea‘plicit</strong></span> <span class='ocrx_word' id='word_1_535' title='bbox 2530 3675 2657 3747; x_wconf 86' lang='lat' dir='ltr'><strong>liber</strong></span> <span class='ocrx_word' id='word_1_536' title='bbox 2684 3677 3097 3747; x_wconf 63' lang='lat' dir='ltr'><strong>Pantitentiurins</strong></span> <span class='ocrx_word' id='word_1_537' title='bbox 3123 3696 3154 3731; x_wconf 87' lang='lat' dir='ltr'><strong>a</strong></span> <span class='ocrx_word' id='word_1_538' title='bbox 3180 3680 3420 3747; x_wconf 80' lang='lat' dir='ltr'><strong>ntagistro</strong></span> <span class='ocrx_word' id='word_1_539' title='bbox 3462 3680 3662 3747; x_wconf 79' lang='lat' dir='ltr'><strong>Joanne</strong></span> <span class='ocrx_word' id='word_1_540' title='bbox 3707 3678 3801 3729; x_wconf 82' lang='lat' dir='ltr'><strong>lli-</strong></span> 
     </span>
    </p>
   </div>
   <div class='ocr_carea' id='block_1_80' title="bbox 2334 3745 3802 3809">
    <p class='ocr_par' dir='ltr' id='par_1_80' title="bbox 2334 3745 3802 3809">
     <span class='ocr_line' id='line_1_80' title="bbox 2334 3745 3802 3809; baseline 0.001 -14"><span class='ocrx_word' id='word_1_541' title='bbox 2334 3760 2491 3809; x_wconf 80' lang='lat' dir='ltr'><strong>spano</strong></span> <span class='ocrx_word' id='word_1_542' title='bbox 2521 3745 2724 3797; x_wconf 81' lang='lat' dir='ltr'><strong>doctore</strong></span> <span class='ocrx_word' id='word_1_543' title='bbox 2740 3746 3065 3798; x_wconf 80' lang='lat' dir='ltr'><strong>Decretornm</strong></span> <span class='ocrx_word' id='word_1_544' title='bbox 3089 3745 3330 3799; x_wconf 80' lang='lat' dir='ltr'><strong>canonico</strong></span> <span class='ocrx_word' id='word_1_545' title='bbox 3354 3747 3491 3799; x_wconf 81' lang='lat' dir='ltr'><strong>urbs</strong></span> <span class='ocrx_word' id='word_1_546' title='bbox 3519 3746 3802 3799; x_wconf 79' lang='lat' dir='ltr'><strong>Bononien—</strong></span> 
     </span>
    </p>
   </div>
   <div class='ocr_carea' id='block_1_81' title="bbox 2334 3813 3799 3881">
    <p class='ocr_par' dir='ltr' id='par_1_81' title="bbox 2334 3813 3799 3881">
     <span class='ocr_line' id='line_1_81' title="bbox 2334 3813 3799 3881; baseline 0.003 -19"><span class='ocrx_word' id='word_1_547' title='bbox 2334 3813 2423 3881; x_wconf 8' lang='lat' dir='ltr'><strong>sis?</strong></span> <span class='ocrx_word' id='word_1_548' title='bbox 2458 3814 2766 3881; x_wconf 79' lang='lat' dir='ltr'><strong>conipositus</strong></span> <span class='ocrx_word' id='word_1_549' title='bbox 2811 3814 2878 3865; x_wconf 84' lang='lat' dir='ltr'><strong>ad</strong></span> <span class='ocrx_word' id='word_1_550' title='bbox 2923 3816 3161 3866; x_wconf 78' lang='lat' dir='ltr'><strong>honorem</strong></span> <span class='ocrx_word' id='word_1_551' title='bbox 3199 3832 3408 3866; x_wconf 79' lang='lat' dir='ltr'><strong>summa:</strong></span> <span class='ocrx_word' id='word_1_552' title='bbox 3439 3814 3725 3881; x_wconf 70' lang='lat' dir='ltr'><strong>Trinitatis,</strong></span> <span class='ocrx_word' id='word_1_553' title='bbox 3755 3827 3799 3867; x_wconf 74' lang='lat' dir='ltr'><strong>et</strong></span> 
     </span>
    </p>
   </div>
   <div class='ocr_carea' id='block_1_82' title="bbox 2335 3880 3799 3950">
    <p class='ocr_par' dir='ltr' id='par_1_82' title="bbox 2335 3880 3799 3950">
     <span class='ocr_line' id='line_1_82' title="bbox 2335 3880 3799 3950; baseline 0.003 -20"><span class='ocrx_word' id='word_1_554' title='bbox 2335 3880 2612 3933; x_wconf 68' lang='lat' dir='ltr'><strong>individuis</strong></span> <span class='ocrx_word' id='word_1_555' title='bbox 2635 3883 2846 3950; x_wconf 71' lang='lat' dir='ltr'><strong>unitatis</strong></span> <span class='ocrx_word' id='word_1_556' title='bbox 2870 3881 3063 3944; x_wconf 78' lang='lat' dir='ltr'><strong>Patris,</strong></span> <span class='ocrx_word' id='word_1_557' title='bbox 3106 3893 3150 3935; x_wconf 84' lang='lat' dir='ltr'><strong>et</strong></span> <span class='ocrx_word' id='word_1_558' title='bbox 3184 3882 3327 3945; x_wconf 74' lang='lat' dir='ltr'><strong>Filii,</strong></span> <span class='ocrx_word' id='word_1_559' title='bbox 3351 3892 3396 3933; x_wconf 86' lang='lat' dir='ltr'><strong>et</strong></span> <span class='ocrx_word' id='word_1_560' title='bbox 3443 3880 3663 3950; x_wconf 83' lang='lat' dir='ltr'><strong>Spiritus</strong></span> <span class='ocrx_word' id='word_1_561' title='bbox 3684 3900 3799 3935; x_wconf 74' lang='lat' dir='ltr'><strong>sun-</strong></span> 
     </span>
    </p>
   </div>
   <div class='ocr_carea' id='block_1_83' title="bbox 2337 3949 3796 4019">
    <p class='ocr_par' dir='ltr' id='par_1_83' title="bbox 2337 3949 3796 4019">
     <span class='ocr_line' id='line_1_83' title="bbox 2337 3949 3796 4019; baseline 0.003 -20"><span class='ocrx_word' id='word_1_562' title='bbox 2337 3950 2423 4011; x_wconf 81' lang='lat' dir='ltr'><strong>rti,</strong></span> <span class='ocrx_word' id='word_1_563' title='bbox 2450 3958 2496 4000; x_wconf 88' lang='lat' dir='ltr'><strong>et</strong></span> <span class='ocrx_word' id='word_1_564' title='bbox 2537 3951 2703 4002; x_wconf 83' lang='lat' dir='ltr'><strong>sancti</strong></span> <span class='ocrx_word' id='word_1_565' title='bbox 2750 3949 2997 4003; x_wconf 69' lang='lat' dir='ltr'><strong>Vincentii</strong></span> <span class='ocrx_word' id='word_1_566' title='bbox 3024 3952 3279 4019; x_wconf 76' lang='lat' dir='ltr'><strong>martyris,</strong></span> <span class='ocrx_word' id='word_1_567' title='bbox 3322 3960 3366 4002; x_wconf 87' lang='lat' dir='ltr'><strong>et</strong></span> <span class='ocrx_word' id='word_1_568' title='bbox 3396 3950 3461 4019; x_wconf 84' lang='lat' dir='ltr'><strong>ad</strong></span> <span class='ocrx_word' id='word_1_569' title='bbox 3481 3949 3726 4019; x_wconf 69' lang='lat' dir='ltr'><strong>honorem</strong></span> <span class='ocrx_word' id='word_1_570' title='bbox 3753 3962 3796 4003; x_wconf 88' lang='lat' dir='ltr'><strong>et</strong></span> 
     </span>
    </p>
   </div>
   <div class='ocr_carea' id='block_1_84' title="bbox 2337 4018 3798 4088">
    <p class='ocr_par' dir='ltr' id='par_1_84' title="bbox 2337 4018 3798 4088">
     <span class='ocr_line' id='line_1_84' title="bbox 2337 4018 3798 4088; baseline 0.003 -22"><span class='ocrx_word' id='word_1_571' title='bbox 2337 4033 2517 4088; x_wconf 81' lang='lat' dir='ltr'><strong>nomen</strong></span> <span class='ocrx_word' id='word_1_572' title='bbox 2561 4020 2856 4073; x_wconf 76' lang='lat' dir='ltr'><strong>uenerabilis</strong></span> <span class='ocrx_word' id='word_1_573' title='bbox 2884 4021 3099 4087; x_wconf 71' lang='lat' dir='ltr'><strong>episcopi</strong></span> <span class='ocrx_word' id='word_1_574' title='bbox 3134 4018 3431 4088; x_wconf 12' lang='lat' dir='ltr'><strong>eticupituli</strong></span> <span class='ocrx_word' id='word_1_575' title='bbox 3470 4020 3606 4071; x_wconf 83' lang='lat' dir='ltr'><strong>urbis</strong></span> <span class='ocrx_word' id='word_1_576' title='bbox 3634 4018 3798 4070; x_wconf 69' lang='lat' dir='ltr'><strong>Itono—</strong></span> 
     </span>
    </p>
   </div>
   <div class='ocr_carea' id='block_1_85' title="bbox 2336 4086 3797 4154">
    <p class='ocr_par' dir='ltr' id='par_1_85' title="bbox 2336 4086 3797 4154">
     <span class='ocr_line' id='line_1_85' title="bbox 2336 4086 3797 4154; baseline 0.002 -19"><span class='ocrx_word' id='word_1_577' title='bbox 2336 4086 2523 4154; x_wconf 77' lang='lat' dir='ltr'><strong>niensis</strong></span> <span class='ocrx_word' id='word_1_578' title='bbox 2552 4096 2597 4137; x_wconf 88' lang='lat' dir='ltr'><strong>et</strong></span> <span class='ocrx_word' id='word_1_579' title='bbox 2641 4087 2937 4141; x_wconf 72' lang='lat' dir='ltr'><strong>universalis</strong></span> <span class='ocrx_word' id='word_1_580' title='bbox 2985 4086 3141 4142; x_wconf 75' lang='lat' dir='ltr'><strong>studii</strong></span> <span class='ocrx_word' id='word_1_581' title='bbox 3184 4086 3405 4147; x_wconf 63' lang='lat' dir='ltr'><strong>Bonam,</strong></span> <span class='ocrx_word' id='word_1_582' title='bbox 3436 4096 3480 4139; x_wconf 89' lang='lat' dir='ltr'><strong>ct</strong></span> <span class='ocrx_word' id='word_1_583' title='bbox 3521 4088 3797 4154; x_wconf 79' lang='lat' dir='ltr'><strong>ubicunque</strong></span> 
     </span>
    </p>
   </div>
   <div class='ocr_carea' id='block_1_86' title="bbox 2334 4150 3795 4224">
    <p class='ocr_par' dir='ltr' id='par_1_86' title="bbox 2334 4150 3795 4224">
     <span class='ocr_line' id='line_1_86' title="bbox 2334 4150 3795 4224; baseline 0.002 -22"><span class='ocrx_word' id='word_1_584' title='bbox 2334 4150 2650 4224; x_wconf 72' lang='lat' dir='ltr'><strong>Ecclesiase</strong></span> <span class='ocrx_word' id='word_1_585' title='bbox 2696 4155 2936 4214; x_wconf 78' lang='lat' dir='ltr'><strong>extendit.</strong></span> <span class='ocrx_word' id='word_1_586' title='bbox 2978 4156 3027 4206; x_wconf 89' lang='lat' dir='ltr'><strong>in</strong></span> <span class='ocrx_word' id='word_1_587' title='bbox 3051 4173 3150 4224; x_wconf 82' lang='lat' dir='ltr'><strong>qua</strong></span> <span class='ocrx_word' id='word_1_588' title='bbox 3188 4156 3463 4208; x_wconf 66' lang='lat' dir='ltr'><strong>succumbit</strong></span> <span class='ocrx_word' id='word_1_589' title='bbox 3510 4150 3735 4224; x_wconf 10' lang='lat' dir='ltr'><strong>falsitas—7</strong></span> <span class='ocrx_word' id='word_1_590' title='bbox 3752 4163 3795 4205; x_wconf 82' lang='lat' dir='ltr'><strong>et</strong></span> 
     </span>
    </p>
   </div>
   <div class='ocr_carea' id='block_1_87' title="bbox 2334 4222 3795 4285">
    <p class='ocr_par' dir='ltr' id='par_1_87' title="bbox 2334 4222 3795 4285">
     <span class='ocr_line' id='line_1_87' title="bbox 2334 4222 3795 4285; baseline 0.001 -15"><span class='ocrx_word' id='word_1_591' title='bbox 2334 4222 2515 4273; x_wconf 75' lang='lat' dir='ltr'><strong>t‘et&#39;lltts</strong></span> <span class='ocrx_word' id='word_1_592' title='bbox 2543 4222 2798 4285; x_wconf 70' lang='lat' dir='ltr'><strong>clarescit,</strong></span> <span class='ocrx_word' id='word_1_593' title='bbox 2826 4224 2918 4275; x_wconf 87' lang='lat' dir='ltr'><strong>sub</strong></span> <span class='ocrx_word' id='word_1_594' title='bbox 2942 4222 3076 4276; x_wconf 85' lang='lat' dir='ltr'><strong>anno</strong></span> <span class='ocrx_word' id='word_1_595' title='bbox 3108 4224 3311 4275; x_wconf 86' lang='lat' dir='ltr'><strong>Domini</strong></span> <span class='ocrx_word' id='word_1_596' title='bbox 3342 4240 3395 4276; x_wconf 72' lang='grc' dir='ltr'><strong>ιι.</strong></span> <span class='ocrx_word' id='word_1_597' title='bbox 3418 4238 3497 4276; x_wconf 86' lang='lat' dir='ltr'><strong>cc.</strong></span> <span class='ocrx_word' id='word_1_598' title='bbox 3529 4238 3693 4285; x_wconf 74' lang='lat' dir='ltr'><strong>XLVII,</strong></span> <span class='ocrx_word' id='word_1_599' title='bbox 3723 4223 3795 4275; x_wconf 87' lang='lat' dir='ltr'><strong>in-</strong></span> 
     </span>
    </p>
   </div>
   <div class='ocr_carea' id='block_1_88' title="bbox 2341 4289 3594 4355">
    <p class='ocr_par' dir='ltr' id='par_1_88' title="bbox 2341 4289 3594 4355">
     <span class='ocr_line' id='line_1_88' title="bbox 2341 4289 3594 4355; baseline 0.002 -15"><span class='ocrx_word' id='word_1_600' title='bbox 2341 4289 2464 4343; x_wconf 83' lang='lat' dir='ltr'><strong>dict.</strong></span> <span class='ocrx_word' id='word_1_601' title='bbox 2502 4307 2532 4342; x_wconf 88' lang='lat' dir='ltr'><strong>v</strong></span> <span class='ocrx_word' id='word_1_602' title='bbox 2558 4289 2813 4355; x_wconf 79' lang='lat' dir='ltr'><strong>Octobris,</strong></span> <span class='ocrx_word' id='word_1_603' title='bbox 2840 4302 2886 4344; x_wconf 87' lang='lat' dir='ltr'><strong>et</strong></span> <span class='ocrx_word' id='word_1_604' title='bbox 2914 4309 2940 4345; x_wconf 87' lang='lat' dir='ltr'><strong>v</strong></span> <span class='ocrx_word' id='word_1_605' title='bbox 2980 4291 3241 4345; x_wconf 79' lang='lat' dir='ltr'><strong>Kalendas</strong></span> <span class='ocrx_word' id='word_1_606' title='bbox 3276 4290 3594 4345; x_wconf 77' lang='lat' dir='ltr'><strong>Novembris.</strong></span> 
     </span>
    </p>
   </div>
   <div class='ocr_carea' id='block_1_89' title="bbox 666 4407 3775 4445">
    <p class='ocr_par' dir='ltr' id='par_1_89' title="bbox 666 4407 3775 4445">
     <span class='ocr_line' id='line_1_89' title="bbox 666 4407 3775 4445; baseline 0.002 -22"><span class='ocrx_word' id='word_1_607' title='bbox 666 4407 3775 4445; x_wconf 62' lang='lat'><strong>.________.._______________________________</strong></span> 
     </span>
    </p>
   </div>
   <div class='ocr_carea' id='block_1_90' title="bbox 1002 4500 3391 4662">
    <p class='ocr_par' dir='ltr' id='par_1_90' title="bbox 1002 4500 3391 4662">
     <span class='ocr_line' id='line_1_90' title="bbox 1002 4500 3391 4662; baseline 0.012 -28"><span class='ocrx_word' id='word_1_608' title='bbox 1002 4510 1253 4635; x_wconf 81' lang='grc' dir='ltr'><strong>ΑΙ)</strong></span> <span class='ocrx_word' id='word_1_609' title='bbox 1344 4500 2508 4652; x_wconf 86' lang='lat' dir='ltr'><strong>P(ENITENTIALE</strong></span> <span class='ocrx_word' id='word_1_610' title='bbox 2610 4536 3391 4662; x_wconf 80' lang='lat' dir='ltr'><strong>THEODORI</strong></span> 
     </span>
    </p>
   </div>
   <div class='ocr_carea' id='block_1_91' title="bbox 1496 4740 2941 4839">
    <p class='ocr_par' dir='ltr' id='par_1_91' title="bbox 1496 4740 2941 4839">
     <span class='ocr_line' id='line_1_91' title="bbox 1496 4740 2941 4839; baseline 0.016 -27"><span class='ocrx_word' id='word_1_611' title='bbox 1496 4740 2309 4828; x_wconf 79' lang='lat' dir='ltr'><strong>OBSERVATIONES</strong></span> <span class='ocrx_word' id='word_1_612' title='bbox 2372 4754 2499 4830; x_wconf 82' lang='grc' dir='ltr'>ΕΤ</span> <span class='ocrx_word' id='word_1_613' title='bbox 2550 4759 2842 4839; x_wconf 72' lang='lat' dir='ltr'><strong>NOTIE</strong></span> <span class='ocrx_word' id='word_1_614' title='bbox 2886 4763 2941 4835; x_wconf 81' lang='grc'><strong>³.</strong></span> 
     </span>
    </p>
   </div>
   <div class='ocr_carea' id='block_1_92' title="bbox 1867 4901 2571 4926">
    <p class='ocr_par' dir='ltr' id='par_1_92' title="bbox 1867 4901 2571 4926">
     <span class='ocr_line' id='line_1_92' title="bbox 1867 4901 2571 4926; baseline 0.001 -12"><span class='ocrx_word' id='word_1_615' title='bbox 1867 4901 2571 4926; x_wconf 37' lang='grc' dir='ltr'><em>Ἦ</em></span> 
     </span>
    </p>
   </div>
   <div class='ocr_carea' id='block_1_93' title="bbox 1127 4972 1659 5033">
    <p class='ocr_par' dir='ltr' id='par_1_93' title="bbox 1127 4972 1659 5033">
     <span class='ocr_line' id='line_1_93' title="bbox 1127 4972 1659 5033; baseline 0.011 -5"><span class='ocrx_word' id='word_1_616' title='bbox 1127 4972 1346 5029; x_wconf 81' lang='lat' dir='ltr'><strong>CAPUT</strong></span> <span class='ocrx_word' id='word_1_617' title='bbox 1381 4974 1659 5033; x_wconf 73' lang='lat' dir='ltr'><strong>PRIMUM.</strong></span> 
     </span>
    </p>
   </div>
   <div class='ocr_carea' id='block_1_94' title="bbox 802 5057 1992 5138">
    <p class='ocr_par' dir='ltr' id='par_1_94' title="bbox 802 5057 1992 5138">
     <span class='ocr_line' id='line_1_94' title="bbox 802 5057 1992 5138; baseline 0.012 -26"><span class='ocrx_word' id='word_1_618' title='bbox 802 5057 880 5113; x_wconf 79' lang='lat' dir='ltr'><strong>De</strong></span> <span class='ocrx_word' id='word_1_619' title='bbox 896 5059 1114 5114; x_wconf 69' lang='lat' dir='ltr'><strong>ecclesia</strong></span> <span class='ocrx_word' id='word_1_620' title='bbox 1140 5060 1216 5114; x_wconf 81' lang='lat' dir='ltr'><strong>rel</strong></span> <span class='ocrx_word' id='word_1_621' title='bbox 1239 5062 1302 5115; x_wconf 87' lang='lat' dir='ltr'><strong>de</strong></span> <span class='ocrx_word' id='word_1_622' title='bbox 1332 5064 1395 5116; x_wconf 82' lang='lat' dir='ltr'><strong>iis</strong></span> <span class='ocrx_word' id='word_1_623' title='bbox 1423 5081 1538 5133; x_wconf 67' lang='lat' dir='ltr'><strong>qua!</strong></span> <span class='ocrx_word' id='word_1_624' title='bbox 1566 5067 1702 5123; x_wconf 86' lang='lat' dir='ltr'><strong>intus</strong></span> <span class='ocrx_word' id='word_1_625' title='bbox 1728 5060 1992 5138; x_wconf 80' lang='lat' dir='ltr'><strong>geruntur.</strong></span> 
     </span>
    </p>
   </div>
   <div class='ocr_carea' id='block_1_95' title="bbox 704 5144 2167 5234">
    <p class='ocr_par' dir='ltr' id='par_1_95' title="bbox 704 5144 2167 5234">
     <span class='ocr_line' id='line_1_95' title="bbox 704 5144 2167 5234; baseline 0.01 -32"><span class='ocrx_word' id='word_1_626' title='bbox 704 5144 771 5203; x_wconf 74' lang='lat' dir='ltr'><strong>In</strong></span> <span class='ocrx_word' id='word_1_627' title='bbox 807 5145 1081 5232; x_wconf 74' lang='lat' dir='ltr'><strong>ecclesia...</strong></span> <span class='ocrx_word' id='word_1_628' title='bbox 1122 5148 1417 5217; x_wconf 73' lang='lat' dir='ltr'><strong>sacriﬁcare</strong></span> <span class='ocrx_word' id='word_1_629' title='bbox 1459 5168 1561 5206; x_wconf 84' lang='lat' dir='ltr'><strong>non</strong></span> <span class='ocrx_word' id='word_1_630' title='bbox 1587 5153 1722 5208; x_wconf 85' lang='lat' dir='ltr'><strong>licet.</strong></span> <span class='ocrx_word' id='word_1_631' title='bbox 1767 5157 1841 5213; x_wconf 72' lang='lat' dir='ltr'><strong>Nc</strong></span> <span class='ocrx_word' id='word_1_632' title='bbox 1871 5160 2167 5234; x_wconf 84' lang='lat' dir='ltr'><strong>inﬁdelibus</strong></span> 
     </span>
    </p>
   </div>
   <div class='ocr_carea' id='block_1_96' title="bbox 634 5238 2162 5318">
    <p class='ocr_par' dir='ltr' id='par_1_96' title="bbox 634 5238 2162 5318">
     <span class='ocr_line' id='line_1_96' title="bbox 634 5238 2162 5318; baseline 0.012 -27"><span class='ocrx_word' id='word_1_633' title='bbox 634 5250 723 5291; x_wconf 84' lang='lat' dir='ltr'><strong>aut</strong></span> <span class='ocrx_word' id='word_1_634' title='bbox 753 5238 974 5304; x_wconf 85' lang='lat' dir='ltr'><strong>passivis</strong></span> <span class='ocrx_word' id='word_1_635' title='bbox 1002 5242 1306 5308; x_wconf 86' lang='lat' dir='ltr'><strong>corporibus</strong></span> <span class='ocrx_word' id='word_1_636' title='bbox 1340 5238 1513 5298; x_wconf 79' lang='lat' dir='ltr'><strong>bonos</strong></span> <span class='ocrx_word' id='word_1_637' title='bbox 1552 5258 1837 5318; x_wconf 83' lang='lat' dir='ltr'><strong>martyrum</strong></span> <span class='ocrx_word' id='word_1_638' title='bbox 1880 5253 2162 5309; x_wconf 82' lang='lat' dir='ltr'><strong>deferatur.</strong></span> 
     </span>
    </p>
   </div>
   <div class='ocr_carea' id='block_1_97' title="bbox 634 5326 2213 5406">
    <p class='ocr_par' dir='ltr' id='par_1_97' title="bbox 634 5326 2213 5406">
     <span class='ocr_line' id='line_1_97' title="bbox 634 5326 2213 5406; baseline 0.016 -30"><span class='ocrx_word' id='word_1_639' title='bbox 634 5326 782 5392; x_wconf 68' lang='lat' dir='ltr'><strong>Quod</strong></span> <span class='ocrx_word' id='word_1_640' title='bbox 812 5336 990 5380; x_wconf 84' lang='lat' dir='ltr'><strong>vetant</strong></span> <span class='ocrx_word' id='word_1_641' title='bbox 1014 5327 1197 5384; x_wconf 87' lang='lat' dir='ltr'><strong>Patres</strong></span> <span class='ocrx_word' id='word_1_642' title='bbox 1238 5334 1445 5388; x_wconf 89' lang='lat' dir='ltr'><strong>concilii</strong></span> <span class='ocrx_word' id='word_1_643' title='bbox 1481 5335 1911 5406; x_wconf 76' lang='lat' dir='ltr'><strong>Cartliaginensis</strong></span> <span class='ocrx_word' id='word_1_644' title='bbox 1954 5346 2165 5399; x_wconf 87' lang='lat' dir='ltr'><strong>nomine</strong></span> <span class='ocrx_word' id='word_1_645' title='bbox 2204 5326 2213 5341; x_wconf 65' lang='grc'><strong>’</strong></span> 
     </span>
    </p>
   </div>
   <div class='ocr_carea' id='block_1_98' title="bbox 636 5413 2165 5502">
    <p class='ocr_par' dir='ltr' id='par_1_98' title="bbox 636 5413 2165 5502">
     <span class='ocr_line' id='line_1_98' title="bbox 636 5413 2165 5502; baseline 0.016 -39"><span class='ocrx_word' id='word_1_646' title='bbox 636 5413 791 5479; x_wconf 87' lang='lat' dir='ltr'><strong>primi</strong></span> <span class='ocrx_word' id='word_1_647' title='bbox 826 5416 924 5468; x_wconf 81' lang='lat' dir='ltr'><strong>sub</strong></span> <span class='ocrx_word' id='word_1_648' title='bbox 954 5414 1090 5471; x_wconf 91' lang='lat' dir='ltr'><strong>Julio</strong></span> <span class='ocrx_word' id='word_1_649' title='bbox 1121 5419 1365 5473; x_wconf 88' lang='lat' dir='ltr'><strong>celebrati</strong></span> <span class='ocrx_word' id='word_1_650' title='bbox 1391 5438 1440 5477; x_wconf 92' lang='lat' dir='ltr'><strong>c.</strong></span> <span class='ocrx_word' id='word_1_651' title='bbox 1476 5424 1530 5488; x_wconf 75' lang='grc'><strong>2,</strong></span> <span class='ocrx_word' id='word_1_652' title='bbox 1567 5418 1650 5481; x_wconf 82' lang='lat' dir='ltr'><strong>his</strong></span> <span class='ocrx_word' id='word_1_653' title='bbox 1676 5429 1886 5483; x_wconf 87' lang='lat' dir='ltr'><strong>verbis:</strong></span> <span class='ocrx_word' id='word_1_654' title='bbox 1921 5449 1938 5480; x_wconf 80' lang='grc' dir='ltr'>ι</span> <span class='ocrx_word' id='word_1_655' title='bbox 1972 5431 2165 5502; x_wconf 75' lang='lat' dir='ltr'><strong>Marty-</strong></span> 
     </span>
    </p>
   </div>
   <div class='ocr_carea' id='block_1_99' title="bbox 638 5502 2162 5589">
    <p class='ocr_par' dir='ltr' id='par_1_99' title="bbox 638 5502 2162 5589">
     <span class='ocr_line' id='line_1_99' title="bbox 638 5502 2162 5589; baseline 0.016 -36"><span class='ocrx_word' id='word_1_656' title='bbox 638 5516 753 5554; x_wconf 85' lang='lat' dir='ltr'><strong>rum</strong></span> <span class='ocrx_word' id='word_1_657' title='bbox 797 5502 1100 5572; x_wconf 80' lang='lat' dir='ltr'><strong>dignitatem</strong></span> <span class='ocrx_word' id='word_1_658' title='bbox 1149 5522 1300 5564; x_wconf 87' lang='lat' dir='ltr'><strong>nemo</strong></span> <span class='ocrx_word' id='word_1_659' title='bbox 1327 5512 1577 5579; x_wconf 79' lang='lat' dir='ltr'><strong>profanus</strong></span> <span class='ocrx_word' id='word_1_660' title='bbox 1607 5514 1841 5582; x_wconf 83' lang='lat' dir='ltr'><strong>infamet,</strong></span> <span class='ocrx_word' id='word_1_661' title='bbox 1887 5535 2056 5589; x_wconf 78' lang='lat' dir='ltr'><strong>neque</strong></span> <span class='ocrx_word' id='word_1_662' title='bbox 2097 5523 2162 5577; x_wconf 89' lang='lat' dir='ltr'><strong>ad</strong></span> 
     </span>
    </p>
   </div>
   <div class='ocr_carea' id='block_1_100' title="bbox 636 5592 2162 5678">
    <p class='ocr_par' dir='ltr' id='par_1_100' title="bbox 636 5592 2162 5678">
     <span class='ocr_line' id='line_1_100' title="bbox 636 5592 2162 5678; baseline 0.014 -34"><span class='ocrx_word' id='word_1_663' title='bbox 636 5592 841 5658; x_wconf 71' lang='lat' dir='ltr'><strong>passiva</strong></span> <span class='ocrx_word' id='word_1_664' title='bbox 877 5609 1115 5666; x_wconf 90' lang='lat' dir='ltr'><strong>corpora,</strong></span> <span class='ocrx_word' id='word_1_665' title='bbox 1146 5613 1261 5667; x_wconf 76' lang='lat' dir='ltr'><strong>qua:</strong></span> <span class='ocrx_word' id='word_1_666' title='bbox 1286 5602 1564 5671; x_wconf 72' lang='lat' dir='ltr'><strong>sepultura:</strong></span> <span class='ocrx_word' id='word_1_667' title='bbox 1602 5614 1800 5661; x_wconf 69' lang='lat' dir='ltr'><strong>unitum</strong></span> <span class='ocrx_word' id='word_1_668' title='bbox 1826 5619 2036 5678; x_wconf 84' lang='lat' dir='ltr'><strong>propter</strong></span> <span class='ocrx_word' id='word_1_669' title='bbox 2063 5614 2162 5666; x_wconf 78' lang='lat' dir='ltr'><strong>mi-</strong></span> 
     </span>
    </p>
   </div>
   <div class='ocr_carea' id='block_1_101' title="bbox 707 5744 1718 5818">
    <p class='ocr_par' dir='ltr' id='par_1_101' title="bbox 707 5744 1718 5818">
     <span class='ocr_line' id='line_1_101' title="bbox 707 5744 1718 5818; baseline 0.007 -19"><span class='ocrx_word' id='word_1_670' title='bbox 707 5764 736 5786; x_wconf 83' lang='lat'><strong>-</strong></span> <span class='ocrx_word' id='word_1_671' title='bbox 770 5744 898 5800; x_wconf 74' lang='lat' dir='ltr'><strong>Vide</strong></span> <span class='ocrx_word' id='word_1_672' title='bbox 927 5749 1447 5818; x_wconf 64' lang='lat' dir='ltr'><strong>hujuscevoluminis</strong></span> <span class='ocrx_word' id='word_1_673' title='bbox 1471 5755 1567 5809; x_wconf 76' lang='lat' dir='ltr'><strong>ml.</strong></span> <span class='ocrx_word' id='word_1_674' title='bbox 1600 5752 1718 5809; x_wconf 74' lang='lat'><strong>927.</strong></span> 
     </span>
    </p>
   </div>
   <div class='ocr_carea' id='block_1_102' title="bbox 1000 6004 1017 6029">
    <p class='ocr_par' dir='ltr' id='par_1_102' title="bbox 1000 6004 1017 6029">
     <span class='ocr_line' id='line_1_102' title="bbox 1000 6004 1017 6029; baseline 0 0"><span class='ocrx_word' id='word_1_675' title='bbox 1000 6004 1017 6029; x_wconf 56' lang='grc' dir='ltr'>ἱ</span> 
     </span>
    </p>
   </div>
   <div class='ocr_carea' id='block_1_103' title="bbox 2193 4992 3789 5061">
    <p class='ocr_par' dir='ltr' id='par_1_103' title="bbox 2193 4992 3789 5061">
     <span class='ocr_line' id='line_1_103' title="bbox 2193 4992 3789 5061; baseline 0.004 -12"><span class='ocrx_word' id='word_1_676' title='bbox 2193 4992 2243 5049; x_wconf 85' lang='lat' dir='ltr'><strong>D</strong></span> <span class='ocrx_word' id='word_1_677' title='bbox 2269 4993 2609 5048; x_wconf 86' lang='lat' dir='ltr'><strong>serieordiam</strong></span> <span class='ocrx_word' id='word_1_678' title='bbox 2633 4996 3066 5061; x_wconf 87' lang='lat' dir='ltr'><strong>ecclesiasticam,</strong></span> <span class='ocrx_word' id='word_1_679' title='bbox 3098 4997 3452 5052; x_wconf 84' lang='lat' dir='ltr'><strong>commendari</strong></span> <span class='ocrx_word' id='word_1_680' title='bbox 3498 5002 3789 5056; x_wconf 68' lang='lat' dir='ltr'><strong>inlaudatum</strong></span> 
     </span>
    </p>
   </div>
   <div class='ocr_carea' id='block_1_104' title="bbox 2268 5076 3790 5161">
    <p class='ocr_par' dir='ltr' id='par_1_104' title="bbox 2268 5076 3790 5161">
     <span class='ocr_line' id='line_1_104' title="bbox 2268 5076 3790 5161; baseline 0.008 -28"><span class='ocrx_word' id='word_1_681' title='bbox 2268 5090 2369 5143; x_wconf 90' lang='lat' dir='ltr'><strong>est,</strong></span> <span class='ocrx_word' id='word_1_682' title='bbox 2397 5083 2617 5151; x_wconf 83' lang='lat' dir='ltr'><strong>redigat,</strong></span> <span class='ocrx_word' id='word_1_683' title='bbox 2657 5092 2714 5137; x_wconf 89' lang='lat' dir='ltr'><strong>ut</strong></span> <span class='ocrx_word' id='word_1_684' title='bbox 2749 5076 2857 5138; x_wconf 45' lang='lat' dir='ltr'><strong>aut&#39;</strong></span> <span class='ocrx_word' id='word_1_685' title='bbox 2877 5086 3075 5157; x_wconf 85' lang='lat' dir='ltr'><strong>insania</strong></span> <span class='ocrx_word' id='word_1_686' title='bbox 3114 5088 3483 5157; x_wconf 77' lang='lat' dir='ltr'><strong>pnecipitatos,</strong></span> <span class='ocrx_word' id='word_1_687' title='bbox 3512 5101 3602 5144; x_wconf 89' lang='lat' dir='ltr'><strong>aut</strong></span> <span class='ocrx_word' id='word_1_688' title='bbox 3625 5092 3790 5161; x_wconf 79' lang='lat' dir='ltr'><strong>aliquo</strong></span> 
     </span>
    </p>
   </div>
   <div class='ocr_carea' id='block_1_105' title="bbox 2268 5164 3788 5246">
    <p class='ocr_par' dir='ltr' id='par_1_105' title="bbox 2268 5164 3788 5246">
     <span class='ocr_line' id='line_1_105' title="bbox 2268 5164 3788 5246; baseline 0.008 -21"><span class='ocrx_word' id='word_1_689' title='bbox 2268 5173 2356 5225; x_wconf 91' lang='lat' dir='ltr'><strong>tali</strong></span> <span class='ocrx_word' id='word_1_690' title='bbox 2393 5184 2566 5241; x_wconf 87' lang='lat' dir='ltr'><strong>pacto,</strong></span> <span class='ocrx_word' id='word_1_691' title='bbox 2611 5184 2702 5228; x_wconf 83' lang='lat' dir='ltr'><strong>aut</strong></span> <span class='ocrx_word' id='word_1_692' title='bbox 2736 5176 2839 5229; x_wconf 85' lang='lat' dir='ltr'><strong>ala</strong></span> <span class='ocrx_word' id='word_1_693' title='bbox 2876 5178 3080 5232; x_wconf 85' lang='lat' dir='ltr'><strong>ratione</strong></span> <span class='ocrx_word' id='word_1_694' title='bbox 3118 5164 3314 5246; x_wconf 89' lang='lat' dir='ltr'><strong>peccati</strong></span> <span class='ocrx_word' id='word_1_695' title='bbox 3354 5178 3658 5246; x_wconf 66' lang='lat' dir='ltr'><strong>disjunctos,</strong></span> <span class='ocrx_word' id='word_1_696' title='bbox 3692 5198 3788 5237; x_wconf 87' lang='lat' dir='ltr'><strong>non</strong></span> 
     </span>
    </p>
   </div>
   <div class='ocr_carea' id='block_1_106' title="bbox 2266 5262 3789 5337">
    <p class='ocr_par' dir='ltr' id='par_1_106' title="bbox 2266 5262 3789 5337">
     <span class='ocr_line' id='line_1_106' title="bbox 2266 5262 3789 5337; baseline 0.009 -25"><span class='ocrx_word' id='word_1_697' title='bbox 2266 5262 2471 5315; x_wconf 88' lang='lat' dir='ltr'><strong>ratione</strong></span> <span class='ocrx_word' id='word_1_698' title='bbox 2498 5262 2579 5315; x_wconf 88' lang='lat' dir='ltr'><strong>vel</strong></span> <span class='ocrx_word' id='word_1_699' title='bbox 2620 5272 2853 5331; x_wconf 89' lang='lat' dir='ltr'><strong>tempore</strong></span> <span class='ocrx_word' id='word_1_700' title='bbox 2879 5270 3213 5334; x_wconf 80' lang='lat' dir='ltr'><strong>competenti,</strong></span> <span class='ocrx_word' id='word_1_701' title='bbox 3259 5282 3363 5333; x_wconf 81' lang='lat' dir='ltr'><strong>quo</strong></span> <span class='ocrx_word' id='word_1_702' title='bbox 3386 5271 3636 5337; x_wconf 79' lang='lat' dir='ltr'><strong>martyria</strong></span> <span class='ocrx_word' id='word_1_703' title='bbox 3665 5271 3789 5325; x_wconf 90' lang='lat' dir='ltr'><strong>cele-</strong></span> 
     </span>
    </p>
   </div>
   <div class='ocr_carea' id='block_1_107' title="bbox 2263 5351 3785 5426">
    <p class='ocr_par' dir='ltr' id='par_1_107' title="bbox 2263 5351 3785 5426">
     <span class='ocr_line' id='line_1_107' title="bbox 2263 5351 3785 5426; baseline 0.007 -22"><span class='ocrx_word' id='word_1_704' title='bbox 2263 5351 2499 5415; x_wconf 89' lang='lat' dir='ltr'><strong>brentur,</strong></span> <span class='ocrx_word' id='word_1_705' title='bbox 2528 5362 2816 5423; x_wconf 81' lang='lat' dir='ltr'><strong>martyrum</strong></span> <span class='ocrx_word' id='word_1_706' title='bbox 2841 5356 3050 5409; x_wconf 82' lang='lat' dir='ltr'><strong>nomine</strong></span> <span class='ocrx_word' id='word_1_707' title='bbox 3086 5357 3324 5426; x_wconf 88' lang='lat' dir='ltr'><strong>appellet,</strong></span> <span class='ocrx_word' id='word_1_708' title='bbox 3349 5366 3451 5411; x_wconf 89' lang='lat' dir='ltr'><strong>etc.</strong></span> <span class='ocrx_word' id='word_1_709' title='bbox 3479 5380 3498 5409; x_wconf 79' lang='grc' dir='ltr'><strong><em>ι</em></strong></span> <span class='ocrx_word' id='word_1_710' title='bbox 3531 5359 3641 5414; x_wconf 87' lang='lat' dir='ltr'><strong>lloc</strong></span> <span class='ocrx_word' id='word_1_711' title='bbox 3663 5359 3785 5415; x_wconf 84' lang='lat' dir='ltr'><strong>idem</strong></span> 
     </span>
    </p>
   </div>
   <div class='ocr_carea' id='block_1_108' title="bbox 2262 5440 3783 5511">
    <p class='ocr_par' dir='ltr' id='par_1_108' title="bbox 2262 5440 3783 5511">
     <span class='ocr_line' id='line_1_108' title="bbox 2262 5440 3783 5511; baseline 0.009 -21"><span class='ocrx_word' id='word_1_712' title='bbox 2262 5440 2540 5505; x_wconf 82' lang='lat' dir='ltr'><strong>prohibent</strong></span> <span class='ocrx_word' id='word_1_713' title='bbox 2589 5440 2773 5496; x_wconf 87' lang='lat' dir='ltr'><strong>Patres</strong></span> <span class='ocrx_word' id='word_1_714' title='bbox 2824 5445 3031 5497; x_wconf 89' lang='lat' dir='ltr'><strong>concilii</strong></span> <span class='ocrx_word' id='word_1_715' title='bbox 3084 5445 3457 5501; x_wconf 74' lang='lat' dir='ltr'><strong>Bracluzrensis</strong></span> <span class='ocrx_word' id='word_1_716' title='bbox 3497 5464 3554 5510; x_wconf 85' lang='lat' dir='ltr'><strong>ll,</strong></span> <span class='ocrx_word' id='word_1_717' title='bbox 3593 5464 3641 5502; x_wconf 91' lang='lat' dir='ltr'><strong>c.</strong></span> <span class='ocrx_word' id='word_1_718' title='bbox 3687 5449 3783 5511; x_wconf 90' lang='lat' dir='ltr'><strong>l8;</strong></span> 
     </span>
    </p>
   </div>
   <div class='ocr_carea' id='block_1_109' title="bbox 2262 5527 3787 5607">
    <p class='ocr_par' dir='ltr' id='par_1_109' title="bbox 2262 5527 3787 5607">
     <span class='ocr_line' id='line_1_109' title="bbox 2262 5527 3787 5607; baseline 0.009 -28"><span class='ocrx_word' id='word_1_719' title='bbox 2262 5527 2469 5582; x_wconf 82' lang='lat' dir='ltr'><strong>Martini</strong></span> <span class='ocrx_word' id='word_1_720' title='bbox 2495 5530 2873 5588; x_wconf 82' lang='lat' dir='ltr'><strong>Braebarensis</strong></span> <span class='ocrx_word' id='word_1_721' title='bbox 2909 5535 3155 5604; x_wconf 77' lang='lat' dir='ltr'><strong>capitula,</strong></span> <span class='ocrx_word' id='word_1_722' title='bbox 3184 5551 3299 5604; x_wconf 73' lang='lat' dir='ltr'><strong>ear.</strong></span> <span class='ocrx_word' id='word_1_723' title='bbox 3325 5538 3424 5600; x_wconf 77' lang='lat'><strong>68;</strong></span> <span class='ocrx_word' id='word_1_724' title='bbox 3468 5538 3697 5607; x_wconf 83' lang='lat' dir='ltr'><strong>synodus</strong></span> <span class='ocrx_word' id='word_1_725' title='bbox 3717 5540 3787 5592; x_wconf 90' lang='lat' dir='ltr'><strong>in-</strong></span> 
     </span>
    </p>
   </div>
   <div class='ocr_carea' id='block_1_110' title="bbox 2264 5619 3783 5691">
    <p class='ocr_par' dir='ltr' id='par_1_110' title="bbox 2264 5619 3783 5691">
     <span class='ocr_line' id='line_1_110' title="bbox 2264 5619 3783 5691; baseline 0.007 -21"><span class='ocrx_word' id='word_1_726' title='bbox 2264 5619 2393 5671; x_wconf 83' lang='lat' dir='ltr'><strong>certi</strong></span> <span class='ocrx_word' id='word_1_727' title='bbox 2426 5619 2545 5682; x_wconf 91' lang='lat' dir='ltr'><strong>loci,</strong></span> <span class='ocrx_word' id='word_1_728' title='bbox 2591 5635 2746 5691; x_wconf 88' lang='lat' dir='ltr'><strong>quam</strong></span> <span class='ocrx_word' id='word_1_729' title='bbox 2774 5638 2824 5676; x_wconf 92' lang='lat' dir='ltr'><strong>v.</strong></span> <span class='ocrx_word' id='word_1_730' title='bbox 2854 5622 2921 5676; x_wconf 91' lang='lat' dir='ltr'><strong>cl.</strong></span> <span class='ocrx_word' id='word_1_731' title='bbox 2949 5622 2996 5676; x_wconf 88' lang='lat' dir='ltr'><strong>J.</strong></span> <span class='ocrx_word' id='word_1_732' title='bbox 3042 5623 3360 5680; x_wconf 83' lang='lat' dir='ltr'><strong>Sirmondus‘</strong></span> <span class='ocrx_word' id='word_1_733' title='bbox 3390 5627 3614 5681; x_wconf 69' lang='lat' dir='ltr'><strong>concilio</strong></span> <span class='ocrx_word' id='word_1_734' title='bbox 3656 5626 3783 5682; x_wconf 61' lang='lat' dir='ltr'><strong>Pati</strong></span> 
     </span>
    </p>
   </div>
  </div>
