4010 6432
138 530 262 585 1109

1253 516 1806 591 OBSERVA’I‘IGNES
1843 537 1926 590 ET
1964 538 2192 592 norm.

3176 533 3306 586 mo

135 640 286 695 siensi
308 641 610 708 subjectam
634 645 861 712 reperit;
885 659 1000 709 can.
1024 643 1283 698 2cm1cilii
1306 642 1669 706 Nannctensis,
1704 652 1744 705 Α
1775 645 1968 699 Deinde
1994 647 2234 716 exempla
2261 645 2474 697 Patrum
2520 643 2776 712 proponit.
2807 659 2824 691 ι
2861 640 3154 694 Praesertim
3188 655 3323 693 cum.

137 744 184 781 c.
213 730 282 793 ὃς
315 731 562 799 synodus
605 735 773 787 sancti
810 733 1042 795 Patricii.
1070 750 1118 788 c.
1145 734 1214 788 εδ
1243 751 1255 798 ;
1297 744 1509 789 sanctus
1550 735 1680 788 Gre-

139 817 312 882 gorius
338 818 392 870 in
425 820 658 886 epistola
687 821 751 874 de
775 823 1100 890 expositione
1126 822 1450 876 diversarum
1479 824 1541 874 ad
1577 822 1682 873 Au-

137 907 401 972 gustian
434 908 491 960 in
523 911 864 988 responsione
889 910 952 962 ad
1001 911 1459 978 interrogationem
1482 911 1549 972 9;
1579 909 1682 961 Ex-

137 995 434 1062 cerptiones
459 997 677 1066 Egberti
706 998 1050 1051 Eboracensis
1070 996 1446 1064 archiepiscOpi
1465 1010 1511 1048 c.
1540 995 1680 1056 9-52,

139 1099 287 1151 quem
316 1084 452 1137 citat
482 1100 550 1138 ex
591 1100 792 1140 canone
814 1084 1107 1152 Epaonensi
1144 1084 1230 1136 56.
1275 1083 1396 1136 Vide
1425 1082 1514 1134 lib.
1543 1098 1557 1133 ι
1585 1080 1681 1134 Ca-

139 1175 307 1242 pitul.,
333 1190 384 1227 c.
422 1174 528 1228 159
555 1191 569 1236 ;
615 1174 709 1227 lib.
741 1189 803 1236 ll,
834 1189 882 1228 e.
915 1174 1020 1235 47;
1059 1173 1248 1226 concil.
1281 1171 1585 1223 Arelatense
1611 1185 1681 1231 vi,

139 1277 184 1315 c.
207 1261 266 1314 21
296 1278 310 1324 ;
355 1260 695 1328 Theodulphi
720 1260 947 1328 episcopi
976 1258 1368 1311 Aurelianensis
1398 1257 1554 1324 capit.
1587 1257 1679 1308 H-

140 1349 320 1402 concil.
373 1347 699 1418 Moguntiac.
732 1363 781 1401 c.
811 1347 898 1408 59.,
946 1347 996 1399 in
1043 1346 1231 1414 quibus
1272 1345 1396 1397 illud
1447 1345 1582 1398 idem
1617 1343 1685 1397 ob

137 1437 367 1490 eamdem
399 1437 669 1490 rationem
693 1436 1014 1503 prohibetur.

203 1526 332 1577 Inde
359 1525 564 1577 evulsa.
607 1524 779 1590 Quare
806 1524 917 1577 lucc
956 1523 1140 1575 altaria
1179 1522 1334 1592 vulgo
1377 1521 1685 1576 everteban-

139 1624 254 1676 tur;
287 1615 426 1666 sicut
462 1623 613 1682 patet
657 1630 720 1666 ex
763 1614 987 1667 concilio
1029 1613 1427 1682 Carthaginensi
1475 1611 1686 1665 nomine

137 1701 337 1766 quinto,
365 1715 414 1753 c.
447 1700 512 1753 14
540 1719 552 1752 :
583 1719 602 1750 ‹
635 1701 715 1754 Ab
744 1701 1005 1770 episcopis
1044 1702 1134 1768 qui
1159 1701 1358 1754 eisdem
1403 1701 1532 1753 locis
1555 1715 1685 1768 pne-

137 1798 272 1850 sunt,
299 1790 345 1842 si
380 1789 500 1844 fieri
525 1798 1102 1859 potest,-evertantur;
1135 1791 1178 1844 si
1213 1800 1388 1843 autem
1428 1791 1528 1843 hoc
1565 1805 1685 1857 pro-

137 1885 249 1942 pter
277 1877 544 1931 tumultus
571 1879 850 1945 populares
891 1894 995 1931 non
1035 1879 1244 1940 sinitur,
1291 1878 1473 1946 plebes.
1508 1886 1683 1932 tamen

1780 750 1880 787 non
1929 737 2224 803 ignorarem
2277 735 2428 788 istius
2467 733 2604 786 modi
2654 731 2891 799 exempla
2938 730 3075 798 apud
3122 729 3306 782 Patres

1779 835 2095 888 superesse:
2145 821 2310 891 beata:
2363 819 2620 886 siquidem
2673 818 2939 871 memoria:
2989 816 3306 876 Alexander,

1778 923 1896 960 cum
1943 907 2045 959 alia
2093 907 2205 960 loca
2252 915 2471 974 angusta
2512 915 2707 968 essent,
2760 905 2809 957 in
2860 904 3082 958 ecclesia
3115 901 3310 969 majore

1780 991 1987 1056 lbconc',
2023 1007 2181 1061 quam
2227 990 2538 1056 aedificabat,
2581 1005 2804 1060 synaxes
2831 991 3082 1044 celebrari
3128 989 3306 1042 voluit.

1779 1083 1831 1134 Id
1858 1083 1998 1135 enim
2021 1083 2246 1148 habebat
2268 1082 2536 1136 hominum
2559 1080 2864 1148 frequentia,
2892 1095 2987 1132 nec
3008 1080 3057 1130 in
3079 1077 3310 1147 cogendo

1781 1173 1969 1240 populo
2013 1173 2262 1240 respexit,
2310 1186 2425 1224 eam
2478 1171 2708 1226 nondum
2752 1170 3129 1223 exrcdilicatam
3173 1182 3308 1220 esse.

1781 1262 2024 1326 Quiniino
2055 1259 2219 1312 frater
2265 1269 2386 1312 tuus
2427 1260 2592 1312 beata:
2622 1259 2887 1311 memoria:
2931 1259 2984 1310 in
3013 1253 3311 1324 hujusmodi

1783 1349 1994 1416 templo,
2025 1365 2142 1403 eum
2172 1347 2422 1416 Aquileia:
2460 1351 2672 1418 synaxis
2718 1348 3016 1409 haberetur,
3051 1346 3160 1413 ipse
3185 1359 3314 1411 quo-

1780 1452 1880 1504 quc
1905 1453 1967 1490 eo
1987 1452 2042 1492 se
2064 1438 2284 1491 contulit
2309 1455 2321 1489 :
2355 1437 2426 1489 ita
2454 1437 2697 1488 nimirum
2725 1444 2778 1488 et
2799 1450 2896 1504 ego
2918 1448 3124 1502 quoque
3146 1432 3264 1484 feci.
3291 1450 3308 1478 ι

1783 1526 2012 1592 Denique
2036 1527 2271 1592 ipsismct
2291 1523 2485 1593 Christi
2505 1524 2678 1576 verbis
2698 1523 2796 1576 hoc
2817 1538 2846 1574 a
2874 1537 2930 1575 se
2952 1529 3092 1575 recte
3122 1517 3316 1582 factum

1781 1613 1856 1664 sic
1885 1613 2088 1679 probat.
2141 1629 2159 1658 ι
2207 1610 2459 1678 Superest
2504 1610 2662 1679 igitur
2694 1617 2749 1660 ut
2792 1608 3068 1680 anticipem
3099 1606 3150 1657 in
3179 1606 3318 1672 quod

1783 1699 1865 1750 ille
1891 1699 2094 1750 dentem
2122 1697 2282 1768 figere
2329 1707 2524 1764 posset.
2555 1696 2747 1766 Objicit
2775 1697 2825 1748 in
2869 1697 2979 1749 suis
3020 1693 3317 1754 calumniis,

1781 1804 1910 1855 opus
1932 1789 2159 1840 nondum
2183 1789 2478 1841 dedicatum
2508 1787 2698 1850 fuisse,
2717 1801 2777 1841 ac
2807 1788 3022 1856 proinde
3049 1787 3319 1856 illegitime

1783 1876 1851 1928 ibi
1884 1891 2066 1944 preces
2095 1884 2393 1944 conceptas.
2430 1875 2680 1929 Dominus
2709 1884 2882 1929 tamen
2913 1876 2964 1927 in
2999 1875 3321 1929 contrarian:

137 1962 545 2026 admoneamur,
577 1979 642 2018 ne
671 1965 759 2017 illa
797 1965 910 2019 loca
953 1963 1317 2032 frequentent;
1350 1972 1406 2016 ut
1431 1964 1518 2030 qui
1547 1972 1688 2016 recte
1719 1951 1760 2007 Β
1790 1959 2043 2031 praecipit,
2081 1980 2198 2017 Clllll
2246 1964 2392 2017 dicit.
2445 1963 2523 2016 Tu
2552 1971 2727 2016 autem
2758 1978 2878 2017 cum
2914 1963 3107 2027 orabis,
3154 1964 3325 2032 ingre-

137 2053 362 2120 sapiunt,
392 2054 539 2107 nulla
573 2055 642 2107 ibi
671 2055 1040 2122 superstitione
1067 2055 1292 2124 devincti
1339 2063 1632 2106 teneantur.
1664 2072 1680 2103 ι

138 2141 235 2194 lste
261 2156 435 2195 canon
471 2140 703 2196 refertu’r
728 2143 780 2194 in
813 2142 1013 2210 integro
1034 2143 1213 2195 codice
1233 2155 1490 2194 canonum
1512 2139 1690 2193 Eccle-

139 2230 226 2283 sia:
253 2229 545 2292 Africanzc,
579 2243 626 2282 c.
657 2229 744 2290 85,
796 2236 953 2296 atque
999 2227 1050 2280 in
1088 2225 1364 2294 capitulari
1400 2225 1688 2293 Aquisgra-

142 2317 402 2369 nensi42.
451 2316 519 2368 Et
564 2317 694 2369 satis
732 2316 896 2383 repeti
931 2330 1035 2369 non
1080 2322 1271 2382 potest,
1320 2322 1378 2366 ut
1428 2314 1517 2381 qui
1551 2321 1690 2366 recte

141 2405 368 2473 sapiunt,
402 2404 554 2457 nullo
582 2402 975 2472 superstitionis
998 2415 1180 2455 errore
1214 2399 1442 2461 devincti
1481 2409 1691 2451 tenean-

144 2503 242 2544 tur.
294 2495 369 2546 De
397 2494 678 2546 eversione
715 2494 902 2546 horum
939 2492 1182 2545 altarium
1218 2492 1483 2561 egregium
1512 2489 1694 2542 Marti-

145 2583 191 2635 ni
219 2581 524 2649 exemplum
564 2581 714 2634 nobis
744 2581 1042 2648 suppeditat
1073 2579 1327 2647 Sulpitius
1372 2578 1598 2632 Severus
1640 2577 1691 2628 in

146 2672 273 2723 libro
318 2670 436 2736 ejus
483 2669 729 2723 Historiae
767 2684 882 2737 cap.
909 2669 988 2722 8:
1026 2685 1044 2717 ‹
1089 2667 1259 2734 Atque
1307 2666 1378 2718 ita
1424 2666 1592 2732 inquit
1640 2665 1692 2717 in

148 2761 244 2814 line
287 2761 504 2831 capitis,
555 2759 806 2829 populum
857 2757 1250 2826 superstitionis
1291 2755 1432 2809 illius
1470 2753 1693 2807 absolvit

144 2865 340 2904 errore.
373 2870 392 2901 ι
1245 2864 1248 2868 ’

212 2956 315 3012 Sed
341 2959 387 3010 si
418 2966 545 3024 apta
574 2959 773 3011 videtur
795 2958 862 3010 ad
885 2957 1306 3019 consecrandum,
1334 2965 1459 3018 etc.,
1484 2954 1698 3028 recedi/i-

150 3055 302 3097 retur.
357 3045 536 3098 Etiam
584 3045 778 3114 templa
825 3046 1061 3107 deorum,
1119 3057 1397 3112 postquam
1450 3043 1696 3096 demolita

151 3137 376 3197 fuerant,
416 3134 710 3189 Christiani
754 3134 805 3187 in
841 3134 1118 3188 ecclesiam
1160 3134 1248 3187 Dei
1279 3132 1693 3186 commutabant.

151 3224 294 3290 Quod
321 3232 554 3279 testatur
597 3223 939 3286 Sozomenus,
983 3223 1074 3276 lib.
1115 3239 1164 3276 vi
1211 3222 1431 3284 llistor.,
1460 3235 1574 3288 cap.
1605 3220 1691 3273 20.

152 3311 446 3380 Aliquando
469 3318 614 3364 tanta
637 3311 998 3364 exsecratione
1018 3324 1178 3364 exosa
1198 3309 1482 3371 habebant,
1512 3318 1569 3361 ut
1593 3307 1699 3375 pol-

154 3400 402 3454 lutionem
430 3414 616 3452 eorum
653 3398 979 3468 purgabilem
1001 3413 1101 3452 non
1130 3405 1397 3466 putarent,
1421 3404 1474 3449 et
1503 3395 1698 3450 sanctis

157 3491 334 3544 usibus
357 3489 627 3559 applicare
650 3489 1000 3558 despicerent,
1031 3489 1168 3543 sicut
1208 3488 1490 3556 loquuntur
1515 3485 1698 3538 Patres

157 3582 359 3635 concilii
393 3578 744 3650 Epaonensis,
789 3595 908 3632 can.
937 3577 1038 3642 35;
1085 3578 1397 3647 quandoque
1430 3590 1556 3628 vero
1595 3588 1701 3627 non

158 3669 456 3731 diruebant,
483 3667 578 3720 sed
617 3665 801 3720 Deoin
843 3664 1096 3718 honorem
1140 3663 1408 3731 cujusdam
1452 3661 1702 3728 martyris

160 3759 558 3814 consecrabant.
591 3775 608 3807 ι
633 3755 766 3810 Cum
791 3769 936 3817 vero,
952 3754 1122 3823 inquit
1149 3761 1364 3806 sanctus
1377 3750 1699 3822 Augustinus

159 3855 210 3910 in
237 3853 465 3923 epistola
492 3851 615 3915 154,
635 3851 690 3904 in
714 3865 843 3904 usus
869 3861 1196 3910 communes,
1227 3861 1331 3899 non
1370 3843 1610 3912 preprios
1638 3854 1700 3892 ac

161 3941 410 4010 privatos,
454 3941 535 3995 vel
565 3941 616 3993 in
643 3941 843 3994 honore
885 3939 978 3992 Dei
1006 3937 1116 3990 veri
1163 3931 1557 3996 convertuntur,
1604 3931 1701 3983 hoc

162 4030 224 4084 de
253 4030 358 4084 illis
385 4030 446 4082 fit
491 4029 630 4096 quod
656 4027 722 4081 de
766 4028 894 4095 ipsis
920 4025 1240 4085 hominibus,
1284 4038 1403 4076 cum
1431 4037 1496 4075 ex
1534 4019 1700 4074 sacri-

166 4118 289 4187 legis
322 4126 376 4172 et
405 4117 661 4188 improbis
685 4116 738 4170 in
782 4121 962 4170 veram
1005 4113 1310 4182 religionem
1357 4118 1642 4164 mutantur.
1681 4129 1696 4159 ι

164 4206 318 4273 Cujus
339 4207 418 4260 rei
446 4205 653 4276 insigne
679 4205 975 4273 exemplum
1011 4211 1184 4258 exstat
1220 4202 1358 4270 apud
1402 4200 1702 4268 Evagrium,

166 4291 253 4348 lib.
283 4310 298 4348 ι
327 4295 491 4357 Hist.,
519 4309 566 4347 c.
596 4292 681 4357 16,
707 4293 797 4362 qui
837 4291 998 4346 refert
1035 4292 1098 4346 de
1127 4290 1443 4352 Theodosio,
1473 4299 1530 4342 ut
1557 4288 1704 4358 lgna-

171 4381 296 4436 tiuin
333 4381 572 4436 divinum
618 4388 904 4450 martyrem
954 4379 1241 4446 majoribus
1281 4378 1512 4433 alliceret
1542 4380 1706 4432 bono-

173 4472 333 4534 ribus,
363 4470 617 4540 templum
639 4471 748 4538 jam
778 4471 905 4525 olim
937 4470 1260 4526 daemonibus
1286 4471 1538 4535 dicatum,
1567 4472 1706 4540 quod

1783 2049 1941 2103 dieris
1970 2051 2021 2102 in
2048 2051 2335 2119 penetralia
2360 2059 2471 2113 tua,
2503 2059 2555 2104 et
2576 2050 2821 2104 occludcs
2848 2049 2988 2105 fores
3019 2058 3155 2104 tuas.
3185 2051 3323 2117 Quid

1786 2141 1911 2201 mibi
1949 2157 2074 2210 ergo
2095 2141 2328 2210 loquitur
2353 2139 2723 2204 calumniator,
2745 2140 2828 2194 vel
2853 2141 2977 2207 quid
3003 2141 3176 2209 potius
3202 2157 3320 2210 pru-

1787 2230 1972 2283 denter
1997 2240 2052 2284 et
2084 2245 2208 2284 vere
2252 2229 2539 2285 Christiani
2586 2230 2763 2284 dicant
2809 2229 3181 2284 attendendum
3207 2243 3290 2288 est
3299 2249 3324 2298 λ

1789 2320 1884 2372 bos
1913 2320 2005 2372 tibi
2051 2319 2422 2389 consulendos,
2466 2318 2866 2388 interrogandos
2897 2327 3046 2387 puta,
3092 2335 3194 2378 non
3235 2336 3326 2381 au-

1790 2414 1891 2458 tem
1917 2407 2335 2471 obtrectatores;
2375 2422 2493 2461 cum
2525 2408 2588 2460 de
2617 2407 2680 2459 iis
2720 2405 2972 2474 scriptum
3004 2408 3091 2472 sit,
3124 2407 3327 2462 Stultus

1793 2493 1886 2546 tibi
1922 2494 2082 2547 stulta
2108 2495 2349 2562 loquetur
2373 2511 2386 2558 ;
2417 2495 2480 2548 de
2509 2494 2624 2547 istis
2650 2504 2824 2546 autem
2867 2495 3220 2565 pmcipiatur,
3248 2499 3330 2552 Ab

1790 2583 1930 2636 omni
1985 2583 2221 2651 sapiente
2263 2584 2442 2652 accipe
2488 2583 2785 2637 consilium.
2818 2604 2834 2634 ο
2884 2581 3102 2637 Sublata
3149 2594 3326 2639 tamen

1791 2675 2122 2738 necessitate,
2166 2674 2424 2728 rationem
2469 2674 2567 2728 loci
2613 2675 2666 2727 in
2710 2689 2815 2746 quo
2858 2675 3072 2744 synaxis
3104 2675 3330 2730 habetur

1792 2777 1895 2814 non
1924 2775 2042 2814 esse
2060 2761 2420 2829 negligentiam
2452 2761 2605 2814 docet
2623 2769 2839 2815 sanctus
2863 2761 3108 2826 Basilius,
3137 2763 3201 2816 de
3231 2763 3330 2816 Da-

1792 2852 2005 2920 ptismo,
2033 2865 2148 2918 cap.
2173 2852 2205 2905 8
2232 2868 2244 2902 :
2272 2868 2290 2900 l
2323 2850 2484 2903 Nobis
2503 2866 2708 2920 quoque
2735 2851 3024 2919 periculum
3047 2853 3181 2907 male
3200 2854 3330 2908 obiti

1793 2937 2044 3002 mandati,
2074 2938 2119 2992 si
2149 2939 2248 2992 loci
2279 2940 2535 2994 rationem
2566 2940 2954 3008 neglexerimus
2979 2957 2993 3005 ;
3034 2942 3260 2995 maxime
3287 2945 3331 2996 si

1793 3027 2070 3080 sacerdotii
2099 3028 2346 3096 mysteria
2376 3027 2426 3080 in
2448 3027 2576 3081 locis
2603 3028 2836 3096 profanis
2860 3030 3328 3084 celebraverimus:

1793 3124 2074 3184 propterea
2114 3117 2251 3185 quod
2279 3130 2340 3169 ea
2369 3131 2456 3169 res
2481 3115 2735 3182 judicium
2765 3119 2980 3174 haberet
3005 3129 3336 3190 contemptus

1797 3204 1850 3258 in
1891 3203 2214 3268 celebrante,
2257 3202 2627 3257 olfendiculum
2669 3221 2876 3274 quoque
2920 3217 3194 3276 generaret
3239 3226 3334 3278 pro

1798 3293 2052 3346 varietate
2080 3292 2435 3357 aﬂ‘ectionum,
2463 3301 2516 3346 et
2556 3302 2770 3362 propter
2812 3296 3011 3348 variam
3054 3296 3336 3352 multorum

1798 3383 1850 3435 in
1878 3397 2052 3437 rerum
2098 3383 2394 3435 divinarum
2443 3383 2660 3437 scientia
2706 3384 3087 3451 infirmitatem,
3139 3386 3222 3442 διὰ
3248 3394 3338 3460 τήν

1797 3485 1895 3531 τῶν
1933 3477 2121 3531 πολλῶν
2163 3479 2212 3529 ἐν
2258 3484 2319 3550 τῇ
2346 3480 2528 3548 γνώσει
2554 3476 2781 3552 διάφορον
2824 3480 3090 3533 ἀσθένειαν.
3131 3479 3339 3539 Etenim

1797 3583 1918 3622 cum
1952 3576 2129 3621 essent
2165 3567 2449 3620 Christiani
2480 3567 2619 3636 pleni
2656 3568 2824 3637 gratia
2854 3576 2908 3621 et
2932 3568 3256 3635 fortitudine,
3283 3581 3340 3634 nt

1798 3658 1873 3710 ait
1917 3656 2146 3710 Joannes
2187 3659 2594 3724 Cbrysostomus
2637 3658 2688 3709 in
2736 3659 2953 3714 homilia
2991 3659 3057 3717 51
3109 3660 3160 3724 in
3202 3661 3337 3714 Matv

1799 3749 2016 3810 thzeum,
2042 3748 2231 3802 domus
2261 3749 2386 3816 ipsa:
2415 3749 2498 3802 his
2539 3749 2728 3817 priscis
2756 3752 3080 3820 temporibus
3107 3753 3346 3809 ecclesia:

1798 3847 1967 3892 erant.
1999 3839 2101 3893 Sed
2143 3841 2457 3908 frigescente
2497 3839 2779 3904 charitate,
2820 3849 2881 3899 et
2911 3851 3146 3912 spectata
3173 3844 3341 3913 pluri-

1801 3944 2004 3981 morum
2039 3928 2346 3980 infirmitate
2373 3945 2402 3981 a
2440 3929 2684 3984 Patribus
2708 3934 2967 3986 sancitum
2995 3943 3076 3989 est
3101 3937 3152 3993 in
3177 3937 3344 3990 eccle«

1801 4017 1877 4070 sia
1904 4033 2006 4070 non
2047 4015 2224 4070 offerri
2271 4027 2551 4086 antequam
2581 4032 2999 4079 consecraretur.
3029 4043 3048 4074 ι
3092 4025 3218 4079 Vide
3247 4026 3344 4096 Sy-

1802 4107 1994 4159 nodum
2026 4107 2191 4159 sancti
2239 4107 2472 4169 Patricii,
2501 4123 2548 4160 c.
2578 4108 2684 4171 23;
2716 4109 3092 4179 Excerptiones
3127 4113 3340 4183 Egberti

1802 4194 2170 4257 Eboracensis,
2211 4210 2260 4247 c.
2296 4195 2366 4259 9;
2415 4194 2643 4269 Capitol.
2680 4197 2714 4249 ι.
2763 4213 2913 4263 vi,c.
2959 4199 3099 4266 507;
3149 4203 3337 4258 coneil.

1804 4284 2161 4347 Triburiense,
2191 4300 2238 4337 c.
2269 4284 2322 4348 4,
2363 4284 2513 4352 cujus
2557 4286 2712 4340 verba
2752 4290 3010 4349 habentur
3033 4293 3084 4345 in
3121 4295 3346 4350 concilio

1805 4373 2109 4443 Moguntina
2134 4375 2229 4428 sub
2258 4375 2549 4443 Arnulpbo,
2579 4391 2625 4429 e.
2652 4378 2703 4431 9.
2735 4375 2892 4433 Plura
2931 4380 3041 4449 jam
3067 4383 3132 4436 de
3159 4397 3349 4439 consc-

1805 4467 2038 4519 oratione
2061 4466 2296 4521 ecclesiae
2324 4482 2479 4535 supra
2507 4467 2781 4522 retulimus
2796 4485 2861 4526 ex
2899 4451 3056 4526 variis
3076 4475 3345 4530 codicibus

175 4561 426 4632 indigenae
460 4560 713 4630 templum
742 4559 987 4615 Fortuna:
1034 4560 1426 4628 nuncupabant,
1461 4559 1514 4612 in
1543 4559 1704 4628 ipsius
1731 4572 1779 4630 ι)
1805 4571 1931 4610 mss.
1961 4556 2149 4624 quibus
2177 4555 2314 4613 istud
2342 4556 2568 4624 primum
2597 4567 2753 4626 caput
2783 4559 3165 4618 Ptenitentialis
3187 4581 3344 4634 expo-

117 4695 120 4698 .
175 4651 418 4707 honorem
442 4665 800 4706 consecrasse.
827 4651 962 4706 Hinc
982 4653 1231 4706 discimus
1251 4651 1467 4705 multum
1489 4652 1709 4719 tempori

176 4741 568 4805 consulendum,
627 4748 786 4810 atque
828 4741 930 4796 hoc
972 4758 1132 4795 unum
1180 4743 1519 4810 spectandum
1569 4743 1710 4810 quod

176 4845 327 4885 omne
369 4830 681 4885 scandalum
717 4841 955 4887 removet
999 4841 1052 4886 et
1095 4832 1428 4887 :cdilicationi
1456 4833 1709 4902 plurimo-

180 4933 288 4971 rum
316 4918 560 4974 inservit.

242 5003 300 5059 Si
323 5008 432 5061 Iure
457 5019 754 5063 camerata
776 5009 920 5078 prius
946 5011 1064 5078 fuit.
1109 5010 1400 5065 Athanasio
1433 5012 1584 5080 quasi
1625 5027 1712 5066 ca-

179 5093 332 5160 pitale
359 5096 562 5150 crimen
586 5094 931 5164 objiciebatur
954 5097 1093 5167 quod
1116 5098 1167 5151 in
1197 5098 1415 5153 ecclesia
1443 5114 1561 5167 quae
1585 5114 1713 5153 non-

180 5197 296 5244 num
318 5187 560 5241 dedicata
603 5185 793 5251 fuerat,
822 5188 1062 5259 synaxim
1091 5189 1382 5243 habuisset.
1411 5187 1514 5242 Sed
1537 5204 1713 5243 exem-

181 5275 274 5341 plis
298 5291 512 5331 suorum
537 5283 748 5345 patrum
776 5292 840 5330 ac
883 5277 1201 5331 testimoniis
1243 5276 1548 5346 Scriptum,
1589 5279 1712 5332 illud

181 5365 368 5420 crimen
399 5365 556 5419 facile
582 5365 734 5420 diluit
761 5366 813 5418 in
842 5380 936 5420 sua
971 5366 1037 5420 ad
1063 5366 1429 5434 imperatorem
1459 5364 1715 5420 Constan-

182 5455 304 5509 tium
345 5455 620 5526 Apologia.
652 5473 672 5506 ι
713 5454 996 5522 Caeterum,
1036 5455 1225 5523 inquit,
1261 5455 1384 5524 quia
1413 5455 1478 5507 de
1526 5470 1712 5524 magna

181 5547 394 5601 ecclesia
420 5547 624 5601 crimen
645 5547 982 5608 concinnant,
1018 5547 1156 5616 quod
1187 5547 1255 5600 ibi
1296 5546 1511 5617 synaxis
1539 5546 1714 5600 habita

183 5632 248 5683 sit
271 5634 580 5701 priusquam
606 5632 963 5695 dedicaretur,
1005 5647 1126 5704 age,
1159 5633 1319 5687 etiam
1350 5647 1412 5689 ea
1441 5633 1505 5687 de
1530 5647 1588 5686 re
1614 5641 1715 5686 tua:

185 5721 354 5786 pietati
387 5736 699 5790 responsum
742 5724 924 5777 demus
953 5743 964 5776 ι
993 5738 1055 5776 eo
1088 5723 1227 5777 enim
1273 5738 1368 5776 nos
1396 5723 1608 5775 trahunt
1641 5721 1712 5774 illi

185 5812 264 5874 qui
300 5813 349 5865 in
381 5827 478 5866 nos
505 5811 624 5865 olia
671 5821 974 5882 congerunt.
1023 5813 1238 5868 Factum
1285 5823 1380 5878 est,
1413 5827 1656 5883 agnosco.
1692 5831 1708 5861 ›

1807 4647 1967 4699 nitur.
1992 4645 2088 4701 llic
2107 4660 2316 4714 quoque
2340 4660 2442 4698 non
2464 4647 2568 4700 erit
2585 4647 2811 4704 alienum
2826 4651 3016 4706 addere
3031 4655 3344 4721 qumstiones

1807 4751 1940 4804 quas
1966 4727 2154 4788 Petrus
2181 4732 2378 4790 Cantor
2407 4743 2581 4789 movet
2605 4736 2670 4790 de
2698 4738 2878 4792 eadem
2901 4743 3116 4795 materia
3139 4743 3342 4798 inlibro

1808 4824 1873 4880 de
1895 4821 2274 4882 Sacramentis.

1809 4933 2004 4988 Selecta
2025 4948 2089 4987 ea;
2123 4949 2235 5003 cap.
2266 4934 2334 4987 35
2379 4936 2567 4989 codicis
2604 4953 2698 4989 ms.
2727 4938 2790 4990 de
2818 4937 3158 4996 Sttcramentis
3203 4942 3341 4998 Petri

2292 5003 2528 5057 Cantoris
2557 5003 2889 5062 Parisiensis.

1877 5095 2138 5162 Quaeritur
2182 5094 2306 5163 quid
2335 5095 2404 5148 sit
2436 5097 2576 5162 quod
2610 5097 2737 5152 dicit
2762 5101 3059 5169 episcopus,
3094 5104 3243 5174 Ungo
3269 5114 3340 5168 tc,

1811 5189 1876 5242 ad
1901 5189 2172 5242 basilicam
2197 5201 2262 5241 ex
2287 5187 2569 5242 insensatis
2598 5189 2854 5258 lapidibus
2880 5205 3250 5254 constructam.
3277 5202 3339 5254 li.

1811 5276 1960 5342 Quod
1999 5277 2085 5331 hic
2128 5285 2207 5331 est
2234 5292 2418 5331 sensus
2461 5280 2762 5345 verborum,
2800 5280 2902 5336 Per
2939 5292 2990 5336 te
3014 5287 3253 5356 signiﬁco
3283 5291 3342 5343 fi-

1812 5363 2004 5417 delium
2033 5363 2319 5418 Ecclesiam
2352 5372 2561 5419 unctam
2589 5366 2642 5419 in
2673 5380 3000 5425 sacramento
3043 5373 3184 5438 lidei,
3212 5385 3266 5432 et
3289 5379 3342 5434 in

1814 5455 1991 5510 futuro
2011 5455 2218 5524 plenius
2264 5457 2720 5526 inungendum.—
2738 5459 3001 5525 Quaeritur
3035 5467 3193 5520 etiam
3219 5469 3344 5537 quid

1813 5545 1880 5598 sit
1907 5547 2043 5613 quod
2075 5546 2282 5607 dicitur,
2331 5545 2412 5599 Sit
2450 5547 2562 5601 haec
2586 5547 2770 5603 domus
2814 5549 3032 5607 firmiter
3066 5556 3340 5620 aedificata.

1814 5650 1932 5686 cum
1958 5633 2092 5688 forte
2117 5642 2379 5688 structura
2409 5635 2519 5704 ipsa
2540 5637 2754 5692 muralis
2781 5640 2849 5693 sit
2873 5641 2925 5694 in
2954 5644 3099 5716 brevi
3121 5647 3338 5701 ruitura.

1818 5723 1878 5775 li.
1904 5722 2052 5788 Quod
2082 5723 2179 5776 hoc
2210 5722 2435 5777 refertur
2461 5725 2527 5780 ad
2567 5726 2706 5781 illam
2735 5729 3341 5797 spiritalemEcclesiam

1816 5828 1930 5879 qua'
1957 5825 2050 5878 per
2079 5810 2219 5869 illam
2266 5812 2589 5882 intelligitur.
2607 5812 2668 5856 ἴ-
2693 5816 2953 5882 Qnarritur
2979 5823 3134 5876 etiam
3167 5835 3342 5882 utrum
