4010 6426
571 451 695 510 iiii

1634 444 1724 498 ιω
1761 425 2285 501 insumamus
2323 440 2662 503 resonam

3589 439 3720 500 lli!

565 577 631 616 ex.
667 560 912 615 unctione
940 557 1302 612 szzcramentali
1337 565 1388 608 et
1416 553 1686 622 multiplici
1713 553 2097 613 benedictione.
2125 553 2169 608 Α
2199 550 2378 607 uasius
2403 551 2456 604 in
2483 550 2600 606 Vita
2634 553 2801 606 sancti
2837 553 3075 615 Antonii,
3105 549 3190 622 qui
3219 565 3408 622 praeter
3435 557 3571 610 hanc
3596 572 3722 610 eon-

565 665 684 717 qua:
710 649 768 701 {lt
793 651 844 700 in
876 646 1185 709 dedicando,
1222 645 1378 698 veluti
1404 659 1522 697 cum
1551 642 1752 706 oratur,
1788 652 1849 696 ut
1879 642 2100 709 quicun-

563 752 664 804 que
692 734 863 790 locum
903 734 1047 787 illum
1092 732 1288 801 aliquid
1330 731 1592 799 petiturus
1625 728 1936 798 ingreditur.
1971 742 2100 785 cun-

563 835 646 880 sta
673 839 728 878 se
764 827 1042 894 impetrare
1067 823 1305 885 lactetur;
1355 823 1499 874 locus
1537 821 1623 876 ille
1649 820 1877 888 aliquam
1905 818 2096 872 sortia-

567 925 652 968 tur
678 913 983 974 eﬂlcaciam,
1015 920 1067 966 et
1099 911 1322 979 aliquem
1348 911 1529 979 gratire
1570 907 1860 970 cumulum,
1885 913 1944 958 ut
1977 918 2098 963 con~

564 1004 698 1060 {erat
723 1003 918 1072 aliquid
963 1003 1234 1056 orantibus
1278 1000 1329 1051 in
1373 1014 1456 1058 eo.
1490 998 1692 1052 scilicet
1733 994 1815 1049 vel
1844 992 2094 1059 majorem

563 1094 890 1147 devotionem
920 1101 972 1145 et
1015 1091 1389 1159 promptiorem
1436 1103 1647 1153 precum
1685 1083 2092 1138 exauditionem.

553 1180 742 1236 Nonne
764 1181 814 1232 in
845 1181 949 1233 alio
972 1181 1085 1234 loco
1123 1178 1313 1247 poterit
1339 1178 1458 1244 quis
1485 1191 1546 1229 ex
1583 1175 1697 1242 pari
1739 1171 2018 1232 charitate,
2043 1178 2096 1222 et

555 1269 831 1323 devotione
857 1269 1043 1324 orare?
1066 1268 1236 1332 Quare
1273 1281 1397 1335 ergo
1433 1279 1536 1318 non
1582 1263 1796 1320 habebit
1838 1259 2092 1328 aequalem

554 1357 799 1411 aliectum
833 1355 944 1423 ejus
967 1355 1136 1410 oratio
1160 1367 1206 1407 ι.

554 1443 637 1499 Ea:
662 1463 774 1515 cap.
802 1445 886 1499 34.
918 1446 992 1498 De
1009 1446 1177 1500 causis
1201 1443 1446 1496 iterandte
1470 1439 1862 1496 consecrationis
1887 1435 2087 1489 altaris.

620 1533 804 1586 Solent
832 1540 1005 1587 autem
1034 1533 1253 1585 diversae
1277 1545 1449 1584 causa;
1470 1528 1754 1597 distingui;
1799 1540 1962 1594 quare
1994 1526 2088 1579 [lat

551 1620 762 1675 iteratio
809 1619 1222 1676 consecrationis
1270 1619 1321 1672 in
1351 1618 1527 1681 altari,
1563 1623 1620 1669 et
1661 1615 1798 1668 inter
1825 1613 1943 1666 illas
1983 1625 2087 1683 una

548 1724 705 1764 causa
730 1710 962 1778 ponitur,
1010 1711 1172 1762 motio
1202 1724 1395 1767 mensm
1419 1707 1617 1768 altaris.
1668 1705 1771 1759 Sed
1808 1712 2087 1771 antequam

547 1797 613 1850 de
645 1797 745 1851 hoc
769 1795 1021 1854 dicamus,
1061 1809 1357 1862 quaeramus
1399 1794 1442 1846 si
1490 1791 1624 1850 forte
1659 1796 1996 1846 consecretur
2018 1786 2088 1839 al-

2200 639 2558 706 suetudinem,
2585 647 2805 709 caeteras
2831 657 2933 696 non
2969 642 3175 712 probat.
3211 661 3228 694 ι
3259 642 3370 695 Mos
3396 644 3610 704 etenim.
3640 644 3721 696 in-

2197 729 2342 797 quit,
2368 727 2632 798 Egyptiis
2656 737 2768 792 est,
2801 730 3051 784 nobilium
3081 739 3134 784 et
3161 731 3422 799 prmeipue
3449 735 3719 785 beatorum

2197 824 2487 883 martyrum
2516 830 2736 883 corpora
2768 816 3068 871 linteamine
3097 819 3304 886 quidem
3341 817 3637 879 obvolvere,
3668 825 3722 873 et

2195 901 2423 959 studium
2461 901 2632 964 funeri
2661 903 2867 958 solitum
2897 920 2998 957 non
3027 920 3220 974 negare
3248 924 3260 957 :
3295 914 3433 959 terra
3461 919 3588 959 vero
3615 921 3719 959 non

2195 988 2547 1053 abscondere,
2586 991 2677 1044 sed
2715 1006 2876 1059 super
2910 991 3133 1050 lectulos
3167 994 3304 1046 domi
3341 994 3510 1061 posita
3549 1007 3722 1046 reser-

2196 1090 2338 1129 vare.
2383 1075 2532 1140 Hunc
2576 1078 2826 1134 honorem
2866 1081 3256 1147 quiescentibus
3289 1081 3462 1144 reddi,
3516 1083 3716 1136 invete-

2193 1173 2320 1217 rata:
2344 1166 2742 1220 consuetudinis
2759 1168 2964 1224 vanitas
2989 1168 3219 1227 tradidit.
3244 1169 3316 1232 De
3342 1169 3440 1221 hoc
3460 1167 3719 1221 Antonius

2190 1265 2328 1320 saepe
2352 1261 2405 1306 et
2428 1255 2700 1322 episcopos
2725 1256 3033 1324 deprecatus
3059 1263 3169 1319 est,
3224 1263 3282 1310 ut
3307 1255 3522 1328 populos
3548 1255 3720 1310 eccle-

2189 1343 2398 1398 siastica
2425 1343 2799 1396 consuetudine
2828 1345 3148 1410 corrigerent
3166 1383 3178 1407 ,
3211 1352 3264 1397 et
3292 1345 3452 1397 laieos
3485 1345 3628 1396 viros
3654 1357 3718 1397 ao

2191 1429 2441 1493 mulieres
2470 1430 2683 1497 rigidius
2711 1432 2821 1497 ipse
2843 1431 3103 1489 convenit,
3125 1430 3312 1483 dicens
3344 1445 3357 1481 :
3387 1443 3484 1482 nec
3513 1429 3715 1482 licitum

2189 1517 2290 1572 hoc
2315 1531 2452 1578 esse,
2480 1531 2575 1570 nec
2603 1518 2709 1570 Deo
2735 1507 3223 1586 placitum,'quippe
3249 1531 3366 1570 eum
3390 1515 3716 1585 patriarcha-

2187 1619 2304 1657 rum
2331 1611 2383 1658 et
2409 1605 2780 1675 prophetarum
2805 1604 3041 1678 sepulcra
3066 1619 3181 1671 qua:
3206 1602 3270 1656 ad
3297 1618 3393 1656 nos
3414 1615 3578 1669 usque
3598 1616 3716 1669 per-

2189 1693 2376 1746 durant
2397 1693 2509 1746 hate
2530 1694 2667 1747 facta
2692 1693 3080 1752 convincerent.
3106 1691 3358 1756 Dominici
3383 1691 3573 1757 quippe
3597 1702 3715 1742 eor-

2186 1780 2329 1852 poris
2369 1780 2661 1849 exemplum
2700 1778 2892 1833 intueri
2924 1780 3170 1849 jubebat,
3210 1778 3348 1846 quod
3386 1777 3439 1830 in
3475 1776 3714 1844 sepulcro

548 1893 685 1948 tare,
717 1885 866 1954 cujus
889 1857 1184 1940 vehiculum
1217 1883 1285 1935 sit
1311 1897 1496 1950 magna
1521 1888 1693 1933 strues
1717 1877 1964 1946 lapidum,
1982 1889 2083 1928 non
2117 1857 2156 1913 Β
2184 1866 2434 1954 positum.
2454 1867 2623 1937 lapide
2645 1880 2810 1935 usque
2832 1867 2896 1919 ad
2922 1865 3325 1925 resurrectionis
3343 1865 3477 1918 diem
3499 1865 3712 1924 tertium

547 1979 724 2025 tamen
754 1977 910 2023 terrae
940 1967 1120 2031 inﬁxa,
1149 1965 1241 2019 sed
1275 1974 1384 2018 tota
1415 1964 1643 2027 mobilis,
1670 1970 1724 2016 et
1753 1969 1860 2014 tota
1902 1960 2000 2021 sic,
2027 1966 2087 2011 ut

544 2059 768 2115 materia
794 2057 880 2115 illa
909 2056 1031 2114 inde
1055 2056 1120 2110 ad
1145 2056 1316 2108 locum
1349 2055 1573 2121 aliquem
1595 2051 1872 2120 profanum
1899 2047 2084 2102 adera-

547 2155 653 2211 tur,
679 2162 744 2200 an
767 2145 933 2215 possit
957 2145 1029 2207 ibi
1057 2144 1108 2196 in
1134 2157 1198 2197 eo
1223 2141 1503 2196 celebrari.
1534 2140 1600 2192 Et
1624 2145 1797 2207 potest
1824 2135 1924 2189 dici
1953 2133 2080 2188 nihil

546 2233 820 2302 impedire,
867 2232 1151 2286 dummodo
1195 2231 1245 2284 in
1284 2228 1438 2287 altari
1474 2226 1612 2283 nulla
1661 2225 1751 2277 iiat
1780 2223 1944 2285 motio
1987 2236 2084 2290 per

544 2320 960 2380 translationem,
994 2319 1139 2372 Unde
1167 2326 1311 2385 patet
1336 2315 1503 2385 magis
1537 2315 1587 2367 in
1621 2312 1844 2366 ecclesia
1871 2325 1974 2367 non
2000 2310 2086 2362 de'

544 2408 717 2460 dicata
751 2421 903 2475 posse
935 2420 1092 2475 super
1112 2405 1264 2458 altari
1288 2403 1431 2456 illato
1457 2401 1730 2457 celebrari.
1763 2399 1833 2454 Ut
1852 2399 1917 2451 ad
1943 2395 2080 2450 aliud

543 2496 907 2565 procedamus,
950 2507 1205 2561 ponamus
1232 2491 1371 2560 quod
1409 2491 1462 2547 in
1492 2502 1670 2542 mensa
1717 2485 1944 2553 quadam
1973 2483 2084 2535 sive

541 2583 765 2652 lapidea,
793 2582 903 2635 sive
919 2581 1089 2649 lignea
1115 2581 1246 2647 lapis
1273 2579 1466 2646 aliquis
1484 2577 1784 2634 eollocetur,
1812 2571 1948 2626 sicut
1969 2571 2081 2624 ﬁeri

536 2671 677 2727 solet
706 2672 757 2723 in
791 2671 944 2723 altari
977 2668 1230 2739 portatili,
1277 2666 1364 2719 illa
1393 2673 1567 2718 autem
1611 2675 1791 2715 mensa
1838 2673 2026 2726 magno
2053 2673 2083 2712 θ

543 2764 693 2812 strue
719 2756 949 2825 lapidum
985 2738 1242 2810 cmmento
1287 2738 1614 2830 Uniatur.VSi
1660 2763 1785 2817 ergo
1824 2747 1956 2814 lapis
1996 2745 2082 2798 illo

529 2859 736 2903 mensae
763 2846 1028 2906 immissus
1057 2845 1125 2897 sit
1143 2851 1498 2917 consecratus,
1526 2839 1780 2908 quaeritur
1806 2852 1873 2889 an
1899 2848 2078 2888 mensa

451 2979 460 2985 .
541 2947 682 2996 mota
711 2947 933 2997 astrue,
965 2936 1034 2991 sit
1070 2937 1235 2994 altare
1259 2935 1430 2988 denuo
1465 2926 1899 2989 consecrandum,
1928 2925 2078 2992 quasi

543 3037 684 3080 mota
733 3041 763 3078 a
801 3024 1039 3082 vehiculo
1086 3038 1202 3085 suo,
1240 3035 1358 3079 cum
1409 3018 1494 3072 illa
1535 3029 1706 3072 strues
1755 3012 2078 3080 intelligatur

539 3115 657 3182 ejus
706 3128 822 3167 esse
868 3111 1182 3168 vehiculum.
1237 3109 1433 3165 Volunt
1473 3105 1686 3179 quidam
1733 3101 2072 3178 distinguere,

2180 1953 2413 2006 clausum
2457 1952 2630 2011 fuerit.
2675 1953 2847 2020 Atque
2890 1953 2972 2006 bis
3009 1951 3176 2006 modis
3211 1953 3394 2005 vitium
3438 1953 3578 2005 circa
3623 1952 3714 2011 de-

2179 2039 2383 2093 functos
2418 2039 2662 2109 Egypti,
2691 2041 2899 2094 etiamsi
2927 2052 3110 2094 sancta
3138 2049 3311 2101 essent
3347 2054 3597 2108 corpora,
3627 2055 3716 2094 co-

2180 2129 2430 2196 arguebat
2468 2129 2648 2182 dicens
2678 2143 2693 2180 :
2736 2128 2872 2194 Quid
2900 2128 3089 2195 majus,
3120 2138 3210 2189 aut
3237 2129 3468 2184 sanctius
3495 2143 3713 2198 corpore

2177 2225 2349 2285 potest
2391 2231 2508 2270 esse
2555 2217 2856 2279 Dominieo,
2906 2217 3046 2284 quod
3090 2216 3238 2283 juxta
3279 2216 3710 2270 consuetudinem

2179 2306 2412 2374 gentium
2456 2314 2766 2365 cancrorum
2811 2306 2973 2358 humo
3015 2303 3278 2360 conditum
3321 2317 3438 2357 esse
3484 2304 3712 2356 scimus?

2180 2391 2300 2446 Hmc
2330 2391 2469 2457 justa
2509 2391 2778 2457 persuasio
2808 2388 3088 2444 multorum
3125 2391 3336 2444 insitum
3361 2389 3538 2443 evellit
3561 2373 3710 2443 erro-

2181 2495 2319 2540 rem,
2361 2490 2414 2531 et
2450 2479 2694 2547 repositis
2728 2479 2779 2530 in
2812 2486 2949 2533 terra
2978 2480 3320 2536 cadaveribus
3344 2480 3564 2534 Domino
3588 2494 3711 2548 gra-

2183 2567 2279 2620 tias
2307 2582 2404 2634 pro
2430 2568 2566 2624 bono
2595 2567 2900 2635 magisterio
2929 2568 3239 2626 retulerunt.
3276 2588 3293 2619 ι
3322 2567 3470 2633 Quod
3499 2575 3713 2624 sanctus

2178 2653 2436 2729 Antonius
2475 2663 2534 2708 ut
2571 2667 2808 2707 errorem
2840 2661 2895 2706 et
2922 2668 3109 2706 vanam
3143 2654 3563 2721 superstitionem
3589 2652 3715 2721 reji-

2178 2741 2382 2802 ciebat,
2430 2741 2775 2795 inveteratam
2823 2756 2941 2795 esse
2990 2742 3127 2807 apud
3176 2740 3490 2794 inﬁrmiores
3533 2741 3717 2797 fideles

2178 2828 2607 2882 consuetudinem
2664 2835 2887 2883 testatur
2942 2835 3127 2884 auctor
3174 2827 3292 2882 libri
3343 2827 3408 2881 de
3455 2828 3713 2882 Resurre-

2178 2918 2373 2981 ctione,
2396 2932 2550 2984 quem
2570 2932 2620 2970 v.
2645 2917 2709 2971 cl.
2733 2916 2783 2971 J.
2810 2917 3120 2971 Sirmondus
3140 2917 3236 2970 sub
3268 2917 3477 2970 nomine
3499 2915 3710 2971 Eusebii

2177 3003 2515 3058 Cmsariensis
2542 3003 2705 3072 edidit
2734 3021 2746 3057 :
2783 3021 2800 3053 t
2833 3003 2944 3060 Non
2975 3004 3136 3066 enim,
3163 3011 3221 3056 ut
3251 3004 3341 3066 ait,
3370 3002 3588 3075 projccit
3611 3003 3712 3056 lin-.-

2176 3109 2330 3163 guam
2349 3133 2363 3156 ,
2402 3108 2560 3162 quam
2589 3093 2772 3146 incidit
2799 3093 3055 3153 medicus,
3084 3091 3176 3144 sed
3215 3091 3480 3159 accipiens
3508 3105 3626 3143 eam
3652 3097 3711 3152 ut

541 3178 714 3260 utrum
739 3205 789 3256 in
818 3219 993 3261 mensa
1020 3208 1385 3259 consecratum
1425 3196 1608 3258 altare,
1640 3201 1918 3260 antequam
1957 3190 2074 3242 uni-
2102 3183 2148 3244 Ο
2179 3181 2502 3233 medicamen
2543 3179 2608 3234 ad
2655 3179 2933 3233 sanitatem
2970 3178 3108 3237 illius
3151 3178 3320 3232 delicti
3364 3179 3500 3246 quod
3539 3178 3710 3232 admi-e

543 3302 687 3344 retur
714 3293 842 3344 strui
887 3291 1074 3360 lapidis
1097 3306 1192 3359 per
1220 3292 1548 3353 gementum,
1579 3296 1644 3335 an
1682 3286 1817 3355 post.
1849 3277 1905 3331 Si
1932 3284 2074 3341 ante,

540 3380 649 3434 sola
678 3394 854 3432 mensa
882 3379 1204 3446 intelligatur
1229 3374 1388 3427 fuisse
1415 3369 1705 3429 vehiculum
1733 3384 1746 3430 ;
1786 3366 2005 3432 ideoque
2032 3364 2076 3422 si

540 3477 720 3540 postea
746 3476 1016 3536 separetur
1036 3481 1215 3520 mensa
1250 3479 1277 3516 a
1309 3470 1472 3522 strue,
1497 3474 1599 3513 non
1627 3456 1937 3523 intelligitur
1962 3469 2077 3507 mos-

542 3569 652 3620 tttm
683 3558 866 3626 altare,
894 3573 990 3612 nec
1011 3566 1093 3612 est
1135 3558 1306 3611 denuo
1341 3551 1774 3607 consecrandum.
1807 3548 1863 3601 Si
1899 3541 2075 3600 autem

540 3648 674 3702 strui
716 3649 860 3705 unita
889 3659 1069 3704 mensa
1100 3645 1257 3698 fuerit
1302 3642 1441 3696 facta
1487 3638 1832 3698 consecratio,
1871 3637 2078 3690 videtur

537 3738 700 3792 etiam
739 3737 852 3806 ipsa
877 3744 1051 3791 strues
1075 3749 1172 3802 pro
1210 3730 1453 3786 vehiculo
1483 3728 1682 3788 fuisse;
1713 3735 1764 3778 et
1785 3731 1910 3777 tunc
1937 3722 2078 3790 judi-

540 3834 695 3882 catur
722 3824 905 3887 altaris
931 3824 1094 3878 motio
1122 3822 1260 3875 facta
1303 3821 1354 3873 in
1383 3832 1578 3872 mensae
1603 3815 1950 3885 separatione.
1981 3811 2078 3866 Hic

541 3922 717 3967 tamen
738 3911 946 3967 credam
969 3907 1400 3979 investigandum,
1425 3904 1630 3960 etiamsi
1661 3903 1737 3958 sic
1761 3901 1929 3963 ﬂeret,
1951 3899 2078 3968 quid

541 4000 834 4060 intenderet
859 3999 1135 4070 episcopus
1175 4009 1488 4055 consecrare
1531 4006 1786 4052 mensam,
1820 4004 1886 4052 an
1913 3989 2078 4047 altare

544 4104 738 4148 mensae
780 4087 1014 4150 infixum.
1062 4085 1161 4143 Ubi
1202 4098 1327 4137 vero
1352 4095 1533 4140 mensa
1571 4077 1941 4148 superponitur
1964 4075 2079 4132 sine

541 4184 817 4241 memento,
843 4173 929 4230 vel
954 4187 1266 4240 quocunque
1290 4171 1490 4242 glutino
1514 4167 1844 4236 interposito,
1883 4164 2078 4226 nullam

542 4261 885 4330 quastionem
909 4267 1113 4328 reputo.
1660 4242 1663 4244 ’

543 4372 627 4430 Ea:
654 4389 766 4441 cap.
796 4370 882 4433 35.
912 4367 1089 4431 Utrum
1108 4369 1364 4428 destmcta
1387 4355 1581 4433 fabrica
1600 4362 1823 4445 ecclesia:
1841 4363 1995 4432 possit
2022 4363 2077 4416 in

979 4452 1265 4500 communes
1290 4451 1413 4489 usus
1440 4449 1650 4496 assumi.

2177 3279 2320 3326 serat
2363 3269 2687 3337 abnegantlo,
2715 3268 2978 3336 accipiens
3009 3267 3145 3320 domi
3189 3268 3446 3328 recondit,
3486 3275 3544 3318 ut
3583 3279 3709 3319 con-

2176 3367 2394 3414 suerunt
2421 3359 2759 3421 inﬁrmiores,
2789 3357 2969 3411 ﬁdeles
2997 3365 3170 3409 tamen
3206 3356 3484 3418 honorare,
3513 3356 3556 3410 si
3581 3356 3707 3424 quid

2178 3463 2207 3500 a
2253 3447 2574 3515 martyribus
2614 3445 2985 3514 sumpserint.»
3023 3442 3210 3499 Utrum
3242 3457 3368 3494 vero
3405 3442 3559 3496 liceat
3584 3441 3710 3496 reli-

2175 3535 2328 3604 quias
2376 3541 2588 3587 sanctas
2620 3545 2893 3600 exponere
2940 3530 3006 3583 ad
3055 3528 3371 3598 colligendas
3414 3526 3708 3585 oblationes

2175 3639 2270 3693 pro
2297 3622 2494 3677 fabrica
2521 3621 2780 3684 ecclesize,
2813 3621 2891 3674 sic
2922 3618 3137 3686 exponit
3169 3616 3415 3686 Magister
3444 3614 3709 3672 Robertus

2174 3715 2239 3767 de
2263 3712 2502 3793 Chorcon
2531 3711 2586 3763 in
2613 3724 2705 3763 sua
2732 3722 2955 3762 summa.

2175 3799 2372 3855 Selecta
2398 3789 2462 3852 ea:
2486 3806 2666 3858 quirat.
2695 3795 2730 3848 2
2759 3813 2872 3858 cap.
2900 3795 2963 3847 η
2995 3792 3182 3845 codicis
3208 3807 3302 3846 ms.
3339 3789 3562 3844 Summa,p
3590 3805 3706 3844 mae

2242 3868 2387 3938 gistrt'
2409 3858 2613 3919 Roberti
2638 3865 2700 3917 de
2728 3863 2958 3926 Chorcon
2985 3860 3314 3914 illustrissimi
3339 3858 3634 3911 cardinatis.

2242 3977 2505 4049 Quaeritur
2528 3976 2572 4028 si
2599 3973 2848 4043 praelatus
2870 3971 3057 4031 debeat
3086 3967 3392 4038 permittere
3420 3965 3706 4042 praedicau-

2177 4076 2254 4125 tos
2288 4073 2505 4136 propter
2541 4070 2799 4130 qumstum
2835 4068 2891 4113 et
2929 4066 3007 4119 tot
3032 4054 3448 4113 abominationes
3485 4054 3708 4107 interse-

2175 4163 2353 4215 rentes
2380 4137 2585 4211 deferre
2617 4147 2858 4221 capsulas
2887 4154 2942 4200 et
2974 4143 3222 4211 reliquias
3255 4149 3554 4195 sanctorum
3585 4154 3704 4199 eum

2173 4243 2436 4314 praedictis
2471 4238 2692 4301 sedulis,
2731 4237 2798 4289 ad
2825 4231 3142 4302 colligendas
3182 4229 3471 4283 oblationes
3507 4227 3703 4314 passim

2173 4313 2270 4400 pro
2306 4329 2503 4388 fabrica
2533 4325 2786 4382 ecclesia.
2820 4322 3038 4376 Videtur
3071 4317 3210 4387 quod
3237 4315 3379 4370 nullo
3408 4315 3561 4368 modo
3605 4313 3707 4366 hoc

2174 4424 2282 4493 pati
2308 4422 2524 4485 debeat,
2562 4419 2686 4487 quia
2715 4416 2844 4471 nihil
2871 4413 3012 4467 aliud
3046 4420 3128 4464 est
3154 4409 3276 4471 talia
3304 4403 3545 4459 conferre
3571 4415 3705 4470 pra:-

615 4527 880 4598 Quaaritur
905 4493 1092 4588 deinde
1218 4523 1491 4594 lapidibus.
1525 4493 1633 4575 sive
1659 4520 1724 4575 de
1751 4519 1926 4589 lignis,
1959 4532 2074 4585 qua:
2097 4499 2148 4557 Ῑ)
2174 4513 2327 4568 dictis
2364 4525 2520 4580 quam
2557 4507 2887 4562 committere
2926 4501 3126 4572 gladios
3162 4497 3393 4598 furiosis.
3420 4493 3703 4598 Propterea

545 4619 757 4680 {uerunt
791 4615 844 4676 in
885 4620 1147 4674 structura
1193 4610 1405 4665 fabricae
1445 4609 1852 4672 ecclesiasticae:
1896 4615 2073 4660 utrum

545 4708 782 4778 disrupta
824 4703 1044 4764 fabrica,
1078 4701 1164 4766 illa
1195 4700 1362 4769 possit
1389 4699 1453 4752 ad
1497 4713 1624 4755 usus
1661 4699 1965 4750 communes
1993 4709 2077 4747 as-

545 4797 702 4860 sumi.
720 4795 972 4859 Videntur
989 4806 1144 4859 super
1164 4792 1264 4844 hoc
1279 4788 1397 4856 jura
1419 4787 1641 4857 prodere
1657 4784 1900 4846 Clemens
1919 4797 2074 4853 papa,

546 4897 600 4938 ct
624 4883 903 4952 Eugenius,
938 4890 991 4934 et
1017 4879 1166 4952 quasi
1198 4876 1630 4937 contrahendum,
1659 4871 1797 4938 quod
1824 4885 1926 4923 non
1952 4885 2075 4938 pos-

547 4974 635 5027 sit.
667 4972 770 5026 Sed
793 4970 1058 5028 dubitatur
1086 4977 1261 5026 utrum
1290 4966 1353 5019 ad
1375 4965 1608 5021 oilicinas
1632 4960 1880 5014 fratribus
1901 4974 2078 5013 necesp

548 5062 731 5126 sarias,
745 5066 870 5130 puta
890 5056 1192 5128 capitulum.
1215 5053 1596 5116 dormitorium,
1610 5051 1722 5106 sive
1741 5048 2073 5110 refectorium

549 5150 714 5219 possit
734 5146 949 5210 assumi.
978 5147 1121 5214 (food
1147 5145 1317 5222 primo
1345 5155 1450 5194 non
1491 5139 1696 5194 videtur
1724 5152 1925 5202 verum,
1952 5136 2072 5203 quia

553 5237 755 5308 lapides
778 5239 848 5298 illi
872 5246 922 5288 at
942 5236 1080 5302 ligna
1101 5248 1251 5286 saera
1274 5238 1414 5290 sunt,
1442 5229 1556 5282 loca
1575 5240 1700 5288 vero
1721 5226 1846 5290 talia
1870 5225 1949 5280 vel
1971 5239 2071 5282 non

551 5326 789 5398 profana,
823 5325 900 5380 vel
928 5324 1139 5382 omnino
1166 5322 1236 5376 ita
1259 5332 1427 5375 sacra.

620 5413 824 5468 Gradus
863 5428 963 5469 non
989 5412 1224 5464 debemus
1255 5407 1420 5473 facere
1452 5413 1571 5464 este
1609 5402 1793 5464 altare,
1833 5401 1919 5454 udi
1957 5400 2076 5452 reli-

553 5505 703 5568 quiae.
737 5502 867 5554 Nam
897 5499 1130 5567 reliquiae
1161 5512 1262 5552 non
1293 5493 1348 5549 in
1387 5493 1550 5548 altum
1582 5490 1955 5548 evehebantur,
1985 5488 2077 5540 sed

558 5603 696 5643 terra
733 5589 1202 5645 absoondebantur.
1243 5583 1354 5641 Hoc
1395 5581 1627 5640 declarat
1661 5583 1875 5636 sanctus
1910 5573 2074 5627 Atha-

2174 4600 2274 4653 hoc
2315 4598 2616 4651 indecorum
2658 4601 2769 4656 est,
2808 4600 2864 4644 et
2897 4597 3077 4643 contra
3116 4584 3480 4641 auctoritatem
3519 4587 3573 4633 et
3606 4581 3704 4633 bo-

2174 4694 2430 4741 ncstatem
2465 4689 2800 4743 sanctorum,
2839 4685 2900 4739 ut
2923 4677 3198 4754 episcopus
3223 4671 3381 4728 faciat
3406 4666 3522 4721 illos
3556 4680 3704 4720 men-

2174 4777 2351 4834 dicare
2387 4780 2645 4836 mortuos,
2682 4778 2736 4823 et
2766 4775 2884 4837 post
2909 4773 3130 4819 mortem
3157 4776 3217 4817 ea
3243 4772 3476 4829 quaerere
3503 4771 3619 4824 qua
3651 4757 3702 4810 in

2172 4858 2279 4918 vita
2309 4878 2402 4917 sua
2432 4870 2680 4928 tanquam
2707 4865 2943 4911 stercora
2971 4863 3358 4920 contempsere,
3395 4846 3530 4900 sicut
3563 4852 3706 4914 patet

2176 4968 2272 5022 per
2299 4958 2535 5016 sanctum
2560 4945 2709 5014 cujus
2735 4959 2927 5013 corpus
2951 4941 3259 4996 collocatum
3287 4934 3502 4988 Parisiis
3539 4931 3593 4985 in
3617 4946 3700 4984 ar-

2177 5019 2361 5112 gentea
2399 5036 2632 5107 capsula,
2673 5048 2789 5086 eam
2824 5031 3002 5088 statim
3043 5026 3203 5100 rupit,
3246 5019 3485 5078 similiter
3522 5027 3576 5073 et
3610 5033 3703 5072 au-

2176 5108 2340 5191 ream.
2382 5124 2614 5180 Tandem
2655 5121 2709 5176 in
2747 5119 2919 5189 lignea
2957 5114 3232 5182 requievit,
3275 5119 3333 5165 ut
3373 5109 3451 5164 sic
3493 5108 3706 5170 doceret

2177 5224 2415 5277 mortuus
2452 5216 2723 5279 argentum
2762 5202 3229 5272 contemnendum,
3261 5197 3399 5265 quod
3433 5196 3544 5264 ipse
3578 5207 3702 5248 con-

2179 5301 2391 5370 tempsit
2419 5300 2586 5352 vivus.
2631 5294 2740 5348 Hoc
2766 5294 2923 5347 etiam
2949 5299 3171 5344 testatus
3195 5296 3277 5340 est
3299 5286 3481 5338 beatus
3509 5281 3700 5370 Firmi-

2178 5364 2688 5448 nus-Ambianensis,
2727 5381 2849 5449 quia
2880 5392 2999 5431 cum
3035 5383 3325 5444 quaestores
3359 5369 3553 5423 vellent
3589 5364 3704 5433 eius

2179 5492 2368 5558 corpus
2395 5493 2424 5530 a
2449 5477 2564 5533 loco
2589 5469 2826 5540 martyrii
2848 5468 2914 5522 ad
2954 5466 3032 5520 sic
3053 5460 3452 5558 mendicantium
3473 5453 3702 5558 deteris,

2179 5542 2286 5622 non
2325 5566 2495 5637 potuit
2531 5563 2598 5622 ab
2641 5558 2901 5642 aliquibus
2937 5571 2965 5612 a
3007 5557 3122 5608 loco
3165 5551 3255 5606 illo
3296 5544 3572 5631 asportari.
3615 5542 3700 5599 Sis

623 5731 652 5763 ι
683 5719 881 5786 Szrpius
918 5720 1005 5772 hie
1047 5724 1228 5770 auctor
1267 5728 1387 5767 suas
1431 5705 1809 5777 propositiones
1851 5717 1953 5758 non
1988 5698 2186 5755 deﬁnit.
