4010 6420
99 128 352 164 π’·-

245 469 382 526 ιιιι

1371 457 1924 552 cessaverimus
1960 469 2046 524 ετ
2085 467 2308 524 Nom.

3274 478 3404 533 HN

237 597 367 651 ergo
390 589 532 650 patet
554 578 693 648 quod
727 580 960 648 reliquus
980 587 1173 634 sancta
1193 595 1295 634 non
1319 588 1441 634 sunt
1465 579 1784 650 exponenda
1810 579 1857 634 Α
1884 575 2038 630 ﬁdem
2065 593 2211 630 suam
2231 578 2427 632 habere
2449 581 2760 644 mercedem,
2780 590 2830 634 et
2862 583 2911 634 in
2943 596 3099 636 sensu
3123 599 3219 638 suo
3244 588 3408 641 abun—
3456 586 3461 590 ’

241 671 310 725 ad
339 669 760 735 mendicantium.
1341 682 1358 735 ξ

311 759 539 813 Candela
576 759 756 813 ardeat
794 759 880 812 ibi.
927 746 1115 812 Primis
1140 756 1388 812 Ecclesia:
1415 757 1617 811 sarculis
1650 772 1778 810 non-

242 845 367 899 dum
402 845 530 899 illud
561 847 613 899 in
639 860 735 899 usu
770 844 931 898 fuisse
955 845 1178 912 probant
1218 844 1515 903 testimonia
1539 844 1774 898 Patrum.

242 931 596 995 Tertullianus
621 934 673 986 in
698 931 1036 1001 Apologetico
1064 949 1076 982 :
1115 950 1130 980 ι
1162 930 1268 984 Cur
1289 932 1373 984 die
1401 931 1518 984 laeto
1543 946 1643 984 non
1669 932 1780 985 lau-

244 1021 352 1082 reis
390 1029 568 1089 postes
595 1020 1004 1074 obumbramus?
1039 1034 1135 1072 nec.
1163 1019 1391 1072 lucernis
1419 1021 1554 1072 diem
1595 1019 1781 1072 infrin-

243 1109 453 1178 gimns?
478 1117 582 1162 etc.
615 1107 745 1173 Quis
773 1109 913 1160 enim
947 1108 1313 1176 philosophum
1341 1109 1658 1170 sacriﬁcare,
1692 1117 1780 1163 aut

242 1194 486 1249 lucernas
524 1195 745 1248 meridie
780 1209 942 1247 vanas
977 1195 1294 1262 prostituere
1326 1196 1622 1264 compellit?
1656 1214 1672 1244 ι
1716 1196 1780 1247 Et

242 1282 334 1338 lib.
375 1284 438 1336 de
467 1282 763 1336 Idololatria
799 1300 811 1335 :
853 1301 870 1332 ι
904 1282 1210 1337 Accendunt
1242 1283 1402 1350 igitur
1440 1283 1670 1349 quotidie
1704 1283 1781 1334 lu—

239 1385 451 1435 cernas,
476 1371 668 1438 quibus
692 1370 779 1427 lux
811 1371 948 1424 nulla
982 1380 1078 1424 est.
1113 1391 1130 1421 ι
1167 1371 1492 1434 Lactantius,
1526 1372 1612 1424 lib.
1646 1388 1690 1424 rt
1718 1373 1780 1425 de

240 1473 368 1513 vero
410 1459 554 1512 cultu
593 1476 605 1510 :
644 1476 663 1508 ς
702 1457 1008 1513 Accendunt
1047 1453 1243 1512 lumina
1273 1459 1412 1511 velut
1456 1460 1506 1510 in
1550 1460 1780 1513 tenebris

242 1547 435 1616 agenti,
470 1555 572 1600 etc.
606 1546 699 1600 Vel
732 1547 774 1600 si
805 1546 1020 1600 caeleste
1048 1546 1246 1610 lumen,
1277 1547 1416 1617 quod
1448 1547 1670 1604 dicimus
1697 1561 1781 1600 so-

240 1635 363 1695 lem,
389 1634 736 1702 contemplari
763 1636 954 1697 velint,
989 1635 1096 1708 jam
1127 1637 1357 1688 sentiant
1385 1637 1522 1702 quod
1563 1651 1664 1688 non
1701 1637 1782 1688 in-

239 1723 414 1792 digeat
438 1709 667 1776 lucernis
693 1739 876 1776 eorum
906 1726 1061 1784 Deus,
1091 1724 1180 1789 qui
1213 1725 1322 1791 ipse
1350 1725 1400 1774 in
1430 1739 1579 1776 usum
1613 1725 1780 1776 homi-

239 1810 321 1865 nis
343 1819 450 1863 tam
466 1809 687 1878 claram,
713 1816 820 1863 tam
840 1810 1114 1866 candidam
1138 1811 1306 1864 lucem
1331 1811 1492 1872 dedit,
1515 1817 1618 1862 etc.
1643 1811 1777 1863 Num

1875 663 2032 726 dare;
2076 665 2127 718 id
2163 672 2270 727 est,
2301 673 2388 726 ut,
2428 667 2624 734 optime
2651 669 2868 735 exponit
2892 668 3211 738 Augustinus
3241 673 3289 724 iu
3318 689 3402 742 ep.

1878 752 1999 814 120,
2026 768 2074 806 c.
2105 753 2189 814 l8,
2219 768 2374 805 unam
2408 754 2459 805 in
2495 755 2575 806 his
2599 754 2996 809 saluberrimam
3023 757 3253 826 regulam
3285 761 3411 814 rcti~

1877 841 2098 893 nendam
2134 853 2267 902 esse,
2296 849 2352 892 ut
2385 857 2500 909 quae
2539 858 2638 893 non
2679 851 2800 895 sunt
2827 854 3007 903 contra
3041 845 3215 910 ﬁdem,
3240 862 3410 914 nequo

1877 938 2058 983 contra
2096 930 2262 982 bonos
2299 941 2490 989 mores,
2528 940 2580 982 et
2614 932 2803 985 habent
2837 933 3031 999 aliquid
3069 934 3131 985 ad
3165 936 3411 986 exhorta—

1879 1020 2074 1072 tionem
2116 1020 2233 1072 vita:
2277 1019 2529 1080 melioris,
2580 1019 2874 1088 ubicunque
2910 1022 3111 1074 institui
3149 1022 3408 1093 videmus,

1877 1108 1958 1160 vel
1990 1108 2225 1161 instituta
2255 1108 2638 1174 cognoscimus,
2671 1123 2772 1158 non
2813 1106 2979 1158 solum
3018 1122 3119 1160 non
3150 1108 3411 1173 improbe-

1877 1213 2013 1258 mus,
2052 1198 2142 1250 sed
2179 1198 2338 1250 etiam
2383 1196 2639 1249 laudando
2679 1204 2733 1247 et
2764 1188 3018 1248 imitando
3051 1203 3334 1258 sectemur,
3365 1194 3412 1250 sl

1877 1286 2169 1350 aliquorum
2217 1283 2494 1340 inlirzt'itas
2538 1297 2640 1334 non
2691 1283 2760 1335 ita
2811 1283 3044 1350 impedit,
3087 1290 3143 1334 ut
3188 1281 3413 1349 amplius

1879 1374 2244 1426 detrimentum
2274 1372 2361 1424 sit.
2402 1372 2473 1423 lla
2502 1371 2660 1439 igitur
2683 1371 3010 1424 sentiendum
3041 1381 3117 1436 est
3149 1373 3213 1425 de
3238 1371 3412 1425 lucer-

1879 1462 1960 1513 nis
1997 1475 2112 1527 qua:
2149 1461 2502 1511 accenduntur
2541 1458 2650 1511 sole
2687 1459 2952 1521 rutilante,
2984 1474 3086 1511 non
3127 1460 3305 1527 utique
3346 1459 3412 1512 ad

1879 1548 2133 1616 lugandas
2170 1549 2433 1609 terebras,
2477 1548 2567 1600 sed
2610 1549 2674 1599 ad
2721 1547 2923 1616 signum
2969 1549 3161 1601 lmtitia:
3201 1550 3413 1602 demon-

1877 1635 2166 1688 strandum.
2235 1636 2425 1687 Verum
2482 1634 2673 1702 quibus
2736 1635 3066 1701 potissimum
3129 1636 3414 1691 luminibus

1877 1724 2242 1791 splendescere
2293 1726 2477 1776 debeat
2525 1724 2780 1785 ecclesia,
2835 1725 3110 1778 admodum
3162 1726 3414 1794 prmclare

1878 1812 2145 1866 declarant
2180 1822 2390 1866 sanctus
2417 1814 2700 1881 Gregorius
2737 1813 3096 1868 Nazianzenus
3121 1824 3172 1868 et
3202 1825 3415 1871 sanctus

241 1897 405 1965 igitur
432 1897 625 1950 mentis
659 1875 768 1950 sure
801 1911 1017 1964 compos
1042 1899 1304 1966 putandus
1341 1908 1423 1952 est
1449 1900 1536 1966 qui
1577 1901 1779 1954 auctori
1811 1875 1852 1932 Β
1881 1901 1929 1955 J.
1959 1888 2380 1970 Chrysostomus,
2411 1875 2628 1970 quorum
2658 1904 2802 1970 prior
2824 1905 2898 1956 sic
2927 1905 2976 1955 in
3004 1889 3297 1960 oratione}
3325 1907 3416 1958 ad-

237 1995 293 2042 et
317 1986 492 2039 datori
531 1986 766 2050 luminis,
808 1986 1144 2040 candelarum
1187 2002 1250 2040 ac
1289 2001 1561 2042 cereorum
1608 1987 1781 2042 lumen

239 2071 393 2130 offert
421 2087 519 2140 pro
546 2075 798 2126 munere?
830 2093 847 2124 ι
876 2073 1028 2127 Circa
1058 2075 1157 2126 hoc
1187 2072 1391 2142 tempus
1419 2076 1558 2128 inter
1581 2075 1784 2132 Tertul—

171 2154 182 2172 ’
237 2162 438 2214 lianum
465 2169 519 2215 et
551 2160 884 2222 Lactantium
914 2162 1098 2215 Patres
1125 2164 1332 2216 concilii
1362 2164 1664 2218 Eliheritani
1697 2180 1786 2218 ce-

241 2266 453 2307 reorum
492 2266 590 2320 per
626 2251 766 2305 diem
799 2266 979 2312 usum,
1026 2260 1117 2304 aut
1155 2253 1329 2318 potius
1369 2252 1588 2304 abusum
1621 2253 1784 2306 inter-

237 2343 484 2396 dixerunt
508 2356 626 2400 can.
658 2341 727 2394 54
758 2360 770 2396 :
808 2360 824 2391 ι
857 2341 1054 2398 Ceroos
1081 2357 1176 2412 per
1208 2342 1345 2395 diem
1371 2343 1567 2410 placuit
1595 2343 1646 2394 in
1678 2357 1782 2395 cre-

239 2432 461 2483 mcterio
496 2447 598 2485 non
635 2431 872 2493 incendi,
914 2440 1050 2496 etc.;
1098 2451 1116 2484 ι
1156 2441 1210 2486 et
1247 2449 1363 2486 can.
1404 2433 1471 2487 57
1503 2451 1513 2485 :
1549 2451 1565 2482 ι
1597 2433 1782 2488 Prohi-

239 2519 462 2572 bendum
478 2520 640 2572 etiam
663 2534 728 2572 ne
749 2519 992 2573 lucernas
1010 2521 1062 2574 hi
1084 2521 1290 2589 publice
1306 2523 1611 2584 accendant,
1637 2541 1654 2571 ι
1677 2530 1778 2576 etc.

236 2606 428 2670 Postea
457 2616 632 2659 tamen
658 2622 785 2659 usus
808 2607 969 2673 cmpit
995 2621 1144 2669 esse;
1197 2622 1352 2675 quem
1383 2623 1502 2660 cum
1526 2609 1782 2662 acerrime

235 2697 387 2765 quasi
415 2695 768 2750 idololatriam
803 2693 1077 2747 damnaret
1112 2695 1442 2763 Vigilantius,
1483 2695 1558 2748 sic
1593 2692 1783 2750 refelli-

238 2795 324 2839 tur
349 2786 418 2848 ab
445 2785 788 2854 Hieronymo,
826 2784 879 2836 in
917 2784 1136 2852 epistola
1174 2799 1330 2852 quam
1370 2784 1621 2838 adversus
1661 2798 1782 2836 eum

236 2875 486 2944 scripsit:
515 2891 534 2922 ι
564 2873 762 2927 Cereos
780 2882 955 2926 autem
981 2888 1082 2927 non
1111 2873 1251 2926 clara
1282 2873 1397 2930 luce
1423 2873 1779 2935 accendimus,

235 2966 372 3019 sicut
395 2963 592 3018 frustra
613 2963 987 3027 calumniaris;
1015 2963 1108 3024 sed
1133 2972 1191 3017 ιιι
1215 2965 1386 3019 noctis
1414 2967 1660 3019 tenebras
1682 2967 1783 3020 hoc

234 3053 424 3108 solatio
458 3061 832 3120 temperemus,
863 3060 919 3106 et
943 3052 1221 3119 vigilemus
1245 3053 1310 3105 ad
1340 3053 1538 3116 lumen,
1571 3069 1636 3108 ne
1657 3057 1781 3108 czeci

235 3151 408 3199 tecum
438 3141 765 3196 dormiamus
788 3141 838 3194 in
865 3140 1111 3194 tenebris.
1138 3140 1286 3207 Quod
1314 3140 1362 3195 si
1381 3141 1540 3208 aliqui
1565 3152 1780 3211 propter

237 3230 552 3298 imperitiam
568 3239 624 3286 et
637 3223 1033 3299 simplicitatem.
1044 3233 1374 3287 saecularium
1389 3225 1658 3288 hominum
1669 3275 1681 3298 ,
1696 3237 1780 3290 vel

234 3331 374 3376 certe
398 3308 761 3391 religiosaruin
792 3320 1126 3384 feminarum,
1151 3323 1214 3376 de
1241 3317 1430 3390 quibus
1449 3339 1572 3377 vere
1595 3341 1780 3393 possu-

175 3450 178 3452 η
233 3426 352 3464 tuus
380 3411 597 3464 dicere:
625 3409 912 3473 Conﬁteor,
944 3411 1115 3464 zelum
1151 3412 1242 3465 Dei
1285 3412 1501 3474 habent,
1541 3414 1633 3466 sed
1675 3429 1778 3467 non

230 3502 518 3555 secundum
561 3500 858 3563 scientiam,
887 3502 990 3555 hoc
1024 3516 1120 3570 pro
1157 3502 1357 3556 honore
1383 3509 1673 3571 martyrum
1703 3502 1780 3555 fa-

229 3593 394 3650 ciunt,
441 3589 567 3658 quid
611 3588 735 3642 inde
780 3589 988 3658 perdis?
1022 3589 1392 3645 Causahantur
1433 3594 1696 3664 quondam
1725 3600 1781 3646 et

233 3678 475 3745 apostoli.
508 3677 650 3746 quod
679 3678 878 3746 periret
905 3688 1227 3748 unguentum
1247 3720 1262 3742 ,
1293 3682 1384 3734 sed
1414 3681 1632 3734 Domini
1651 3695 1779 3735 voce

230 3767 458 3836 correpti
500 3775 640 3820 sunt.
695 3765 876 3837 Neque
921 3768 1060 3821 enim
1109 3767 1350 3822 Christus
1384 3768 1648 3838 indigebat
1683 3785 1773 3822 un-

230 3862 444 3932 guento,
485 3868 584 3908 nec
619 3863 882 3924 martyres
921 3855 1119 3910 lumine
1150 3871 1424 3910 cereorum
1466 3876 1477 3910 :
1520 3866 1573 3911 et
1601 3868 1777 3912 tamen

230 3943 317 3998 illa
354 3942 545 3996 mulier
585 3943 637 3996 in
680 3942 880 4000 honore
904 3942 1100 3998 Christi
1145 3944 1244 3996 hoc
1281 3943 1424 4006 fecit,
1464 3946 1778 4014 devotioque

231 4030 423 4084 mentis
460 4027 578 4096 ejus
612 4030 881 4099 recipitur.
919 4030 984 4084 Et
1025 4030 1323 4100 quicunque
1363 4033 1652 4086 accendunt
1692 4048 1778 4088 ce—

232 4133 372 4182 reas,
405 4117 694 4172 secundum
736 4117 893 4172 fidem
931 4121 1082 4172 suam
1119 4120 1314 4173 habent
1355 4123 1669 4183 mercedem,
1701 4123 1778 4176 όίτ

227 4214 384 4260 ocule
414 4205 668 4274 Apostolo
703 4225 717 4259 :
756 4203 1110 4276 Unusquisque
1138 4210 1194 4261 in
1229 4225 1328 4261 suo
1351 4225 1501 4265 sensu
1531 4210 1773 4263 abundet.

230 4294 539 4358 ldololatras
577 4295 809 4364 appellas
847 4293 1145 4362 huiusmodi
1183 4298 1457 4352 homines?
1497 4299 1607 4353 Non
1644 4299 1777 4354 ditii-

228 4395 364 4448 teor,
396 4399 583 4449 omnes
603 4399 702 4439 nos
727 4385 815 4455 qni
853 4386 905 4438 in
933 4385 1146 4441 Christo
1170 4389 1434 4443 credimus
1465 4388 1529 4442 do
1560 4388 1775 4442 idolola-

1805 3187 1853 3250 Ο

1882 2005 2065 2042 versus
2093 1989 2374 2056 lulianum.
2409 2008 2426 2035 ι
2465 1989 2570 2043 Nec
2599 1991 2786 2044 visibili
2827 1991 3020 2045 lumine
3055 1992 3417 2060 splendescant

1883 2080 2084 2140 domus,
2113 2093 2207 2131 nec
2234 2079 2502 2131 tibicinum
2530 2086 2683 2131 cantu
2710 2079 3079 2147 plausibusque
3104 2087 3413 2147 personent;

1856 2166 1981 2220 ,boc
2024 2166 2164 2219 enim
2217 2179 2364 2217 more
2405 2165 2626 2234 gentiles
2668 2181 2814 2218 nova:
2860 2164 2998 2218 luna:
3043 2164 3235 2219 festum
3277 2165 3418 2222 celo-

1880 2253 2053 2307 brant.
2096 2253 2163 2305 At
2192 2269 2286 2306 nos
2315 2269 2378 2306 ne
2407 2255 2796 2307 committamus
2835 2262 2891 2306 ut
2931 2254 2994 2306 ad
3033 2256 3169 2309 hunc
3207 2256 3418 2310 modum

1882 2341 2046 2393 Deum
2074 2342 2412 2404 honoremus,
2445 2357 2505 2394 ac
2536 2358 2764 2409 prmsens
2794 2351 2997 2410 tempus
3028 2344 3091 2396 iis
3118 2344 3276 2397 rebus
3303 2357 3421 2411 qua

1882 2430 2096 2487 minime
2134 2429 2338 2490 decent,
2384 2431 2728 2494 extollamus;
2780 2432 2869 2484 sed
2913 2432 3072 2484 animi
3113 2432 3338 2498 puritate
3368 2440 3421 2485 et

1881 2517 2071 2570 mentis
2098 2516 2384 2580 hilaritate,
2413 2525 2468 2571 et
2501 2518 2727 2571 lucernis
2757 2525 2920 2571 totum
2957 2519 3201 2572 Ecclesia:
3228 2535 3419 2588 corpus

1882 2606 2284 2666 illustranlibns,
2316 2606 2416 2659 hoc
2455 2614 2555 2668 est,
2597 2606 2790 2660 divinis
2816 2606 3344 2674 coutemplationibus
3367 2616 3423 2660 αἰ

1880 2693 2131 2759 cogitatio
2155 2694 2305 2753 .ibus,
2337 2707 2452 2762 qua
2473 2709 2630 2762 super
2659 2704 2896 2748 sanctum
2926 2695 3293 2748 candelabrum
3320 2711 3416 2749 ex-

1881 2782 2127 2844 citantur,
2149 2789 2307 2848 atque
2333 2781 2634 2834 universum
2667 2791 2926 2835 terrarum
2956 2783 3134 2836 orbem
3161 2783 3277 2836 luce
3303 2798 3420 2851 per-

1882 2867 2121 2921 fundunt.
2161 2888 2178 2919 ι
2211 2869 2338 2922 Vide
2371 2867 2522 2922 Joan.
2548 2868 2978 2938 Chrysostomum
3005 2871 3058 2922 in
3087 2871 3299 2924 homilia
3326 2871 3418 2937 20,

1880 2956 1942 3006 ad
1972 2955 2220 3025 populum
2247 2957 2650 3011 Antiochenum.
3317 2976 3320 2980 '

1950 3043 2162 3098 Incensa
2191 3048 2474 3114 aspergitur
2511 3035 2738 3100 ecclesia.
2782 3047 3125 3102 Judicandum
3163 3051 3228 3103 de
3266 3050 3421 3103 thura

1881 3141 1933 3183 et
1971 3131 2182 3185 incenso
2221 3133 2438 3213 perinde
2479 3148 2541 3186 ac
2580 3134 2646 3187 de
2687 3135 2934 3188 lucernis.
2976 3136 3159 3190 Patres
3197 3136 3418 3204 antiqui,

1883 3221 2174 3289 praesertim
2213 3221 2407 3284 Latini,
2448 3223 2582 3276 ritus
2607 3224 2796 3291 quibus
2832 3226 3016 3294 pagani
3059 3227 3342 3278 utebantur
3367 3227 3418 3279 in

1882 3310 2176 3372 sacrificiis,
2208 3311 2337 3363 adeo
2381 3310 2723 3380 refugiebant,
2754 3321 2810 3365 ut
2832 3314 3040 3382 quidam
3079 3315 3143 3366 ab
3175 3315 3238 3368 iis
3265 3315 3420 3368 rebus

1880 3396 2231 3449 abstinuerint
2268 3412 2400 3464 quas
2427 3399 2688 3464 posterius
2727 3401 2861 3453 bona
2889 3399 3299 3454 Christianorum
3341 3401 3420 3453 in-

1881 3487 2045 3539 tentio
2071 3487 2286 3540 invexit.
2312 3485 2670 3542 Tertullianus
2693 3490 2742 3541 in
2772 3489 3127 3558 Apologetico,
3157 3506 3269 3559 cap.
3302 3489 3370 3544 50
3399 3505 3414 3551 ς

1886 3593 1904 3624 σ
1937 3575 2037 3641 Qut
2063 3577 2113 3630 ei
2141 3575 2305 3631 oll'ero
2329 3579 2556 3645 opimam
2593 3587 2646 3633 et
2680 3581 2928 3647 majorem
2965 3582 3217 3641 hostiam,
3258 3595 3414 3648 quam

1878 3664 1992 3734 ipse
2014 3666 2298 3728 mandavit,
2325 3669 2615 3721 orationem
2643 3669 2707 3722 de
2734 3685 2894 3723 carne
2921 3671 3123 3738 pudica,
3155 3671 3216 3724 de
3244 3672 3417 3724 anima

1879 3754 2162 3816 innocenti,
2207 3756 2272 3810 de
2315 3756 2500 3824 spiritu
2541 3765 2724 3812 sancto
2761 3758 3046 3825 profectam
3077 3775 3090 3812 :
3123 3776 3224 3812 non
3253 3775 3418 3830 grana

1882 3845 2050 3899 thuris
2077 3847 2232 3900 unius
2260 3848 2395 3900 assis
2424 3863 2570 3900 :non
2597 3847 2834 3901 Arabicae
2864 3849 3068 3901 arboris
3089 3849 3368 3918 lacrymas.
3394 3870 3413 3901 ι

1877 3943 1979 3988 etc.
2011 3935 2076 3987 Et
2094 3949 2209 4002 cap.
2235 3935 2293 3987 .ll
2318 3953 2330 3986 :
2360 3953 2376 3985 ι
2411 3935 2586 3988 Thura
2612 3936 2765 4002 plane
2793 3951 2892 4011 non
2919 3937 3158 3990 emimus.
3194 3957 3209 3987 ι
3241 3937 3417 3992 Arno-

1877 4023 1996 4077 hius
2021 4023 2112 4076 lib.
2142 4039 2210 4076 vn
2235 4014 2490 4076 adversus
2515 4022 2711 4076 Gentes
2740 4043 2751 4076 :
2787 4042 2804 4074 ι
2840 4023 2930 4078 Sin
2961 4034 3131 4078 autem
3163 4026 3416 4094 tempori-

1877 4110 1974 4163 bus
2000 4111 2210 4180 priscis,
2237 4126 2406 4177 neque
2453 4111 2711 4175 homines,
2754 4127 2921 4180 neque
2951 4113 3022 4164 dii
3068 4112 3221 4179 hujus
3250 4112 3418 4168 thuris

1877 4202 2175 4268 expetivere
2201 4199 2496 4263 materiam,
2537 4199 2909 4269 comprobatur
2947 4209 2996 4256 et
3039 4201 3192 4253 hodie
3222 4201 3416 4254 frustra

1876 4291 2002 4344 illud
2047 4291 2377 4358 inaniterque
2424 4290 2690 4357 prmstari;
2738 4290 2876 4358 quod
2922 4304 3089 4358 neque
3130 4290 3418 4356 antiquitas

1876 4381 2228 4432 necessarium
2254 4379 2496 4441 credidit,
2525 4386 2580 4431 et
2603 4378 2716 4432 sine
2740 4377 2858 4431 ullis
2886 4379 3090 4430 novitas
3124 4377 3415 4431 rationibus

227 4475 329 4531 tria
369 4474 600 4529 venisse.
648 4472 761 4528 Non
801 4475 940 4530 enim
987 4476 1272 4539 nascimur,
1313 4476 1405 4530 sed
1449 4477 1774 4530 renascimur

1876 4471 2146 4539 appetivit,
2189 4479 2290 4524 etc.
2329 4469 2677 4528 Honoremus,
2723 4469 2920 4536 inquiet
2950 4468 3141 4536 aliquis
3168 4467 3410 4540 fortasse,

225 4564 538 4635 Christiani.
569 4563 637 4616 Et
663 4564 783 4632 quia
811 4565 1077 4632 quondam
1116 4566 1418 4620 colebamus
1446 4566 1604 4629 idola,
1637 4581 1774 4620 nunc

225 4653 394 4708 Deum
422 4651 598 4705 colere
636 4667 741 4706 non
771 4651 1044 4716 debemus,
1074 4669 1140 4706 ne
1167 4653 1324 4707 simili
1352 4670 1472 4708 eum
1501 4656 1774 4708 videamur

223 4755 346 4796 cum
389 4741 548 4797 idolis
579 4743 782 4796 honore
823 4743 1104 4797 venerari?
1147 4741 1256 4797 Hoc
1297 4732 1457 4798 ﬂebat
1507 4745 1678 4801 idolis.
1719 4753 1774 4798 et

224 4831 425 4886 idcirco
453 4831 817 4892 detestandum
845 4841 955 4897 est;
990 4832 1092 4885 hoc
1136 4831 1199 4885 ﬁt
1236 4833 1658 4908 martyribus,et
1696 4834 1772 4887 id-

135 4961 140 4971 .
224 4925 372 4979 circo
402 4922 761 4990 recipiendum
787 4930 888 4977 est.

297 5029 318 5060 ο
367 5009 501 5064 Nam
544 5018 599 5063 et
641 5011 840 5078 absque
884 5021 1175 5080 martyrum
1222 5010 1458 5080 reliquiis
1499 5026 1595 5080 per
1632 5019 1770 5066 totas

224 5099 460 5154 Orientis
477 5097 751 5160 ecclesias,
774 5100 983 5166 quando
1007 5098 1281 5167 legendum
1304 5109 1386 5155 est
1406 5099 1766 5169 Evangelium,

223 5185 590 5239 accenduntur
618 5184 893 5240 luminaria
924 5185 1035 5252 jam
1075 5188 1182 5240 sole
1209 5187 1454 5241 rutilante
1489 5203 1502 5242 :
1540 5205 1640 5242 non
1670 5191 1769 5243 uti-

223 5288 326 5339 que
351 5274 418 5327 ad
447 5273 704 5343 fugandas
727 5272 992 5336 tenebras,
1019 5275 1108 5328 sed
1141 5275 1202 5326 azl
1229 5275 1434 5341 signum
1464 5276 1655 5343 laetitia:
1678 5276 1768 5330 de-

224 5363 649 5417 monstrandum.
679 5361 827 5417 Unde
850 5371 903 5415 et
923 5363 1155 5432 virgines
1174 5363 1274 5416 illa:
1295 5365 1606 5433 evangelicae
1628 5381 1766 5420 sem-

224 5466 322 5521 per
339 5452 538 5506 habent
568 5463 820 5505 accensas
847 5450 1112 5518 lampades
1141 5465 1281 5506 suas.
1321 5452 1386 5507 Et
1413 5453 1476 5508 ad
1503 5454 1766 5522 apostolos

225 5540 454 5595 dicitur:
488 5537 608 5594 Sint
640 5536 800 5591 lumbi
833 5540 984 5591 vestri
1011 5542 1298 5606 prmcincti,
1347 5551 1394 5594 et
1433 5541 1653 5596 lucerna:
1680 5561 1766 5596 ar-

219 5629 395 5692 dentes
423 5629 478 5680 in
514 5625 751 5680 manibus
779 5624 976 5686 uestris,
1020 5635 1124 5680 etc.
1162 5649 1178 5678 ι
1211 5627 1437 5682 Omnino
1472 5631 1762 5684 notandum

224 5726 304 5774 est
328 5718 468 5791 quod
497 5715 851 5784 Hieronymus
869 5713 999 5768 dicit
1024 5732 1449 5784 unumquemque
1476 5721 1760 5774 secundum

1876 4561 1958 4613 his
1985 4560 2132 4623 deos,
2161 4571 2265 4611 etc.
2297 4559 2360 4611 Et
2385 4559 2585 4625 pietas!
2615 4567 2844 4625 quantus
2865 4557 2961 4610 iste
2981 4565 3059 4610 est
3084 4559 3270 4618 honor,
3299 4564 3411 4619 aut,

1870 4650 2060 4718 qualis,
2085 4649 2172 4716 qui
2194 4664 2259 4702 ex
2286 4647 2423 4716 ignis
2445 4648 2607 4700 odore
2627 4646 2903 4700 conﬁcitur
2927 4654 2979 4698 et
3007 4646 3180 4697 resina
3207 4643 3414 4699 arboris

1870 4751 2226 4807 comparatur.
2258 4737 2386 4790 Nam
2417 4750 2483 4789 ne
2513 4737 2647 4788 forte
2692 4736 2942 4804 ignoretis
2979 4735 3102 4802 quid
3143 4742 3232 4786 aut
3271 4734 3409 4789 unde

1869 4829 1939 4880 sit
1966 4828 2087 4879 thus
2113 4825 2250 4879 istud
2278 4844 2288 4877 :
2318 4825 2516 4876 viscum
2541 4833 2622 4876 est
2643 4823 2924 4876 corticibus
2948 4821 3231 4889 proﬂuens,
3260 4841 3278 4872 ι
3303 4830 3406 4876 etc.

1868 4920 2152 4987 Antiquum
2197 4926 2367 4971 tamen
2409 4918 2542 4984 apud
2570 4915 2780 4969 Graecos
2820 4914 2991 4967 thuris
3031 4913 3228 4967 incensi
3253 4927 3408 4966 usum

1868 5008 2112 5076 colligere
2160 5007 2280 5060 licet
2327 5023 2388 5059 ex
2439 5005 2729 5058 canonibus
2779 5006 3000 5058 vetustis
3047 5004 3143 5080 sub
3196 5003 3408 5058 nomine

1869 5100 2240 5168 apostolorum.
2272 5097 2380 5150 Hoc
2406 5105 2580 5150 autem
2610 5096 2768 5149 habet
2795 5109 2961 5149 canon
2988 5094 3019 5146 5
3048 5111 3059 5143 :
3098 5110 3116 5141 ι
3148 5091 3225 5145 Ne
3251 5089 3406 5145 liceat

1868 5189 2064 5256 aliquid
2091 5188 2229 5240 aliud
2261 5187 2324 5240 ad
2350 5184 2515 5238 altare
2541 5183 2748 5243 oll'erre,
2780 5195 2936 5250 quam
2962 5180 3132 5233 oleum
3162 5179 3227 5233 ad
3252 5178 3404 5232 lumi-

1867 5293 2015 5341 nare,
2061 5284 2114 5330 et
2158 5277 2427 5329 incensum
2471 5284 2706 5342 tempore
2751 5278 2945 5325 sancta:
2986 5268 3284 5333 oblationis,
3324 5273 3406 5324 καὶ

1864 5369 2084 5435 θυμίαμα
2106 5363 2176 5438 τῷ
2212 5368 2369 5435 mss
2394 5371 2481 5422 τῆς
2505 5363 2982 5434 ἁγίαςιπροσφορᾶς.
3031 5357 3097 5411 Ει
3131 5372 3256 5412 sane
3292 5357 3402 5410 lau-

1865 5455 2052 5508 dabilis
2080 5468 2224 5516 usus,
2271 5452 2361 5520 qui
2407 5445 2667 5520 signiﬁcat
2709 5451 3000 5504 orationem
3041 5439 3274 5500 nostram
3309 5445 3400 5500 de-

1865 5546 1990 5599 bere
2015 5558 2132 5597 esse
2157 5543 2424 5596 incensum
2448 5539 2498 5592 in
2528 5545 2810 5609 conspectu
2843 5537 2954 5591 Dei.
3003 5535 3150 5603 Quod
3171 5533 3400 5588 Joannes

1863 5633 2268 5700 Chrysostomus
2290 5636 2345 5682 et
2371 5627 2459 5681 alii
2493 5627 2675 5681 Patres
2702 5626 2869 5682 Graeci
2909 5625 3097 5696 smpius
3133 5630 3396 5692 repetunt.

1863 5718 2212 5785 Quamobrem
2262 5717 2307 5772 si
2359 5715 2556 5785 majora
2606 5716 2892 5770 studiorum
2944 5713 3089 5767 lucra
3137 5707 3393 5780 speranda
