4010 6408
3682 91 3932 456 Ἴ

599 484 731 538 1H5
1666 490 1754 542 AD
1793 483 2321 542 POENITEXTIALE
2360 483 2699 538 TllliOlltﬂll
3439 434 3449 448 .
3641 479 3765 533 ms

588 603 730 665 sint,
775 616 928 668 quam
974 601 1412 654 calmnniatorutn
1462 604 1773 657 detrimenta
1825 600 2132 663 metuenda,
2166 603 2207 657 A
2237 600 2358 650 dum
2414 598 2642 651 debitam
2692 598 2902 651 Christo
2957 584 3252 652 reddiderat
3285 601 3557 652 animam:
3611 599 3763 651 etiam

593 704 707 744 etne
736 689 1063 742 dubitatione
1092 688 1389 743 faciendum
1419 701 1528 755 est,
1568 694 1704 745 sicut
1740 692 1971 759 loquitur
2007 707 2126 744 san-

2231 687 2367 737 fama
2405 684 2605 748 volans,
2662 686 2791 738 tanti
2839 685 3131 753 pramuutia
3171 686 3364 747 luctus,
3418 685 3581 738 totius
3625 683 3770 737 urbis

593 784 709 829 ctus
744 776 1066 842 Augustinus
1109 777 1162 828 in
1202 777 1422 843 epistola
1451 777 1515 828 ad
1550 776 1875 829 Ianuarium.
1918 777 2020 829 Sed
2049 778 2131 828 ni-
2230 771 2478 837 populum
2516 771 2582 825 ad
2624 772 2904 837 exsequias
2928 772 3297 840 congregabat.
3329 770 3604 824 Sonabant
3633 769 3770 839 psal-

594 866 749 919 miam
783 866 935 920 istius
961 866 1099 919 modi
1138 866 1330 918 rituum
1361 867 1564 934 copiam
1598 867 1752 933 paulo
1780 874 1897 933 post
1922 876 2133 918 sanctus
2231 860 2301 910 mi
2322 899 2336 922 ,
2365 868 2419 912 et
2447 868 2630 912 aurata
2662 861 2973 927 templorum
3019 861 3245 913 reboans
3288 860 3343 912 in
3374 860 3600 913 sublime
3639 875 3773 928 qua-

591 953 914 1021 Augnstinus
940 939 1203 1020 vituperat
1237 970 1352 1021 cap.
1380 955 1451 1006 ,19
1486 952 1718 1019 ejusdem
1756 952 2019 1019 epistolae,
2053 953 2134 1005 his
2234 952 2397 1003 tiebat
2429 952 2674 1005 Alleluia.

592 1043 807 1095 verbis:
849 1060 866 1090 ‹
904 1041 1010 1095 Sed
1046 1044 1146 1095 hoc
1183 1043 1339 1094 nimis
1376 1042 1525 1095 doleo
1565 1043 1687 1109 quia
1728 1042 1887 1094 multa
1926 1058 2041 1109 qua:
2082 1042 2130 1092 in
2302 1037 2366 1090 Et
2380 1039 2583 1106 quando
2606 1040 2719 1108 quis
2745 1048 3003 1091 consecrat
3027 1038 3766 1107 aquam,primumorationem

592 1130 785 1183 divinis
820 1130 968 1183 libris
1006 1130 1353 1184 saluberrime
1378 1139 1637 1198 praecepta
1665 1129 2017 1189 suntaminus
2044 1146 2134 1182 cu-
2231 1127 2408 1193 faciat.
2453 1128 2665 1193 Absque
2715 1127 2855 1179 enim
2884 1126 3143 1190 oratione,
3177 1124 3330 1192 juxta
3359 1123 3766 1185 Tertullianum,

594 1227 799 1282 rantur,
828 1227 930 1271 etc.
961 1218 1211 1284 Quamvis
1238 1219 1377 1270 enim
1407 1234 1577 1286 neque
1612 1219 1715 1271 hoc
1746 1219 1979 1272 invenire
2016 1233 2133 1284 pas—
2233 1216 2397 1268 vidua:
2421 1225 2543 1267 sunt
2579 1230 2748 1281 aqum,
2777 1214 2977 1267 scilicet
3008 1213 3210 1282 Spiritu
3252 1221 3435 1267 sancto
3471 1211 3585 1279 qui,
3618 1212 3765 1264 inm-

591 1308 683 1370 sit,
713 1306 975 1375 quomodo
1010 1314 1193 1359 contra
1224 1307 1379 1359 tidem
1416 1307 1550 1368 sint;
1596 1306 1761 1373 ipsam
1801 1313 1972 1357 tamen
2012 1304 2132 1356 reli-
2231 1312 2382 1356 catus
2406 1318 2561 1370 super
2590 1318 2774 1370 aquas,
2800 1317 2890 1354 eas
2923 1301 3123 1355 cmlesti
3149 1300 3293 1354 fonte
3332 1301 3569 1363 maritat,
3611 1307 3669 1352 ut
3697 1299 3770 1350 ait

590 1399 817 1467 gionem,
865 1413 1022 1465 quam
1066 1398 1396 1466 paucissimis
1434 1400 1488 1449 et
1534 1394 1975 1448 manifestissimis
2000 1394 2132 1445 Ct'lC'
2233 1400 2447 1445 sanctus
2485 1392 2733 1444 Paulinus
2769 1393 2823 1445 in
2849 1393 3003 1459 epist.
3044 1390 3130 1454 12,
3166 1391 3232 1443 ad
3261 1389 3551 1443 Severum:

590 1488 887 1540 Irrationum
917 1488 1261 1541 sacramentis
1284 1487 1643 1540 misericordia
1664 1485 1755 1538 Dei
1778 1500 1893 1539 esse
1914 1486 2130 1537 liberam
2353 1501 2554 1549 Sanctus
2578 1502 2621 1547 ii.
2647 1502 2773 1550 hunc
2794 1498 2916 1548 ςωιο
2938 1498 3185 1547 descendit
3204 1499 3410 1557 Spiritus
3426 1496 3637 1559 amdem,

589 1577 771 1640 voluit,
814 1577 1094 1631 servilibus
1119 1577 1370 1630 oneribus
1408 1585 1672 1643 premunt,
1714 1583 1771 1628 ut
1810 1575 2126 1627 toleraliliur

2266 1596 2275 1601 -
2413 1561 2703 1621 Cuclestique
2727 1572 2887 1608 sacras
2909 1559 3039 1607 fonte
3064 1560 3248 1606 maritat
3270 1570 3433 1619 aquas.

587 1665 657 1718 sit
682 1666 912 1719 conditio
936 1664 1258 1730 Judmorum,
1285 1666 1372 1733 qui
1404 1665 1612 1718 etiamsi
1640 1673 1845 1731 tempus
1866 1660 2131 1715 libertatis
2838 1678 3061 1732 CAPUT
3100 1677 3163 1731 ιι,

585 1771 690 1808 non
731 1756 1073 1825 agnoverint,
1110 1754 1363 1822 legalibus
1393 1763 1569 1839 tamen
1604 1752 1853 1839 sarcinis,
1885 1767 1988 1803 non
2029 1751 2128 1801 hu-
2373 1770 2447 1823 De
2482 1771 2645 1823 tribu,
2690 1770 2932 1838 gradibus
2970 1769 3214 1823 Εεειαίω
3242 1769 3631 1839 principalibus.

587 1842 759 1895 manis
784 1841 1279 1909 prmsumptionibus
1304 1838 1666 1904 subjiciuntur.
1707 1857 1724 1887 ι
1760 1836 1889 1890 Vide
1919 1851 2127 1904 quoque

585 1927 859 1994 epistulam
895 1927 1130 1981 Leonisl
1164 1926 1229 1979 ad
1252 1926 1524 1979 universos
1561 1924 1837 1992 episcopos
1867 1938 1961 1992 per
1990 1922 2125 1975 Sici-

585 2017 709 2071 liam
740 2019 1076 2081 constitutos,
1102 2033 1218 2086 cap.
1248 2017 1302 2069 2.

651 2103 834 2158 Laicus
891 2120 990 2156 non
1043 2104 1183 2157 debet
1228 2105 1284 2157 in
1318 2101 1542 2155 ecclesiis
1587 2100 1852 2152 lectionem
1887 2099 2122 2150 recitare.

584 2193 738 2248 llunc
795 2196 1035 2248 ordinem
1076 2195 1184 2262 jam
1238 2208 1334 2247 suo
1385 2200 1620 2258 tempore
1672 2188 1962 2242 stabilitum
2008 2200 2126 2239 esse

2295 2163 2354 2218 Si
2389 2163 2636 2216 diaconus
2681 2161 2757 2215 vel
2798 2162 3057 2231 presbyter
3079 2164 3184 2229 ipse
3226 2162 3434 2214 calicem
3480 2170 3528 2215 et
3556 2161 3766 2214 oblatio-

582 2293 761 2349 apcrte
786 2283 1019 2337 declarat
1056 2283 1454 2351 antiquissimus
1498 2280 1635 2349 apud
1684 2279 1898 2332 Latinos
1941 2277 2125 2330 Patres

2224 2268 2337 2305 nem
2366 2252 2598 2304 manibus
2632 2251 2869 2305 tenuerit.
2901 2249 3050 2316 Quod
3093 2251 3229 2304 idem
3255 2250 3563 2318 prmstitisse
3595 2251 3659 2303 de
3686 2266 3766 2304 sc-

581 2371 953 2432 Tcrtullianus,
998 2371 1088 2438 qui
1129 2372 1451 2424 contrarium
1481 2384 1633 2422 usmn
1677 2368 1891 2421 damnat
1934 2366 1987 2419 in
2022 2365 2124 2418 Ec-

2224 2344 2337 2410 ipso
2365 2349 2584 2395 testatur
2606 2342 2971 2397 Theodoretus
2997 2339 3051 2392 in
3083 2339 3314 2393 Historia
3355 2339 3621 2410 religiosa,
3646 2355 3761 2408 cap.

580 2460 738 2513 clesia
787 2433 1156 2513 hmreticorum
1194 2473 1309 2526 cap.
1340 2457 1448 2510 ιιι
1502 2475 1521 2507 ι
1565 2457 1747 2523 itaque
1791 2454 1926 2507 alius
1969 2453 2125 2508 hodie

2223 2435 2310 2488 20.
2364 2453 2382 2485 ι
2434 2436 2543 2504 Ego
2578 2450 2728 2496 vero,
2778 2435 2970 2502 inquit,
3019 2434 3245 2488 libenter
3273 2433 3667 2521 pbtemperavi,
3715 2444 3768 2488 et

578 2550 877 2619 cpiscopus,
910 2564 1032 2602 cras
1066 2547 1201 2600 alius
1225 2564 1237 2598 :
1259 2521 1427 2599 hodie
1465 2521 1738 2605 diaconus,
1778 2542 1868 2610 qui
1896 2555 2016 2593 cras
2054 2538 2126 2591 le-
2224 2539 2375 2619 53°F!
2400 2539 2537 2619 Ῐδεε
2569 2523 2744 2576 ἔλθοιτί
2774 2521 2906 2590 Ξαεεί
2938 2524 3057 2619 (“EC
3088 2523 3230 2576 enim
3256 2523 3438 2592 Procul
3475 2524 3759 2619 {lbel‘autl‘

578 2651 724 2704 ctor;
756 2642 910 2694 hodie
935 2640 1231 2708 presbyter,
1258 2638 1345 2705 qui
1373 2651 1493 2690 cras
1519 2635 1703 2688 laicus.
1737 2633 1867 2685 Nam
1903 2639 1956 2684 et
1979 2630 2126 2683 laieis

2224 2612 2336 2683 cus)
2383 2613 2830 2680 diaeonorumque
2873 2611 3116 2665 manibus
3142 2616 3296 2665 utens
3322 2627 3419 2679 pro
3454 2612 3629 2674 altari,
3658 2626 3772 2683 my-

577 2700 1183 2785 s'tcerdotalia-‘munera
1229 2700 1525 2795 injungunt.
1576 2744 1593 2774 ι
1653 2723 1933 2790 Antiquior
1982 2720 2124 2788 apud

2224 2702 2415 2756 sticum
2446 2710 2498 2756 et
2524 2702 2761 2755 divinum
2794 2715 2857 2754 ac
2885 2700 3115 2754 salutare
3156 2700 3473 2754 sacriﬁcium
3519 2701 3707 2754 obtuli.
3743 2719 3764 2753 ι

577 2818 792 2872 Crmcos
820 2815 1056 2870 Justinus
1087 2816 1226 2868 hunc
1254 2828 1462 2883 quoque
1486 2813 1727 2865 ordinem
1757 2809 1885 2862 mihi
1915 2808 2126 2861 vide:ur
2296 2811 2572 2880 Episcopus
2599 2828 2698 2865 non
2745 2810 2887 2863 debet
2914 2811 3145 2863 abbatem
3190 2826 3365 2880 cogere
3400 2811 3469 2864 ad
3512 2812 3765 2881 synodum

579 2907 813 2961 indicare
837 2907 889 2959 in
931 2904 1181 2973 'apologia
1233 2903 1403 2970 prima
1438 2899 1599 2971 juxta
1647 2896 1948 2957 Eusebium,
2008 2910 2126 2964 qua:
2223 2900 2317 2952 ire.
2353 2898 2487 2963 Nisi,
2529 2906 2587 2951 ut
2631 2898 2805 2961 addit,
2837 2898 2998 2952 etiam
3035 2898 3210 2967 aliqua
3253 2899 3580 2953 rationabilis
3609 2916 3767 2954 causa

579 2997 798 3066 proinde
824 2994 962 3046 male
998 2991 1305 3044 inscribitur
1345 2998 1403 3041 ut
1431 2986 1664 3040 secunda
1688 2985 1740 3037 in
1767 2984 1955 3048 editis;
2001 2999 2122 3037 cum
2223 2988 2312 3041 sit.
2347 2988 2474 3054 Qua:
2500 3002 2661 3041 causa
2694 2987 2923 3040 maxime
2952 2985 3280 3040 rationabilis
3305 2994 3410 3049 est,
3440 3002 3559 3040 cum
3584 3003 3767 3041 vocan-

579 3086 745 3140 dicit:
794 3102 813 3134 s
867 3082 1067 3137 Deinde
1113 3081 1310 3135 lectore
1334 3081 1639 3149 quiescente
1682 3077 2035 3146 pricsidcus...
2071 3084 2124 3128 et
2225 3083 2311 3128 tur
2335 3077 2403 3129 ab
2428 3075 2697 3144 episcopo,
2719 3089 2782 3128 ex
2808 3072 2874 3128 'eo
2896 3074 3036 3143 quod
3073 3082 3223 3127 extra
3252 3073 3486 3144 regulam
3523 3071 3764 3127 fecerint.

579 3175 803 3245 populus
859 3173 1030 3226 lauste
1079 3171 1401 3225 acclamat...
1452 3166 1757 3221 absentibus
1781 3160 1976 3219 'autem
2030 3177 2123 3230 per
2150 3212 2197 3245 ρ
2224 3163 2384 3217 Cone.
2410 3163 2786 3217 Aurelianense
2820 3177 2866 3223 ι,
2907 3176 2956 3216 c.
2990 3162 3091 3216 i9:
3126 3180 3144 3212 ι
3176 3161 3410 3217 Abbates
3439 3177 3534 3230 pro
3558 3162 3771 3216 humili-

581 3212 837 3320 :li:couos
874 3262 1121 3324 mittitur,
1181 3267 1285 3314 etc.
1338 3278 1356 3309 ι
1409 3257 1499 3311 Sic
1548 3256 1759 3309 videtur
1804 3253 2125 3320 distinguere
2150 3212 2197 3274 ο
2228 3261 2339 3306 tate
2367 3252 2638 3321 religionis
2681 3254 2734 3306 in
2771 3252 3138 3321 episcoporum
3171 3261 3430 3321 potestate
3470 3254 3770 3308 consistant

581 3356 833 3409 lectorem
879 3368 908 3406 a
944 3350 1279 3420 praesidente,
1310 3349 1568 3411 diaconis,
1614 3355 1669 3401 et
1719 3345 1929 3415 populo.
1990 3343 2123 3396 Num
2225 3341 2341 3394 etsi
2383 3341 2508 3407 quid
2548 3349 2697 3394 extra
2730 3339 2974 3405 fecerint,
3013 3342 3080 3395 ab
3121 3341 3367 3410 episcopo
3411 3342 3771 3411 corrigantur,

580 3458 709 3497 vero
757 3449 897 3495 esset
951 3439 1143 3507 aliquis
1196 3438 1450 3493 diaconus
1494 3436 1584 3503 qui
1647 3434 1858 3488 lectoris
1910 3446 2125 3486 munere
2226 3429 2315 3496 qui
2348 3427 2507 3482 se’mel
2538 3430 2591 3482 in
2637 3444 2797 3492 anno,
2828 3429 2881 3482 in
2917 3428 3032 3482 loco
3071 3429 3161 3482 ubi
3205 3428 3482 3497 episcopus
3527 3429 3770 3499 elegerit,

584 3534 914 3601 fungeretur,
946 3530 1047 3583 hoc
1096 3526 1292 3581 nollem
1332 3526 1539 3595 penitus
1582 3538 1794 3593 negare.
1837 3522 1969 3575 Nam
2004 3537 2124 3575 cum
2226 3526 2443 3584 accepta
2488 3517 2767 3571 vocatione
2812 3518 3149 3572 conveniant.
3183 3538 3202 3570 ι
3235 3518 3437 3573 Concil.
3470 3519 3773 3575 Antisiodo-

584 3620 731 3689 prius
763 3617 1010 3673 describit
1040 3615 1303 3685 synaxim,
1348 3613 1578 3682 loquitur
1605 3619 1808 3665 tantum
1839 3611 1904 3665 de
1946 3610 2126 3678 priesi-
2226 3619 2380 3659 rense
2403 3606 2500 3659 sub
2528 3604 2739 3675 Pelagio
2769 3621 2838 3669 ιι,
2863 3622 2913 3660 c.
2940 3605 2970 3657 7
2997 3624 3010 3658 :
3057 3624 3076 3656 ι
3104 3606 3180 3689 lit
3206 3607 3384 3667 media
3416 3605 3550 3660 Maio
3585 3622 3773 3662 omnes

583 3684 760 3771 dente,
788 3707 1042 3768 diaconis,
1070 3684 1123 3758 et
1144 3703 1353 3772 populo.
1383 3701 1448 3754 Et
1484 3708 1697 3753 sanctus
1724 3699 1966 3752 Clemens
2004 3697 2127 3751 Ale-
2224 3692 2518 3761 presbyteri
2543 3692 2611 3745 ad
2642 3693 2901 3761 synodum
2924 3684 3157 3756 veniant,
3185 3702 3240 3748 et
3273 3693 3519 3748 Kalendis
3540 3693 3772 3749 Novem-

584 3796 877 3850 xandriuus
936 3792 1350 3846 ecclesiasticam
1417 3788 1768 3845 hierarehiam
1829 3802 2126 3855 proponens
2226 3781 2335 3835 bris
2359 3796 2543 3835 omnes
2570 3782 2789 3835 abbates
2816 3782 2883 3834 ad
2920 3782 3206 3848 concilium
3240 3783 3575 3837 conveniant.
3606 3804 3625 3836 ι

585 3886 719 3939 libro
754 3899 803 3936 vt
854 3882 1178 3936 Stromatum
1228 3878 1467 3932 meminit
1503 3886 1706 3930 tantum
1731 3878 2123 3947 episcOporum,

2295 3889 2406 3944 Rea:
2425 3907 2562 3953 vero,
2584 3892 2629 3945 si
2654 3891 2770 3960 plus
2796 3899 2890 3944 est.
2928 3889 3060 3956 Quia
3099 3905 3193 3945 rex
3235 3905 3265 3944 a
3303 3891 3411 3945 Deo
3451 3871 3774 3950 constituius

585 3972 1411 4044 presbyterorum,diaconorum.
1442 3968 1706 4037 Quidquid
1739 3969 1809 4020 sit
1838 3986 1849 4019 :
1877 3968 2005 4021 satis
2033 3983 2125 4020 su-
2225 3989 2308 4035 est
2347 3980 2629 4050 episcopus
2654 3993 2833 4034 rerum
2862 3988 3203 4034 externarum
3234 3998 3247 4032 :
3294 3980 3500 4049 qualem
3549 3996 3609 4036 se
3649 3982 3774 4050 jure

584 4079 783 4134 perque
809 4069 1035 4125 constat,
1067 4060 1208 4113 hunc
1252 4058 1506 4111 lectorem
1558 4072 1664 4108 non
1714 4054 1875 4109 fuisse
1906 4055 2121 4110 laicum.

2225 4078 2382 4123 vocat
2418 4069 2796 4124 Constantinus
2837 4071 3123 4138 imperator
3158 4069 3430 4139 alloquens
3470 4071 3766 4140 episcopos.

584 4154 737 4223 Quod
765 4151 954 4207 sullicit
994 4150 1060 4205 ad
1084 4149 1408 4219 probandum
1436 4149 1595 4201 etiam
1626 4147 1786 4201 laieos
1810 4148 1998 4217 priscis
2038 4163 2125 4202 ec-
2229 4176 2249 4208 ι
2282 4157 2387 4212 Vos
2424 4158 2659 4225 quidem,
2688 4156 2877 4225 inquit,
2918 4157 2973 4211 in
3022 4157 3087 4212 iis
3131 4171 3249 4225 quae
3298 4158 3435 4211 intra
3480 4158 3771 4215 Ecclesium

585 4245 761 4301 clesia:
789 4242 993 4298 seculis
1020 4242 1073 4293 in
1099 4240 1283 4309 syuasi
1310 4239 1559 4293 lectiones
1583 4254 1688 4293 non
1715 4239 1985 4294 recitasse.
2226 4255 2372 4310 sum,
2403 4247 2636 4316 episcopi
2670 4246 2801 4302 estis
2827 4261 2842 4299 :
2877 4259 2975 4316 ego
3005 4261 3132 4301 vero
3160 4247 3213 4300 in
3250 4246 3316 4301 iis
3359 4262 3477 4315 qua;
3502 4256 3655 4302 eum
3679 4265 3771 4318 ge.

660 4333 769 4388 Nec
797 4330 1008 4385 alleluia
1037 4332 1223 4387 dicere.
1279 4333 1507 4389 Sanctus
1546 4334 1871 4403 Augustinus
1920 4335 1976 4390 in
2016 4336 2127 4403 epi-
2225 4344 2433 4400 runtur,
2468 4337 2747 4405 episcopus
2790 4351 2821 4390 a
2866 4337 2975 4390 Deo
3022 4350 3140 4390 sum
3195 4337 3530 4393 constitutus.
3565 4358 3585 4389 ι
3642 4338 3771 4395 Han:

587 4424 721 4480 stola
746 4424 811 4476 ad
837 4422 1145 4475 Januarium
1183 4441 1195 4476 :
1224 4442 1242 4474 ι
1279 4423 1457 4487 Varie,
1485 4424 1675 4491 inquit,
1706 4431 1948 4477 cantatur
1979 4422 2122 4488 alibi,
2224 4427 2362 4494 apud
2396 4425 2702 4490 Eusebium,
2729 4424 2820 4481 lib.
2850 4441 2903 4479 tv
2928 4425 2993 4479 de
3012 4423 3149 4480 ‘Vita
3174 4424 3501 4495 Constantini
3517 4419 3765 4496 capris.

588 4523 747 4583 atque
771 4512 911 4566 alibi.
944 4512 1041 4566 Hic
1069 4513 1294 4581 hymnus
1336 4513 1466 4567 tanti
1512 4514 1874 4568 mstimabatur
1920 4513 2120 4577 Romte,
2151 4537 2205 4601 ι)
2224 4513 2330 4568 Leo
2351 4514 2372 4567 Ι
2390 4555 2403 4577 ,
2427 4514 2480 4566 in
2491 4514 2711 4582 cpistola
2732 4512 2797 4566 ad
2821 4513 3173 4568 Theodosium
3194 4513 3487 4585 Augustum
3514 4534 3527 4571 :
3550 4536 3569 4569 ι
3590 4517 3769 4584 Quan-

589 4612 648 4657 ut
690 4601 970 4670 quotannis
1007 4601 1169 4654 semel
1210 4610 1490 4655 caneretur
1521 4620 1535 4656 :
1566 4604 1612 4656 si
1644 4603 1920 4659 credamus
1963 4602 2127 4657 Sozo—
2160 4659 2174 4667 _
2226 4613 2338 4658 tum
2364 4603 2593 4674 praesidii
2623 4603 2877 4658 Dominus
2915 4603 3164 4658 Ecclesia!
3199 4619 3307 4659 sum
3348 4605 3401 4676 in
3440 4606 3543 4661 ﬁde
3574 4616 3768 4662 vestra:

589 4708 743 4747 meno
782 4690 876 4745 lib.
923 4705 1005 4755 γι,
1050 4705 1165 4759 cap.
1204 4692 1291 4746 i9.
1342 4690 1605 4746 Praeterea
1635 4692 1815 4747 Romae
1844 4693 2126 4760 quotannis
2221 4696 2515 4751 clementia:
2538 4696 2870 4763 praepararit,
2898 4692 2981 4749 his
3007 4695 3178 4749 ctiam‘
3196 4694 3390 4749 litteris
3427 4711 3561 4765 quas
3583 4696 3650 4751 ad
3678 4712 3767 4753 me

587 4780 750 4836 semel
775 4781 985 4834 canitur
1011 4780 1252 4846 Alleluia,
1279 4782 1451 4851 primo
1472 4782 1555 4836 die
1570 4783 1836 4849 paschalis
1858 4782 2124 4837 festivita-
2221 4785 2461 4847 misistis,
2491 4783 2810 4847 ostenditur,
2835 4791 2892 4836 ut
2914 4783 3063 4837 vobis
3090 4798 3194 4838 non
3216 4782 3388 4837 solum
3414 4783 3636 4854 regium,
3669 4788 3764 4840 sed

591 4870 695 4929 tis:
728 4870 858 4924 adeo
874 4878 953 4934 ut,
991 4870 1139 4923 multi
1168 4871 1528 4926 Romanorum
1556 4872 1657 4926 hoc
1673 4870 2022 4942 jurejurando
2047 4876 2122 4928 uti
2220 4874 2381 4927 etiam
2432 4870 2811 4925 sacerdotalem
2857 4871 3090 4925 animum
3139 4870 3313 4926 inesse
3359 4871 3698 4940 gaudeamus.
3736 4892 3757 4925 ι

589 4958 808 5023 soleant,
854 4965 914 5010 ut
957 4957 1095 5012 hunc
1138 4960 1388 5040 hymnum
1431 4960 1614 5015 audire
1655 4968 1709 5015 et
1756 4976 1947 5017 canere
1997 4963 2125 5032 ipsis
2219 4961 2475 5030 Agapitus
2503 4960 2780 5029 episcopus
2804 4958 2976 5015 Rhodi
3001 4959 3067 5013 ad
3092 4958 3320 5014 Leonem
3352 4959 3757 5028 imperatorem:

588 5048 875 5117 coiitiugat.
913 5066 933 5125 ρ
967 5047 1108 5103 idem
1150 5056 1374 5103 testatur
1411 5048 1755 5106 Cassiodorus
1797 5052 1851 5105 in
1895 5054 2124 5108 Historia
2225 5070 2242 5101 ι
2271 5050 2467 5107 Omnes
2492 5063 2708 5103 oramus
2731 5048 3020 5111 innumeris
3044 5063 3139 5102 vos
3164 5049 3467 5103 conservari
3504 5050 3757 5117 tempori-

591 5137 870 5205 tripartita,
897 5136 987 5204 qui
1013 5136 1100 5190 vix
1125 5145 1333 5206 poterat
1358 5138 1497 5192 hunc
1519 5154 1717 5193 morem
1744 5139 2007 5209 ignorare.
2037 5143 2126 5195 At—
2219 5140 2337 5193 bus.
2365 5140 2501 5193 Vere
2528 5152 2757 5207 namque
2781 5137 3029 5192 sacerdos
3049 5146 3105 5191 et
3124 5144 3311 5192 natura
3336 5138 3623 5206 imperator
3642 5140 3759 5196 exi~

592 5235 765 5279 tamen
814 5225 1165 5293 Hieronymus
1208 5228 1461 5281 adversus
1502 5226 1843 5297 Vigilantium
1871 5230 2011 5283 inter
2041 5230 2120 5299 ip-
2220 5228 2335 5280 stis.
2360 5246 2379 5278 ι
2423 5226 2575 5282 Unde
2592 5224 2881 5294 Gregorius
2908 5225 2950 5280 ll
2977 5241 3081 5281 non
3110 5223 3366 5280 difﬁtetur
3388 5240 3572 5281 omnes
3591 5227 3758 5283 bonos

591 5314 701 5367 sius
757 5313 1155 5367 allucinationes
1212 5322 1472 5379 recenset,
1501 5332 1519 5364 ι
1558 5314 1696 5383 quod
1734 5324 1961 5383 putaret,
1990 5332 2124 5371 nun-
2220 5316 2568 5385 imperatores
2611 5329 2769 5383 posse
2811 5314 2988 5369 vocari
3032 5314 3350 5368 sacerdotes.
3382 5311 3473 5369 Sic
3497 5317 3638 5369 enim
3680 5331 3758 5368 re-

595 5414 746 5468 quam
772 5399 874 5452 nisi
916 5400 969 5452 in
1008 5399 1210 5455 Pascha
1256 5401 1479 5456 Alleluia
1523 5402 1861 5456 cantandum.
1901 5422 1919 5455 ι
1970 5404 2035 5456 Et
2070 5404 2122 5456 in
2220 5408 2442 5476 spondet
2463 5405 2624 5459 Leoni
2657 5404 2838 5459 Isauro
2860 5405 3166 5473 imperatori
3204 5404 3497 5473 iuepistola
3528 5421 3567 5459 ιι
3596 5420 3754 5473 quam

590 5488 859 5558 rpltapbio
893 5486 1119 5545 Fabiolae
1141 5489 1305 5546 refert
1331 5492 1383 5545 in
1416 5493 1558 5567 illius
1598 5494 1864 5561 exsequiis
1900 5493 2121 5548 Alleluia
2220 5497 2283 5550 ad
2313 5498 2484 5566 ipsum
2522 5494 2706 5549 scribit
2742 5512 2754 5547 :
2798 5511 2815 5542 ι
2852 5493 3121 5563 Seripsisti
3150 5511 3163 5548 :
3212 5494 3500 5562 imperator
3539 5509 3678 5558 sum,
3701 5504 3757 5549 et

593 5574 754 5630 fuisse
777 5584 1044 5631 cantatum
1075 5580 1235 5633 etiam
1263 5579 1463 5635 Romae.
1494 5581 1783 5648 Quantum,
1810 5582 1997 5649 inquit,
2030 5584 2123 5635 ha-
2220 5586 2484 5641 sacerdos.
2507 5584 2789 5639 Enimvero
2804 5583 2895 5651 qui
2922 5592 3044 5638 ante
3069 5593 3120 5637 te
3160 5584 3371 5637 fuerunt
3410 5582 3756 5653 imperatores

592 5663 742 5719 beret
767 5666 992 5722 viventis
1021 5668 1251 5725 Fabiolae
1271 5671 1438 5725 Roma
1475 5673 1805 5736 miraculum,
1837 5672 1889 5725 in
1915 5682 2121 5727 mortua
2222 5678 2321 5730 hoc
2348 5688 2506 5744 opere
2542 5689 2606 5727 ac
2634 5687 2876 5728 sermone
2907 5673 3355 5745 demonstrarunt,
3390 5672 3480 5740 qui
3513 5670 3758 5726 condide—

595 5754 987 5811 dcmonstravit.
1026 5756 1258 5814 Necdum
1306 5761 1547 5829 spiritum
1596 5761 1952 5825 exhalaverat,
2000 5777 2121 5815 nce-
2222 5773 2363 5830 runt,
2390 5772 2443 5817 et
2472 5777 2652 5817 curam
2684 5768 2957 5829 gesserunt
2984 5759 3320 5815 ecclesiarum
3344 5776 3443 5814 una
3475 5774 3592 5831 cum
3618 5776 3749 5828 pun-

2159 1901 2201 1959 B
2300 1880 2550 1949 Episcopo
2577 1879 2691 1931 licet
2720 1879 3044 1945 conﬁrmare,
3075 1886 3201 1940 etc.,
3232 1878 3466 1930 similiter
3493 1889 3540 1929 et
3569 1877 3769 1946 presby-

2229 1978 2354 2020 tero.
2386 1967 2513 2020 Vide
2535 1965 2670 2019 infra
2697 1973 2852 2033 caput
2873 1966 2906 2017 ι
2935 1965 3317 2019 Ptenitentialis
3342 1965 3407 2017 de
3447 1964 3769 2031 Baptismate

2228 2064 2282 2110 et
2309 2054 2742 2108 Conﬁrmatione.

1230 6376 1467 6392 _“
1498 6377 1953 6391 _-__._—_-—-———_—..-
1972 6375 2227 6387 #—
