4010 6422
224 4798 564 4852 -diaconibns
614 4809 748 4862 quos
793 4793 1133 4863 cognovimus
1182 4791 1360 4844 multis
1402 4789 1532 4845 locis
1579 4788 1788 4851 olferre,

196 512 346 566 ΗΠ

1336 508 1889 600 οΒδΕιινΑτιοΝιςε
1930 510 2016 563 ΕΤ
2054 500 2279 564 ΝΟΤΕ.

3239 511 3370 562 1118

195 621 446 673 titieibus
467 618 760 687 cupiditate
788 615 1002 684 zeloque
1027 617 1251 679 incensi,
1283 625 1387 670 etc.
1429 635 1447 667 ι
1477 616 1542 668 Ει
1572 615 1705 667 infra
1733 633 1745 667 :
1778 627 1820 677 Α
1851 610 2313 669 censecrationem.
2351 636 2368 666 ι
2404 615 2551 670 Unde
2577 616 2699 669 olim
2724 616 2926 669 diaconi
2954 616 3204 669 ecclesias
3226 633 3377 685 quas-

202 732 224 763 α
266 713 338 767 lli
364 710 818 773 suntsacertlotes
838 718 893 763 et
916 711 1263 777 imperatores
1285 709 1374 776 qui
1401 708 1452 761 id
1476 722 1633 774 opere
1664 708 1754 759 de—

199 808 603 854 monstrarunt.
645 817 666 849 1

280 886 343 941 Si
367 886 589 956 pretium
625 885 904 938 redimendi
932 902 1034 937 non
1059 885 1227 937 habet.
1252 884 1381 937 Vide
1408 897 1559 937 conc.
1586 881 1753 934 Aure—

202 975 455 1028 lianense
486 989 577 1035 ιιι,
604 989 652 1026 e.
680 975 774 1036 l5;
818 972 1192 1026 Anrelianense
1222 986 1292 1033 iv,
1320 986 1367 1023 c.
1404 970 1501 1033 25;
1538 968 1594 1021 S.
1626 969 1755 1021 Gre—

204 1078 338 1132 gor.
364 1062 456 1114 lib.
490 1077 582 1123 ιιι,
606 1061 762 1128 epist.
806 1061 858 1113 9.

282 1169 542 1238 Episcopo
585 1168 699 1221 licet
746 1176 915 1220 votum
943 1167 1153 1230 solvere.
1197 1166 1304 1219 Nec
1332 1166 1431 1217 hoc
1459 1166 1757 1231 vituperan-

206 1261 347 1311 dum
393 1272 509 1311 esse
551 1257 697 1311 clare
737 1256 967 1310 ostendit
1006 1263 1219 1309 sanctus
1250 1252 1556 1306 Ambrosius
1579 1266 1757 1304 exem-

206 1349 323 1415 plis
360 1347 754 1414 Scripturarum
800 1345 1112 1397 auctoritate
1162 1342 1385 1399 ﬁrmatis
1411 1340 1500 1392 lib.
1546 1355 1602 1391 ιιι
1632 1337 1759 1391 Oili-

206 1436 446 1496 ciorum,
483 1446 599 1499 cap.
641 1431 705 1484 l2
734 1450 747 1483 :
779 1432 1013 1498 Denique
1044 1431 1097 1482 in
1120 1430 1263 1482 lsaae
1294 1429 1548 1480 habemus
1574 1442 1753 1478 exem-

206 1524 387 1590 plum,
420 1536 518 1590 pro
551 1535 657 1588 quo
691 1520 908 1572 arietem
948 1519 1084 1571 Deus
1123 1518 1305 1569 statuit
1336 1514 1595 1567 immolari
1636 1514 1753 1565 sibi.

209 1611 335 1662 Non
367 1623 577 1676 semper
616 1608 777 1676 igitur
815 1606 1074 1674 promissa
1121 1604 1366 1658 solvenda
1392 1603 1567 1655 omnia
1613 1610 1753 1654 sunt.

212 1701 458 1765 Denique
492 1698 601 1764 ipse
636 1696 891 1747 Dominus
928 1693 1228 1760 frequenter
1260 1706 1406 1744 suam
1445 1698 1611 1742 mutat
1635 1704 1756 1741 seu-

211 1786 465 1847 tentiam,
492 1785 631 1836 sicut
654 1782 928 1849 Scriptura
957 1781 1172 1832 indicat.
1211 1779 1431 1843 Quando
1454 1777 1759 1829 Theodorus

206 1874 385 1937 addit,
414 1872 472 1926 Si
508 1872 637 1933 vult,
666 1870 901 1923 declarat
939 1883 1057 1936 quae
1083 1867 1154 1920 sit
1185 1860 1474 1919 auctoritas
1494 1864 1752 1931 episc0pi,

207 1963 353 2017 adeo
379 1968 441 2014 ut
480 1959 570 2027 qui
627 1958 743 2013 sine
798 1955 937 2010 illius
978 1970 1235 2009 consensu
1283 1960 1438 2006 vovet
1483 1952 1633 2018 quasi
1693 1966 1759 2004 ex

209 2052 393 2105 alieno
419 2057 606 2103 voveat
633 2059 686 2102 et
721 2048 869 2116 quasi
902 2046 1130 2100 alienum
1152 2052 1387 2112 usurpet.
1413 2042 1562 2104 Nam,
1601 2049 1659 2095 ut
1688 2043 1762 2093 ait

211 2159 240 2193 s
260 2148 435 2193 metus
469 2136 768 2206 Cyprianus
800 2136 852 2188 in
875 2134 1096 2202 epistola
1135 2133 1202 2185 27
1228 2151 1241 2185 :
1272 2151 1290 2182 ι
1341 2132 1589 2187 Ecclesia:
1627 2131 1761 2184 ratio

211 2230 455 2283 decurrit
477 2238 538 2280 ut
582 2226 814 2279 Ecclesia
861 2239 1022 2293 super
1066 2225 1337 2294 episcopos
1372 2223 1758 2306 constituatur;

212 2327 272 2369 et
291 2318 466 2370 omnis
490 2324 638 2369 actus
675 2312 922 2367 Ecclesiae
953 2327 1051 2380 per
1080 2312 1291 2366 eosdem
1323 2311 1631 2379 praepositos
1665 2323 1761 2376 gu-

213 2411 488 2459 lernetur.
530 2424 548 2454 ι
585 2402 732 2457 Unde
760 2400 898 2455 infra
926 2400 1230 2453 Theodorus
1254 2399 1307 2452 in
1345 2413 1462 2466 cap.
1498 2396 1763 2462 Quaestio-

216 2507 347 2547 num
374 2490 590 2561 conjug.
619 2509 632 2542 :
670 2498 692 2539 ι
723 2490 790 2543 Ει
812 2492 857 2543 si
877 2490 997 2556 quis
1030 2488 1084 2541 in
1113 2487 1351 2541 smculari
1380 2486 1561 2539 habitu
1586 2492 1763 2537 votum

218 2584 427 2638 voverit
455 2583 574 2635 sine
598 2595 857 2651 consensu
886 2578 1141 2647 episcopi,
1174 2578 1285 2645 ipse
1307 2576 1584 2643 episcopus
1608 2574 1766 2626 habet

218 2677 541 2741 potestatem
581 2677 789 2722 mutare
826 2653 1160 2725 sententiam,
1188 2665 1232 2718 si
1260 2663 1389 2716 vult.
1423 2681 1441 2712 ι
1476 2662 1602 2714 Illud
1633 2662 1764 2713 idem

220 2760 381 2812 docet
401 2757 655 2826 magister
678 2755 940 2809 Robertus
974 2753 1040 2805 de
1079 2750 1416 2804 Flamesbure
1441 2749 1493 2800 in
1531 2762 1626 2801 suo
1651 2746 1767 2799 Pte—

225 2845 510 2899 nitentiali.

226 2952 433 3007 Selecta
460 2935 546 3004 ea:
586 2966 719 3018 cap.
742 2949 774 3002 4
802 2948 917 3018 libri
944 2964 980 3001 ιι
1014 2930 1384 3018 Paenitentialis
1411 2962 1506 3018 me.
1538 2944 1770 3018 magistri

298 3021 509 3073 Roberti
561 3013 1007 3081 de'Flamesbure,
1050 3016 1282 3068 canonici
1329 3013 1385 3068 S.
1442 3013 1676 3074 Victoris,
1721 3020 1769 3062 et

298 3088 686 3158 pwuiteutiarii.
1287 3098 1291 3103 ·

300 3197 432 3257 Item
472 3195 574 3249 etsi
607 3194 673 3248 de
723 3194 938 3247 licentia
984 3192 1167 3247 uxoris
1211 3192 1413 3244 intrans
1464 3190 1769 3258 religionem

233 3286 511 3342 monachis
532 3294 587 3339 et
606 3284 880 3339 sacerdote
906 3284 1274 3352 praesentibus,
1304 3283 1383 3335 vir
1414 3282 1470 3335 in
1505 3296 1690 3334 manus
1714 3294 1772 3332 se

233 3378 380 3432 dedit
412 3374 636 3437 abbatis,
678 3373 774 3427 sed
806 3374 1051 3441 episcopo
1073 3372 1373 3440 ignorante;
1400 3371 1445 3423 si
1473 3369 1659 3422 mulier
1678 3381 1775 3420 nec

234 3473 546 3533 perpetuam
576 3462 719 3515 vovit
757 3459 1153 3521 continentiam,
1194 3471 1292 3510 nec
1325 3470 1443 3509 cum
1491 3455 1604 3507 viro
1654 3454 1776 3506 reli-

234 3555 449 3622 gionem
476 3552 714 3613 intravit,
742 3557 917 3618 potest
948 3564 1068 3602 eum
1105 3560 1355 3600 revocare
1388 3546 1684 3615 episcOpus,
1720 3550 1778 3596 ut

238 3644 294 3693 in
314 3637 567 3693 decretali
598 3636 899 3705 Propterea,
944 3635 996 3686 in
1026 3633 1176 3686 titulo
1211 3633 1274 3684 de
1309 3632 1631 3684 conversione
1659 3647 1778 3682 con-

237 3732 557 3799 iugatorum.
598 3725 746 3791 Quod
778 3726 855 3779 sic
881 3723 1152 3793 intelligo:
1202 3723 1340 3790 quod
1373 3722 1650 3790 episcopus
1688 3736 1781 3789 po-

240 3831 346 3874 test
368 3828 423 3872 et
449 3817 603 3872 debet
629 3818 799 3870 virum
826 3816 891 3870 ad
916 3814 1152 3869 mulieris
1175 3813 1482 3881 petitionem
1506 3826 1777 3875 revocare,

238 3910 285 3961 si
318 3907 404 3961 illa
431 3908 482 3959 in
512 3906 805 3974 ingressum
827 3904 924 3958 viri
949 3910 1245 3971 protestata
1258 3909 1339 3953 est
1361 3915 1417 3952 sc
1447 3899 1583 3953 nolle
1608 3899 1779 3953 conti-

241 4010 388 4049 nere.
418 3992 570 4058 Quod
610 3992 751 4045 enim
786 3990 981 4044 dicitur
1008 3989 1146 4057 quod
1171 3996 1348 4040 votum
1386 3986 1779 4049 solemnizatur,

225 4086 454 4155 quando
483 4082 676 4151 aliquis
720 4094 778 4135 se
807 4082 859 4135 in
891 4094 1076 4134 manus
1112 4078 1202 4132 dat
1243 4077 1469 4137 abbatis,
1510 4074 1574 4127 de
1598 4074 1784 4127 solutis

244 4173 556 4242 intelligitur
584 4171 840 4241 personis,
873 4186 975 4223 non
1027 4170 1090 4223 de
1128 4167 1370 4227 subditis,
1402 4167 1511 4218 sive
1541 4157 1785 4231 conjnga-

246 4267 313 4317 tis
336 4284 348 4317 :
373 4262 510 4332 quia
536 4276 634 4315 nec
665 4262 765 4323 vir,
792 4273 892 4312 nec
918 4258 1105 4310 mulier
1143 4257 1256 4309 sine
1283 4254 1511 4322 episcopi
1556 4253 1785 4305 auctori-

246 4362 354 4407 tate
379 4353 689 4422 religionem
719 4350 916 4403 intrare
942 4357 1131 4417 potest.
1173 4345 1324 4399 Unde
1348 4344 1449 4397 istc
1475 4342 1784 4410 conjugatns

246 4445 336 4514 qui
370 4445 486 4499 sine
507 4442 821 4497 auctoritate
844 4440 1074 4509 episcopi
1100 4438 1151 4491 in
1175 4438 1361 4491 uiantis
1381 4448 1437 4489 se
1459 4432 1601 4488 dedit
1628 4433 1784 4487 abba-

208 4584 217 4591 .
249 4534 337 4594 lis,
379 4531 510 4586 nihil
541 4529 685 4585 fecit.

321 4622 620 4689 Presbytero
645 4618 741 4672 soli
767 4618 917 4671 liceat
961 4619 1143 4671 niissaa
1173 4617 1360 4685 facere.
1400 4614 1646 4669 Diaconis
1691 4614 1788 4683 igi-

253 4722 336 4764 tur
370 4724 473 4764 non
513 4708 657 4761 licet.
685 4705 977 4761 Concilium
1010 4704 1317 4757 Arelatense
1345 4719 1392 4765 ι,
1436 4717 1486 4757 c.
1518 4700 1618 4754 l5:
1665 4719 1682 4749 ι
1717 4702 1790 4753 De

252 4886 448 4956 placuit
480 4883 696 4937 minime
739 4881 851 4934 ﬁeri
894 4879 1108 4934 debere.
1140 4900 1157 4930 ι
1212 4878 1375 4932 Cone.
1432 4879 1789 4947 Aucyranum,

252 4994 299 5030 c.
326 4975 362 5029 ἓ
387 4993 400 5028 :
448 4991 466 5023 ι
518 4973 779 5027 Diaconos
805 4969 1047 5023 similiter
1074 4968 1163 5035 qui
1193 4965 1582 5026 sacriﬁcarunt,
1608 4972 1791 5032 postea

253 5075 427 5121 autem
456 5060 697 5116 reluctati
725 5059 867 5123 sunt,
889 5059 1049 5111 alium
1063 5056 1272 5126 quidem
1297 5056 1552 5108 honorem
1576 5052 1792 5114 habere,

256 5154 398 5223 ipsos
420 5158 601 5206 autem
626 5149 692 5201 ab
720 5149 861 5201 omni
887 5143 1545 5221 sacerdotali‘ministerio,
1574 5150 1627 5195 et
1641 5141 1793 5209 juxta

255 5241 489 5295 codicem
528 5237 775 5295 Ecclesia:
801 5236 1080 5296 universze,
1108 5236 1173 5286 ab
1197 5232 1340 5285 omni
1379 5246 1534 5286 sacro
1559 5231 1796 5283 ministe-

260 5330 338 5383 rio
360 5341 599 5387 cessare,
626 5331 683 5379 et
709 5339 897 5392 pane'n
919 5307 1013 5376 'vel
1039 5322 1255 5375 calicem
1283 5318 1537 5373 oll'erenji
1562 5319 1642 5372 vel
1666 5334 1799 5386 pim-

257 5414 486 5469 dicandi.
512 5432 531 5464 ι
559 5411 654 5465 llis
677 5412 870 5465 etenim
892 5410 1172 5478 aliquando
1205 5408 1484 5462 commissa
1517 5418 1599 5460 est
1625 5407 1800 5460 Domi-

260 5502 363 5557 nici
386 5499 662 5570 sanguinis
691 5499 1038 5562 consecratio,
1071 5505 1131 5551 ut
1151 5505 1364 5550 sanctus
1382 5494 1694 5549 Ambrosius
1727 5504 1798 5547 ten

261 5599 431 5644 statur
470 5591 538 5643 de
571 5595 756 5642 saneto
796 5586 1079 5640 Laurentio
1117 5586 1364 5646 diacono,
1413 5584 1506 5638 lib.
1540 5601 1553 5637 ι
1595 5583 1805 5638 Ofﬁcio-

262 5696 398 5745 rum,
420 5694 539 5747 cap.
566 5676 626 5728 ll
658 5695 669 5727 :
701 5695 719 5725 ι
755 5672 1006 5744 Experire
1033 5681 1200 5736 certe,
1228 5681 1409 5726 utrum
1437 5674 1681 5726 idoneum
1703 5673 1802 5724 mi—

260 5772 484 5827 nistrum
513 5767 753 5835 elegeris,
794 5770 874 5820 cui
903 5764 1212 5821 commisisti
1248 5762 1503 5817 Dominici
1532 5761 1801 5831 sanguinis

1852 702 1972 754 dam
2018 711 2285 757 rexerant.
2342 703 2500 756 Cone.
2551 701 2879 765 Eliberitan.,
2933 717 3050 756 can.
3085 704 3185 765 77:
3236 721 3255 755 ι
3320 704 3374 757 Si

1850 794 1968 860 quis
1992 794 2243 848 diaconus
2267 808 2454 862 regens
2476 794 2698 860 plebem,
2728 804 2829 847 etc.
2864 813 2882 845 ι
2907 793 3191 861 Gregorius
3211 796 3378 849 Ture-

1853 886 2047 946 nensis,
2099 886 2164 938 de
2212 886 2389 952 Gloria
2427 886 2806 951 confessorum,
2853 904 2969 956 cap.
3025 888 3136 942 '50:
3185 907 3204 939 ι
3253 890 3380 943 Post

1853 976 2133 1044 longinqua
2171 992 2294 1029 vero
2342 992 2599 1031 annorum
2642 979 2923 1041 curricula,
2975 979 3246 1043 Cautinus,
3286 964 3403 1048 qui'

1852 1065 2015 1131 ipsius
2035 1065 2281 1117 Arverna:
2307 1067 2449 1118 urbis
2473 1069 2746 1134 episcopus
2775 1067 2925 1120 datus
2956 1077 3057 1131 est,
3099 1070 3150 1122 iu
3202 1071 3378 1125 diaco-

1853 1162 1978 1204 natn
2014 1141 2107 1205 suo
2134 1154 2423 1207 Ecclesiam
2447 1154 2559 1208 vice
2596 1154 2733 1208 illius
2760 1156 2915 1209 rexit.
2951 1177 2967 1207 ι

1923 1261 1987 1313 Ει
2033 1260 2272 1329 populant
2320 1261 2626 1315 benedicere.
2673 1264 2855 1317 Patres
2889 1266 3092 1319 concilii
3135 1268 3384 1335 Regcnsis

1853 1349 2171 1417 presbyteris
2209 1350 2519 1416 permittunt
2559 1359 2617 1403 ut
2651 1351 2895 1418 privatim
2922 1353 3254 1418 benedicant,
3281 1369 3383 1408 non

1854 1438 2058 1506 publice
2087 1438 2136 1489 in
2175 1438 2395 1491 ecclesia
2425 1455 2437 1489 :
2477 1456 2494 1487 ι
2542 1438 2608 1491 Ει
2633 1440 2770 1492 inter
2795 1441 3021 1493 minutas
3064 1443 3157 1495 bas
3188 1444 3386 1496 discus-

1856 1525 2029 1575 siones
2050 1532 2102 1575 et
2132 1522 2430 1577 indeﬁnitas
2457 1526 2628 1577 visum
2656 1533 2735 1579 est
2781 1528 2919 1595 omni
2961 1529 3266 1597 presbytero
3295 1546 3386 1596 per

1856 1611 2100 1671 familias,
2130 1624 2225 1676 per
2250 1625 2421 1678 agros,
2450 1626 2544 1677 per
2574 1613 2805 1680 privatas
2828 1615 3030 1676 domos,
3064 1630 3159 1681 pro
3181 1614 3388 1669 desi‘le-

1857 1699 1935 1750 rio
1959 1697 2211 1761 ﬁdelium,
2237 1688 2538 1752 facultatem
2578 1701 2953 1754 benedictionis
2989 1704 3216 1770 aperire,
3250 1706 3389 1771 quod

1857 1788 2134 1843 nonnullas
2168 1787 2278 1856 jam
2328 1790 2625 1856 provincias
2669 1789 2864 1843 habere
2902 1793 3180 1845 succurrit.
3213 1812 3230 1843 ι
3283 1792 3391 1848 Ne:

1794 1924 1832 1982 Β
1857 1877 2101 1943 privatim
2128 1891 2275 1944 ergo,
2301 1886 2358 1929 ut
2386 1885 2527 1932 recte
2554 1877 2925 1931 animadvertit
2965 1894 3019 1931 v.
3067 1878 3133 1931 cl.
3180 1877 3229 1932 J.
3254 1879 3390 1935 ,Sir-

1860 1965 2083 2017 mundus
2112 1966 2162 2017 in
2192 1966 2301 2017 suis
2331 1966 2395 2018 ad
2441 1966 2582 2019 hunc
2625 1981 2878 2020 canonem
2924 1969 3079 2031 notis,
3126 1975 3245 2021 ante
3294 1970 3395 2023 hoc

1858 2061 2063 2120 tempus
2090 2054 2379 2123 presbyteri
2421 2049 2836 2109 benedictionem
2862 2057 3055 2109 dabant
3080 2057 3131 2108 in
3170 2057 3249 2110 bis
3275 2072 3395 2122 prc-

1856 2142 2045 2195 vinciis
2072 2141 2272 2195 Gallia}.
2315 2142 2369 2194 lu
2406 2142 2605 2209 synodo
2646 2141 2931 2211 Agathensi
2974 2143 3233 2212 publicam
3281 2152 3393 2196 tau-
3455 2137 3462 2143 ”

1860 2238 1971 2283 ιιιιιι
1998 2232 2123 2284 dare
2145 2231 2508 2300 prohibentur,
2536 2248 2641 2286 non
2682 2233 2958 2300 privatam.
3001 2232 3059 2285 C.
3101 2233 3167 2285 44
3195 2252 3207 2285 :
3236 2251 3255 2283 ι
3290 2235 3391 2288 Be~

1858 2319 2151 2373 nedictione
2174 2337 2203 2370 ιι
2240 2335 2397 2385 super
2422 2319 2624 2386 plebem
2655 2321 2707 2373 in
2748 2322 2969 2375 ecclesia
2996 2320 3212 2375 fundere
3240 2337 3388 2390 pres-

1857 2409 2047 2476 bytero
2080 2407 2285 2475 penitus
2315 2422 2417 2459 non
2441 2407 2634 2468 licebit.
2671 2427 2688 2458 ι
2721 2408 2786 2460 Ει
2819 2409 3094 2477 nequidem
3133 2410 3377 2478 cborepi-

1861 2496 2035 2565 seopis
2061 2495 2185 2549 licet
2220 2511 2284 2549 ex
2315 2495 2488 2549 Caroli
2518 2496 2685 2563 Magni
2726 2496 2981 2564 Capitulis
3004 2498 3394 2563 ecclesiasticis,

1815 2641 1820 2647 ,
1862 2586 1944 2638 tit.
1974 2600 2048 2649 tv,
2072 2600 2186 2653 cap.
2215 2585 2279 2637 2:
2330 2585 2553 2649 Placuit,
2595 2586 2731 2639 sicut
2779 2586 2967 2640 Leonis
2990 2601 3139 2655 papa:
3181 2597 3234 2643 et
3283 2602 3395 2642 om—
3478 2631 3485 2637 .

1865 2674 2008 2725 nium
2041 2676 2407 2741 episcoporum
2435 2682 2734 2727 nostrorum
2756 2684 2912 2743 atque
2931 2674 3247 2743 reliquorum
3274 2675 3401 2731 lide-

1842 2761 1989 2813 'lium
2024 2760 2251 2829 generali
2292 2768 2343 2813 et
2370 2762 2603 2829 synodali
2657 2763 2899 2816 consultu
2941 2763 3288 2825 decrevimus,
3337 2773 3397 2818 ut

1866 2849 2041 2903 nullus
2073 2851 2494 2917 cborepise0pns,
2526 2858 2649 2913 etc.,
2680 2851 3093 2905 benedictionem
3125 2854 3174 2905 in
3193 2855 3400 2921 publica

1868 2938 2027 2991 missa
2065 2937 2269 3005 populis
2307 2938 2537 2989 tribuere
2569 2947 2869 3005 praesumat.
2905 2938 3031 3004 Quae
3054 2942 3231 2993 omnia
3259 2955 3401 2995 sum-
3484 2945 3488 2952 ’

1869 3023 1969 3075 mis
2002 3024 2355 3091 pontiﬁcibus,
2404 3025 2475 3076 id"
2496 3035 2576 3077 est
2616 3026 3002 3080 cathedralibus
3026 3030 3281 3098 episcopis
3310 3030 3403 3083 de-

1869 3112 2079 3175 bentur,
2110 3120 2162 3164 et
2204 3127 2307 3163 non
2334 3112 2727 3180 cborepiseopis
2766 3115 2846 3167 vel
2893 3118 3225 3185 presbyteris,
3276 3133 3405 3185 quo-

1872 3215 1986 3251 rum
2041 3197 2263 3251 formam
2312 3198 2462 3265 juxta
2517 3210 2815 3257 sanctorum
2881 3220 3140 3257 canonum
3190 3207 3399 3260 decreta

1872 3286 2232 3355 eborepiscopi
2267 3295 2499 3355 gerunt:
2551 3288 2595 3342 si
2642 3299 2815 3343 autem
2870 3291 2906 3342 ii
2959 3291 3154 3358 aliquid
3206 3307 3273 3346 ex
3323 3296 3408 3347 his

1874 3386 2029 3441 agere
2064 3375 2404 3437 tentaret-int,
2446 3376 2598 3428 irrita
2623 3384 2778 3429 erunt
2809 3392 2924 3445 quae
2954 3379 3019 3430 ab
3042 3380 3106 3432 iis
3132 3389 3405 3448 geruntur,

1875 3470 1928 3514 et
1947 3462 2043 3529 ipsi
2079 3465 2221 3517 omni
2272 3464 2628 3518 ecclesiastico
2678 3466 2875 3519 honore
2921 3465 3154 3521 funditus
3199 3468 3407 3536 priven-

1879 3558 1982 3603 tur.
2021 3571 2039 3602 ι
2066 3552 2120 3605 lu
2159 3551 2374 3607 Oriente
2403 3544 2526 3607 vero
2546 3564 2819 3622 utramque
2844 3557 3167 3624 presbyteris
3187 3572 3408 3611 conces-

1877 3652 1990 3690 sam
2018 3654 2135 3693 esse
2163 3641 2372 3694 elicitur
2403 3655 2467 3693 ex
2494 3635 2666 3695 verbis
2691 3643 2856 3695 sancti
2890 3643 3064 3696 Basilii
3086 3644 3150 3697 ad
3192 3645 3412 3712 Amphi-

1878 3725 2106 3780 lochium
2146 3742 2195 3781 e.
2224 3728 2331 3780 27:
2382 3729 2455 3781 De
2495 3729 2801 3797 presbytero
2845 3728 3059 3783 nefariis
3097 3732 3292 3799 nuptiis
3320 3747 3415 3800 per

1879 3813 2228 3882 ignorantiam
2260 3816 2530 3883 implicito.
2554 3814 2571 3866 ι
2603 3816 2708 3870 Nec
2730 3817 2950 3884 publice,
2974 3818 3164 3885 inquit,
3184 3833 3278 3871 nec
3301 3819 3413 3887 pri-

1879 3904 2042 3956 vatim
2065 3906 2359 3957 bcnedieat.
2394 3924 2411 3955 )
2438 3905 2578 3957 ldetn
2601 3919 2664 3957 ex
2690 3906 2901 3958 homiba
2924 3906 2990 3958 54
3015 3905 3232 3959 Joannis
3254 3906 3416 3977 Cln'yé

1881 3994 2098 4047 sostomi
2140 3994 2192 4046 in
2227 4009 2343 4060 cap.
2386 4010 2439 4045 ix
2488 3992 2747 4056 Mattbmi;
2798 3995 2936 4062 quod
2979 4006 3158 4062 aperte
3186 3996 3415 4051 declarat

1881 4089 2039 4151 atque
2068 4082 2342 4136 conﬁrmat
2376 4081 2511 4134 iul'ra
2537 4080 2842 4136 Theodorus
2870 4083 2922 4136 in
2957 4082 3059 4136 line
3085 4098 3199 4151 cap.
3229 4083 3262 4136 5
3295 4085 3416 4139 Pu:—

1882 4174 2066 4226 nitent.

3334 4240 3358 4257 ρ

1952 4276 2221 4347 Presbyter
2245 4279 2464 4331 decimas
2499 4279 2623 4331 dare
2652 4296 2752 4333 non
2783 4281 3002 4348 cogitur.
3035 4279 3304 4349 Indignum
3332 4289 3417 4333 est

1883 4369 2043 4431 enim,
2071 4369 2239 4435 inquit
2281 4367 2581 4437 Gregorius,
2628 4376 2687 4420 ut
2721 4383 2749 4420 a
2776 4368 2980 4422 clericis
3006 4369 3301 4436 exigantur,
3328 4370 3418 4436 qui

1886 4471 2099 4530 propter
2138 4478 2277 4523 Clllll,
2319 4459 2467 4527 cujus
2494 4468 2615 4513 sunt
2638 4460 2870 4522 decimae,
2903 4474 3157 4532 pauperes
3183 4455 3417 4512 eﬂieiun-

1817 4551 1863 4608 υ
1890 4560 1992 4604 tur.
2024 4550 2147 4602 \‘ide
2170 4548 2405 4618 Append.
2431 4562 2577 4601 conc.
2605 4547 2846 4601 Laterau.
2887 4563 2976 4610 Ill,
3020 4562 3135 4627 cap.
3164 4546 3214 4600 9.
3248 4548 3420 4610 Quare

1890 4639 2024 4692 infra
2050 4638 2261 4699 dicitur,
2288 4652 2403 4705 cap.
2437 4636 2500 4689 15
2530 4653 2541 4687 :
2572 4654 2590 4686 ι
2626 4636 2863 4689 D.-cimas
2886 4650 2985 4689 non
3022 4643 3100 4689 est
3129 4634 3416 4702 legitimum

1890 4726 2033 4788 dare,
2079 4724 2178 4776 nisi
2223 4723 2542 4792 pauperibus
2579 4730 2633 4775 et
2676 4722 2983 4790 peregrinis.
3018 4740 3036 4771 ι
3072 4722 3199 4775 Vide
3231 4721 3421 4775 librum

1792 4866 1818 4887 ,
1890 4812 2106 4867 Joannis
2153 4813 2399 4875 Launoii,
2448 4812 2680 4866 doctoris
2726 4811 3073 4876 celeberrimi,
3121 4812 3184 4865 de
3231 4811 3425 4887 Delini‘

1895 4902 2034 4953 tione
2060 4902 2314 4955 bonorum
2360 4900 2625 4963 Ecclesiae,
2661 4900 2712 4951 in
2747 4914 2851 4967 quo
2891 4900 3176 4953 innumeris
3208 4884 3423 4953 Patrum

1896 4992 2210 5045 testimoniis
2243 4991 2427 5060 probat
2450 4990 2585 5043 bona
2616 4974 2867 5045 Ecclesiae
2894 5005 3008 5043 esse
3049 4990 3185 5043 bona
3224 5005 3423 5057 paupe-

1895 5095 2013 5133 rum
2038 5097 2051 5142 ;
2081 5080 2271 5147 quibus
2302 5077 2577 5147 adjungam
2605 5079 2915 5133 sententiam
2943 5064 3176 5146 magistri
3210 5077 3426 5130 Roberti

1896 5170 1959 5223 de
1981 5169 2220 5233 Chorcon
2253 5167 2304 5221 in
2345 5182 2441 5221 sua
2476 5166 2711 5230 Summa,
2745 5167 2827 5220 ubi
2853 5175 3037 5235 quaest.
3070 5165 3155 5227 l5,
3198 5164 3260 5217 de
3295 5165 3430 5219 deci-

1896 5259 2011 5321 mis,
2044 5272 2159 5323 cap.
2202 5256 2255 5319 3,
2308 5257 2442 5309 hanc
2477 5263 2668 5307 tractat
2712 5256 3067 5326 quaestionem,
3105 5252 3286 5306 Utrum
3324 5255 3429 5309 cle-

1903 5345 1998 5398 rici
2030 5352 2279 5409 tenentur
2304 5343 2532 5397 decimas
2558 5340 2783 5396 solvere.

1903 5472 2102 5529 Selecta
2131 5489 2194 5526 ea:
2223 5471 2434 5526 Summa
2464 5467 2834 5538 ms._magistri
2859 5464 3065 5538 Robcrti
3090 5465 3153 5518 de
3179 5462 3430 5528 Cltorrou,

2246 5547 2424 5607 qua'st.
2460 5536 2524 5589 l5
2552 5536 2615 5588 de
2642 5534 2870 5598 decimis,
2905 5551 3017 5602 cap.
3036 5534 3086 5586 5.

1972 5649 2202 5702 ὒίιιίιιιιις
2228 5646 2365 5715 quod
2395 5661 2546 5699 secus
2587 5651 2671 5698 est
2714 5646 2778 5698 de
2815 5644 2947 5697 laico
2992 5642 3080 5710 qui
3125 5640 3283 5695 habet
3318 5651 3436 5708 pro-

1902 5741 2091 5806 piimu,
2117 5748 2165 5803 et
2200 5752 2351 5791 serus
2383 5745 2461 5789 est
2502 5735 2562 5788 de
2588 5732 2784 5788 clerico
2818 5733 2906 5802 qui
2930 5746 3030 5799 non
3065 5741 3147 5784 est
3169 5741 3436 5799 possessor
