4010 6458
677 454 811 510 HN

1726 465 1814 518 AD
1849 462 2373 521 ΡωΝιΤΕΝτιΑιε
2410 462 2745 521 Τιιεοοοιιι

3682 479 3810 534 “10

670 585 854 625 eorum
897 585 1011 636 qua:
1053 572 1228 635 habet,
1276 575 1367 628 sed
1415 583 1615 629 tantum
1659 577 2005 646 dispensator,
2044 576 2195 644 juxta
2221 581 2266 632 Α
2364 572 2689 639 Sacriﬁcium
2721 586 2918 630 nonest
2946 570 3291 645 accipiendum
3317 582 3379 634 de
3401 589 3815 641 ntanusacerdo-

666 656 987 727 Apostolum,
1009 660 1096 725 qui
1124 661 1199 712 ait
1222 678 1234 712 :
1265 660 1588 730 Dispeasutt'o
1616 666 1765 719 nobis
1790 667 1980 719 credita
2007 675 2099 719 est.
2125 665 2191 718 Et

663 743 812 812 juxta
851 745 1244 813 Hieronymum,
1277 751 1366 816 qui
1398 750 1473 802 ait
1515 766 1619 813 xvr,
1659 762 1845 820 qutest.
1881 754 1932 817 l,
1966 766 2081 820 cap.
2109 753 2190 806 ul-

665 834 793 885 timo
825 851 838 885 :
881 851 898 882 ‹
929 834 1186 903 Quidquid
1214 838 1403 891 habent
1441 840 1649 903 clerici,
1678 855 1967 909 pauperum
2001 852 2100 905 est,
2136 852 2189 895 et

662 920 780 974 ideo
819 921 1003 979 domus
1036 939 1216 977 eorum
1251 926 1441 979 debent
1476 941 1591 980 esse
1627 943 1949 981 communes.
1987 951 2006 980 ο
2045 928 2189 983 Unde

658 1009 884 1063 clericus
916 1021 1086 1077 potest
1136 1014 1367 1079 recipere
1410 1016 1474 1067 de
1511 1015 1662 1068 bonis
1699 1015 2096 1077 ecclesiasticis,
2132 1024 2189 1067 ut

658 1102 986 1167 dispensator
1020 1111 1073 1154 et
1096 1117 1298 1166 servus,
1327 1119 1440 1171 qua!
1466 1103 1727 1157 sufﬁciunt
1767 1104 1813 1157 ei
1855 1114 1909 1157 et
1946 1112 2086 1156 arcte
2110 1102 2188 1155 fa-

659 1187 835 1250 miliae,
873 1198 925 1241 et
963 1191 1178 1243 honeste
1201 1191 1266 1243 ad
1290 1190 1633 1255 esculentum,
1670 1197 1716 1244 et
1756 1191 2107 1258 poculentum,
2135 1199 2188 1241 et

657 1274 1034 1329 indumentum.
1085 1276 1151 1328 Et
1205 1276 1303 1339 Itis,
1355 1286 1414 1331 ut
1458 1278 1584 1331 dicit
1628 1278 1926 1345 Apostolus,
1966 1276 2183 1328 contenti

653 1362 832 1425 simus,
864 1372 921 1413 et
962 1370 1123 1415 totum
1166 1363 1432 1417 residuum
1475 1363 1540 1416 de
1574 1353 1960 1429 jure'districto
1986 1375 2183 1430 paupe-

654 1466 766 1502 rum
790 1460 884 1503 est.
907 1451 1050 1505 Unde
1071 1452 1243 1504 clerici
1263 1452 1376 1504 loco
1390 1452 1732 1511 decimarum.
1750 1467 1879 1518 quas
1897 1452 2020 1504 dant
2041 1449 2178 1511 laici,

652 1541 913 1594 residuum
940 1558 967 1594 a
991 1542 1362 1597 sufﬁcientibus
1402 1544 1501 1596 sibi
1534 1552 1587 1596 et
1610 1558 1717 1596 sua:
1744 1541 1952 1594 familia:
1992 1540 2045 1592 in
2071 1539 2182 1607 pias

648 1644 803 1682 curas
860 1628 1157 1697 pauperum
1192 1639 1245 1682 et
1286 1631 1531 1684 Ecclesia:
1580 1638 1825 1683 tenentur
1867 1627 2122 1694 impartiri
2163 1642 2176 1676 :

648 1716 791 1782 quia,
821 1719 863 1769 si
895 1717 1026 1770 ultra
1054 1719 1348 1771 necessaria
1393 1721 1640 1782 retinent,
1682 1726 1815 1771 teste
1841 1716 2177 1784 Hieronymo,

645 1812 884 1872 raptores
903 1815 1041 1859 sunt.
1069 1806 1214 1862 Unde
1251 1808 1346 1871 ait,
1373 1827 1390 1857 ι
1423 1809 1603 1863 Aliena
1628 1824 1809 1878 rapere
1828 1808 2174 1869 convincitur,

2284 663 2367 713 tis.
2404 660 2504 726 Qui
2545 663 2746 717 scilicet
2793 665 3079 720 oblationes
3116 667 3198 720 vel
3242 668 3489 725 lectiones
3525 676 3812 730 secundum

2285 748 2443 799 ritum
2466 749 2680 816 implere
2706 766 2809 805 non
2843 762 3029 821 potest.
3057 754 3256 815 Concil.
3287 756 3575 814 Romanum
3602 763 3700 816 sub
3726 763 3813 818 Hi-

2284 833 2419 887 lario
2439 850 2569 903 papa
2598 837 2937 902 celebratum,
2963 855 3080 898 ean.
3106 841 3139 893 3
3172 860 3186 893 :
3218 860 3235 891 ι
3270 842 3422 901 inscii
3448 860 3655 914 quoque
3674 848 3812 903 litte-

2283 941 2543 979 rarum....
2582 928 2646 980 ad
2675 943 2854 982 sacros
2890 932 3100 984 ordines
3142 934 3375 999 aspirare
3416 950 3518 988 non
3557 937 3803 995 audeant.

2283 1012 2527 1080 Quisquis
2556 1015 2732 1068 talium
2763 1025 3097 1071 consecrator
3118 1021 3398 1081 exstiterit,
3435 1021 3626 1075 factum
3656 1038 3807 1082 suum

2280 1098 2542 1154 dissolvet.
2578 1121 2594 1150 ι
2621 1098 2778 1154 Cone.
2809 1104 3075 1155 Aurelian.
3120 1120 3181 1167 ιι,
3210 1120 3327 1158 can.
3379 1106 3441 1157 l6
3469 1123 3481 1157 :
3516 1125 3534 1156 ι
3586 1107 3810 1177 Presby-

2283 1191 2363 1234 ter
2392 1183 2471 1236 vel
2498 1184 2746 1238 diaconus
2773 1188 2885 1239 sine
2919 1187 3121 1249 litteris,
3168 1188 3246 1240 vel
3271 1189 3316 1242 si
3343 1189 3637 1265 baptizandi
3663 1193 3808 1246 ordi-

2280 1283 2399 1322 nem
2445 1272 2661 1330 nesciat,
2705 1273 2998 1328 nullatenus
3031 1276 3315 1330 ordinetur.
3362 1296 3381 1326 ι
3416 1278 3543 1331 Vide
3586 1278 3812 1347 Regino-

2280 1373 2398 1411 nem
2427 1359 2515 1412 lib.
2546 1360 2609 1412 de
2635 1361 2821 1413 eccles.
2850 1361 3164 1428 Disciplinis,
3204 1363 3437 1437 inquisit.
3464 1364 3551 1429 85,
3577 1374 3632 1419 et
3658 1374 3809 1420 notas

2282 1444 2529 1514 Stephani
2553 1446 2748 1501 Buluzii
2793 1450 2891 1502 viri
2925 1450 3285 1516 eruditissimi,
3341 1454 3431 1521 qui
3458 1455 3521 1509 de
3543 1456 3728 1509 eadem
3752 1472 3810 1511 re

2278 1537 2405 1590 citat
2447 1537 2690 1591 Carolum
2727 1538 2941 1593 Calvum
2984 1541 3035 1595 in
3074 1542 3293 1609 epistola
3327 1542 3391 1595 ad
3420 1540 3688 1597 Nicolaum
3722 1560 3810 1613 pa-

2276 1639 2413 1694 pam,
2438 1626 2713 1702 concilium
2746 1627 3094 1691 Valentinum,
3137 1640 3189 1683 et
3233 1630 3568 1683 llincmarum
3606 1633 3658 1685 in
3687 1647 3805 1702 cap.

2277 1710 2343 1765 56
2369 1698 2672 1781 posterioris
2699 1717 2875 1783 operis
2903 1717 3151 1772 adversus
3177 1718 3598 1774 Gotbescalcum.

2348 1822 2638 1899 Sacerdotis
2656 1827 2743 1893 qui
2764 1816 3019 1879 lectiones.
3050 1828 3105 1879 ιιι
3135 1829 3440 1894 quibusdam
3464 1830 3703 1885 ecclesiis
3727 1847 3821 1896 sa...

645 1896 882 1962 quisquis
910 1896 1042 1948 ultra
1068 1898 1362 1952 necessaria
1388 1900 1611 1953 retinere
1641 1907 1878 1953 conatur.
1912 1918 1928 1949 ι
1957 1898 2022 1950 Ει
2050 1897 2176 1950 dicit
2206 1882 2250 1939 Β
2278 1909 2517 1963 cei-dotes
2546 1882 2754 1965 θέαςἰεε
2793 1911 3093 1981 scripturas
3122 1882 3379 1981 ιέεθικηιι,
3408 1916 3479 1969 De
3502 1882 3605 1984 (ιρο
3639 1916 3804 1980 δοιρ-

646 1984 965 2052 Gregorius:
1006 2003 1023 2034 ι
1052 1984 1183 2039 Cum
1207 1988 1522 2055 pauperibus
1564 1989 1699 2041 bona
1742 1987 2038 2049 tribuimus,
2074 2000 2178 2036 non

647 2083 824 2125 nostra
851 2074 949 2125 illis
979 2073 1181 2135 damus,
1205 2075 1296 2127 sed
1321 2088 1414 2128 sua
1443 2076 1571 2143 ipsis
1594 2073 1876 2127 reddimus.
1902 2072 2049 2127 Unde
2074 2085 2178 2123 non

643 2158 839 2212 dicitur
873 2160 1225 2213 misericordia
1258 2170 1477 2223 tantum,
1505 2164 1754 2231 quoniam
1799 2163 1934 2215 bona
1983 2175 2179 2228 paupe-

645 2250 793 2303 ribus
828 2250 1201 2330 distribuimus,
1235 2252 1326 2303 sed
1348 2251 1569 2317 justitia.
1614 2271 1632 2303 ι
1672 2251 1819 2306 Unde
1843 2252 1894 2304 in
1930 2252 2129 2319 psalmo
2159 2269 2171 2303 :

644 2338 911 2405 Dispersit,
945 2340 1081 2392 dedit
1117 2341 1438 2409 pauperibus,
1464 2341 1670 2409 justitt'a
1704 2342 1836 2410 ejus,
1878 2352 1982 2395 etc.
2045 2341 2174 2409 Quia

642 2431 710 2485 de
727 2434 844 2501 jure
870 2434 1109 2485 districto
1140 2442 1378 2486 tenemur
1419 2449 1515 2487 nos
1563 2432 1742 2487 clerici
1784 2432 1910 2485 dare
1939 2432 2177 2499 pauperi-

643 2521 741 2575 bus
788 2523 960 2575 omnia
1004 2537 1066 2576 ea
1091 2538 1207 2590 qua:
1245 2532 1523 2591 supersunt
1566 2523 1735 2584 nobis,
1774 2521 1921 2573 nobis
1954 2530 2006 2572 et
2034 2528 2175 2571 arcte

641 2607 853 2662 familia:
896 2611 1206 2663 necessariis
1256 2612 1496 2676 sumptis.
1549 2607 1696 2663 Unde
1746 2606 1797 2659 in
1852 2605 2171 2673 Evangelio:

641 2693 791 2759 Quod
833 2706 1088 2764 superest,
1130 2697 1247 2773 date
1292 2697 1690 2765 eleemosynam,
1743 2706 1790 2748 et
1844 2712 1957 2769 ecce
2004 2696 2175 2747 omnia

636 2788 829 2842 munda
871 2798 986 2841 sunt
1028 2790 1181 2842 robis.
1216 2788 1282 2842 Et
1324 2788 1463 2841 idem
1505 2788 1698 2841 dicitur
1744 2802 1853 2850 xvr,
1901 2793 2085 2853 quaest.
2124 2785 2171 2836 1.

710 2864 1008 2947 Presbytero
1059 2896 1160 2932 non
1205 2878 1320 2931 licet
1362 2888 1624 2946 peccatum
1673 2876 1902 2944 episcopi
1938 2873 2171 2943 prodere,

632 2966 757 3035 quia
784 2982 935 3033 super
958 2981 1072 3017 eum
1116 2975 1207 3018 est.
1248 2964 1443 3017 Eodem
1483 2964 1637 3017 modo
1673 2961 1945 3029 judicabat
1991 2961 2173 3015 Abun-

635 3056 756 3109 dius
797 3055 1070 3122 episcopus
1102 3054 1154 3106 in
1197 3053 1419 3106 concilio
1465 3052 1701 3106 Romano
1742 3053 1839 3105 sub
1886 3050 2035 3103 Sixto
2067 3044 2170 3105 lli:

642 3161 661 3193 ι
703 3143 988 3209 Respondit
1017 3149 1069 3194 et
1113 3142 1244 3196 dixit
1285 3156 1297 3193 :
1345 3141 1456 3196 Non
1489 3142 1613 3195 licet
1647 3155 1962 3209 quemquam
2016 3154 2170 3193 accu-

2276 2012 2479 2061 menus,
2520 1996 2611 2050 lib.
2658 2013 2732 2052 vn
2770 2000 2959 2053 eceles.
3003 1988 3221 2064 Histor.,
3263 2017 3378 2069 cap.
3411 2004 3490 2064 l9,
3528 2003 3690 2058 refert
3712 2021 3807 2072 va,

2276 2085 2407 2143 riam
2442 2084 2786 2152 disciplinam,
2826 2102 3012 2156 nempe
3056 2088 3189 2156 apud
3230 2089 3608 2146 Alexandrinos
3638 2094 3807 2146 solum

2274 2173 2697 2228 archidiaconum
2737 2191 2945 2229 sacrum
2989 2177 3221 2231 codicem
3264 2179 3461 2248 legere,
3512 2180 3639 2235 alibi
3681 2198 3808 2236 vero

2273 2261 2557 2322 diaconos:
2592 2262 2644 2315 in
2683 2263 2861 2317 multis
2900 2274 3073 2317 autem
3108 2265 3342 2320 ecclesiis
3380 2267 3518 2321 solos
3555 2268 3808 2324 duntaxat

2272 2350 2642 2417 presbyteros:
2675 2350 2863 2402 alicubi
2892 2351 2942 2402 in
2972 2351 3245 2419 prazcipuis
3283 2352 3652 2407 festivitatibus
3688 2356 3803 2424 epi-

2273 2451 2456 2504 scopos
2478 2437 2667 2504 legere,
2699 2446 2754 2490 ut
2778 2438 3228 2509 Constantinopoli
3268 2441 3437 2508 primo
3460 2442 3544 2496 die
3583 2443 3808 2497 Pascha-

2274 2525 2340 2577 tis
2376 2524 2707 2593 Evangelium
2756 2528 3015 2595 praecipue
3060 2527 3318 2597 legebant.
3370 2530 3445 2583 De
3484 2532 3807 2601 presbyteris

2271 2619 2450 2678 postea
2476 2611 2702 2664 dicitur:
2742 2631 2759 2662 ι
2798 2611 3082 2683 Presbyter
3108 2616 3154 2667 si
3177 2618 3506 2683 respdnsoria
3536 2628 3716 2671 cantat
3753 2620 3806 2673 in

2271 2699 2430 2753 missa
2460 2700 2541 2753 vel
2578 2716 2920 2771 quaecunque,
2964 2719 3179 2775 cappam
3207 2720 3355 2758 suam
3381 2722 3483 2760 non
3517 2708 3688 2772 tollat,
3714 2709 3806 2763 sed

2270 2787 2611 2857 Evangelium
2632 2790 2811 2859 legens
2846 2807 3003 2859 super
3029 2793 3274 2847 humeros
3295 2803 3473 2863 ponat.
3506 2815 3526 2848 ι

2338 2870 2562 2942 Cappum
2593 2892 2759 2931 suam.
2784 2876 3017 2933 Clericos
3039 2880 3110 2932 uti
3136 2895 3299 2949 cappa
3323 2881 3528 2935 diversa
3548 2898 3578 2936 a
3600 2884 3807 2937 ueteris

2270 2963 2648 3017 monachorum
2664 2972 2717 3017 et
2728 2965 2949 3019 aliorum
2969 2966 3200 3021 declarat
3214 2979 3500 3024 conventus
3519 2970 3821 3040 Aquisgt‘:--

2268 3048 2464 3112 nensis,
2488 3064 2601 3117 cap.
2630 3050 2817 3114 12-6l;
2848 3054 3036 3106 concil.
3068 3055 3335 3109 Vaurense
3358 3071 3476 3109 can.
3504 3056 3590 3119 i6,
3621 3058 3672 3109 in
3698 3074 3805 3125 quo

2265 3138 2574 3204 prohibetur
2595 3154 2662 3192 ne
2684 3154 2860 3208 cappa:
2878 3140 3114 3194 ecclesia:
3138 3157 3233 3212 per
3254 3143 3414 3198 laieos
3439 3146 3490 3197 in
3512 3143 3657 3198 festis
3680 3161 3806 3201 con-

644 3187 661 3193 -
703 3187 805 3195 --η
1020 3187 1068 3194 ν-
1116 3187 1242 3196 -._--
1285 3187 1297 3193 -
1345 3187 1456 3196 -.-η
1491 3187 1612 3195 -.-ν
1688 3187 1962 3208 ---Ἴ-η-
2019 3187 2144 3193 -η-
2269 3187 2317 3204 Γ
2340 3187 2563 3191 ,νη-η-
2596 3187 2658 3192 ---
2689 3187 2858 3208 ---ηρ
2882 3187 3113 3194 --π--.νυ
3140 3187 3221 3212 ,ω
3254 3187 3413 3198 mw-
3512 3187 3657 3198 ww...
3681 3187 3779 3201 υν..

638 3245 753 3285 sare
781 3187 1077 3298 pontiﬁcem
1106 3246 1279 3291 suum.
1310 3231 1557 3299 quoniam
1582 3187 1741 3299 judex
1779 3244 1882 3287 non
1905 3227 2166 3295 judicabi-
2194 3187 2240 3247 Β
2268 3223 2656 3279 fraternitatum
2672 3228 2993 3298 deierantur.
3014 3230 3269 3300 Tempore
3287 3232 3634 3299 Thcodori,ct
3652 3237 3807 3304 longe

632 3329 739 3372 tur.
766 3319 872 3372 Nisi
903 3328 1074 3393 tamen
1100 3334 1131 3371 a
1157 3328 1299 3372 recta
1327 3318 1427 3374 ﬁde
1453 3318 1845 3373 exorbitaverit.
1880 3338 1897 3369 ι
1932 3317 2079 3371 Sicut
2102 3318 2169 3371 ad
2200 3376 2203 3379 _

634 3407 934 3460 universale
978 3406 1621 3476 conciliumlEphesinum
1667 3406 1854 3461 scribit
1899 3404 2169 3459 Charisius

636 3496 940 3566 presbyter,
1005 3511 1306 3551 metmomus
1361 3496 1763 3565 Philadelphim,
1815 3495 1899 3549 bis
1948 3494 2164 3548 verbis:

640 3606 658 3637 ι
691 3586 870 3641 Oratio
893 3588 1101 3655 quidem
1122 3598 1205 3643 est
1228 3590 1463 3643 omnium
1484 3590 1574 3657 qui
1595 3589 1728 3643 bene
1750 3588 1979 3657 sapiunt,
2006 3587 2170 3653 bono-

635 3692 747 3732 rem
778 3692 985 3746 semper
1020 3687 1076 3733 et
1114 3679 1383 3733 decentem
1414 3679 1760 3733 reverentiam
1812 3676 2169 3745 splritualibus

632 3768 861 3822 maxime
885 3768 1126 3823 Patribus
1151 3776 1205 3823 et
1227 3770 1530 3823 doctoribus
1552 3769 1821 3824 exhibere.
1847 3768 1903 3822 Si
1930 3782 2053 3821 vero
2073 3767 2168 3822 ali-

628 3856 753 3909 cubi
789 3857 1083 3926 contigerit,
1114 3872 1205 3912 eos
1241 3858 1331 3927 qui
1365 3859 1553 3913 docere
1595 3857 1786 3912 debent
1828 3858 1952 3912 talia
1996 3858 2165 3927 subje-

627 3955 760 4009 ctos,
795 3949 857 4002 de
885 3949 985 4001 ﬁde
1022 3949 1267 4003 insonare
1299 3964 1416 4018 qua!
1453 3944 1688 4003 omnium
1731 3963 1887 4002 aures
1928 3957 1981 4002 et
2006 3947 2163 4002 corda

625 4035 838 4097 lzcduttt,
867 4037 1217 4090 necessarium
1254 4046 1337 4091 est
1366 4036 1605 4092 ordinem
1633 4036 1965 4098 commutari,
1992 4043 2046 4088 et
2074 4049 2166 4089 eos

627 4125 716 4189 qui
743 4124 874 4176 maie
903 4124 1089 4178 docere
1118 4133 1397 4187 conantur,
1444 4140 1474 4177 a
1518 4125 1808 4179 minoribus
1834 4124 2097 4192 redargui.
2140 4142 2158 4174 ι

626 4212 775 4276 Quod
822 4213 873 4263 in
907 4212 1103 4278 synodo
1155 4211 1390 4266 Romana
1436 4230 1469 4267 ν
1519 4213 1867 4283 Symmachus
1909 4229 1940 4267 a
1985 4213 2162 4267 multis

623 4300 1044 4353 antecessoribus
1066 4300 1175 4355 suis
1214 4301 1481 4355 decretum
1513 4311 1672 4379 atque
1702 4301 1966 4355 ﬁrmatum
1990 4302 2118 4355 dicit
2144 4319 2158 4354 :

2265 3312 2414 3381 prius
2430 3313 2721 3381 peculiares
2756 3325 2909 3369 erant
2928 3317 3236 3372 clericorum
3267 3330 3440 3376 vestes
3464 3323 3516 3376 in
3538 3324 3806 3394 plerisque

2264 3400 2521 3463 ecclesiis,
2539 3403 2675 3457 sicut
2698 3406 2925 3478 probant
2952 3408 3250 3461 testimonia
3271 3407 3507 3480 Gregorii
3531 3412 3804 3468 Turonen-

2265 3488 2361 3550 sis,
2382 3488 2474 3543 lib.
2497 3490 2679 3544 vHist.
2706 3506 2822 3560 cap.
2850 3493 2944 3556 id;
2974 3509 3124 3549 conc.
3152 3511 3210 3550 ιιι
3239 3496 3802 3568 Carthaginens.,can.

2264 3577 2353 3641 41,
2379 3587 2470 3631 aut
2497 3578 2670 3647 potius
2690 3580 2777 3642 60,
2809 3581 2960 3650 juxta
2988 3583 3223 3638 ordinem
3245 3586 3442 3641 codicis
3465 3590 3802 3658 antiquorum

2264 3665 2513 3722 Ecclesia:
2533 3676 2848 3729 statutorum
2868 3687 2882 3735 ;
2906 3670 3209 3742 Hieronym.
3236 3674 3287 3728 in
3311 3674 3685 3732 Commentarii
3708 3680 3803 3735 lib.

2264 3771 2357 3810 xm
2386 3758 2438 3810 in
2466 3758 2709 3812 Ezechiel
2733 3773 2848 3828 cap.
2874 3775 3013 3822 xuv,
3039 3768 3093 3814 et
3121 3776 3271 3816 conc.
3298 3763 3532 3831 Laodic.,
3558 3782 3675 3822 can.
3713 3771 3802 3822 22.

2264 3846 2368 3900 Sed
2388 3855 2510 3900 ante
2531 3847 2632 3900 hoc
2648 3855 2853 3918 tempus
2875 3849 2926 3902 id
2940 3846 3122 3905 nullibi
3138 3867 3391 3922 apparere
3404 3854 3601 3910 iudicat
3614 3856 3805 3915 Henri-

2262 3949 2356 3989 cus
2372 3935 2607 3990 Valesius
2622 3927 2703 3990 vir
2720 3938 3055 3993 doctissimus
3075 3942 3129 3993 in
3142 3942 3251 3994 suis
3260 3942 3473 3997 notisad
3486 3958 3601 4013 cap.
3621 3946 3685 4000 l9
3709 3947 3799 4000 lib.

2260 4038 2312 4077 Vl
2336 4023 2747 4083 Histor..eccles.
2782 4027 2992 4081 Eusebii
3021 4047 3033 4078 :
3066 4046 3084 4078 ‹
3116 4028 3365 4097 Apparet,
3390 4032 3577 4100 inquit,
3599 4033 3799 4087 nullum

2258 4111 2417 4165 etiam
2447 4117 2554 4165 tum
2597 4114 2914 4181 peculiarem
2941 4114 3104 4169 fuisse
3138 4117 3384 4170 vestitum
3408 4116 3742 4173 clericorum.
3780 4141 3800 4178 ι

2258 4200 2686 4271 Quandoquidem
2716 4202 2964 4258 Heraclas
2989 4204 3376 4271 Alexandriam,
3400 4206 3649 4267 Ecclesia:
3677 4226 3802 4280 pre-

2259 4291 2469 4359 sbyter,
2497 4298 2551 4344 et
2577 4292 2666 4360 qui
2706 4300 2886 4360 postea
2932 4295 3165 4362 ejusdem
3214 4296 3314 4350 loci
3355 4297 3633 4368 episc0pus
3677 4300 3799 4365 fuit,

628 4404 649 4439 ε
681 4386 790 4441 Non
819 4403 943 4456 ergo
970 4403 1182 4443 necesse
1225 4398 1306 4444 est
1336 4406 1493 4459 super
1524 4392 1604 4445 his
1638 4405 1769 4444 mm,
1814 4391 2030 4455 cudere,
2066 4392 2157 4446 sed
2256 4393 2465 4448 semper
2482 4381 2716 4435 retinuit.
2741 4381 2964 4437 Sanctus
2984 4382 3635 4441 Clemens'Alexandriuus
3653 4403 3799 4443 com—

625 4485 800 4531 vetera
832 4478 1164 4530 reconciliare
1192 4480 1608 4547 atque‘ﬁrmare.
1640 4479 1731 4532 Est
1757 4480 1896 4532 enim
1922 4495 1951 4531 a
1981 4479 2158 4532 multis

2265 4466 2469 4519 mendat
2490 4475 2663 4522 vestes
2688 4469 2954 4533 candidas,
2983 4470 3075 4523 sed
3111 4470 3318 4539 quibus,
3354 4480 3412 4525 ut
3446 4484 3566 4543 pote
3589 4475 3796 4545 simpli-

624 4566 1043 4618 autecessoribus
1091 4566 1286 4619 nostris
1328 4568 1648 4635 synodaliter
1696 4567 1964 4620 decretum
2002 4576 2160 4635 atque

2265 4553 2423 4616 cibus,
2443 4569 2627 4608 omnes
2644 4553 3002 4621 Christianos;
3021 4566 3075 4611 et
3095 4566 3150 4611 ut
3166 4559 3277 4628 ipse
3296 4560 3371 4613 ait
3391 4560 3483 4615 lib.
3511 4577 3547 4615 ιι
3564 4562 3795 4633 pzedag.,

622 4654 908 4716 ﬁrmatum,
935 4662 992 4706 ut
1008 4668 1131 4707 oves
1153 4669 1269 4721 qua:
1294 4655 1491 4722 pastori
1514 4669 1608 4707 suo
1628 4654 1921 4708 commissa:
1943 4652 2154 4715 fuerint,

582 4751 743 4806 zeum
772 4759 865 4795 nec
894 4744 1288 4812 reprehendere,
1327 4744 1426 4796 nisi
1466 4758 1494 4795 a
1537 4752 1680 4797 recta
1710 4744 1810 4796 ﬁde
1834 4742 2161 4796 exorbitave-

588 4822 603 4833 ”
626 4831 713 4894 rit,
731 4840 1065 4899 prwsumant.
1091 4852 1107 4882 ι
1127 4832 1271 4885 Licet
1291 4848 1497 4901 quoque
1512 4847 1605 4900 pro
1621 4847 1713 4885 sua
1729 4832 2009 4899 injustitia,
2024 4832 2159 4886 sicut

622 4922 853 4990 synodus
882 4904 1216 4988 prosequitur
1239 4922 1320 4975 his
1348 4921 1520 4975 verbis
1536 4934 1560 4973 .:
1594 4939 1612 4972 ι
1648 4920 1755 4975 Nec
1783 4921 2040 4976 ullatenus
2062 4937 2157 4990 pro

624 5022 936 5073 quacunque
959 5023 1018 5061 re
1053 5008 1176 5072 alia,
1199 5009 1300 5061 nisi
1324 5023 1422 5076 pro
1446 5024 1539 5062 sua
1587 5010 1862 5080 injustitia,
1906 5023 2156 5063 accusare

626 5097 869 5158 audeant,
899 5102 1003 5150 etc.
1042 5115 1059 5147 ι
1106 5095 1289 5149 Patres
1329 5096 1538 5150 concilii
1579 5097 1900 5166 Epaonensis
1938 5096 2155 5165 amplio-

628 5199 738 5237 rem
782 5184 939 5236 etiam
967 5182 1110 5238 laicis
1155 5184 1447 5239 concedunt
1484 5182 1791 5253 potestatem
1814 5226 1828 5249 ,
1878 5202 1995 5240 can.
2039 5185 2148 5238 24:

629 5291 646 5321 ι
680 5272 849 5325 Laicis
898 5258 1079 5325 contra
1114 5272 1392 5339 cujuslibet
1433 5273 1627 5342 gradus
1652 5275 1922 5339 clericum,
1953 5274 1995 5327 si
2027 5274 2151 5343 quid

622 5360 895 5413 criminale
917 5368 1103 5428 parant
1121 5360 1365 5429 objicere,
1393 5364 1673 5418 dummodo
1700 5379 1821 5417 vera
1845 5373 2147 5436 suggerant,

622 5449 941 5517 proponendi
964 5450 1315 5516 permittimus
1355 5461 1687 5520 potestatem.
1722 5471 1740 5503 ι
1771 5452 1963 5507 Verum
1986 5470 2149 5523 quan-

2255 4655 2369 4708 cap.
2406 4641 2487 4704 li),
2515 4656 2605 4696 eos
2632 4643 2841 4710 quidem
2859 4684 2873 4709 ,
2899 4645 2987 4713 qui
3015 4655 3137 4698 sunt
3164 4646 3394 4711 candidi,
3424 4656 3478 4701 et
3521 4662 3625 4703 non
3654 4650 3795 4705 intus

2254 4730 2554 4795 adulterini,
2596 4732 2835 4786 candidis
2877 4737 2932 4784 et
2968 4732 3183 4787 minime
3210 4724 3525 4789 curiosisac
3557 4739 3794 4806 operosis

2253 4821 2485 4874 vestibus
2526 4822 2603 4874 uti
2629 4810 3179 4877 convenientissimum
3225 4831 3323 4886 est.
3365 4823 3685 4894 Hegesippus
3710 4827 3793 4882 lo-

2250 4908 2431 4976 quitur
2451 4909 2516 4963 de
2537 4908 2675 4964 linea
2702 4917 2847 4965 veste
2871 4907 3052 4965 Jacobi
3081 4911 3219 4979 apud
3244 4911 3526 4965 Eusebium
3553 4927 3668 4982 cap.
3699 4915 3787 4969 23.

2251 4996 2553 5067 Polycrates
2581 5000 2644 5053 de
2668 4998 2889 5054 Joannis
2916 4998 3134 5053 Lamina
3165 5001 3305 5068 apud
3327 5001 3607 5056 Eusebium
3635 5003 3727 5057 lib.
3756 5021 3791 5061 .v

2249 5085 2407 5152 llist.,
2432 5102 2549 5155 cap.
2576 5088 2665 5141 23.
2713 5087 2855 5142 Idem
2895 5087 3059 5141 refert
3099 5098 3313 5143 sanctus
3358 5090 3680 5160 Epiphanius
3723 5093 3790 5147 de

2247 5170 2441 5227 Jacobo
2468 5174 2656 5228 hazres.
2702 5190 2891 5238 xxmi,
2920 5178 2983 5229 et'
3005 5176 3192 5231 haeres.
3238 5192 3455 5231 Lxxvm.
3497 5177 3565 5230 At
3597 5180 3790 5247 quibus

2245 5266 2567 5319 ornamentis
2602 5258 2953 5333 peculiaribus
3007 5281 3110 5319 non
3159 5266 3326 5320 solum
3363 5281 3393 5319 a
3420 5266 3588 5332 laicis,
3625 5269 3719 5323 sed
3754 5283 3786 5325 ιι

2245 5352 2449 5404 caeteris
2475 5352 2718 5407 omnibus
2738 5353 2985 5407 Ecclesia:
3008 5354 3371 5409 sacerdotibus
3394 5356 3787 5426 distingueban-

2245 5448 2350 5493 tur.
2380 5440 2526 5495 Unde
2553 5440 2729 5498 fama
2754 5444 2837 5497 his
2863 5451 3037 5497 motus
3082 5460 3258 5498 rerum
3307 5446 3781 5502 eeclesiastieirum

624 5546 734 5588 tum
756 5534 942 5588 delicta
969 5537 1328 5605 episcoporum
1359 5542 1463 5609 tegi
1492 5539 1734 5606 debeant,
1766 5544 2147 5611 sapientissime

2265 5528 2592 5583 teritissimus
2626 5528 2853 5585 Joannes
2886 5531 3066 5585 Beleth
3088 5531 3189 5586 ista
3211 5533 3339 5586 dicit
3372 5532 3423 5586 in
3448 5548 3565 5603 cap.
3587 5534 3653 5590 de
3679 5533 3781 5589 Sa-

622 5625 774 5676 ducet
796 5622 1169 5680 Constantinus
1209 5626 1505 5695 imperator,
1546 5630 1691 5698 cujus
1720 5631 1875 5684 verba
1905 5632 2145 5688 Theodo—

625 5720 768 5769 rctus
794 5711 953 5787 refert
984 5715 1072 5770 lib.
1102 5732 1117 5770 ι
1152 5716 1283 5770 llist.
1312 5718 1520 5777 eccles.,
1548 5735 1661 5789 cap.
1687 5723 1767 5773 in.

2242 5618 2439 5672 criﬁcio
2467 5618 2642 5672 missaa
2674 5636 2686 5671 :
2723 5638 2739 5668 ι
2771 5618 2837 5672 Et
2872 5630 2994 5673 nota
3038 5621 3178 5680 quod
3202 5620 3450 5690 apostolis
3477 5630 3529 5676 et
3551 5621 3617 5676 ab
3653 5636 3780 5691 apo-

2242 5707 2438 5761 stolicis
2460 5708 2586 5761 viris
2613 5710 2664 5763 in
2702 5710 2966 5777 primitiva
2994 5711 3223 5767 Ecclesia
3270 5711 3586 5766 sacriﬁcium
3622 5711 3783 5767 ﬁebat
