4010 6424
327 128 366 134 η-
401 128 456 138 ι..-

46 128 106 198 μ’.
139 145 382 172 ’.ιη-Π.-

203 461 330 514 1121

1231 468 1238 470 ·
1303 447 1868 505 OBSERVATIONES
1911 447 1993 499 ET
2034 438 2257 498 NOTAE.

3215 446 3388 498 1122⁸

199 571 249 620 ia
278 566 420 621 vasis
438 566 630 632 ligneis
661 574 715 616 et
740 562 972 615 vestibus
998 550 1380 612 communibus.
1414 557 1560 610 Tunc
1593 557 1732 608 enim

1841 564 1964 617 tum,
1995 552 2234 624 ἐμφανῶς,
2260 558 2520 625 παρούσης
2547 563 2631 612 τῆς
2654 565 2860 626 κρατῇς,
2973 561 3061 630 οὐκ.
3079 563 3151 612 οἰχ
3180 568 3248 612 Io»
3278 566 3357 613 καὶ

201 655 358 726 lignei
382 654 594 714 calices,
622 660 678 705 et
698 651 842 703 aurei
865 648 1182 702 sacerdotes.
1216 665 1232 695 ι
1259 646 1393 700 Olim
1420 646 1628 699 fuerunt
1649 645 1736 710 qui

201 743 484 810 quemdam
523 739 842 807 peculiarem
888 737 1110 790 vestium
1149 735 1547 788 saccrdotalium
1588 748 1737 786 usum

203 831 348 884 velut
401 811 821 895 antiquissimum
866 841 928 877 ex
979 826 1214 892 ipsismct
1255 823 1428 875 verbis
1477 822 1738 888 Evangelii

202 918 400 969 vcllent
435 916 802 982 comprobare,
830 927 960 978 quos
987 911 1192 978 egregie
1223 909 1406 963 refellit
1430 906 1741 960 leestinus

206 1019 345 1072 papa
369 1005 422 1056 in
447 1003 599 1070 epist.
648 1001 712 1053 ad
751 1000 1022 1066 episcopos
1055 997 1332 1062 provincia:
1362 993 1670 1048 Viennensis
1690 1001 1742 1044 et

209 1091 587 1153 Narbonensis,
620 1089 783 1154 cap.l
821 1104 831 1136 :
872 1105 888 1133 ι
924 1085 1155 1138 Dicimus
1183 1086 1342 1143 enim,
1370 1083 1558 1150 inquiti
1585 1097 1740 1150 quos-

206 1181 333 1232 dam
379 1179 586 1231 Domini
628 1175 928 1228 sacerdotes
970 1172 1330 1238 superstitioso
1373 1170 1546 1237 potius
1582 1169 1741 1222 cultui

207 1263 488 1325 inservire,
527 1277 682 1328 quam
715 1260 905 1312 mentis
932 1258 1015 1311 vel
1061 1259 1179 1310 lidci
1227 1257 1460 1324 puritati.
1507 1255 1609 1309 Sed
1640 1271 1742 1308 non

207 1355 426 1415 mirum,
450 1351 494 1404 si
524 1359 704 1403 contra
736 1347 1146 1402 ecclesiasticum
1175 1361 1375 1398 morem
1403 1343 1621 1407 faciunt,
1652 1346 1744 1411 qui

206 1441 264 1494 in
291 1438 513 1492 ecclesia
537 1453 658 1490 non-
680 1444 978 1498 creverunt,
1003 1435 1092 1486 sed
1114 1434 1215 1486 alio
1240 1434 1508 1486 venientes
1535 1433 1742 1494 itinere,

204 1541 390 1580 secum
420 1526 528 1578 lucc
567 1524 618 1575 in
654 1521 964 1580 Ecclesiam,
997 1535 1112 1588 qua:
1143 1521 1192 1571 in
1222 1521 1322 1572 alia
1349 1520 1744 1572 conversatione

205 1613 519 1673 habuerant,
549 1609 868 1672 intulerunt.‘
887 1608 1076 1658 Amicti
1105 1607 1277 1672 pallio,
1309 1614 1361 1658 et
1381 1605 1582 1658 lumbos
1609 1620 1742 1672 prte-

205 1702 392 1762 cincti,
440 1699 660 1752 credunt
710 1711 766 1749 se
781 1696 1075 1771 Scriptum
1103 1710 1204 1746 non
1239 1709 1332 1762 per
1365 1695 1626 1762 spiritum,
1652 1695 1744 1747 sed

203 1804 303 1856 per
324 1788 552 1840 litteram
582 1784 951 1852 completaros.
992 1783 1120 1834 Nam
1170 1785 1214 1834 si
1257 1784 1320 1834 ad
1365 1784 1462 1836 hoc
1491 1783 1587 1833 ista
1611 1795 1744 1848 pra:-

204 1855 357 1943 ccpta
383 1883 522 1936 sunt,
548 1881 603 1924 ut
625 1873 801 1925 taliter
821 1880 1185 1931 servarentur;
1213 1885 1306 1921 cur
1327 1884 1427 1920 non
1453 1868 1583 1920 ﬁunt
1607 1868 1745 1934 pari-
1778 1855 1819 1911 Β

206 1972 291 2014 ter
320 1977 436 2030 qum
460 1968 769 2027 sequuntur,
809 1969 867 2010 ut
890 1958 1114 2011 lucernce
1141 1958 1384 2009 ardentes
1425 1956 1477 2007 in
1507 1955 1748 2035 manibus

204 2066 312 2104 una
337 2065 455 2104 cum
480 2051 667 2103 baculo
694 2050 1001 2101 teneantur?
1029 2047 1231 2099 Habent
1257 2061 1407 2098 suum
1431 2046 1529 2098 ista
1557 2052 1749 2113 myste-

206 2142 364 2200 rium,
410 2147 462 2190 et
491 2135 901 2203 intelligentibus
931 2135 1019 2205 ita.
1039 2134 1182 2185 clara
1225 2140 1372 2193 sunt,
1400 2139 1460 2184 ut
1486 2147 1547 2184 ea
1581 2131 1749 2199 magis

203 2243 311 2296 qua
341 2229 493 2279 decet
534 2224 920 2294 significatione
953 2231 1228 2275 serventur
1259 2236 1272 2272 :
1304 2236 1429 2273 nam
1464 2221 1515 2272 in
1542 2219 1748 2276 lumbo-

207 2330 327 2366 rum
355 2313 725 2380 praacinctione
751 2311 987 2372 castitas,
1018 2310 1068 2361 in
1095 2308 1283 2361 baculo
1310 2309 1541 2375 regimen
1567 2315 1744 2375 pasto-

204 2401 338 2460 rale.
367 2402 419 2454 in
446 2401 678 2454 lucernis
724 2399 1028 2452 ardentibus
1082 2398 1204 2450 boni
1244 2396 1413 2462 fulgor
1459 2397 1651 2476 operis,
1685 2396 1749 2447 de

202 2505 312 2559 quo
337 2491 528 2542 dicitur
555 2507 566 2540 :
598 2487 770 2556 Opera
799 2497 974 2540 vestra
1011 2487 1240 2548 luceant,
1287 2486 1601 2538 indicantur.
1643 2483 1746 2536 lla-

204 2577 367 2629 beant
397 2584 568 2628 tamen
599 2576 758 2627 istum
796 2574 1017 2627 forsitan
1065 2572 1279 2632 cultum,
1327 2586 1530 2625 morem
1577 2572 1748 2639 potius

205 2679 369 2732 quam
396 2664 651 2716 rationem
683 2673 979 2730 sequentes,
1008 2662 1096 2728 qui
1129 2663 1179 2712 in
1208 2660 1575 2713 remotioribus
1603 2659 1749 2711 habi-

207 2761 325 2820 tant
355 2751 505 2813 locis,
534 2759 586 2803 ct
628 2749 811 2818 procul
844 2764 872 2800 a
900 2749 1103 2801 czetcris
1132 2748 1342 2815 degunt.
1375 2746 1523 2800 Unde
1549 2746 1634 2798 hic
1656 2745 1748 2798 ba-

209 2837 354 2890 bitus
383 2837 434 2888 in
462 2836 713 2888 Ecclesiis
739 2835 1040 2895 Gallicanis,
1081 2845 1138 2886 ut
1170 2842 1244 2885 tot
1282 2848 1535 2886 annorum
1573 2841 1747 2886 tanto-

209 2938 434 2990 rumque
463 2922 794 2996 pontiﬁcum,
826 2924 876 2974 in
909 2923 1130 2974 alterum
1163 2921 1396 2973 habitum
1426 2921 1747 2974 consuetudo

208 3009 482 3062 vertatur?
511 3009 851 3062 Discernendi
874 3023 902 3057 a
930 3008 1081 3073 plebe
1105 3009 1184 3061 vel
1207 3010 1411 3061 cancris
1445 3023 1628 3061 sumus
1655 3009 1746 3062 do-

205 3097 398 3154 ctrina,
428 3111 532 3148 non
563 3104 737 3159 veste;
775 3095 1192 3157 conversatione,
1224 3110 1325 3146 non
1364 3095 1571 3156 habitu;
1603 3108 1745 3146 men-

207 3185 275 3236 tis
309 3184 562 3250 puritate,
610 3198 714 3235 non
742 3185 904 3236 cultu.
952 3182 1082 3234 Nam
1118 3183 1161 3235 si
1193 3182 1403 3234 studere
1434 3164 1743 3248 incipiamus

207 3271 445 3331 novitati,
475 3272 725 3322 traditum
751 3271 900 3322 nobis
921 3285 950 3321 a
979 3270 1222 3322 Patribus
1259 3270 1494 3322 ordinem
1522 3267 1742 3321 calcabi-

208 3377 345 3426 mus,
368 3369 425 3412 ut
440 3361 612 3413 locum
635 3359 972 3426 supervacuis
992 3358 1449 3425 superstitionibus
1466 3356 1739 3409 faciamus.

207 3448 384 3501 Rudcs
411 3462 540 3515 ergo
594 3446 822 3500 ﬁdelium
867 3455 1069 3498 mentes
1107 3443 1170 3495 ad
1202 3443 1323 3494 talia
1353 3457 1453 3493 non
1495 3443 1744 3494 debemus

211 3534 480 3586 inducere.
517 3531 748 3585 Docendi
778 3531 915 3584 enim
945 3531 1117 3598 potius
1142 3542 1445 3595 suntquam
1473 3527 1739 3580 illudendi.

207 3622 314 3676 Nec
346 3621 723 3688 imponendum
765 3629 847 3672 est
885 3634 1066 3672 eorum
1117 3619 1305 3677 oculis,
1353 3619 1442 3670 sed
1480 3617 1744 3669 mentibus

209 3707 529 3762 infundenda
562 3716 820 3774 praecepta
848 3716 988 3758 sunt.
1020 3707 1098 3758 En
1122 3707 1381 3773 quomodo
1404 3689 1579 3757 clerici
1605 3719 1741 3772 prie-

209 3799 389 3850 scrtim
433 3796 766 3849 discernendi
797 3804 934 3869 sunt
980 3811 1009 3848 a
1040 3795 1208 3862 plebe.
1240 3795 1302 3846 Et
1349 3794 1472 3846 illud
1499 3802 1580 3846 est
1605 3791 1740 3860 quod

209 3886 858 3954 Apostolumrpratccpisse
899 3886 974 3936 ait
1016 3894 1230 3936 sanctus
1258 3883 1480 3935 Basilius
1527 3883 1577 3933 in
1611 3881 1744 3933 libro

211 3973 528 4041 [tegularum
565 3971 730 4022 fusius
774 3971 1176 4037 disputatarum,
1230 3982 1366 4034 resp.
1417 3968 1480 4020 ad
1517 3968 1742 4019 interro-

211 4069 319 4128 gat.
353 4058 442 4110 22.
481 4074 501 4109 ι
543 4056 607 4109 Et
645 4056 778 4109 infra
812 4074 824 4108 :
860 4075 878 4104 ι
908 4055 1003 4108 llic
1051 4071 1215 4108 canon
1265 4062 1518 4123 perpetuo
1564 4062 1743 4106 tenore

212 4155 472 4199 servetur.
495 4163 513 4194 ι
539 4142 666 4216 Vide
692 4144 999 4209 Gregorium
1024 4143 1407 4196 Nazi-anzenum
1435 4144 1487 4195 in
1508 4144 1743 4196 oratione

216 4237 312 4297 l9;
341 4234 600 4287 lsidorum
640 4231 951 4285 l’elusiotatn
995 4233 1085 4285 lib.
1113 4249 1152 4293 ι,
1176 4248 1256 4299 cp.
1293 4232 1386 4295 45;
1418 4232 1608 4284 librum
1650 4231 1744 4284 Sa-

132 4309 143 4317 ,
213 4330 605 4375 cramentornm
633 4320 798 4373 sancti
826 4321 1084 4387 Gregorii,
1116 4322 1165 4370 in
1189 4321 1424 4371 Oratione
1452 4321 1514 4371 de
1544 4319 1741 4371 Conse—

214 4408 452 4461 cratione
473 4406 730 4474 episcopi;
759 4406 1117 4466 Fortunatam,
1140 4406 1228 4457 liti.
1255 4421 1312 4467 ll,
1335 4405 1588 4473 Iepigram.
1609 4420 1662 4467 ι,
1678 4403 1742 4456 de

216 4504 400 4548 sancto
426 4492 690 4546 Germano
719 4491 1033 4544 Parisiorum
1059 4492 1321 4558 episc0p0.

336 4601 430 4660 Ille
449 4608 608 4646 tamen
621 4602 803 4646 sensim
829 4601 1178 4660 iucevli:,velnt
1200 4600 1320 4646 alter
1347 4598 1531 4660 Aaron,

396 4658 499 4706 Non
520 4660 583 4704 de
606 4672 645 4705 v-
666 4669 740 4705 ste
765 4669 940 4712 nitens,
961 4659 1044 4704 sed
1073 4660 1250 4715 pietate
1277 4661 1480 4716 placo-ns.

337 4718 444 4765 \'on
465 4717 668 4777 lapides.
693 4730 878 4769 συρίξας,
901 4719 1077 4762 clarum
1117 4730 1297 4772 aurum,
1331 4731 1552 4776 purpura,
1575 4719 1741 4776 bysso:

385 4777 636 4824 Exornant
660 4778 905 4834 humerus,
933 4778 1015 4820 sed
1042 4782 1179 4823 micat
1195 4778 1312 4822 aluu
1338 4780 1471 4823 uites.

285 4877 458 4940 Quare
486 4883 674 4927 auctor
701 4873 830 4926 Vita:
859 4857 1024 4926 sancti
1068 4873 1324 4941 Fulgentii
1367 4876 1477 4928 btec
1523 4876 1586 4928 de
1632 4875 1744 4940 ipso

220 4972 445 5016 testatur
473 4980 488 5015 :
523 4980 542 5012 ι
575 4963 629 5014 In
658 4977 758 5028 qua
790 4963 971 5014 tunica
993 4961 1303 5023 dormiebat,
1335 4963 1385 5034 in
1415 4963 1523 5030 ipsa
1547 4963 1744 5015 saeriﬁ-

221 5053 403 5112 ealiat;
443 5059 499 5102 et
545 5058 778 5117 tempore
820 5050 1084 5110 sacriﬁcii,
1132 5052 1376 5101 mutanda
1424 5067 1538 5104 esse
1588 5053 1744 5103 corda

218 5142 392 5209 potius
419 5155 578 5206 quam
606 5140 914 5193 vestimenta
946 5141 1173 5192 dicebat.
1206 5159 1224 5190 ι

289 5227 484 5280 Iterum
518 5225 835 5292 baptizenmr
872 5226 946 5278 illi
974 5244 1094 5294 quos
1142 5228 1428 5294 baptizavit.
1473 5225 1746 5293 Presbyter

221 5313 505 5380 furuican’s,
544 5317 589 5370 si
638 5327 908 5384 postquam
954 5328 1271 5385 compertum
1324 5319 1478 5370 fuerit
1527 5320 1744 5380 crimen,

224 5405 585 5470 liaptizaverit.
635 5403 816 5460 Mirum
868 5407 1005 5471 quod
1055 5408 1178 5473 quid
1239 5408 1336 5459 tale
1389 5409 1588 5475 legatur
1632 5419 1748 5475 post

223 5495 562 5559 qua-stionem
579 5508 608 5544 a
629 5493 872 5547 Patribus
893 5496 1140 5547 adversus
1163 5494 1460 5548 Donatistas
1477 5505 1747 5561 tantopere

151 5603 169 5616 ο
224 5583 534 5634 disciissam.
574 5581 740 5633 Antea
765 5582 972 5647 quidam
1005 5582 1185 5636 Patres
1215 5583 1428 5636 liberius
1466 5584 1746 5650 loqueban-

228 5677 329 5731 tur,
355 5675 574 5740 sanctus
617 5668 858 5722 Clemens
884 5670 1262 5723 Alexandrinus
1286 5671 1374 5724 lib.
1407 5687 1476 5722 vn
1507 5671 1742 5725 Stroma-

1833 648 2028 712 γνήσιον
2051 641 2185 715 ὕδωρ
2211 645 2514 710 λογιζομένη.
2557 643 2908 697 Tcrtullianus
2943 646 3032 697 lib.
3066 648 3128 698 de
3160 645 3359 700 Pudicio

1838 735 1927 792 tia,
1946 747 2058 796 cap.
2079 732 2162 782 il.
2186 730 2454 795 Origenes,
2474 731 2524 782 in
2540 732 2937 783 Commentariis
2965 735 3013 783 in
3036 733 3361 792 Mattbaeum.

1836 825 1893 871 Εἰ
1924 821 1972 872 δὲ
2017 828 2205 892 σειραῖς
2236 826 2330 871 τῶν
2359 819 2727 888 ἁμαρτημάτων
2754 822 2908 871 αὐτοῦ
2947 823 3162 888 iactata,
3203 825 3363 885 μάτην

1836 916 1917 962 καὶ
1941 909 2112 978 δισμιῖ
2136 913 2214 960 καὶ
2242 907 2363 960 λύει.
2391 908 2462 959 De
2497 920 2599 971 quo
2633 921 2684 957 ν.
2712 907 2777 958 Cl.
2810 907 2994 959 Petrus
3024 907 3199 958 Daniel
3226 908 3364 960 Huc-

1836 997 1938 1046 tius
1966 996 2074 1046 luec
2108 995 2474 1045 animadvertit
2505 995 2554 1044 in
2599 993 2716 1045 libr.
2755 1009 2790 1044 ιι
2819 994 3274 1058 Origenianorum,
3307 1011 3358 1060 p.

1839 1081 1954 1132 176.
1985 1081 2036 1131 ln
2060 1081 2201 1132 hunc
2227 1079 2422 1140 locum,
2451 1081 2644 1147 inquit,
2668 1081 2882 1131 adnotat
2911 1079 3090 1131 Sixtus
3118 1081 3367 1132 Senensis

1839 1167 2067 1219 alludere
2107 1166 2383 1232 Origenctn
2416 1167 2479 1217 ad
2515 1181 2748 1218 errorem
2793 1167 2860 1218 ab
2885 1166 3111 1218 llussitis
3139 1176 3365 1233 postmo-

1839 1252 1962 1304 dum
1982 1259 2383 1317 propugnatum,
2401 1250 2487 1317 qui
2516 1265 2661 1317 papa:
2679 1260 2729 1302 et
2755 1251 3117 1318 episcoporum
3137 1261 3368 1319 potesta-

1842 1349 1945 1392 tem
1979 1355 2043 1391 ex
2082 1354 2284 1391 morum
2313 1340 2590 1391 sanctitate
2634 1341 2860 1405 pendere
2885 1341 3145 1403 volebant,
3177 1351 3277 1394 etc.
3305 1341 3372 1394 Et

1840 1429 1994 1496 paulo
2017 1441 2131 1496 post
2156 1446 2167 1479 :
2198 1446 2216 1476 ‹
2249 1429 2522 1481 Assentior
2548 1428 2714 1488 Sixto.
2738 1437 2791 1480 et
2829 1445 3047 1496 peccare
3076 1431 3158 1482 aio
3185 1430 3370 1498 Orige—

1843 1531 1979 1577 nem,
2012 1524 2165 1581 atque
2215 1516 2351 1568 hanc
2387 1515 2552 1567 videri
2597 1515 2837 1581 amplecti
2882 1516 3144 1576 haeresim,
3177 1518 3228 1566 in
3269 1530 3373 1583 qua

1840 1605 2024 1656 deinde
2062 1604 2256 1654 versati
2304 1611 2426 1655 sunt
2475 1603 2777 1663 Donatistae,
2809 1615 2926 1654 cum
2963 1619 2990 1653 a
3029 1603 3365 1655 sacerdotum

1842 1695 2119 1746 sanctitate
2150 1693 2394 1767 Ecclesiae
2424 1700 2735 1758 potestatem
2756 1693 3156 1758 suspenderunt.
3191 1712 3206 1742 ι
3242 1692 3371 1744 Ter-

1842 1782 2040 1833 tulliani
2083 1795 2143 1833 ac
2195 1779 2436 1848 Origenis
2489 1781 2723 1832 eamdem
2774 1785 3087 1833 sententiam
3147 1780 3373 1848 amplexi

1845 1879 1967 1922 sunt
1991 1871 2022 1922 ii
2063 1871 2126 1922 de
2154 1870 2341 1935 quibus
2366 1878 2588 1922 testatur
2611 1869 2888 1938 Dionysius
2914 1869 3298 1924 Alexandrinus
3319 1870 3376 1922 in

1845 1957 2062 2024 cpistola
2093 1958 2156 2009 ad
2187 1956 2540 2008 Philemonem
2571 1956 2819 2011 Ecclesia:
2868 1956 3115 2011 Romana:
3160 1959 3373 2026 scripta,

1845 2046 1992 2112 cujus
2008 2044 2294 2112 fragmenta
2314 2045 2709 2110 pmclarissima
2733 2044 2987 2097 Eusebius
3003 2044 3163 2098 refert
3185 2046 3276 2100 lib.
3304 2061 3374 2098 ιιι

1844 2134 2032 2186 ccclcs.
2086 2133 2349 2197 Historiae,
2397 2148 2511 2199 cap.
2554 2135 2612 2195 7;
2642 2134 2732 2185 sed
2776 2135 3021 2201 praicipui
3063 2136 3380 2188 exstiterunt

1846 2224 1981 2276 inter
2007 2221 2136 2274 alios
2162 2220 2463 2274 defensores
2485 2228 2698 2272 sanctus
2725 2219 3017 2287 Cyprianus
3046 2221 3096 2273 in
3128 2221 3282 2289 epist.
3311 2221 3378 2274 ad

1847 2311 2087 2377 Magnum
2119 2310 2182 2362 de
2211 2309 2538 2375 baptizandis
2563 2308 2885 2371 Novatianis,
2913 2309 2964 2362 in
2983 2311 3138 2378 epist.
3169 2309 3256 2373 74,
3288 2309 3376 2363 76.

1833 2398 1933 2461 v78,
1961 2406 2012 2449 et
2041 2404 2251 2448 sanctus
2281 2396 2614 2448 Firmilianus
2642 2396 2693 2448 in
2721 2398 2874 2464 epist.
2914 2397 2980 2450 ad
3013 2406 3250 2451 sanctum
3277 2396 3381 2466 Cy-

1844 2483 2110 2552 prianum;
2142 2485 2205 2537 de
2244 2482 2433 2550 quibus
2459 2484 2536 2535 sic
2562 2483 2792 2550 loquitur
2818 2494 3030 2537 sanctus
3071 2484 3295 2538 Basilius
3323 2486 3376 2538 in

1844 2574 1996 2642 epist.
2027 2574 2278 2626 canonica
2309 2572 2373 2624 ad
2412 2572 2852 2640 Amphilochium,
2879 2588 2997 2626 can.
3028 2573 3052 2625 ι
3082 2592 3094 2625 :
3131 2591 3150 2622 ι
3178 2572 3377 2626 Verum

1844 2663 1982 2716 enim
2024 2676 2149 2714 vero
2173 2661 2401 2727 antiquis
2431 2661 2600 2713 visum
2631 2669 2729 2723 cst,
2759 2661 3021 2729 Cypriano
3049 2662 3188 2724 dico,
3217 2671 3269 2715 et
3291 2677 3361 2714 no

1844 2758 1955 2802 stro
1968 2748 2291 2808 Firmiliano,
2313 2759 2404 2818 eos
2423 2762 2605 2799 omnes
2634 2749 2722 2800 uni
2745 2748 2944 2801 calculo
2957 2750 3234 2817 subjicere,
3250 2759 3376 2811 etc.,

1842 2845 1901 2890 ut
1915 2837 2002 2903 qui
2019 2851 2122 2888 non
2145 2835 2348 2903 possint
2364 2834 2585 2904 amplius
2603 2834 2831 2900 Spiritus
2845 2838 3012 2890 sancti
3025 2838 3248 2904 gratiam
3266 2836 3381 2896 aliis
3437 2895 3441 2900 ,

1843 2941 2049 2992 quoque
2069 2925 2320 2992 praebere,
2349 2939 2379 2975 a
2415 2938 2516 2990 qua
2553 2924 2650 2991 ipsi
2677 2917 3000 2978 ercidcrunt.
3034 2945 3050 2975 ι
3080 2925 3252 2993 Atque
3283 2925 3379 2978 bo-

1841 3027 2022 3065 rumce
2037 3001 2338 3079 dogmatum
2358 3011 2614 3064 rationem
2628 3012 2852 3080 explicat
2864 3013 3198 3065 doctissimus
3210 3011 3382 3080 Rigal-

1844 3101 2012 3152 tiusin
2034 3101 2144 3151 suis
2160 3099 2293 3150 notis
2317 3098 2380 3149 ad
2405 3097 2940 3167 Cypriani‘epistolam
2963 3088 3047 3162 δι,
3065 3101 3148 3153 his
3167 3101 3372 3154 verbis:

1849 3205 1867 3237 ι
1880 3187 2161 3241 Sententiae
2175 3186 2419 3255 Cypriani
2433 3185 2696 3252 Pangelius
2714 3189 2929 3255 opponit
2947 3190 3257 3242 sententiam
3272 3191 3376 3242 Au-

1842 3278 2032 3344 gustini
2062 3275 2356 3345 statuentis,
2381 3283 2709 3328 sacramenta
2732 3277 2797 3328 ab
2828 3275 3000 3343 impiis
3029 3285 3081 3327 et
3108 3276 3380 3330 sceleratis

1840 3364 2097 3430 episcopis
2122 3365 2232 3416 sive
2256 3366 2576 3432 presbyteris
2598 3365 2893 3417 ministrata
2917 3364 3108 3417 valere.
3142 3363 3268 3430 Qua:
3290 3379 3376 3418 res

1840 3452 2037 3520 indiget
2062 3454 2395 3507 distinctione
2427 3455 2546 3507 facti
2574 3455 2625 3506 in
2657 3455 3065 3507 controversiam
3091 3454 3319 3508 deducti.
3352 3473 3370 3505 ι

1839 3538 1902 3591 Et
1928 3539 2080 3604 paulo
2106 3547 2224 3605 post
2251 3558 2261 3590 :
2298 3558 2315 3588 ι
2351 3540 2494 3592 Talia
2524 3541 2787 3606 dogmata,
2805 3554 2916 3592 awo
2943 3546 3252 3606 potestatem
3276 3553 3376 3592 sm-

1840 3625 2096 3677 cularium
2123 3627 2484 3679 vexationibus
2522 3635 2576 3678 et
2605 3626 2960 3678 ministrorum
3006 3625 3253 3680 Ecclesiae
3295 3625 3376 3680 fa-

1840 3711 2100 3763 ctionibus
2146 3710 2516 3773 alllictissimo,
2565 3712 2797 3764 stabilire
2850 3726 2911 3764 ac
2955 3713 3158 3764 sancire
3205 3711 3375 3766 visum

1840 3797 2120 3866 Cypriano,
2173 3800 2481 3868 ceterisque
2531 3815 2627 3867 per
2669 3800 2918 3873 Africam,
2972 3799 3267 3852 Numidiam
3313 3816 3377 3853 ac
3433 3869 3438 3873 ν

1841 3884 2224 3946 Mauritaniam,
2256 3901 2360 3953 quo
2393 3888 2488 3939 sibi
2526 3869 2767 3952 populum
2798 3886 3030 3940 lacerent
3068 3887 3185 3940 ﬁdei
3214 3887 3374 3946 Chri-

1841 3973 2022 4024 stiana:
2057 3981 2315 4035 tenacem,
2344 3974 2714 4042 ministrosque
2743 3976 2993 4027 haberent
3013 3975 3157 4042 pacis
3177 3984 3230 4028 et
3255 3976 3372 4028 uni-

1841 4061 1962 4112 tatis
1994 4059 2362 4114 ccclcsiastica:
2405 4062 2571 4130 magis
2615 4074 2867 4116 amantes.
2901 4083 2918 4114 ι
2957 4063 3046 4116 Sic
3080 4065 3374 4118 doctissimi

1839 4148 1938 4199 viri
1966 4149 2197 4200 sentiunt
2222 4149 2285 4201 de
2329 4149 2428 4202 hac
2454 4150 2697 4217 opinione
2741 4151 3084 4219 quorumdam
3133 4150 3382 4213 Patrum,

1840 4253 1996 4305 quam
2028 4239 2331 4292 Theodorus
2364 4249 2572 4293 secutus
2601 4249 2679 4293 est
2705 4257 2823 4294 cum
2851 4251 3064 4295 auctore
3101 4242 3189 4296 lib.
3217 4244 3280 4295 de
3305 4243 3382 4297 iis

1841 4327 1928 4392 qui
1956 4328 2220 4394 mysteriis
2249 4327 2541 4388 initiantur,
2570 4329 2702 4395 apud
2745 4338 2984 4380 sanctum
3011 4328 3376 4395 Ambrosium,

1842 4421 1957 4481 cap.
1988 4414 2020 4464 4
2051 4430 2063 4464 ;·
2093 4433 2110 4462 ι
2147 4414 2464 4472 Notis-mat,
2497 4415 2680 4480 inquit,
2715 4414 3005 4480 baptismus
3029 4413 3379 4480 perﬁdorum,

1842 4515 1945 4552 non
1987 4502 2224 4563 mundat,
2267 4504 2357 4554 sed
2382 4501 2579 4569 polluit.
2620 4523 2636 4552 ι
2666 4503 2959 4556 Notandum
2992 4504 3131 4571 quod
3156 4504 3380 4567 dicitur,

1839 4597 2110 4656 postquam
2135 4600 2456 4658 compertum
2481 4591 2637 4643 fuerit
2659 4592 2856 4644 crimen
2885 4609 2896 4642 :
2926 4591 3079 4658 longo
3098 4591 3217 4658 post
3239 4599 3380 4644 temd

1839 4693 1966 4745 pore
1994 4681 2190 4747 pariter
2213 4680 2446 4732 distinxit
2476 4679 2716 4748 Magister
2751 4678 3012 4732 Robertus
3039 4679 3101 4731 de
3127 4678 3382 4744 Chorczm

1840 4769 1892 4821 in
1917 4785 2008 4823 sua
2043 4772 2255 4824 Summa
2274 4808 2287 4828 ,
2317 4770 2486 4835 quoa'l
2515 4775 2828 4835 potestatem
2871 4768 3103 4821 solvendi
3131 4777 3380 4836 peccata,

1843 4879 2038 4933 Selecta
2065 4894 2127 4931 ex
2156 4878 2368 4932 Summa
2399 4894 2494 4930 ms.
2522 4877 2722 4929 Roberti
2744 4878 2807 4929 de
2832 4875 3085 4941 Chorpon.
3107 4887 3289 4944 quaest.
3315 4875 3384 4941 ὅν

2503 4983 2616 5035 cap.
2646 4967 2698 5018 5.

1910 5056 2171 5120 Quteritur
2198 5064 2368 5107 utrum
2409 5055 2654 5107 sacerdos
2681 5054 2769 5121 qui
2799 5062 2881 5108 est
2918 5055 2971 5108 in
3010 5055 3216 5108 mortali
3249 5069 3382 5123 pec:

1844 5154 1963 5197 cato
1989 5145 2175 5196 habeat
2202 5142 2477 5209 prmdictas
2513 5142 2708 5199 claves.
2748 5143 2936 5210 quibus
2971 5149 3060 5193 aut
3097 5141 3242 5210 liget,
3279 5150 3381 5195 aut

1845 5230 2031 5281 solvat.
2085 5228 2302 5280 Videtur
2348 5227 2486 5294 quod
2542 5242 2672 5288 non,»
2719 5237 2821 5280 etc.
2871 5225 3152 5294 Gregorius
3202 5228 3329 5282 dicit
3354 5238 3379 5280 z‘

1853 5336 1868 5364 ‹
1908 5317 2004 5378 Qui
2041 5315 2148 5366 suis
2176 5315 2453 5381 premitur,
2491 5315 2656 5366 aliena
2696 5329 2798 5366 non
2828 5315 2994 5368 diluit.
3037 5335 3054 5365 ι
3107 5315 3245 5383 Ergo
3273 5318 3380 5370 im-'

1846 5407 2066 5458 mumlus
2089 5403 2253 5455 aliena
2283 5418 2384 5456 non
2412 5403 2577 5454 diluit.
2610 5402 2736 5456 Item
2761 5404 3042 5471 Gregorius
3062 5403 3185 5456 alibi
3213 5405 3338 5459 dicit
3353 5423 3377 5456 :-

1853 5513 1869 5542 ι
1910 5492 1981 5543 lili
2013 5491 2105 5543 soli
2140 5493 2190 5542 in
2221 5492 2318 5542 hac
2346 5502 2503 5542 carne
2529 5489 2684 5556 positi
2725 5501 3036 5558 potestatem
3065 5492 3262 5544 habent
3302 5484 3367 5545 lit.

1847 5583 1996 5649 gandi
2025 5590 2078 5633 et
2100 5580 2348 5640 solvendi,
2381 5579 2468 5646 qui
2494 5579 2786 5633 doctrinam
2816 5581 3166 5650 apostolorum
3192 5590 3372 5638 tenent

1847 5677 1895 5737 et
1924 5669 2101 5719 vitam.
2152 5666 2286 5733 Ergo
2331 5680 2448 5718 cum
2500 5665 2800 5722 immundus
2833 5668 3074 5722 sacerdos
3119 5668 3229 5724 haec
3264 5684 3372 5725 non
