4010 6410
590 414 721 466 1125

1614 404 1676 453 ιΑ
1688 403 1725 453 D
1764 392 2282 452 POENITENTLUE
2322 389 2681 453 TllEODUliI,

3589 377 3720 433 liii

588 521 791 575 habeat,
834 532 998 583 neque
1031 516 1176 583 ligat,
1216 528 1382 580 neque
1411 512 1582 574 sohit,
1616 519 1719 562 etc.
1754 529 1772 559 ι
1813 508 1946 572 Quid
1970 522 2093 573 ergo
2122 505 2166 561 Α
2193 510 2244 552 et
2289 500 2514 567 Spiritus
2562 498 2748 550 sancti.
2816 495 2890 547 Ex
2933 494 3214 562 Spicilcgio
3262 493 3498 545 Romano
3538 494 3717 545 domui

587 622 744 676 super
770 608 851 660 bis
878 604 1187 659 dicendum?
1222 602 1383 654 Nobis
1417 600 1621 652 videtur
1661 599 1710 650 in
1737 598 1817 650 his
1848 610 1963 648 che
1991 595 2094 647 dis-

591 696 953 762 tinguendum;
992 699 1081 744 aut
1111 690 1250 744 enim
1297 688 1530 740 notarius
1568 695 1647 738 est
1694 684 1965 741 sacerdos,
2007 689 2096 732 aut

589 784 837 835 occultus.
913 780 969 834 Si
1003 779 1240 832 notorius
1277 785 1385 837 est,
1423 789 1590 841 neque
1631 775 1694 825 de
1732 773 1853 824 vitm
1888 771 2094 830 merito,

590 885 756 937 neque
788 870 852 922 de
879 867 1047 921 ollieio
1077 867 1237 934 ligare
1268 865 1421 917 debet
1445 863 1522 914 vel
1553 861 1776 915 solvere.
1799 860 1903 910 imo
1930 856 2095 908 arceri

590 958 739 1009 debet
777 955 987 1007 omnino
1020 953 1085 1004 ab
1112 951 1444 1004 exsecutione
1484 948 1727 1005 clavium,
1759 942 1993 995 similiter
2022 942 2098 992 di-

589 1043 774 1103 cimus,
821 1040 960 1106 quod
1012 1038 1131 1090 talis
1176 1036 1430 1088 arcendus
1475 1044 1553 1085 est
1591 1033 1656 1083 ab
1688 1029 1855 1082 ollicio
1881 1028 2098 1096 publica:

587 1130 879 1197 legationis,
909 1136 961 1179 et
997 1122 1399 1193 praedicationis,
1429 1131 1481 1172 et
1514 1118 1878 1172 celebrationis
1916 1116 2099 1167 missa-

589 1228 721 1266 rum.
763 1214 824 1266 Et
855 1214 907 1265 in
936 1211 1025 1263 tali
1050 1224 1173 1261 casu
1213 1208 1496 1274 loquuntur
1518 1205 1779 1272 praedicta:
1813 1202 2098 1254 auctorita-

590 1310 685 1354 tes.
731 1300 786 1354 Si
812 1315 937 1353 vero
960 1298 1193 1352 occultus
1221 1306 1319 1357 est,
1358 1294 1570 1346 tolerari
1604 1300 1799 1358 potest,
1826 1299 1875 1343 et
1906 1290 1949 1341 si
1977 1289 2101 1355 ligat

588 1390 667 1441 vel
695 1389 869 1451 solvit,
899 1396 1039 1443 tenet
1067 1389 1181 1455 ejus
1223 1386 1402 1453 ligatio
1432 1383 1513 1436 vel
1558 1381 1834 1434 absolutio.
1884 1378 2031 1431 Sicut
2056 1371 2098 1429 si

594 1480 761 1532 malus
814 1480 1038 1538 coniicit,
1100 1476 1394 1530 confectum
1446 1482 1544 1525 est.
1604 1470 1659 1524 Si
1710 1470 1957 1536 baptizat,
2007 1467 2098 1518 ba-

588 1570 839 1636 ptizatum
867 1577 965 1621 est.
999 1565 1102 1620 Sed
1129 1563 1384 1617 absolutio
1406 1570 1459 1615 et
1477 1560 1655 1630 ligatio
1686 1558 1805 1621 talis
1833 1555 1891 1608 fit
1910 1556 1960 1608 in
1991 1555 2102 1622 ejus

588 1657 898 1724 perniciem,
942 1654 1029 1722 qui
1069 1652 1194 1721 ligat
1228 1651 1308 1703 vel
1346 1648 1518 1716 solvit.
1560 1645 1672 1699 Non
1688 1645 1839 1704 ienim
1883 1642 2005 1709 ligat
2039 1641 2103 1693 de

592 1747 708 1799 vita:
739 1744 945 1807 merito,
969 1743 1059 1796 sed
1088 1745 1152 1794 de
1179 1738 1346 1793 ollicio
1375 1747 1549 1790 tamen
1572 1735 1673 1788 sibi
1698 1733 1997 1786 commisso.

656 1851 988 1920 Deprehendit
1009 1866 1062 1901 se
1087 1865 1184 1901 non
1208 1862 1313 1899 esse
1336 1846 1662 1912 baptizatum.
1692 1843 1766 1894 De
1788 1840 1968 1893 eadem
1994 1837 2103 1890 fere

579 1940 874 2007 'qumstioue
913 1938 1264 2004 interrogatus
1298 1932 1572 2000 Dionysius
1604 1927 1987 1981 Alexandrinus
2028 1926 2106 1977 sic

588 2026 854 2094 respondit
886 2025 937 2077 in
978 2038 1059 2092 ep.
1096 2025 1161 2075 ad
1193 2022 1401 2075 Xistum
1436 2018 1683 2071 Romana:
1721 2015 1865 2068 urbis
1905 2017 2107 2081 episco-

591 2126 736 2181 pum,
774 2125 928 2179 quam
971 2108 1225 2161 Eusebius
1261 2105 1415 2159 refert
1460 2104 1551 2156 lib.
1580 2119 1651 2155 vu
1688 2102 1851 2164 Hist,
1890 2114 2005 2167 cap.
2036 2100 2101 2152 9:

598 2215 618 2247 ι
653 2197 781 2249 Nam
810 2196 898 2264 qui
927 2196 1212 2264 gratiarum
1244 2192 1502 2245 actionem
1532 2187 1833 2256 frequenter
1860 2186 2104 2247 audierit,

591 2294 644 2337 et
682 2285 769 2352 qui
802 2283 1007 2337 caeteris
1051 2280 1377 2348 responderit
1414 2278 1610 2339 Amen;
1658 2276 1745 2342 qui
1795 2276 1861 2327 ad
1901 2288 2106 2327 sacram

552 2418 553 2421 η
593 2390 824 2428 mensam
850 2371 1093 2433 astiterit,
1115 2380 1169 2424 et
1188 2384 1371 2423 manus
1395 2369 1458 2420 ad
1485 2366 1869 2435 suscipiendum
1898 2378 2106 2417 sacrum

591 2466 765 2518 cibum
804 2462 1116 2531 porrexerit,
1156 2461 1245 2528 qui
1281 2459 1424 2521 illum
1467 2457 1747 2523 exceperit,
1779 2462 1834 2508 et
1875 2452 2109 2521 corporis

594 2568 657 2606 ac
702 2551 968 2621 sanguinis
1015 2549 1219 2603 Domini
1273 2546 1436 2600 nostri
1483 2544 1607 2598 Jesu
1632 2543 1827 2597 Christi
1844 2541 2109 2611 particeps

594 2640 751 2696 fuerit
785 2640 1095 2701 diutissime,
1124 2652 1242 2689 eum
1270 2651 1366 2704 ego
1398 2637 1460 2688 de
1496 2636 1699 2701 integro
1728 2645 1977 2685 renovare
2006 2645 2108 2682 non

594 2729 783 2782 ausim.
834 2728 997 2781 Porro
1038 2735 1095 2779 ut
1141 2728 1276 2780 bono
1318 2728 1494 2779 animo
1534 2732 1691 2786 esset,
1723 2733 1777 2777 et
1810 2723 2107 2777 cum-firma

597 2817 697 2871 ﬁde
723 2818 870 2871 bon-.e
899 2817 1007 2883 spei
1039 2815 1223 2883 plenus
1255 2815 1319 2866 ad
1353 2812 1606 2866 Dominiei
1636 2812 1869 2878 corporis
1895 2810 2110 2878 partici-

597 2904 856 2974 pationem
898 2902 1192 2971 accederet,
1216 2900 1367 2967 jussi.
1402 2918 1420 2948 ι
1463 2898 1567 2951 Sed
1592 2907 1771 2965 postea
1811 2896 1962 2949 aliter
1984 2894 2111 2948 deti-

598 2994 766 3047 nitum
816 2999 896 3044 est
951 3006 979 3041 a
1020 2988 1264 3042 Patr-ibus
1321 2985 1528 3041 concilii
1582 2982 2007 3052 Carthaginensis
2054 2994 2107 3043 γ,

600 3094 786 3147 nempe
822 3079 932 3132 sine
966 3076 1053 3130 illa
1085 3075 1412 3130 cunctatione
1447 3075 1636 3128 debere
1668 3070 1941 3141 baptizari.
1981 3069 2109 3163 Vide
2133 3105 2177 3163 ε

601 3185 718 3221 ean.
747 3168 780 3220 6
808 3168 895 3236 qui
925 3166 1148 3220 refertur
1185 3167 1234 3218 in
1274 3165 1474 3236 integro
1508 3164 1687 3217 codice
1722 3174 1979 3215 canonum
2008 3157 2107 3211 Ec-

602 3256 773 3309 clesia:
801 3253 1080 3316 Africaine,
1109 3267 1158 3306 c.
1188 3251 1273 3304 72.
1317 3250 1522 3304 Statuta
1553 3248 1740 3303 concil.
1766 3247 2111 3317 Hipponensis

603 3344 835 3397 breviata
880 3357 993 3410 cap.
1024 3342 1110 3395 40.
1158 3339 1273 3393 Non
1311 3340 1462 3393 aliter
1495 3347 1707 3393 sanctus
1740 3337 1846 3391 Leo
1878 3338 1929 3389 in
1957 3337 2108 3404 epist.

604 3432 671 3485 ad
698 3431 918 3485 Leonem
945 3430 1295 3483 Ravennatem
1333 3431 1653 3496 episcopum,
1694 3434 1746 3478 et
1789 3426 1839 3477 in
1877 3425 1986 3477 suis
2025 3439 2110 3475 re-

605 3519 970 3588 spousiuuihus
1006 3518 1071 3570 ad
1107 3516 1469 3583 inquisitiones
1506 3513 1706 3566 Rustici
1740 3511 2110 3573 Narbonensis,

609 3623 747 3676 resp.
772 3607 853 3659 16.
888 3623 906 3654 α
944 3604 1001 3659 Si
1035 3603 1208 3666 nulla,
1258 3604 1451 3671 inquit,
1482 3609 1690 3655 exstant
1740 3599 1930 3653 indicia
1979 3600 2115 3651 inter

609 3694 923 3765 propinquos
958 3699 1046 3745 aut
1083 3691 1383 3751 familiares,
1420 3688 1563 3742 nulla
1602 3689 1740 3741 inter
1773 3687 1992 3740 clericos
2024 3695 2115 3738 aut

610 3784 830 3844 vicinos,
877 3782 1065 3848 quibus
1103 3780 1177 3841 bi,
1221 3780 1285 3831 de
1328 3777 1516 3845 quibus
1553 3775 1824 3843 quaeritur,
1868 3776 2117 3842 baptizati

612 3872 772 3939 fuisse
807 3873 1107 3931 doceantur,
1138 3868 1392 3937 agendum
1427 3875 1507 3919 est
1544 3874 1601 3918 ut
1638 3872 1979 3918 renascantur
2010 3881 2024 3916 :
2052 3878 2118 3917 ne

566 3956 571 3961 ’
613 3958 883 4013 manifeste
922 3964 1158 4026 pereant,
1203 3957 1253 4008 in
1294 3954 1482 4022 quibus
1518 3954 1656 4021 quod
1690 3966 1794 4005 non
1828 3952 2119 4006 ostenditur

613 4055 833 4116 gestum,
865 4046 999 4099 sicut
1025 4046 1158 4097 ratio
1182 4059 1284 4097 non
1308 4045 1430 4095 sinit
1454 4050 1513 4095 ut
1538 4043 1774 4096 videatur
1802 4041 2064 4094 iteratum.
2094 4061 2112 4092 ›

584 4132 823 4201 Eadem
854 4119 1171 4199 respondens
1214 4128 1468 4196 Trojanus
1514 4127 1787 4196 episcOpus
1830 4127 1896 4180 ad
1932 4126 2120 4179 Eume-

614 4222 749 4275 rium
770 4221 1064 4289 episcopum
1097 4216 1372 4285 profitetur
1397 4230 1453 4269 se
1476 4217 1625 4289 quod
1646 4232 1673 4267 a
1700 4215 1984 4282 majoribus
2012 4223 2120 4267 sta-

618 4286 923 4379 tutum'icst,
948 4286 1310 4359 indubitanter
1336 4286 1778 4370 judicare,'quare
1816 4303 1887 4354 ita
1915 4302 2122 4355 conclu-

2191 591 2342 642 Luca:
2368 588 2594 646 Acberii,
2632 594 2757 638 tom.
2805 585 2890 636 IX.
2946 584 3190 651 Magister
3216 583 3479 636 Robertus
3506 584 3571 635 de
3597 582 3717 635 Fla-

2193 680 2430 730 mesiiure
2459 678 2510 727 in
2550 690 2643 727 suo
2670 673 3020 726 Pmnitentiali
3053 680 3204 739 putat
3229 672 3463 740 Dionysii
3493 671 3718 724 Alexan-

2192 766 2325 818 drini
2375 764 2685 817 sententiam
2736 777 2839 813 non
2875 776 2990 813 esse
3028 760 3397 820 damnandam,
3431 760 3531 811 etsi
3577 773 3720 813 com—

2193 853 2400 904 munius
2427 851 2647 903 aliorum
2666 847 2919 915 judicium
2946 848 3107 902 tutius
3130 847 3410 900 existimet.
3504 867 3515 875 ι

2194 961 2390 1014 Selecta
2405 978 2465 1013 ca:
2482 958 2820 1017 Pwnitentiali
2834 974 2928 1010 ms.
2949 957 3153 1010 Roberti
3168 956 3515 1019 Flamesbure,
3532 957 3620 1009 lib.
3639 972 3714 1011 ιιι.

2217 1048 2559 1115 ,Baptismus
2630 1055 2709 1099 est
2766 1047 2923 1098 etiam
2978 1038 3041 1097 de
3108 1044 3399 1097 substantia
3450 1046 3653 1099 ordinis
3702 1062 3715 1095 :

2194 1137 2315 1203 quia
2362 1136 2650 1202 baptismus
2693 1142 2772 1186 est
2811 1134 2972 1201 janua
3017 1141 3071 1184 ct
3114 1131 3506 1185 fundamentum
3535 1172 3550 1193 ,
3617 1147 3717 1184 non

2195 1224 2361 1275 solum
2385 1223 2650 1285 ordinum,
2682 1220 2773 1273 sed
2798 1221 2956 1273 etiam
2980 1220 3214 1272 omnium
3249 1228 3717 1273 sacramentorum.

2196 1314 2343 1368 Unde
2389 1314 2650 1379 baptismo
2699 1327 2802 1365 non
2851 1312 3059 1374 habito,
3106 1312 3278 1365 nullus
3316 1312 3474 1373 ordo,
3521 1311 3719 1364 nullum

2197 1408 2578 1454 sacramentum
2609 1400 2909 1466 suscipitur.
2949 1399 3087 1452 Dicit
3114 1408 3287 1451 tamen
3317 1402 3540 1453 domnus
3565 1381 3721 1452 Inno—

2196 1491 2401 1542 centius
2431 1507 2442 1540 :
2471 1490 2608 1556 quod
2646 1490 2690 1542 si
2732 1489 2850 1556 quis
2882 1489 3041 1541 habet
3080 1489 3252 1550 iidem,
3290 1488 3414 1542 licet
3450 1505 3548 1543 nec
3585 1504 3720 1556 aqua

2198 1578 2496 1644 baptizatus
2550 1576 2726 1639 fuerit,
2773 1591 2869 1629 nec
2916 1576 3170 1643 sanguine
3210 1578 3442 1645 proprio,
3479 1585 3537 1629 ut
3578 1577 3638 1630 fit
3672 1579 3722 1628 iu

2200 1665 2471 1733 martyrio,
2501 1664 2739 1716 ordinem
2767 1663 3000 1730 suscipit.
3027 1662 3334 1731 Baptizatur
3356 1664 3495 1716 enim
3519 1665 3638 1730 quis
3672 1666 3722 1715 iu

2202 1752 2388 1820 spiritu
2419 1769 2431 1802 ε
2460 1760 2513 1804 ει
2539 1766 2605 1804 ex
2638 1766 2743 1818 quo
2769 1750 2927 1803 habet
2961 1749 3136 1811 (idem,
3165 1750 3325 1803 habet
3352 1758 3406 1803 et
3426 1750 3722 1804 Christum;

2203 1852 2258 1895 et
2284 1843 2354 1894 ita
2395 1842 2447 1893 in
2474 1840 2685 1895 Christo
2712 1841 3005 1907 baptizatus
3049 1847 3150 1902 est,
3181 1839 3267 1906 qui
3304 1848 3385 1891 est
3417 1839 3727 1892 fundamen-

2203 1938 2311 1981 tum
2348 1930 2580 1981 omnium
2608 1929 2884 1981 bonorum.
2927 1926 3264 1980 Sacerdotem
3295 1936 3466 1979 tamen
3506 1943 3607 1979 non
3641 1929 3727 1979 Iza-

2201 2016 2452 2095 ptizatum
2505 2014 2628 2067 fecit
2687 2014 2943 2081 baptizari
2994 2020 3046 2066 et
3095 1999 3424 2071 reordiuari,
3479 2014 3601 2080 quia
3653 2015 3728 2065 sic.

2203 2098 2480 2159 senserunt
2499 2103 2911 2172 pnedeeessores
2937 2100 3049 2168 ejus
3073 2118 3085 2153 :
3110 2110 3163 2153 et
3188 2101 3288 2153 hoc
3313 2102 3474 2153 tutius
3491 2109 3589 2153 est.
3655 2151 3661 2157 ,

2273 2194 2341 2246 Et
2368 2211 2537 2246 omnes
2559 2209 2683 2262 quos
2713 2193 2855 2260 prius
2885 2190 3174 2258 baptizavit.
3217 2189 3495 2258 Presbyter
3519 2189 3610 2255 qui
3641 2191 3730 2241 de-

2203 2282 2484 2350 prehendit
2510 2294 2568 2334 se
2614 2294 2717 2332 non
2744 2293 2860 2332 esse
2888 2278 3230 2344 baptizatum.
3285 2276 3348 2327 Et
3373 2275 3580 2342 quidem
3620 2276 3729 2326 fue-

2205 2378 2324 2423 runt
2374 2369 2463 2438 qui
2506 2369 2758 2421 rebantur
2804 2380 2896 2419 eos
2937 2365 3025 2432 qui
3067 2364 3186 2416 laici
3229 2361 3398 2416 eil‘ecti
3445 2370 3585 2424 sunt,
3634 2377 3731 2415 nec

2204 2442 2501 2526 baptizandi
2542 2456 2736 2509 habere
2774 2461 3117 2522 potestatem,
3156 2460 3214 2504 ut
3256 2458 3468 2505 sanctus
3505 2449 3732 2502 Basilius

2206 2553 2433 2599 testatur
2471 2543 2522 2595 in
2560 2543 2713 2609 epist.
2745 2541 2997 2594 canonica
3025 2541 3095 2593 ad
3113 2537 3555 2606 Amphilochium,
3583 2553 3633 2589 c.
3665 2538 3727 2589 ιε

2212 2653 2230 2684 ι
2265 2633 2363 2698 Qui
2407 2639 2582 2685 autem
2620 2630 2827 2697 abrupti
2867 2637 3009 2692 sunt,
3055 2628 3175 2680 laici
3217 2626 3386 2680 elfeeti
3428 2640 3525 2679 nec
3566 2626 3734 2692 bapti-

2207 2722 2358 2775 zandi
2383 2735 2481 2773 nec
2499 2717 2774 2771 ordinandi
2801 2717 2994 2770 habent
3015 2724 3346 2785 potestatem,
3375 2722 3475 2768 etc.
3509 2736 3525 2764 ι
3559 2714 3732 2778 Quare

2206 2826 2297 2864 eos
2324 2809 2412 2878 qui
2454 2809 2521 2861 ab
2560 2807 2687 2875 ipsis
2725 2806 2973 2874 baptizati
3012 2813 3181 2866 erant,
3222 2812 3466 2872 tanquam
3513 2819 3543 2856 a
3582 2804 3729 2856 laicis

2206 2897 2527 2964 baptizatos,
2564 2896 2833 2963 jusserunt
2877 2893 2943 2945 ad
2986 2893 3259 2947 ecclesiam
3296 2892 3566 2945 venientes
3608 2907 3734 2944 vero

2210 2984 2456 3038 Ecclesia:
2511 2984 2772 3051 baptismo
2802 2982 3099 3050 expurgagi.
3130 2980 3293 3039 Porro
3341 2980 3563 3048 quaestio
3588 2987 3732 3032 tanta

2207 3080 2308 3135 est,
2332 3081 2506 3125 utrum
2532 3079 2587 3123 et
2612 3071 2677 3123 ab
2703 3069 2767 3123 iis
2785 3070 2874 3136 qui
2901 3082 3169 3135 nunquam
3194 3066 3405 3121 fuerunt
3423 3066 3732 3135 Christiani.

2209 3161 2374 3227 possit
2410 3159 2700 3226 baptismus
2735 3157 2871 3219 dari,
2906 3164 2965 3209 ut
2993 3151 3206 3210 sanctus
3229 3155 3552 3224 Augustinus
3579 3156 3643 3209 de
3669 3171 3732 3207 ea

2209 3247 2340 3302 nihil
2365 3246 2557 3300 audeat
2587 3245 2848 3299 aﬂirmare
2875 3244 3010 3299 libro
3037 3260 3075 3297 ιι
3103 3254 3284 3299 contra
3309 3245 3585 3312 epistolam
3606 3245 3737 3300 Par-
3796 3233 3815 3243 ⁸

2210 3335 2460 3397 meniani,
2504 3334 2624 3402 'cap.
2656 3333 2739 3385 12.
2789 3350 2807 3382 ι
2849 3332 2916 3384 Ει
2961 3329 3351 3398 haecquidem,
3400 3332 3586 3400 inquit,
3632 3331 3733 3385 alia

2208 3422 2429 3490 quaestio
2463 3428 2564 3485 est,
2603 3429 2779 3473 utrum
2807 3429 2860 3473 et
2896 3420 2962 3473 ab
2994 3420 3058 3473 iis
3095 3420 3185 3487 qui
3220 3434 3487 3488 nunquam
3523 3421 3736 3475 fuerunt

2209 3510 2515 3573 Christiani,
2547 3510 2713 3577 possit
2749 3508 3039 3576 baptismus
3078 3507 3189 3561 dari
3225 3523 3237 3558 :
3275 3521 3372 3561 nec
3411 3508 3607 3576 aliquid
3651 3518 3732 3562 te-

2210 3611 2355 3651 mere
2402 3597 2521 3651 inde
2564 3595 2922 3649 afﬂrmandum
2970 3602 3054 3649 est
3105 3596 3218 3648 sine
3261 3595 3573 3648 auctoritate
3599 3602 3734 3647 tant.

2212 3686 2440 3748 concilii,
2462 3691 2714 3754 quantum
2737 3691 2893 3737 tanta:
2915 3684 2991 3736 rei
3013 3681 3217 3737 subicit.
3247 3702 3266 3733 ι
3290 3682 3401 3736 Non
3427 3683 3591 3738 multo
3618 3693 3739 3752 post

2211 3776 2397 3829 Patres
2438 3775 2642 3828 concilii
2670 3773 3094 3840 Compendiensis
3128 3774 3465 3845 quazstiouem
3518 3772 3735 3827 delinie-

2218 3871 2356 3923 runt,
2391 3875 2505 3914 can.
2536 3861 2608 3914 9:
2649 3877 2667 3908 ι
2704 3860 2760 3913 Si
2796 3860 2914 3928 quis
2941 3860 3235 3928 baptizatus
3273 3866 3352 3911 est
3377 3874 3407 3911 a
3430 3861 3737 3930 presbytero

2215 3962 2317 4003 non
2354 3949 2645 4016 baptizato,‘
2674 3956 2727 4002 et
2770 3955 2949 4001 sancta
2975 3947 3207 4000 Trinitas
3242 3946 3294 4000 in
3333 3946 3447 4014 ipso
3473 3946 3737 4015 baptismo

2217 4038 2453 4089 invocata
2491 4036 2669 4097 fuerit,
2697 4062 2700 4064 η
2729 4035 3021 4102 baptizatus
3057 4043 3170 4097 est,
3199 4035 3334 4088 sicut
3360 4033 3576 4103 Sergius
3604 4049 3736 4104 papa

2217 4125 2366 4177 dixit.
2403 4143 2421 4174 ι
2492 4123 2637 4176 Unde
2674 4123 2920 4191 magister
2966 4122 3223 4176 Robertus
3255 4123 3319 4175 de
3355 4122 3595 4187 Chorcon
3632 4139 3734 4178 non

2216 4198 2419 4264 dubitat
2463 4224 2698 4263 asserere
2739 4209 3051 4277 baptismum
3094 4211 3159 4263 ab
3188 4208 3524 4265 inﬁdelivere
3549 4211 3729 4265 datum

2217 4288 2373 4352 esse:
2406 4299 2449 4351 si
2487 4298 2721 4351 intendat
2760 4298 3072 4368 immergere
3094 4340 3108 4363 ,
3148 4314 3211 4354 eo
3247 4300 3400 4353 modo
3435 4315 3543 4368 quo
3582 4302 3735 4355 docet

617 4394 728 4445 dit:
763 4410 780 4441 ι
813 4392 1071 4444 Statutum
1098 4391 1302 4449 noveris
1334 4398 1389 4442 ut
1414 4390 1707 4457 quicunque
1731 4404 1787 4442 se
1805 4390 2121 4457 baptizatum
2150 4401 2195 4458 ι)
2220 4384 2473 4448 Ecclesia,
2517 4387 2755 4452 quamvis
2801 4401 2902 4437 non
2948 4384 3081 4438 ferat
3125 4387 3355 4440 animum
3397 4387 3465 4441 ad
3509 4386 3733 4442 fructum

621 4483 781 4537 fuisse
822 4496 922 4534 non
970 4481 1166 4540 recolit,
1210 4494 1307 4534 nec
1348 4481 1414 4532 ab
1462 4478 1559 4531 alia
1583 4493 1804 4545 persona
1849 4480 1901 4531 id
1928 4478 2121 4530 tactum

623 4568 779 4621 fuisse
820 4568 1090 4635 probatur,
1135 4566 1450 4634 baptismum
1500 4565 1693 4631 absque
1734 4564 1837 4615 ulla
1880 4564 2124 4618 dilatione

621 4658 890 4726 percipiat,
933 4672 999 4709 ne
1035 4671 1064 4708 a
1107 4655 1255 4709 nobis
1302 4654 1440 4707 illius
1485 4654 1657 4705 anima
1703 4653 1745 4705 si
1784 4652 1821 4704 a'
1852 4653 2125 4719 laptizatis

621 4750 860 4813 separata
901 4741 1074 4804 fuerit,
1121 4742 1431 4809 requiratur.
1475 4761 1492 4805 ρ
1544 4741 1669 4792 Vide
1706 4740 2014 4807 Gregorium
2060 4736 2123 4801 ll,

536 4872 543 4888 λ,
618 4835 772 4901 epist.
797 4833 879 4893 1'5,
909 4848 955 4884 c.
986 4831 1049 4894 9;
1105 4830 1479 4897 Excerptiones
1521 4828 1729 4896 Egberti
1762 4827 2123 4889 Eboracensis,

624 4938 670 4975 c.
708 4920 804 4983 M;
858 4919 1162 4986 Gregorium
1205 4917 1290 4979 III,
1333 4918 1485 4984 epist.
1512 4917 1562 4979 l,
1611 4932 1657 4968 c.
1688 4915 1738 4967 5.
1785 4915 1928 4968 Tunc
1971 4915 2128 4982 igitur

627 5006 872 5074 temporis
898 5005 1033 5058 nulla
1072 5004 1497 5070 interponebatur
1529 5004 1771 5056 conditio.
1803 5002 1961 5054 Actus
1986 5003 2125 5054 enim

624 5095 874 5165 legitimi,
932 5101 990 5145 ut
1037 5092 1316 5159 loquuntur
1355 5090 1674 5158 iurisperiti,
1723 5106 1824 5143 non
1875 5090 2129 5157 recipiunt

624 5183 989 5237 conditionem.
1057 5180 1114 5232 Si
1164 5190 1335 5232 tamen
1380 5193 1748 5245 nonnunquam
1802 5178 1958 5230 taci:e
1996 5178 2128 5230 rcci-

625 5272 802 5337 piant:
833 5283 946 5335 quae
979 5275 1155 5333 aperte
1178 5267 1552 5332 comprehensa
1581 5266 1763 5317 vitium
1802 5262 1990 5316 adfert.
2031 5263 2126 5315 At-

629 5366 798 5407 tamen
834 5360 1023 5413 statuta
1059 5353 1224 5406 sancti
1250 5351 1499 5404 Bonifacii
1526 5350 1806 5419 Moguntini
1834 5351 1928 5403 sub
1953 5351 2130 5402 condi—

628 5445 765 5495 tione
805 5442 1163 5509 baptizandum
1212 5440 1480 5502 Sanciunt,
1530 5453 1646 5513 cap.
1684 5439 1769 5491 28.
1819 5438 1909 5491 llis
1956 5447 2128 5491 tamen

629 5528 800 5580 verbis
825 5528 1102 5593 prmmissis
1133 5545 1145 5577 :
1173 5526 1285 5579 Non
1315 5534 1364 5580 te
1398 5527 1682 5594 rebaptizo,
1714 5527 1804 5579 sed
1833 5527 1874 5579 si
1902 5527 2129 5578 nondum

628 5631 684 5668 es
707 5617 1010 5683 baptizatus,
1046 5616 1253 5685 baptizo
1280 5626 1327 5670 te
1372 5617 1421 5669 in
1448 5615 1655 5669 nomine
1684 5614 1875 5679 Patris,
1906 5624 1957 5669 et
1987 5614 2125 5679 Filii,

672 5826 683 5865 ἰ

2216 4474 2559 4556 Βηριὶεωί,.ει
2581 4474 2723 4527 illum
2756 4490 2853 4542 pro
2881 4474 3097 4528 ridiculo
3126 4476 3332 4529 habeat.
3423 4493 3426 4497 ’

2220 4583 2415 4637 Selecta
2433 4598 2495 4634 ea:
2512 4581 2722 4635 Summa
2736 4598 2831 4634 ms.
2856 4580 3059 4651 Roberti
3083 4583 3311 4651 magistri
3329 4583 3393 4637 de
3413 4580 3648 4648 Charm
3679 4586 3732 4637 in

2689 4658 2867 4717 qua'st.
2895 4650 2962 4702 38
2982 4688 2996 4712 ,
3028 4666 3138 4717 cap.
3174 4650 3256 4702 l0.

2287 4737 2391 4790 ille.
2412 4737 2501 4803 qui
2524 4737 2807 4802 immergit,
2844 4736 2888 4787 si
2911 4736 3132 4789 intendit
3157 4737 3207 4790 id
3239 4739 3379 4804 quod
3403 4737 3528 4791 facit
3555 4739 3731 4792 Eccle-

2221 4827 2297 4879 sia
2322 4825 2517 4886 facere,
2547 4831 2602 4876 et
2623 4839 2687 4877 eo
2709 4823 2809 4877 line
2832 4838 2935 4890 quo
2956 4824 3082 4877 facit
3105 4825 3336 4879 Ecclesia
3355 4863 3369 4888 ,
3401 4840 3504 4878 non
3530 4835 3615 4880 est
3637 4829 3731 4879 du-

2220 4914 2360 4966 bium
2389 4915 2514 4982 quin
2538 4913 2786 4981 baptizet.
2825 4912 2926 4965 Sed
2957 4904 3044 4979 qui
3079 4911 3300 4966 intendit
3327 4912 3636 4982 immergere
3667 4930 3728 4967 co

2224 5002 2375 5054 modo
2402 5016 2505 5068 quo
2544 5000 2777 5053 Ecclesia
2805 5000 2955 5053 docet
2976 5039 2990 5063 ,
3035 5001 3127 5053 sed
3153 5008 3323 5052 tamen
3358 5014 3460 5055 non
3490 5000 3726 5061 intendit,

2222 5088 2459 5141 conferre
2498 5087 2725 5141 fructum
2764 5088 3041 5155 baptismi,
3090 5088 3245 5141 alicui
3282 5096 3453 5154 potest
3488 5104 3604 5143 esse
3636 5090 3730 5142 du-

2222 5176 2383 5237 bium,
2415 5177 2541 5244 quin
2577 5175 2841 5244 baptizet:
2869 5186 2991 5243 puta
3037 5177 3225 5244 aliquis
3266 5176 3432 5229 ﬁdelis
3469 5178 3731 5232 commisit

2179 5312 2187 5316 .
2223 5263 2493 5330 parvulum
2540 5278 2691 5316 suum
2713 5263 2909 5314 inﬁdeli
2948 5277 3065 5315 eum
3106 5275 3323 5331 peregre
3344 5262 3609 5331 profectus
3627 5274 3726 5323 est,

2226 5352 2314 5403 tali
2345 5351 2546 5416 adjecta
2574 5351 2897 5411 conditione,
2929 5353 3068 5417 quod
3091 5352 3134 5403 si
3164 5351 3352 5404 viderit
3373 5351 3645 5418 parvulum
3675 5353 3725 5404 in

2224 5440 2473 5509 extremis
2500 5437 2822 5490 laborantem
2842 5474 2857 5497 ,
2885 5451 3003 5488 eum
3029 5438 3165 5490 trina
3188 5437 3413 5504 baptizet
3440 5438 3722 5490 immersin-

2226 5542 2311 5589 ne,
2338 5525 2435 5579 sub
2458 5526 2702 5592 przcdieta
2737 5524 2900 5578 forma
2933 5527 3206 5578 verborum
3227 5564 3241 5587 ,
3287 5539 3441 5593 quam
3482 5526 3569 5579 ille
3590 5525 3729 5590 ωηι-

2226 5614 2313 5666 cit.
2351 5613 2406 5665 In
2436 5612 2525 5665 tali
2554 5627 2678 5666 casu
2705 5613 2927 5666 dicimus
2952 5614 3089 5679 quod
3117 5612 3223 5677 ille,
3261 5628 3322 5666 ex
3352 5629 3455 5680 quo
3480 5613 3725 5666 SCI'itliiil"
