4010 6416
206 385 349 441 1125

1317 388 1867 443 OBSERVATIONES
1905 391 1987 444 ET
2028 392 2248 452 NOTAE.

3234 394 3368 447 1226

199 498 377 549 tezzdit
422 496 692 565 baptizare
720 536 733 559 ,
780 511 842 551 eo
890 499 1043 551 modo
1076 513 1179 565 quo
1207 498 1436 565 baptizat
1478 496 1731 558 Ecclesia,
1766 500 1807 552 Λ
1839 511 1934 548 nec
1981 498 2115 549 ultra
2168 508 2400 571 tenorem
2455 476 2686 564 paternis
2725 499 3014 554 eanouibus
3062 500 3362 566 deputatum

200 583 321 651 ipse
342 584 457 637 sine
482 585 644 639 dubio
673 587 898 652 baptizat
924 605 934 637 :
961 588 1200 653 quamvis
1222 602 1324 639 non
1352 586 1487 639 ferat
1510 586 1743 638 animant

200 671 269 722 ad
305 670 535 725 fructum
578 673 856 741 baptismi,
902 674 1009 729 imo
1039 690 1134 741 pro
1162 674 1385 726 ridiculo
1410 674 1600 726 habeat
1625 687 1740 725 om-

205 767 331 811 nem
356 759 608 814 fructum.

279 846 402 901 Non
445 849 561 902 licet
611 850 827 901 diacono
871 849 1002 901 t’a't'co
1040 849 1379 921 paenitentiam
1424 848 1566 900 dare.
1624 845 1740 899 Non

206 939 313 990 nisi
343 948 564 1006 cogente
591 940 908 992 necessitate
933 940 1091 992 licere
1118 939 1245 992 dicit
1272 936 1548 991 concilium
1571 935 1743 987 Elibe—

208 1028 469 1091 ritanum,
498 1043 615 1081 can.
650 1028 721 1080 52
747 1046 758 1079 :
804 1046 820 1077 ι
851 1027 998 1094 Apud
1032 1028 1398 1095 presbyterum
1420 1025 1464 1076 si
1486 1024 1603 1090 quis
1626 1034 1743 1089 gra-

208 1116 262 1166 vi
295 1117 443 1184 lapsu
488 1117 542 1169 in
589 1118 796 1169 ruinam
842 1117 1028 1170 mortis
1070 1116 1334 1177 inciderit,
1367 1114 1564 1182 placuit
1588 1126 1742 1178 agere

207 1203 577 1269 paenitentiam
607 1219 712 1255 non
740 1202 953 1265 debere,
983 1203 1075 1255 sed
1102 1203 1278 1271 potius
1305 1202 1371 1254 ad
1400 1202 1701 1268 episcopum
1725 1213 1738 1250 :

206 1297 431 1355 cogente
458 1297 632 1341 tamen
663 1282 998 1353 inﬁrmitate,
1031 1304 1245 1344 necesse
1270 1295 1350 1342 est
1378 1288 1740 1356 presbyterum

208 1376 634 1431 communionem
657 1388 909 1446 praestare
935 1378 1143 1439 debere,
1187 1386 1239 1430 et
1268 1377 1545 1430 diaconum
1572 1414 1587 1437 ,
1623 1375 1667 1427 si
1693 1374 1741 1427 ei

201 1464 427 1531 jusserit
467 1466 731 1519 sacerdos.
762 1484 780 1515 ι
825 1464 1052 1519 Sanetus
1099 1464 1391 1534 Cyprianus
1438 1464 1489 1516 in
1529 1478 1613 1530 ep.
1640 1460 1740 1513 ηε

214 1569 232 1600 ι
262 1550 320 1604 Si
366 1552 701 1606 incommodo
730 1552 904 1619 aliquo
952 1562 1006 1606 et
1054 1550 1371 1604 infirmitatis
1395 1548 1630 1618 periculo
1656 1560 1744 1599 oc-

208 1640 393 1729 cupati
416 1639 636 1701 fuerint,
662 1655 766 1692 non
787 1648 1086 1707 exspectata
1109 1640 1382 1708 praesentia
1407 1645 1585 1691 nostra
1607 1635 1743 1702 apud

210 1726 582 1799 presbyterum
609 1744 873 1796 quemque
911 1731 1222 1797 prtesentem
1241 1768 1255 1789 ,
1285 1728 1366 1781 vel
1401 1728 1442 1779 si
1472 1726 1744 1793 presbyter

212 1786 456 1886 repertus
482 1833 586 1871 non
616 1786 805 1880 fuerit,
836 1827 891 1870 et
913 1786 1104 1886 urgere
1138 1786 1310 1869 exitus
1334 1786 1583 1882 emperit,
1610 1786 1745 1880 apud
1778 1786 1819 1841 Β

210 1906 491 1958 diaconum
532 1918 742 1972 quoque
784 1904 1187 1971 exonnologesim
1237 1902 1409 1955 facere
1454 1900 1630 1953 delicti
1669 1899 1748 1951 sui

209 1993 436 2060 possint,
467 2000 526 2045 ut
558 2007 715 2044 manu
744 1991 821 2044 eis
857 1992 907 2043 in
934 1992 1244 2059 pmnitentia
1265 1989 1503 2057 imposita
1535 1989 1750 2040 veniant
1788 1988 1791 1989 ⁷

209 2079 277 2130 ad
321 2078 601 2131 Dominum
645 2093 763 2131 eum
818 2082 965 2145 pace.
1005 2076 1040 2128 »⁸
1085 2078 1152 2131 Et
1203 2077 1414 2145 quidem
1462 2075 1748 2128 secundum

209 2163 460 2230 Optatum
501 2173 555 2217 et
590 2165 967 2232 Hieronymum
992 2164 1196 2218 diaconi
1223 2171 1347 2216 sunt
1374 2162 1425 2214 in
1453 2160 1608 2213 tertio
1632 2174 1751 2228 gra-

209 2255 278 2305 du
304 2252 606 2306 sacerdotii.
643 2252 774 2307 Vide
818 2252 1163 2319 Halitgarium
1205 2251 1257 2305 in
1300 2248 1607 2319 prmfatione
1632 2246 1752 2301 Pte-

213 2340 503 2393 nitcntialis
536 2340 796 2404 Romani;
845 2340 1169 2409 Reginonem
1194 2378 1209 2403 ,
1254 2339 1344 2390 lib.
1374 2354 1391 2405 ι
1415 2339 1479 2390 de
1503 2335 1752 2390 ecclesia-

211 2430 364 2483 sticis
389 2429 708 2496 Disciplinis,
726 2428 928 2490 295,3
950 2426 1303 2480 Pmuitentiali
1319 2426 1584 2485 Romano;
1613 2424 1750 2477 sicut

211 2522 353 2574 enim
378 2518 696 2572 sacrilicium
721 2512 911 2571 oil'erre
945 2531 1051 2570 non
1079 2516 1270 2569 debent
1303 2513 1402 2567 nisi
1442 2512 1673 2581 episcopi
1699 2519 1754 2565 ct

212 2608 551 2677 presbyteri,
599 2606 792 2673 quibus
838 2605 1013 2659 claves
1066 2603 1211 2671 regni
1262 2599 1491 2654 cmlestis
1544 2595 1757 2652 tradita:

211 2703 337 2750 Sunt
356 2735 371 2757 ,
420 2695 500 2747 sic
521 2707 620 2747 nec
645 2690 1008 2761 paenitentiam
1034 2689 1230 2757 judicia
1259 2686 1347 2739 alii
1376 2687 1639 2752 usurpare‘
1657 2695 1748 2736 de-

212 2787 357 2838 lzent.
387 2783 525 2837 296:
573 2800 594 2833 ι
623 2780 680 2835 Si
720 2788 895 2834 autem
919 2779 1204 2833 necessitas
1228 2774 1485 2836 evenerit,
1516 2780 1570 2825 et
1597 2786 1749 2839 prcs-

210 2877 367 2945 byter
394 2888 500 2927 non
539 2871 697 2924 fuerit
726 2883 958 2939 prmsens
978 2908 993 2931 ,
1029 2867 1282 2920 diaconus
1304 2862 1553 2929 suscipiat
1580 2859 1751 2928 paeni-

213 2970 415 3014 tentem
473 2959 538 3012 ad
604 2964 844 3010 sanctam
903 2952 1342 3007 communionem.
1371 2968 1388 2998 ι
1442 2946 1751 3000 Theodorus

1841 587 2106 653 quidpiam
2140 597 2341 640 tentare
2368 588 2757 654 permittimus:
2784 589 2908 639 nihil
2945 603 3126 640 eorum
3162 590 3371 654 penit's

1841 691 1937 729 suo
1964 679 2256 731 ministerio
2286 678 2548 746 applicare
2574 693 2691 744 qua:
2727 678 2910 744 primis
2948 678 3220 730 ordinibus
3242 694 3368 745 pro-
3446 659 3452 665 ’

1838 766 1952 831 prie
1978 766 2208 818 decrevit
2234 766 2541 833 antiquitas.
2594 764 2803 831 Absque
2840 766 3082 831 episcopo
3108 765 3186 817 vel
3215 780 3363 831 pres-

1838 854 2025 921 bytero
2065 854 2335 920 baptizare
2385 868 2488 905 non
2528 856 2778 916 audeant,
2811 855 2940 913 nisi,
2971 854 3234 920 praedictis
3256 853 3365 905 for-

1840 951 1980 993 tasse
2006 940 2190 993 oﬂiciis
2216 941 2419 1009 longius
2456 942 2784 1001 constitutis,
2829 940 3111 993 necessitas
3139 949 3374 992 extrema

1840 1028 2003 1093 cogit,
2053 1030 2192 1094 quod
2235 1036 2287 1080 et
2326 1029 2473 1081 laicis
2514 1028 2829 1082 Christianis
2873 1027 3045 1081 facere
3071 1030 3374 1097 plerumque

1839 1116 2161 1167 conceditur.
2195 1135 2212 1165 ι
3000 1173 3002 1176 ν

1911 1204 2028 1255 Νοιι
2053 1220 2235 1271 panem
2265 1205 2407 1256 dare.
2440 1203 2597 1257 Conc.
2622 1206 2857 1267 Lao:lic.,
2886 1221 3003 1258 can.
3032 1204 3135 1257 25:
3179 1226 3197 1253 ι
3223 1204 3372 1269 Quo'l

1839 1304 1942 1343 non
1962 1298 2202 1357 oporteat
2228 1291 2499 1344 ministros
2531 1306 2720 1357 panem
2759 1292 2906 1354 dare,
2933 1292 3014 1344 vel
3049 1292 3265 1344 calicem
3287 1291 3377 1343 be-

1839 1379 2102 1431 nedicere.
2140 1378 2397 1431 Diaconos
2425 1379 2614 1446 priscis
2654 1379 2898 1431 Ecclesia
2931 1378 3135 1432 s:eculis
3164 1377 3373 1432 dedisse

1840 1479 2029 1532 panem
2057 1465 2108 1516 in
2133 1479 2235 1531 quo
2261 1466 2552 1532 gratiarum
2576 1464 2808 1517 actiones
2833 1472 2955 1516 sunt
2982 1473 3137 1525 actze,
3173 1472 3227 1517 et
3246 1464 3375 1516 eali-

1843 1566 1957 1605 cem
1989 1554 2321 1619 propinasse,
2358 1553 2488 1604 satis
2513 1566 2776 1620 superque
2799 1551 3165 1605 demonstrant
3188 1552 3375 1604 horum

1842 1647 2134 1706 temporum
2156 1639 2368 1692 Patres.
2401 1658 2419 1689 ι
2463 1638 2687 1692 Sanctus
2730 1637 2966 1692 Justinus
3017 1638 3070 1691 in
3127 1637 3377 1706 Apologia

1840 1726 1989 1794 juxta
2027 1725 2308 1778 Eusebium
2350 1725 2556 1792 prima:
2608 1743 2626 1772 ι
2650 1724 2863 1777 Diacooi
2903 1724 3221 1779 distribuunt
3260 1725 3378 1777 uni-

1846 1814 2036 1881 cuique
2073 1813 2409 1879 prtesentium
2437 1853 2451 1875 ,
2500 1826 2640 1875 eum,
2668 1813 2719 1864 in
2745 1826 2849 1879 quo
2872 1812 3053 1879 gratiae
3078 1819 3209 1864 acta:
3234 1818 3375 1872 sunt,

1845 1914 2057 1967 panem,
2093 1906 2195 1954 etc.
2238 1900 2403 1952 Porro
2447 1900 2751 1952 alimentum
2794 1900 2894 1951 hoc
2917 1899 3052 1966 apud
3080 1912 3180 1951 nos
3205 1898 3379 1966 appel-

1846 1990 1983 2042 latur
2022 1988 2370 2041 Eucharistia.
2403 2008 2420 2039 ι
2462 1986 2686 2041 Sanctus
2720 1986 3017 2055 Cyprianus
3053 1984 3119 2038 de
3152 1985 3373 2051 Lapsis:

1852 2095 1870 2126 ι
1900 2076 1998 2129 Ubi
2025 2090 2150 2131 vero
2176 2074 2495 2129 solemnibus
2538 2074 2835 2140 adiinpletis
2883 2072 3099 2126 calicem
3126 2072 3379 2127 diaconus

1846 2163 2038 2217 oﬂ'erre
2062 2164 2409 2231 prmsentibus
2452 2163 2639 2228 cmpit,
2681 2169 2784 2214 etc.
2812 2180 2831 2211 ι
2876 2159 3074 2212 Tamen
3102 2159 3387 2212 Tertullia-

1848 2267 1948 2305 nus
1989 2250 2235 2319 Cypriani
2286 2244 2539 2316 magister
2587 2247 2928 2301 Eucharistite
2989 2255 3374 2300 sacramentum

1847 2356 1946 2394 nec
1971 2340 2035 2393 de
2060 2341 2282 2393 aliorum
2326 2354 2482 2391 manu
2523 2353 2680 2405 quam
2717 2336 3105 2406 prmsideutium
3135 2335 3269 2389 sumi
3300 2344 3378 2387 te-

1846 2439 2017 2484 statur
2037 2430 2128 2483 lib.
2161 2430 2227 2482 de
2252 2427 2480 2491 Corona,
2502 2443 2617 2495 cap.
2650 2427 2701 2479 2.
2745 2426 2932 2479 Postea
2955 2424 3183 2479 Sanctus
3208 2423 3376 2477 Atha-

1848 2517 2027 2570 nasius
2052 2517 2116 2569 de
2138 2514 2461 2584 propinando
2489 2515 2742 2581 sanguine
2785 2512 2981 2566 Christi
3026 2511 3255 2564 atiirmat
3285 2525 3378 2563 ne-

1846 2605 1974 2657 mini
2002 2604 2102 2656 hoc
2125 2602 2305 2665 licere,
2352 2600 2453 2653 nisi
2492 2598 2887 2653 sacerdotibus:
2936 2615 2953 2647 ι
2984 2598 3225 2649 Vestrum
3245 2634 3260 2659 ,
3293 2596 3376 2649 in-

1848 2690 1964 2758 quit
2007 2690 2058 2741 in
2084 2688 2336 2756 ApOIOgia
2375 2687 2624 2749 secunda,
2653 2685 2977 2739 solummodo
2996 2691 3077 2737 est
3096 2683 3378 2751 propinare

1847 2777 2037 2846 populo
2080 2775 2386 2843 sanguinem
2433 2773 2630 2828 Christi
2654 2811 2670 2835 .
2694 2771 2769 2830 let
2815 2781 3069 2841 prmterea
3106 2771 3315 2825 nullius.
3355 2790 3372 2821 I

1846 2865 1977 2919 Cum
2022 2864 2310 2917 Athanasio
2340 2861 2566 2916 Joannes
2600 2860 3005 2930 Chrysostomus
3041 2861 3117 2915 sic
3149 2861 3381 2929 loquitur

1847 2952 1901 3004 in
1924 2950 2137 3003 homilia
2164 2948 2231 3001 46
2261 2949 2312 3001 in
2350 2957 2507 3016 caput
2551 2963 2643 3000 xm
2667 2947 2934 3000 Matthzei:
2970 2966 2987 2996 ι
3021 2945 3204 3000 Nonne
3230 2946 3379 2998 vides

213 3048 484 3117 subiungit
507 3061 523 3099 :
553 3064 570 3096 ι
595 3044 699 3100 Sed
716 3042 946 3111 episcopi
964 3050 1055 3094 aut
1067 3037 1357 3107 presbyteri
1378 3035 1503 3087 dare
1524 3033 1746 3095 debent;
1775 3071 1820 3132 ο
1848 3038 1969 3105 quia
1998 3037 2097 3090 soli
2122 3036 2382 3089 sacerdoti
2413 3035 2492 3088 fas
2521 3043 2602 3088 est
2621 3034 2890 3103 sanguinis
2916 3034 3137 3088 calicem
3159 3033 3249 3086 tibi
3273 3041 3377 3085 tra-

214 3141 261 3193 si
289 3137 599 3208 presbyteri
630 3136 858 3190 habeant
901 3140 1241 3203 potestatem,
1288 3141 1407 3185 non,
1434 3134 1607 3178 tamen
1635 3124 1749 3177 sine

209 3225 361 3292 jussu
404 3222 678 3292 episcopi,
725 3222 862 3275 sicut
900 3219 1176 3287 declarant
1216 3212 1481 3282 prmdictte
1530 3210 1746 3264 Patrum

219 3314 583 3367 auctoritates.
630 3328 649 3361 ι
692 3306 842 3373 Quod
882 3306 1160 3361 conﬁrmat
1202 3300 1455 3369 magister
1493 3297 1751 3351 Robertus

218 3398 285 3452 de
307 3398 552 3473 Chprcon
574 3396 629 3448 in
653 3407 750 3447 sua
774 3390 1011 3446 Summa.
1222 3388 1225 3389 ⁷

225 3504 425 3558 Selecta
454 3519 517 3555 ex
533 3500 747 3556 Summa
779 3515 872 3551 ms.
906 3496 1140 3566 magistri
1162 3496 1373 3566 rRoberti
1400 3495 1464 3566 de
1496 3493 1750 3555 Chorcon,

211 3580 230 3592 '
496 3571 553 3621 in
582 3568 777 3632 Quam.
808 3568 870 3619 de
902 3562 1226 3627 Paenitentia,
1249 3581 1361 3633 cap.
1392 3562 1479 3621 46.

293 3660 528 3715 Dicimus
555 3656 696 3724 quod
724 3657 827 3708 duo
861 3655 1130 3721 praemissa
1149 3691 1164 3716 ,
1204 3654 1403 3706 scilicet
1429 3653 1556 3706 dare
1583 3648 1757 3703 consi-

225 3751 376 3808 lium,
403 3754 459 3800 et
494 3743 856 3813 paenitentiam
898 3741 1161 3805 indicere,
1202 3741 1516 3794 conveniunt
1544 3738 1757 3792 cuilibet

227 3838 402 3890 alieno
421 3831 684 3887 sacerdoti
710 3847 724 3883 :
754 3830 798 3885 si
825 3838 1001 3883 tamen
1042 3830 1236 3883 habeat
1261 3829 1385 3881 illud
1410 3843 1504 3894 per
1532 3825 1757 3893 speciale

231 3924 539 3977 mandatum
564 3918 853 3985 superioris
870 3956 886 3979 ,
919 3925 978 3968 ut
997 3916 1226 3984 episcopi
1255 3916 1355 3968 loci
1380 3914 1460 3967 vel
1481 3913 1639 3979 legati
1666 3912 1757 3964 do-

166 4003 175 4010 ’
229 4009 357 4063 mini
392 4020 561 4075 papae.
603 4002 752 4076 Unde
783 4001 1089 4055 claustrales
1117 4000 1174 4053 S.
1204 4000 1428 4053 Victoris
1464 4013 1566 4051 non
1597 3997 1760 4050 habe-

229 4106 345 4149 rent
368 4097 470 4148 hoc
491 4092 592 4147 nisi
623 4092 688 4145 de
711 4090 958 4143 mandato
979 4088 1207 4157 episcOpi
1229 4088 1558 4140 Parisieusis.
1611 4084 1759 4138 Unde

232 4197 329 4236 nec
352 4181 452 4249 ipsi
478 4194 578 4233 nec
604 4178 767 4246 aliqui
800 4166 886 4230 alii
916 4178 1029 4230 sine
1068 4176 1313 4229 mandato
1338 4174 1531 4228 domini
1557 4172 1759 4240 episco-

230 4268 282 4337 pi
302 4273 526 4337 possuut
546 4277 605 4317 se
631 4265 697 4316 ad
726 4263 824 4316 hoc
847 4263 1133 4314 intrudere.

1850 3126 2014 3180 dere?
2044 3145 2060 3176 ι
2092 3125 2257 3178 Porro
2284 3125 2348 3177 de
2369 3124 2520 3178 istius
2549 3125 2688 3177 modi
2723 3124 2910 3178 ritibus
2938 3131 3146 3190 oportet
3171 3137 3379 3189 semper

1849 3211 2120 3265 attendere
2165 3226 2266 3262 non
2323 3209 2491 3263 solum
2538 3219 2811 3276 tempora,
2866 3207 2955 3261 sed
2997 3215 3050 3260 et
3072 3208 3203 3261 loca.
3245 3208 3375 3260 Nam

1847 3301 1988 3353 circa
2014 3308 2248 3367 tempora
2272 3297 2488 3352 Joannis
2513 3292 2900 3366 Chrysostomi,
2930 3297 2983 3349 in
3012 3297 3162 3364 cujus
3198 3296 3381 3350 Eccle-

1850 3385 1928 3438 sia
1954 3385 2051 3438 soli
2087 3385 2388 3438 sacerdotes
2410 3385 2625 3437 calicem
2658 3385 3005 3453 propinabant
3022 3423 3040 3447 ,
3063 3385 3119 3447 in
3146 3376 3377 3438 Ecclesia

1848 3473 2231 3527 Mcdiolanensi
2267 3480 2489 3526 testatur
2514 3472 2820 3525 Ambrosius
2860 3472 3017 3524 etiam
3055 3472 3238 3523 viduas
3264 3486 3381 3524 cor-

1850 3578 1953 3632 pus
1992 3570 2047 3615 et
2092 3561 2400 3629 sanguinem
2442 3559 2639 3613 Christi
2676 3559 3019 3620 ministrasse,
3042 3558 3174 3610 libro
3196 3559 3260 3610 de
3290 3559 3381 3611 Vi-

1852 3650 1968 3703 duis
1990 3661 2006 3700 :
2039 3665 2057 3697 t
2084 3646 2254 3699 Simul
2280 3646 2453 3723 qualis
2482 3660 2599 3700 esse
2640 3645 2828 3698 debeat
2852 3661 2966 3713 qua:
2990 3644 3201 3698 Christo
3222 3645 3377 3697 mitti-

1853 3746 2007 3802 strat,
2030 3737 2341 3792 ostenditur.
2391 3735 2609 3803 Oportet
2652 3750 2767 3788 eam
2806 3735 2974 3801 primo
3008 3748 3188 3786 carere
3209 3733 3381 3786 varia-

1858 3844 1976 3882 rum
2002 3827 2263 3881 illecebris
2300 3826 2641 3894 voluptatum,
2657 3825 2833 3896 ,vitare
2858 3825 3120 3877 internum
3145 3823 3383 3891 corporis

1857 3917 2123 3982 animique
2148 3897 2469 3983 languorem,
2493 3921 2551 3964 ut
2575 3900 2762 3979 corpus
2788 3921 2838 3965 ct
2859 3913 3163 3979 sanguinem
3184 3911 3381 3965 Christi

1856 4006 2141 4066 ministret,
2162 4011 2263 4057 etc.
2296 4022 2313 4052 ι
2367 4002 2645 4071 Dionysius
2671 4002 3050 4054 Alexandrinus
3088 4001 3139 4053 in
3163 3998 3383 4067 epistola

1859 4095 1922 4146 ad
1953 4093 2203 4153 Fabium,
2244 4091 2380 4159 apud
2416 4088 2695 4143 Eusebium
2726 4089 2843 4141 libr.
2872 4104 2923 4141 vi
2966 4087 3125 4150 Hist.,
3151 4102 3266 4155 cap.
3293 4085 3378 4145 ﬂ.

1858 4179 2042 4234 scribit
2069 4193 2233 4247 puero
2257 4177 2644 4230 Encharistiam
2672 4178 2845 4229 datam
2870 4189 2987 4229 esse
3025 4189 3054 4227 a
3090 4174 3383 4236 sacerdote,

1860 4277 1916 4321 ut
1943 4268 2269 4320 ministraret
2295 4264 2589 4332 Serapioni.
2641 4281 2658 4313 ι
2683 4263 2785 4316 Sed
2809 4264 3075 4329 quoniam,
3108 4262 3296 4329 inquit,
3329 4262 3382 4314 in

298 4352 521 4407 Diacom'
561 4358 769 4419 possunt
812 4348 1089 4417 baptizare.
1137 4345 1231 4399 Jus
1262 4347 1445 4407 datur,
1485 4346 1623 4412 quod
1653 4360 1755 4398 non

1862 4359 2123 4412 mandatis
2149 4359 2398 4411 dederam
2427 4364 2485 4407 ut
2510 4354 2799 4415 morituris,
2827 4354 2870 4407 si
2897 4360 3156 4420 peterent,
3183 4360 3238 4404 et
3268 4366 3379 4404 ma-

232 4440 393 4496 habet
419 4437 524 4491 nisi
546 4435 775 4505 episcopi
803 4434 1115 4488 auctoritate
1150 4429 1363 4506 propter
1399 4433 1642 4486 Ecclesia:
1666 4434 1754 4486 ho-

217 4508 447 4582 norem;
467 4507 686 4579 Tertull.
713 4523 778 4577 de
797 4522 1081 4590 Baptisino,
1112 4534 1225 4587 cap.
1258 4520 1317 4571 l7
1346 4537 1358 4572 :
1399 4539 1415 4569 ι
1445 4520 1610 4572 Dandi
1637 4520 1755 4586 qui-

234 4615 350 4668 dem
373 4612 537 4667 habet
553 4609 643 4677 jus
670 4624 905 4663 summus
925 4608 1185 4670 sacerdos,
1215 4612 1303 4675 qui
1339 4618 1419 4662 est
1445 4608 1755 4676 episcopus;

236 4703 428 4757 dehinc
474 4698 764 4769 presbyteri
812 4706 866 4751 et
903 4699 1138 4761 diaconi;
1180 4715 1283 4752 non
1311 4709 1483 4752 tamen
1511 4700 1624 4751 sine
1652 4700 1762 4767 epi-

232 4789 379 4855 scopi
421 4786 734 4839 auctoritate
781 4793 995 4852 propter
1037 4784 1285 4841 Ecclesia:
1324 4789 1617 4840 honorem:
1659 4802 1762 4855 quo

240 4873 384 4927 salvo
408 4872 554 4937 salva
580 4886 684 4940 pax
707 4878 810 4924 est.
839 4888 859 4921 ι
893 4870 1119 4924 Sanctus
1139 4872 1484 4940 Hieronymus
1512 4874 1762 4927 adversus

240 4960 640 5015 Luciferianos:
675 4976 694 5008 ι
721 4958 967 5013 Ecclesia:
1004 4958 1144 5011 salus
1168 4959 1220 5010 in
1249 4960 1436 5012 summi
1476 4961 1763 5014 sacerdotis

242 5049 495 5117 dignitate
518 5046 748 5116 pendet:
795 5046 881 5098 cui
920 5047 964 5100 si
1001 5060 1103 5099 non
1131 5040 1314 5104 exsors
1352 5047 1587 5113 quantam
1617 5055 1670 5100 et
1698 5050 1764 5100 ab
1792 5049 1806 5059 ‘

242 5134 488 5188 omnibus
525 5131 768 5187 eminens
805 5132 962 5185 detur
999 5140 1249 5201 potestas,
1297 5141 1375 5186 tot
1412 5133 1466 5186 in
1519 5133 1765 5189 Ecclesiis

245 5222 533 5279 emciattnr
555 5221 839 5277 schismata
866 5230 996 5289 quot
1019 5223 1337 5276 sacerdotes.
1374 5223 1501 5277 Inde
1536 5226 1679 5277 venit
1705 5234 1764 5278 ut

244 5314 355 5368 sine
378 5311 673 5369 chrismate
692 5317 747 5362 et
770 5308 997 5378 episcopi
1014 5308 1270 5376 iussione,
1283 5325 1453 5378 neque
1470 5312 1763 5379 presbyter,

244 5414 412 5468 neque
433 5399 714 5458 diaconus,
734 5395 823 5463 jus
854 5395 1081 5449 habeant
1100 5395 1416 5463 baptizandi.
1450 5416 1468 5448 ι
1491 5396 1767 5450 Gelasiusl

242 5489 306 5541 ad
332 5489 615 5557 episcopos
640 5481 904 5547 Lucanite,
931 5484 1085 5552 epist.
1119 5483 1172 5547 9,
1213 5498 1330 5551 cap.
1365 5485 1395 5535 7
1422 5502 1435 5537 :
1472 5504 1490 5535 ι
1512 5485 1768 5539 Diaconos

243 5585 452 5643 quoque
488 5568 761 5638 propriam
805 5568 1172 5624 constituimus
1212 5581 1424 5623 servare
1445 5584 1765 5636 mensuram,

1855 4446 1994 4498 xime
2032 4445 2079 4498 si
2107 4451 2262 4496 antea
2301 4441 2606 4514 suppliciter
2635 4440 3014 4508 postulassent,
3039 4439 3188 4492 venia
3215 4438 3385 4491 indul-

1856 4540 2083 4600 geretur,
2100 4545 2208 4598 guo
2232 4531 2381 4583 bona:
2403 4522 2515 4597 spei
2548 4528 2685 4596 pleni
2717 4542 2782 4581 ex
2809 4528 2904 4581 hac
2929 4528 3035 4579 vita
3066 4526 3379 4595 migrarent;

1857 4621 2097 4687 exiguam
2129 4618 2469 4671 Eucharistiae
2498 4626 2700 4682 partem
2739 4630 2900 4682 puero
2931 4614 3163 4675 tradidit,
3193 4612 3386 4679 iubens

1858 4714 1929 4779 ut.
1950 4707 2001 4758 in
2046 4719 2179 4771 aqua
2226 4704 2497 4756 intinctam
2538 4703 2650 4756 seni
2699 4702 2750 4753 in
2781 4717 2841 4754 os
2881 4700 3175 4755 instillaret.
3206 4720 3225 4752 ι
3257 4700 3386 4765 Quae

1858 4792 2034 4846 omnia
2056 4799 2238 4859 postea
2267 4790 2482 4842 omnino
2509 4790 2778 4843 interdixit
2798 4792 3026 4857 synodus
3049 4787 3382 4850 Rhemensis,

1859 4895 1976 4933 can.
2021 4877 2092 4929 2:
2142 4895 2160 4926 ι
2188 4877 2433 4930 Pervenit
2469 4879 2534 4930 ad
2565 4878 2804 4930 notitiam
2843 4885 3073 4929 nostram
3101 4875 3239 4943 quod
3266 4877 3383 4944 qui-

1860 4967 1977 5019 dam
2006 4966 2295 5033 presbyteri
2321 4966 2370 5017 in
2401 4972 2603 5017 tantum
2634 4966 2782 5031 parvi
2807 4966 3036 5032 pendant
3064 4966 3235 5019 divina
3265 4979 3379 5032 my-

1860 5056 2019 5108 steria
2044 5093 2059 5116 ,
2101 5064 2159 5106 ut
2187 5053 2319 5105 laico
2345 5052 2426 5105 vel
2468 5051 2675 5106 femina:
2719 5070 2922 5108 sacrum
2958 5070 3147 5123 corpus
3177 5053 3383 5107 Domini

1864 5141 2072 5195 tradant
2093 5140 2158 5213 ad
2183 5139 2521 5194 deferendum
2547 5141 2770 5195 infirmis
2795 5160 2807 5193 :
2845 5150 2899 5196 et
2925 5144 3115 5210 quibus
3142 5141 3387 5209 prohibe-

1863 5238 1965 5287 tur,
1993 5241 2056 5277 ne
2084 5226 2371 5297 sacrarium
2399 5225 2778 5293 ingrediantur,
2810 5242 2877 5280 ne
2906 5229 2970 5281 ad
2995 5227 3162 5281 altare
3196 5240 3383 5293 appro-

1863 5314 2134 5381 pinquent,
2169 5313 2271 5366 illis
2285 5320 2465 5367 sancta
2488 5322 2785 5367 sanctorum
2814 5316 3219 5369 committantur.
3237 5314 3387 5380 Quod

1864 5415 2018 5467 quam
2047 5402 2117 5453 sit
2145 5401 2396 5454 horribile
2420 5402 2652 5454 omnium
2677 5392 3038 5472 religiosorum
3061 5401 3387 5456 animadver-

1867 5489 1928 5541 tit
1953 5488 2246 5564 prudentia.
2300 5488 2463 5555 lgitur
2513 5490 2779 5544 interdicit
2821 5506 2915 5558 per
2946 5492 3121 5544 omnia
3159 5488 3389 5557 synodus

1868 5587 1931 5627 ne
1954 5572 2071 5626 talis
2092 5574 2373 5627 temeraria
2413 5576 2752 5645 prmsumptio
2792 5577 3009 5632 ulterius
3051 5576 3171 5628 ﬁat:
3202 5575 3385 5630 sed—in
