4010 6470
698 479 828 540 H21

1757 469 1846 532 AD
1884 471 2408 533 MNlTENTlALE
2446 472 2781 532 TllEODORl

3723 470 3852 535 ιιη

697 585 1011 640 omnimodis
1035 587 1304 655 presbyter
1329 598 1423 652 per
1437 586 1769 654 semetipsum
1791 586 2053 638 inﬁrmum
2080 600 2220 638 eom-
2250 587 2293 642 A
2392 581 2660 652 Presbyter
2685 595 2844 652 potest
2873 585 3177 638 abbatissam
3228 603 3542 641 consecrare.
3595 586 3702 641 Sed
3752 602 3851 638 ιιοιι

700 673 946 726 municet.
989 672 1134 737 Quod
1166 673 1209 723 si
1242 673 1398 724 aliter
1425 671 1627 735 fecerit,
1662 673 1854 741 gradus
1879 674 1959 726 sui
1987 672 2219 740 periculo

697 759 1003 827 subjacebit.
1038 780 1054 810 ι

767 845 1006 899 Ποηαειιὶ
1031 859 1078 899 et
1107 848 1276 899 clerici
1304 857 1511 913 possunt
1532 848 1816 900 benedicere
1837 849 2022 900 cibum.
2048 847 2219 900 Etiam

697 933 930 1002 virgines
961 935 1342 988 benedicebant
1371 943 1502 988 teste
1530 944 1742 989 auctore
1762 936 1880 988 libri
1901 937 1963 989 de
1988 936 2211 1004 Virgini-

698 1027 824 1082 tate,
847 1023 934 1089 qui
963 1022 1148 1087 legitur
1164 1021 1300 1074 inter
1325 1021 1495 1088 Opera
1515 1023 1681 1074 sancti
1702 1023 2007 1074 Athanasii:
2041 1039 2058 1070 ι
2080 1020 2218 1088 qqu

696 1109 762 1170 si,
792 1109 990 1175 inquit,
1026 1108 1288 1161 adfuerint
1313 1110 1402 1161 tibi
1430 1117 1536 1161 tres
1562 1109 1816 1175 virgines,
1853 1109 2027 1161 dicant
2056 1108 2217 1160 bene-

696 1197 976 1250 dictionem
1021 1210 1179 1263 super
1202 1212 1408 1262 panem,
1448 1210 1548 1248 una
1587 1205 1755 1249 tecum
1787 1206 1970 1258 orent,
1997 1205 2100 1248 etc.
2140 1197 2216 1247 Tu

693 1281 835 1334 enim
862 1289 1041 1334 sancta
1082 1296 1139 1334 es
1164 1282 1404 1341 Omnino,
1455 1291 1508 1334 et
1528 1283 1672 1334 cibus
1699 1289 1820 1334 tuus
1845 1291 1900 1335 et
1919 1290 2075 1349 potus
2101 1290 2220 1332 tuus

694 1367 1054 1422 sanctificatus
1077 1377 1176 1420 est.
1213 1367 1312 1421 Per
1334 1383 1516 1436 preces
1538 1368 1679 1422 enim
1703 1378 1756 1422 et
1787 1369 2074 1421 sacratiora
2103 1383 2220 1420 vcr-

693 1460 758 1512 ba
783 1457 1156 1512 sanctificatur.
1185 1477 1201 1508 ι
1247 1457 1470 1512 Sanctus
1492 1457 1720 1512 Joannes
1745 1457 2148 1526 Chrysostomus
2166 1457 2217 1510 in

695 1533 909 1602 homilia
937 1548 1004 1602 52
1025 1548 1077 1600 in
1099 1563 1214 1616 cap.
1253 1563 1342 1600 nx
1366 1547 1569 1608 Matth,
1595 1545 1822 1598 ostendit
1849 1559 1877 1596 a
1905 1543 2044 1596 nullo
2070 1543 2212 1597 Chri-

630 1660 637 1667 -
693 1639 866 1690 stiano
899 1651 1046 1690 escas
1067 1637 1201 1690 sumi
1231 1635 1444 1697 debere,
1475 1635 1572 1687 nisi
1593 1633 1892 1687 benedictas
1918 1640 1971 1686 et
1988 1631 2220 1684 sanctiﬁ-

692 1733 839 1778 catas
879 1725 1118 1776 oratione
1167 1737 1229 1775 ac
1272 1723 1558 1790 gratiarum
1600 1720 1912 1773 actionibus.
1966 1717 2023 1771 Si
2055 1718 2216 1779 enim,

691 1811 786 1872 ait,
833 1809 920 1878 qui
967 1824 1118 1863 escas
1161 1824 1284 1862 suas
1320 1821 1416 1875 per
1453 1806 1743 1860 orationem
1772 1820 1876 1858 non
1906 1803 2060 1858 offert
2089 1803 2214 1866 Deo,

2320 671 2616 725 inconsulto
2643 674 2887 739 episcopo
2917 674 3262 739 prtescribunt
3279 672 3463 726 Patres
3490 673 3702 727 concilii
3727 672 3850 725 Car-

2323 759 2644 823 tliaginensis
2685 775 2775 822 ιιι,
2805 775 2852 812 c.
2897 759 2964 813 56
3012 777 3024 810 :
3084 779 3100 809 ‹
3135 759 3199 812 Ut
3233 760 3508 828 presbyter
3555 760 3851 814 inconsulto

2317 847 2560 915 episcopo
2582 848 2812 915 virgines
2836 861 2937 900 non
2963 856 3252 911 consecret,
3285 847 3514 901 chrisma
3561 863 3690 901 vero
3719 863 3852 901 nun-

2317 948 2474 1001 quam
2497 934 2761 988 conllciat.
2793 955 2810 986 ι

2385 1021 2593 1076 Sancte
2621 1022 2870 1074 moniales
2898 1010 3012 1074 uero
3053 1021 3276 1075 ‘aat't't'cas
3299 1034 3495 1088 semper
3513 1023 3696 1075 debent
3731 1037 3847 1075 τοιιο

2316 1119 2514 1162 σεετανε
2551 1109 2812 1162 continuis
2863 1122 3078 1176 precum
3129 1119 3184 1161 ct
3234 1093 3538 1177 gratiarum‘
3581 1111 3846 1162 actionum

2317 1198 2607 1250 sacrificiis.
2670 1197 2817 1251 Unde
2851 1198 3041 1267 sacpius
3091 1212 3122 1250 a
3177 1197 3419 1252 Patribus
3449 1209 3707 1260 vocantur
3745 1215 3849 1252 ara

2319 1283 2408 1336 Dei
2438 1284 2664 1347 mundte,
2691 1294 2744 1336 et
2769 1284 2974 1337 altaria.
3005 1283 3226 1338 Tertull.
3249 1285 3368 1348 libr.
3406 1301 3423 1338 ι
3467 1286 3551 1338 ad.
3582 1301 3806 1339 uxorem
3832 1321 3847 1349 ,

2316 1388 2430 1438 cap.
2463 1371 2492 1423 7
2536 1390 2547 1422 :
2594 1390 2611 1421 ι
2634 1372 2792 1425 Aram
2814 1375 2950 1427 enim
2977 1374 3065 1427 Dei
3091 1374 3338 1428 mundam
3365 1375 3584 1441 proponi
3609 1381 3846 1443 Oportet:

2317 1468 2424 1511 tota
2453 1459 2536 1510 illa
2560 1458 2807 1512 Ecclesire
2835 1461 3055 1514 candida
3085 1461 3148 1514 dc
3179 1461 3460 1514 sanctitate
3493 1462 3848 1515 conscribitur

2316 1547 2668 1599 sacerdotium
2710 1547 3012 1609 viduitatis,
3041 1555 3094 1600 et
3127 1546 3466 1601 ctelibatium.
3497 1563 3516 1597 ι
3561 1545 3764 1600 Concil.
3793 1562 3842 1599 tv

2319 1632 2646 1700 Carthagin.,
2712 1649 2760 1688 c.
2814 1634 2932 1688 103.
2983 1635 3144 1687 Vetus
3186 1643 3368 1688 auctor
3406 1632 3848 1688 Constitutionum

2316 1723 2725 1789 apostolicarum
2775 1723 2895 1778 libr.
2922 1739 2982 1785 ιι,
3013 1739 3128 1792 cap.
3154 1723 3221 1776 26
3250 1741 3262 1776 :
3298 1741 3316 1772 ι
3340 1723 3541 1777 Habeto
3567 1725 3730 1777 etiam
3757 1725 3848 1782 ho-

2317 1823 2496 1864 norem
2549 1811 2855 1879 virginibus,
2903 1822 2960 1864 ut
3012 1812 3338 1866 thuribulum
3365 1822 3420 1865 et
3445 1813 3731 1880 thymiama
3769 1828 3849 1866 re-

691 1899 1061 1966 coinqninatus
1091 1912 1182 1950 eas
1216 1897 1528 1957 manducat,
1555 1894 1838 1948 secundum
1863 1894 2002 1961 quod
2021 1893 2088 1945 de
2113 1893 2216 1946 illis
2246 1892 2289 1948 B
2319 1898 2773 1964 pmsentantibus.
2831 1915 2850 1948 ι
2911 1897 3039 1951 Vide
3087 1897 3179 1950 lib.
3210 1913 3289 1962 ιιι,
3340 1912 3454 1966 capi
3509 1898 3579 1962 6;
3628 1897 3720 1952 lib.
3775 1913 3846 1960 Iv,

691 1985 766 2038 ait
795 1985 1110 2053 Apostolus:
1155 1983 1400 2052 quoniam
1447 1983 1618 2036 omnis
1663 1991 1902 2035 creatura
1938 1981 2029 2034 Dei
2056 1981 2215 2041 bona,

693 2080 750 2125 et
796 2072 926 2125 nihil
972 2071 1307 2138 rejiciendum
1355 2070 1492 2137 quod
1534 2084 1652 2122 cum
1695 2068 1982 2137 gratiarum
2010 2067 2216 2119 actione

691 2160 983 2229 percipitur
1017 2177 1031 2214 :
1067 2156 1432 2212 'sanetiticatur
1476 2157 1614 2210 enim
1655 2171 1753 2224 per
1788 2156 2008 2209 verbum
2033 2155 2127 2208 Dei
2163 2163 2216 2207 et

689 2246 1006 2306 orationem,
1031 2244 1258 2297 ostendit
1286 2243 1406 2311 quia
1431 2242 1687 2296 maeu!ata
1713 2248 1796 2294 est
1812 2279 1828 2302 ,
1852 2240 1954 2292 nisi
1978 2255 2074 2308 per
2096 2255 2216 2294 ora-

692 2334 887 2386 tionem
934 2329 1092 2385 fuerit
1132 2332 1303 2384 omnis
1343 2344 1463 2383 esca
1512 2329 1760 2382 mundata
1782 2334 1837 2382 et
1860 2325 2212 2380 sanctiﬁcata.

689 2419 770 2473 Ad
817 2419 1222 2473 benedicendum
1266 2433 1452 2486 panem
1494 2433 1523 2470 a
1562 2417 1875 2471 Christianis
1918 2416 2218 2485 consignari

693 2503 882 2562 indicat
913 2508 1144 2561 incertus
1179 2515 1363 2560 auctor
1391 2507 1761 2561 Commentarii
1796 2507 1848 2559 in
1879 2506 2217 2576 Evangelium

695 2597 920 2651 llatthzei
943 2637 957 2660 ,
1003 2597 1140 2650 inter
1177 2597 1349 2663 Opera
1395 2595 1612 2649 Joannis
1638 2595 2001 2664 Chrysostomi
2037 2593 2216 2648 homil.

600 2753 602 2755 g
691 2685 758 2756 58
783 2704 795 2736 :
838 2703 858 2734 ι
883 2685 952 2739 Ut
973 2693 1097 2752 puta
1124 2686 1300 2756 signas
1326 2697 1514 2753 panem
1540 2693 1708 2747 tuum,
1733 2697 1888 2751 quem
1910 2675 2218 2744 manducas,

694 2773 833 2826 sicut
859 2773 932 2824 ait
961 2771 1185 2826 Paulus:
1217 2771 1586 2825 Sanctiﬁcatur
1609 2773 1746 2825 enim
1770 2784 1866 2839 per
1887 2771 2102 2824 verbum
2126 2769 2219 2823 Dei

695 2867 752 2911 et
775 2859 1084 2912 orationem.
1123 2877 1143 2910 ι
1204 2859 1332 2913 Vide
1379 2857 1689 2928 Gregorium
1731 2859 2124 2912 Nazianzenum
2165 2858 2219 2910 in

688 2947 932 2999 oratione
965 2947 1051 3010 19,
1079 2947 1168 3014 qni
1194 2947 1261 3000 ibi
1295 2945 1457 3000 refert
1492 2947 1715 3014 panibus
1743 2945 2037 3000 benedictis
2061 2955 2222 3012 atque

693 3048 853 3087 cruce
899 3035 1218 3100 consignatis
1263 3049 1413 3086 suam
1460 3043 1680 3087 matrem
1723 3040 1974 3102 mgmtam
2007 3027 2219 3099 aluisse,

696 3122 878 3188 sicque
901 3122 1227 3175 convaluisse
1262 3137 1325 3176 ac
1352 3123 1489 3177 vires
1516 3123 1803 3192 collegisse.

1298 3249 1514 3306 CAPUT
1550 3250 1633 3304 Ill.

1062 3359 1137 3413 De
1171 3361 1493 3413 ordinatione
1515 3360 1850 3419 diversorum.

766 3465 964 3534 Septem
995 3468 1100 3519 dies
1125 3467 1248 3519 velet
1275 3478 1425 3535 caput
1450 3483 1598 3523 suum
1623 3468 1829 3521 Cuculla
1845 3486 1958 3522 sua.
1986 3469 2225 3526 Conven-

696 3565 785 3608 tus
826 3555 1302 3623 Aquisgranensis,
1352 3571 1466 3623 cap.
1499 3555 1597 3610 35:
1641 3575 1658 3605 ι
1698 3557 1764 3610 Ut
1789 3557 2075 3612 monachus
2104 3577 2226 3628 pro-

697 3643 926 3696 fossione
971 3645 1107 3696 facta
1148 3645 1315 3698 tribus
1359 3645 1542 3698 diebus
1569 3646 1770 3698 cuculla
1799 3657 2103 3716 coopertum
2131 3651 2226 3702 ha-

698 3730 818 3782 beat
848 3741 1022 3797 caput.
1053 3751 1070 3782 ι

771 3817 1057 3871 Secundum
1083 3821 1328 3888 baptisma
1359 3832 1404 3874 et
1421 3824 1574 3890 juxta
1593 3823 1851 3900 judicium
1883 3824 2122 3889 Patrum,
2147 3830 2226 3882 ni-

698 3907 890 3959 mirum
934 3918 1148 3977 pmpter
1192 3911 1575 3976 pmniteutiam,
1619 3927 1777 3979 quam
1812 3916 2226 3981 saepissimePa-

703 4000 1024 4047 tremant
1043 3997 1360 4062 baptismum
1382 3991 1700 4066 asperiorem
1729 4012 1781 4055 et
1809 4003 2221 4060 laboriosiorem.

711 4083 1244 4154 Sanctusﬂngorius
1271 4087 1519 4141 Nazianz.
1545 4091 1595 4143 in
1621 4094 1858 4147 oratione
1880 4096 1947 4148 '59
1970 4110 1985 4147 :
2022 4116 2038 4145 ι
2067 4097 2228 4162 Quin-

709 4177 817 4224 tum
859 4174 1028 4225 locum
1070 4174 1414 4243 laci-vniarum
1473 4177 1759 4243 baptismus
1804 4190 1962 4234 tenet.
2036 4183 2228 4236 Verum

711 4260 946 4326 asperior
973 4270 1024 4312 et
1047 4260 1386 4322 laboriosior;
1421 4278 1524 4330 quo
1560 4265 1768 4330 quidem
1796 4268 1882 4320 ille
1907 4269 2143 4337 tingitur,
2173 4278 2229 4322 ut

706 4350 793 4413 qui
818 4363 910 4426 per
942 4349 1172 4415 singulas
1210 4359 1386 4402 noctes
1412 4351 1602 4404 lectum
1638 4368 1788 4406 suum
1815 4370 1878 4408 ac
1904 4367 2124 4410 stratum
2159 4358 2234 4410 la-

707 4438 900 4505 eiymis
930 4428 1089 4500 lavat,
1112 4440 1192 4491 cui
1219 4441 1342 4508 ipsa:
1369 4455 1581 4508 quoque
1605 4444 1718 4496 vitii
1744 4444 2018 4499 cicatrices
2044 4449 2227 4512 fetent,

709 4526 800 4590 qui
829 4525 1010 4591 lugens
1046 4537 1098 4579 et
1140 4530 1476 4582 contristatus
1503 4524 1808 4599 ingreditur,
1855 4537 1943 4602 qui
1975 4537 2228 4592 Manassis

713 4610 1144 4677 resipiscentiam,
1173 4628 1234 4665 ac
1254 4613 1599 4668 Ninivitarum
1624 4619 1992 4684 humilitatem,
2019 4625 2103 4676 cui
2127 4625 2226 4677 mi-

707 4699 992 4750 sericordia
1020 4699 1282 4766 impertita
1309 4711 1389 4755 est
1408 4742 1422 4766 ,
1452 4704 1705 4768 imitatur,
1734 4715 1836 4760 etc.
1861 4728 1879 4759 ι
1914 4709 1976 4762 Et
2003 4708 2233 4766 Joannes

711 4782 979 4836 Climacus
1011 4785 1149 4838 lmnc
1172 4788 1484 4854 baptismum
1523 4792 1655 4844 tanti
1692 4791 1847 4858 facit,
1885 4805 1944 4848 ut
1970 4811 2088 4850 eum
2111 4801 2230 4865 Qui-

709 4869 830 4922 dem
860 4873 1096 4925 videatur
1121 4873 1369 4941 prteferre
1410 4877 1670 4944 baptismo
1698 4895 1844 4947 aqua:
1880 4900 1892 4935 :
1939 4904 1955 4932 ι
1989 4884 2113 4938 Post
2141 4889 2234 4940 ba-

712 4961 927 5028 ptisma,
949 4962 1138 5029 inquit,
1171 4965 1222 5016 in
1248 4965 1411 5034 gradu
1448 4975 1572 5030 vui,
1607 4972 1869 5036 potentior
1902 4973 2233 5041 baptismate,

713 5045 759 5099 si
810 5047 881 5098 ita
911 5047 990 5100 fas
1032 5049 1206 5116 loqui,
1257 5050 1373 5104 fons
1421 5061 1503 5106 est
1550 5054 1917 5124 laerymarum.
1973 5059 2235 5127 Baptisma

711 5134 907 5200 quippe
937 5142 1135 5186 tantum
1164 5139 1456 5202 praeteritas
1485 5151 1816 5206 peccatorum
1847 5147 2030 5200 sordes
2057 5163 2238 5217 repur-

716 5227 828 5287 gat,
859 5222 1026 5276 luctus
1051 5233 1221 5276 autem
1270 5240 1435 5279 noxas
1448 5236 1567 5294 post
1588 5230 1904 5296 baptismum
1941 5244 2241 5291 contractas

716 5310 883 5363 diluit.
924 5313 1184 5380 Baptisma
1226 5331 1330 5382 quo
1371 5316 1599 5371 infantes
1628 5319 1773 5373 tincti
1806 5337 2018 5388 sumus,
2057 5341 2239 5380 omnes

717 5408 898 5465 postea
922 5402 1334 5468 inquinavimus;
1358 5423 1452 5476 per
1470 5407 1666 5462 fontem
1693 5421 1867 5465 autem
1886 5412 2237 5484 lacrymarum

721 5486 880 5569 etiam
919 5487 1228 5554 baptismum
1258 5507 1355 5546 suo
1400 5495 1558 5548 nitori
1598 5496 1948 5563 restituimus;
1990 5517 2145 5569 quem
2194 5506 2240 5558 si

724 5562 1126 5640 benignissimus
1165 5578 1301 5634 Deus
1325 5581 1523 5635 homini
1551 5583 1769 5653 largitus
1792 5601 1894 5640 non
1920 5562 2087 5654 esset,
2134 5594 2241 5648 rari

725 5658 1000 5712 admmluzn
1030 5672 1116 5715 aut
1140 5669 1383 5730 perpauci
1409 5667 1626 5722 salutem
1647 5683 2108 5740 consequerentur.

2316 1997 2432 2049 cap.
2466 1982 2520 2034 2.

2385 2069 2551 2123 σιναιοὶ
2575 2070 2727 2123 simul
2769 2061 3070 2125 benedicunt
3119 2072 3327 2124 viduam
3346 2081 3394 2124 et
3421 2072 3688 2141 virginem.
3722 2073 3848 2126 Vide

2301 2159 2500 2212 ‘concil.
2526 2173 2580 2212 iv
2606 2159 2854 2228 Carthag.
2873 2197 2888 2224 ,
2931 2175 2979 2214 e.
3015 2160 3078 2212 12
3102 2167 3156 2214 et
3185 2160 3270 2222 15,
3302 2167 3394 2212 a..t
3437 2161 3615 2228 potius
3644 2161 3847 2213 Slatuta

2314 2249 2560 2302 Εροιεεὶω
2579 2251 2813 2316 antiqua,
2837 2265 2886 2303 c.
2914 2249 2980 2304 99
3012 2267 3024 2301 :
3062 2269 3080 2300 ι
3116 2248 3541 2303 Sanctimonialis
3563 2249 3711 2315 virgo
3729 2264 3844 2303 cum

2316 2335 2382 2388 ad
2409 2335 2881 2397 eoasecrationem,
2912 2344 3041 2396 etc.;
3069 2353 3086 2385 ι
3120 2341 3174 2386 et
3201 2348 3318 2385 can.
3345 2332 3445 2391 illo
3470 2350 3484 2384 :
3517 2351 3536 2382 ι
3566 2332 3750 2386 Vidua:
3770 2335 3848 2388 vel

2316 2421 2744 2476 sanctimoniales
2778 2435 2894 2488 qum
2917 2421 2984 2473 ad
3014 2419 3386 2496 ministerium,
3414 2426 3516 2472 etc.
3551 2436 3571 2469 ι

2387 2510 2606 2563 Romani
2628 2526 2729 2563 non
2751 2510 2913 2574 velant
2943 2509 3165 2562 uiduam.
3197 2507 3344 2574 Quod
3369 2508 3506 2562 idem
3534 2506 3850 2560 confirmant

2319 2599 2504 2651 Patres
2557 2597 2766 2649 concilii
2816 2596 3160 2659 Turonensis,
3211 2609 3328 2649 can.
3367 2582 3455 2659 26,
3506 2593 3587 2646 his
3627 2594 3846 2647 verbis:

2326 2705 2345 2736 «
2384 2686 2512 2739 Illud
2548 2699 2673 2739 vero
2697 2685 2836 2753 quod
2887 2683 3048 2752 aliqui
3087 2683 3290 2747 dicunt,
3317 2681 3471 2736 vidua
3500 2697 3617 2748 qua:
3641 2678 3851 2734 benedi-

2321 2784 2406 2828 cta
2433 2789 2536 2828 non
2588 2773 2708 2837 fuit,
2738 2786 2904 2840 quare
2933 2787 3037 2826 non
3076 2772 3231 2825 debet
3282 2770 3529 2823 maritum
3571 2766 3850 2836 acciperet

2321 2877 2443 2915 cum
2471 2875 2655 2932 omnes
2704 2862 2874 2914 sciant
2900 2861 3040 2927 quod
3093 2873 3358 2927 nunquam
3395 2857 3448 2909 in
3495 2844 3769 2910 canonicis
3792 2854 3850 2908 li-

2324 2948 2438 3001 bris
2465 2945 2655 3015 legitur
2679 2946 2975 3000 benedictio
3003 2945 3262 2998 vidualis:
3300 2943 3422 3012 quia
3460 2942 3628 2997 solum
3660 2955 3852 3011 prope:

2322 3036 2487 3090 situm
2517 3033 2591 3085 illi
2626 3030 2862 3086 suilicere
2899 3032 3072 3094 debet,
3108 3033 3244 3086 sicut
3267 3031 3320 3083 in
3351 3030 3748 3099 Epaonensibus
3766 3044 3853 3082 ea-

2324 3122 2550 3176 nonibus
2575 3135 2604 3172 a
2632 3134 2764 3188 papa
2793 3120 2947 3173 Avito
2966 3119 3046 3173 vel
3067 3119 3309 3172 omnibus
3334 3117 3593 3186 episcopis
3618 3118 3852 3171 conseri-

2247 3195 2295 3258 C
2323 3218 2471 3280 ptum
2528 3217 2654 3262 est:
2691 3226 2708 3257 ι
2753 3207 3037 3260 Viduarum
3081 3206 3550 3266 consecrationem,
3589 3218 3723 3272 quas
3746 3202 3854 3256 dia-

2323 3311 2490 3352 conas'
2512 3305 2720 3361 vocant,
2753 3295 2819 3348 ab
2840 3296 2983 3350 omni
3011 3294 3222 3364 regione
3247 3302 3423 3347 nostra
3459 3293 3670 3362 penitus
3703 3294 3855 3348 abro-

2304 3399 2528 3454 ‘gamus,
2557 3394 2683 3449 etc.;
2717 3401 2736 3434 ι
2770 3391 2823 3436 et
2849 3397 2999 3437 conc.
3041 3380 3348 3435 Triburcns.
3377 3396 3426 3434 c.
3455 3379 3523 3433 22
3554 3397 3568 3433 :
3608 3398 3627 3430 ι
3664 3379 3856 3435 Viduas

2324 3487 2500 3530 autem
2528 3475 2703 3528 velare
2729 3475 3034 3543 pontificum
3061 3473 3235 3526 nullus
3264 3479 3505 3534 attentct,
3556 3477 3714 3537 prout
3735 3483 3856 3521 con-

2325 3565 2568 3616 stitutum
2595 3571 2676 3616 est
2704 3564 2756 3615 in
2783 3561 3010 3616 decretis
3041 3575 3189 3629 papae
3212 3558 3404 3613 Gelasii
3429 3572 3544 3626 cap.
3578 3557 3644 3608 l3
3672 3572 3687 3619 ;
3721 3554 3856 3623 quod

2325 3666 2423 3705 nec
2447 3651 2734 3704 auctoritas
2779 3651 2978 3712 divina,
3023 3663 3123 3702 nec
3149 3661 3409 3702 canonum
3444 3637 3628 3699 forma
3657 3645 3856 3713 paesti-

2327 3746 2447 3797 tuit.
2489 3764 2506 3794 ι
2540 3743 2670 3796 Vide
2706 3741 2844 3795 infra
2875 3750 3032 3810 caput
3059 3741 3109 3792 7.

2396 3831 2688 3883 Secundum
2720 3827 2924 3880 σταται
2950 3828 3236 3896 presbytero
3272 3826 3388 3879 licet
3429 3824 3673 3893 uirginem
3713 3835 3856 3874 sacro

2326 3916 2571 3969 velamine
2601 3931 2911 3978 consecrare,
2957 3914 3286 3967 reconciliare
3329 3913 3644 3982 ptem'tentem
3684 3910 3740 3960 in
3763 3924 3856 3978 ρκδ

2327 4004 2457 4058 blica
2489 4007 2666 4067 missa,
2701 4005 2869 4072 facere
2902 4002 3067 4057 oleum
3120 4004 3482 4064 exorcisatum,
3527 3999 3755 4067 denique
3779 3997 3856 4051 fa-

2328 4108 2448 4147 cere
2501 4093 2716 4146 absente
2768 4092 3011 4160 episcopo
3065 4090 3318 4159 quidquid
3362 4081 3592 4158 praesens
3627 4085 3854 4140 fecisset»

2329 4186 2427 4250 Qui
2457 4200 2570 4237 mos
2623 4183 2840 4236 multum
2898 4181 3206 4235 servabatur
3234 4179 3286 4232 in
3336 4175 3653 4230 Alexandria
3689 4181 3744 4229 et
3766 4169 3858 4242 per

2331 4283 2495 4325 totam
2515 4271 2817 4340 A'Zgyptum,
2843 4271 2976 4322 sicut
3001 4269 3178 4336 plures
3201 4266 3477 4319 allirmant.
3495 4263 3693 4317 Auctor
3711 4262 3859 4318 Com-

2331 4359 2572 4410 mentarii
2623 4359 2675 4409 in
2730 4355 3014 4424 Epistolam
3045 4353 3188 4407 Pauli
3235 4354 3298 4406 ad
3329 4351 3602 4420 Ephesios,
3630 4364 3750 4418 cap.
3777 4360 3853 4412 ιιι,

2332 4447 2467 4515 apud
2519 4445 2872 4498 Ambrosium.
2922 4461 2940 4492 ι
2973 4443 3208 4510 Denique
3235 4441 3369 4508 apud
3399 4437 3685 4508 Egyptum
3714 4451 3858 4506 pres.

2335 4536 2503 4604 byteri
2552 4536 2876 4602 consignant,
2909 4534 2951 4586 si
2997 4546 3224 4600 praisens
3275 4546 3376 4582 non
3415 4529 3483 4581 sit
3508 4527 3802 4596 episcopus.
3833 4544 3851 4578 ι

2335 4623 2532 4674 Auctor
2578 4621 2930 4686 Quaestionum
2985 4621 3276 4672 Veteris-et
3323 4616 3452 4671 Novi
3515 4614 3855 4678 Testumenti.

2337 4711 2474 4778 apud
2506 4719 2744 4764 sanctum
2803 4710 3145 4780 Augustinum
3178 4725 3190 4758 :
3227 4725 3244 4755 ι
3281 4706 3409 4759 Nam
3439 4705 3492 4758 in
3518 4703 3854 4766 Alexandria.

2335 4809 2388 4854 et
2412 4815 2506 4867 per
2535 4797 2694 4852 totam
2741 4798 3045 4866 Egyptum,
3096 4799 3139 4850 si
3163 4799 3296 4851 desit
3339 4797 3634 4866 episcOpus,
3675 4809 3858 4848 conato

2336 4898 2449 4940 crat
2468 4888 2757 4956 presbyter.
2795 4905 2812 4935 ›
2848 4885 2973 4938 Vide
3000 4885 3365 4953 Hieronymum
3393 4885 3444 4935 in
3469 4883 3621 4950 epist.
3648 4882 3713 4934 ad
3737 4881 3861 4934 Eva»

2337 4979 2535 5046 grium;
2573 4977 2844 5028 Rabanum
2874 4983 2924 5026 tn
2962 4978 3114 5042 epLst.
3145 4975 3210 5025 ad
3232 4971 3644 5038 Regimbaidum.
3677 4969 3861 5036 Hujus-

2336 5081 2395 5118 ce
2423 5067 2495 5117 rei
2528 5067 2658 5118 ratio
2681 5079 2838 5132 quam
2897 5063 3049 5115 iidem
3093 5072 3412 5128 proponunt,
3462 5074 3523 5112 ea
3548 5053 3648 5122 at,
3703 5074 3858 5128 quam

2339 5158 2516 5224 paucis
2544 5154 2704 5207 refert
2747 5152 2972 5204 Hilarius
3021 5152 3288 5214 diaconus,
3340 5150 3474 5219 apud
3526 5152 3860 5205 Ambrosium

2342 5243 2393 5294 in
2424 5240 2440 5292 l
2468 5256 2548 5309 ep.
2584 5241 2647 5292 ad
2675 5239 3004 5291 Timotheum
3035 5257 3046 5289 :
3101 5256 3118 5288 ι
3153 5240 3306 5306 Quia,
3332 5239 3522 5306 inquit,
3552 5233 3784 5310 episeopi
3809 5248 3862 5294 et

2341 5328 2633 5396 presbyteri
2671 5342 2773 5379 una
2805 5327 3064 5381 ordinatio
3109 5337 3208 5380 est.
3244 5326 3474 5395 Uterque
3520 5329 3660 5382 enim
3687 5343 3861 5383 sacer.

2343 5417 2439 5470 dos
2469 5427 2568 5481 est,
2597 5418 2686 5470 sed
2721 5406 2997 5486 episcopus
3027 5418 3227 5486 primus
3267 5426 3366 5470 est.
3413 5435 3431 5468 ι
3471 5417 3600 5472 Vide
3624 5417 3859 5472 eumdem

2344 5505 2398 5558 in
2424 5504 2813 5569 Quaestionibus
2853 5505 3062 5557 Veteris
3091 5511 3144 5557 et
3172 5501 3300 5556 Novi
3355 5502 3696 5566 Testamenti,
3731 5505 3862 5576 apud

2345 5591 2703 5659 Aug.,qua:st.
2736 5591 2864 5654 i0l;
2892 5591 3261 5659 Hieronymum
3289 5591 3341 5646 in
3367 5590 3584 5660 epistola
3613 5591 3678 5646 ad
3705 5591 3864 5648 Ocea-

2347 5691 2492 5742 num,
2523 5678 2574 5730 in
2619 5677 2772 5745 epist.
2815 5677 2881 5732 ad
2909 5674 3206 5746 Evagrium,
3235 5677 3586 5734 Commentar.
3614 5680 3670 5736 in
3698 5692 3813 5748 cap.
3847 5695 3861 5733 ι
