4010 6450
2380 5 3231 43 _f____________ﬁﬁ~~
3244 4 3259 5 ί
3522 16 3533 21 ρ

49 31 529 265 ἰιι-,ρέ
572 94 651 145 ⁵³⁵⁵.

185 607 327 663 ll”-

183 810 548 866 Exhortat-ionc
597 808 877 871 castitatis,
915 821 1029 875 cap.
1058 807 1133 870 7;
1171 812 1408 859 sanctum
1462 800 1708 870 Augusti-

185 914 318 960 num,
343 896 400 951 iri
420 898 644 967 cpistola
685 897 750 949 ad
795 895 1187 972 Hieronymum.
1225 892 1329 946 Sed
1358 906 1441 945 ne
1469 891 1708 955 omittam

184 985 381 1041 Graecos
413 985 624 1047 Patres,
654 983 868 1038 consule
917 980 1172 1035 Joannem
1200 978 1476 1047 Chrysost.
1507 977 1559 1030 in
1589 990 1705 1043 cap.

185 1076 369 1143 tepist.
402 1072 555 1127 Pauli
579 1072 644 1125 ad
674 1070 1071 1140 Philippenses;
1096 1068 1480 1121 Theodoretum
1509 1066 1562 1118 in
1587 1078 1704 1132 cap.

184 1175 239 1216 ut
266 1163 423 1232 Epist.
452 1163 471 1215 ι
499 1160 652 1238 Pauli
676 1160 742 1213 ad
770 1159 1121 1223 Timotheum,
1157 1168 1211 1210 et
1237 1156 1288 1209 in
1317 1169 1432 1223 cap.
1470 1170 1486 1208 ι
1513 1154 1610 1223 Ep.
1643 1153 1709 1206 ad

187 1250 351 1304 Titum
758 1304 765 1309 .

250 1334 473 1403 Iit/inuis
497 1336 722 1388 chrisma
749 1334 793 1386 si
808 1349 1004 1386 necesse
1030 1341 1124 1386 est.
1163 1331 1460 1393 Secundum
1499 1328 1712 1383 Graecos

187 1432 235 1474 et
260 1421 435 1475 Patres
465 1421 676 1475 concilii
704 1419 965 1484 Toletani,
990 1434 1118 1478 can.
1142 1419 1230 1482 20,
1266 1426 1321 1473 et
1359 1433 1508 1472 conc.
1541 1417 1711 1469 Arau-

187 1509 360 1570 sicani.
404 1510 580 1567 ean.l
618 1527 633 1563 :
683 1507 1025 1562 crﬂsereticos
1079 1509 1131 1561 in
1182 1508 1372 1562 mortis
1407 1506 1713 1561 discrimine

186 1602 393 1669 positos,
429 1599 473 1651 si
511 1597 756 1651 catholici
788 1610 907 1650 esse
928 1596 1246 1659 desiderant,
1285 1596 1329 1648 si
1357 1594 1712 1661 desitepisco—

185 1701 293 1755 pus,
326 1700 355 1738 a
380 1683 709 1753 presbyteris
751 1696 871 1736 cum
922 1682 1207 1735 chrismate
1240 1687 1293 1734 et
1343 1679 1712 1734 benedictione

186 1772 473 1840 consignari
523 1769 747 1837 placuit.
782 1789 803 1821 ι
831 1769 1022 1822 Eadem
1056 1768 1288 1836 reperies
1315 1768 1366 1820 in
1394 1781 1544 1821 conc.
1577 1766 1711 1819 Are-
1742 1782 1761 1797 δ

186 1860 359 1915 latensi
388 1876 446 1921 ιι,
474 1874 524 1912 c.
560 1859 630 1911 26
659 1876 673 1920 ;
711 1873 860 1911 conc.
893 1858 1186 1926 Epaoneus.
1205 1896 1220 1919 ,
1250 1871 1299 1909 c.
1333 1854 1417 1907 l6.

249 1945 538 2000 Secundum
565 1944 821 1997 Romanos
844 1954 1013 1998 autem
1041 1961 1141 2005 non
1167 1944 1303 2005 licet,
1336 1942 1434 1995 nisi
1477 1943 1710 2010 episcopo

183 2034 290 2087 soli.
321 2033 535 2087 Scilicet
587 2031 842 2100 virginem
876 2046 1030 2085 sacro
1082 2031 1341 2084 velamine
1380 2042 1709 2089 consecrare,
1741 2018 1787 2075 Β
1817 2023 1964 2090 quia,
1996 2031 2053 2075 ut
2078 2023 2223 2075 aiunt
2241 2021 2425 2074 Patres
2447 2020 2658 2075 concilii
2695 2020 3020 2090 Hispalensis
3049 2037 3106 2084 ιι,
3134 2036 3252 2075 can.
3279 2021 3344 2077 7:
3440 2080 3452 2086 ,

183 2122 516 2176 reconciliare
559 2120 904 2190 pmnitentem
954 2120 1006 2173 in
1052 2118 1262 2188 publica
1305 2119 1487 2180 missa,
1540 2115 1711 2171 facere

184 2208 347 2262 oleum
399 2208 783 2264 exorcizatum.
847 2206 935 2261 Sic
996 2214 1235 2260 statuunt
1283 2206 1469 2258 Patres
1504 2203 1711 2259 concilii

186 2296 610 2365 Carthaginensis
657 2310 718 2358 ιι,
753 2309 873 2348 can.
899 2294 954 2358 3,
1010 2295 1100 2361 qui
1152 2293 1382 2347 refertur
1423 2294 1477 2345 in
1512 2294 1714 2361 integro

186 2385 355 2439 codice
381 2397 645 2438 canonum
672 2381 920 2436 Ecclesia:
945 2380 1227 2445 Africanzc,
1259 2397 1307 2434 c.
1333 2381 1401 2434 '56
1425 2398 1438 2443 ;
1472 2379 1714 2434 Gelasius

187 2489 310 2542 papa
345 2474 396 2527 in
443 2472 601 2541 epist.
642 2471 706 2524 ad
757 2471 1030 2540 episcopos
1078 2469 1345 2532 Lucanize,
1382 2483 1497 2536 cap.
1526 2466 1590 2529 6;
1619 2467 1716 2519 Pa-

186 2570 287 2615 tres
308 2560 515 2615 concilii
542 2558 878 2629 Agathensis,
908 2573 1026 2613 can.
1056 2558 1155 2621 44;
1185 2558 1369 2611 Patres
1388 2556 1594 2611 concilii
1626 2555 1710 2608 lli-

190 2649 441 2717 spalensis
470 2662 532 2710 n,
572 2662 690 2700 can.
727 2647 782 2709 7,
831 2647 913 2699 his
962 2646 1172 2701 verbis:
1219 2665 1237 2697 ι
1303 2646 1435 2700 Nam
1475 2645 1714 2714 quamvis

184 2753 295 2791 cum
318 2735 582 2804 episcopis
609 2734 837 2804 plurima
863 2734 966 2788 illis
1012 2735 1384 2805 mysteriorum
1420 2732 1715 2787 communis

185 2823 248 2878 sit
272 2822 610 2892 dispensatio,
647 2821 882 2888 quaedam
909 2821 1128 2875 novellis
1151 2829 1204 2873 et
1237 2821 1611 2875 ecclesiasticus
1633 2835 1716 2873 re-

185 2912 312 2979 gulis
344 2896 445 2966 sibi
474 2910 741 2979 prohibita
787 2909 1047 2963 noverint.
1084 2909 1232 2963 Sicut
1267 2910 1712 2978 presbyterorum,

185 3007 235 3052 et
265 2999 605 3053 diaeonorum
635 3011 699 3050 ac
723 2996 985 3066 virginum
1032 2998 1361 3052 consecratio
1387 3013 1402 3061 ;
1436 2997 1574 3050 sicut
1595 3011 1716 3050 con-

186 3085 378 3140 stitutio
430 3082 639 3147 altaris,
702 3082 1019 3147 benedictio,
1048 3084 1131 3138 vel
1179 3085 1358 3137 unctio
1386 3102 1399 3137 :
1426 3113 1429 3115 >
1456 3083 1715 3153 siquidem

185 3187 276 3228 nec
298 3173 457 3228 licere
484 3175 566 3228 eis
591 3171 879 3228 ecclesiam
908 3171 991 3226 vel
1035 3172 1222 3227 altaria
1256 3188 1586 3236 consecrare,
1620 3188 1716 3228 nec

183 3275 274 3331 per
323 3262 713 3331 impositionem
764 3275 954 3315 manus
1006 3260 1244 3315 lideiibus
1291 3262 1587 3329 baptizatis,
1624 3254 1714 3314 'vel

1309 600 1863 658 OBSERVATIONES
1901 593 1985 653 ετ
2024 593 2258 673 Non.

3203 593 3332 645 H30

183 722 337 791 Epist.
376 719 442 774 ad
489 717 688 783 Titum,
727 718 815 771 ubi
849 717 1081 786 loquitur
1118 710 1255 772 sicut
1277 714 1629 771 Tertullianus
1649 715 1713 767 de
1739 718 1786 773 Α
1811 713 2117 781 byterorum
2157 707 2376 763 coasilio
2422 705 2665 759 Ecclesim
2711 704 3152 772 gubernabantur.
3185 703 3337 762 Post.

1806 815 1963 869 quam
1992 812 2117 852 vero
2142 798 2497 867 unusquisque
2525 810 2618 850 eos
2643 808 2776 862 quos
2808 794 3187 861 baptizaverat,
3211 810 3338 855 suos

1804 886 2024 954 putabat
2050 898 2188 946 esse,
2217 898 2319 938 non
2340 881 2558 943 Christi,
2596 882 2647 934 in
2676 888 2793 934 toto-
2806 880 2933 933 orbe
2961 879 3230 936 decretum
3252 887 3337 939 est

1805 981 1867 1026 ut
1889 987 2026 1027 unus
2052 971 2117 1026 de
2163 969 2485 1039 presbyteris
2522 969 2720 1022 electus
2773 975 3235 1036 superponeretur,
3268 971 3341 1025 ad

1805 1075 1963 1127 quem
1989 1058 2161 1113 omnis
2187 1057 2434 1112 Ecclesiae
2480 1071 2605 1109 cura
2632 1056 2943 1125 pertineret,
2999 1064 3053 1108 et
3078 1056 3338 1110 schismat-

1805 1155 1918 1203 tum
1964 1148 2167 1203 semina
2223 1147 2548 1209 tollerentur,
2609 1154 2711 1199 etc.
2770 1145 2894 1199 limo
2948 1154 3249 1213 prepterea,
3279 1153 3336 1217 ut

1806 1239 2206 1299 ostenderemus
2233 1235 2370 1304 apud
2394 1244 2599 1288 veteres
2648 1233 2861 1287 eosdem
2890 1232 3051 1287 fuisse
3071 1232 3340 1301 presbytee

1808 1340 1895 1379 ros
1919 1340 2052 1393 quos
2073 1331 2127 1377 et
2158 1324 2427 1392 episcopos
2452 1339 2463 1373 :
2512 1322 2760 1390 paulatim
2807 1334 2930 1374 vero
2958 1326 3013 1373 ut
3050 1320 3337 1374 dissensio-

1806 1426 1931 1464 num
1944 1410 2201 1480 plantaria
2214 1409 2471 1464 evelleren
2479 1416 2584 1471 tur,
2601 1409 2665 1460 ad
2678 1423 2837 1461 unum
2864 1422 3070 1462 omnem
3090 1407 3342 1461 sollicitu-

1807 1499 1983 1552 dinem
2009 1513 2127 1551 esse
2147 1497 2388 1550 delatam.
2430 1514 2446 1547 ι
2474 1495 2706 1563 Denique
2727 1503 2940 1561 propter
2968 1494 3214 1549 Ecclesiae
3240 1495 3338 1548 ho~

1807 1598 2011 1646 norem,
2040 1599 2145 1651 quo
2166 1583 2311 1638 salvo
2338 1583 2479 1636 salva
2508 1597 2606 1651 pax
2634 1591 2735 1647 est,
2768 1583 2937 1651 inquit
2967 1582 3338 1648 Tertullianus,

1808 1670 1945 1725 libro
1985 1671 2048 1723 de
2078 1671 2361 1739 Baptismo,
2399 1686 2515 1738 cap.
2573 1672 2655 1733 l7,
2707 1678 2761 1724 ct
2807 1684 2960 1738 quem
2993 1680 3207 1725 sanctus
3243 1671 3343 1742 Cy-

1808 1758 2024 1825 prianus
2049 1758 2240 1825 smpius
2273 1759 2604 1811 commendat
2639 1758 2691 1810 in
2718 1759 2828 1812 suis
2860 1758 3119 1827 epistolis,
3144 1761 3344 1815 consti—

1810 1853 2023 1897 tuerunt
2054 1844 2141 1896 illa
2176 1845 2349 1897 omnia
2405 1844 2652 1912 praedicta
2701 1843 2767 1896 ad
2800 1842 2888 1910 jus
2922 1844 3085 1898 solius
3108 1845 3341 1914 episcopi

1809 1934 2093 2002 pertinere,
2121 1943 2279 2002 atque
2302 1934 2415 1986 haec
2440 1932 2615 1986 omnia
2649 1931 2831 1986 illicita
2852 1945 2971 1986 esse
2995 1931 3341 2003 presbyteris,

1815 2127 1833 2160 ι
1878 2110 2217 2163 Pontiﬁcatus
2237 2110 2438 2177 apicem
2462 2124 2566 2177 non
2592 2109 2805 2173 habent,
2829 2125 2985 2178 quem
3009 2110 3134 2165 solis
3152 2111 3345 2166 debere

1811 2200 2066 2269 episcOpis
2117 2199 2430 2254 auctoritate
2471 2213 2732 2252 canonum
2784 2200 3123 2267 praecipitur:
3161 2190 3348 2269 ut'per

1812 2292 1912 2344 hoc
1967 2297 2020 2343 et
2071 2289 2318 2343 discretio
2369 2289 2623 2358 graduum
2679 2296 2733 2342 et
2762 2290 3032 2360 dignitatis
3078 2288 3341 2361 fastigium

1811 2377 2001 2431 summi
2023 2375 2289 2444 pontiﬁcis
2313 2376 2724 2431 demonstretur.
2759 2362 2777 2428 ι

2406 2502 2626 2557 CAPUT
2664 2504 2748 2557 IV.

2158 2610 2233 2668 De
2254 2610 2569 2680 baptismatis
2592 2612 2995 2679 conﬁrmatione.

1882 2721 1946 2776 In
1970 2724 2272 2793 baptismate
2289 2725 2616 2778 dimittuntur
2636 2740 2734 2778 non
2759 2727 3157 2794 conjunctiones.
3180 2727 3337 2803 QuiaI

1811 2820 1869 2865 ut
1895 2811 2125 2879 subjicit,
2159 2813 2416 2877 baptisma
2446 2829 2548 2866 non
2581 2815 2793 2876 bonum,
2824 2815 2913 2868 sed
2949 2816 3143 2870 malum
3170 2818 3340 2871 diluit.

1814 2900 2038 2955 Sanctus
2095 2900 2379 2969 Gregorius
2434 2900 2797 2955 Nazianzenus
2842 2903 2892 2955 in
2949 2906 3189 2959 oratione
3237 2906 3341 2960 80;
3412 2955 3419 2961 .

1819 3012 1837 3043 ι
1866 2991 1978 3047 Non
2007 2993 2169 3057 enim,
2198 2993 2638 3060 quemadmodum
2663 2992 2931 3046 lavacrum
2956 2995 3092 3048 hanc
3116 2995 3223 3047 vim
3252 2996 3345 3049 ha-

1812 3081 1901 3135 bet
1922 3121 1935 3145 ,
1959 3089 2016 3133 ut
2042 3090 2257 3148 peccata
2284 3081 2474 3144 deleat,
2509 3082 2579 3134 ita
2612 3082 2770 3135 etiam
2798 3090 2940 3136 recte
2985 3083 3122 3138 facta
3150 3085 3348 3141 exstius

1814 3170 1942 3238 guit.
1967 3187 1985 3218 ι

1883 3257 1995 3311 Hoc
2020 3257 2345 3312 Innocentius
2366 3275 2518 3327 papa.
2546 3258 2655 3312 Hoc
2677 3267 2987 3328 argumento
3017 3261 3349 3318 innocentius

187 3325 447 3406 conversis
467 3365 541 3404 ex
576 3348 767 3404 haeresi
801 3347 1133 3405 Paracletum
1178 3325 1431 3417 Spiritum
1486 3349 1710 3411 tradere,
1741 3325 1785 3386 Ο
1816 3361 1961 3401 usus-
1987 3355 2070 3401 est
2110 3347 2162 3400 in
2198 3347 2309 3401 suis
2349 3325 2604 3415 epistolis,
2636 3348 2884 3400 nimirum
2926 3347 2978 3400 in
3022 3347 3240 3416 epistola
3283 3348 3350 3401 ad

186 3450 278 3493 nec
296 3437 527 3491 chrisma
550 3434 833 3500 coniicere,
868 3450 966 3489 nec
1013 3435 1298 3489 chrismate
1319 3436 1712 3510 baptizatorpm

191 3522 405 3579 frontem
437 3526 672 3594 signare,
722 3522 814 3578 sed
860 3538 960 3578 nec
997 3523 1206 3592 publice
1241 3523 1448 3591 quidem
1474 3523 1527 3577 iu
1556 3523 1713 3577 missa

189 3624 496 3680 quemquam
524 3612 893 3681 paenitentiam
942 3611 1303 3676 reconciliare,
1334 3626 1432 3667 nec
1466 3609 1717 3666 formatas

189 3695 394 3750 cuilibet
432 3697 689 3766 epistolas
741 3698 970 3750 mittere.
1009 3698 1160 3752 ilsta
1210 3698 1389 3764 praxis
1446 3697 1716 3752 Romano-

108 3806 115 3812 ο
196 3800 305 3839 rum
324 3783 534 3838 diversa
556 3799 587 3837 a
610 3783 913 3838 Graecorum
949 3784 1135 3838 ritibus
1172 3800 1295 3838 suas
1319 3800 1526 3854 quoque
1559 3787 1717 3839 habet

191 3874 429 3938 rationes,
451 3888 588 3943 quas
613 3874 788 3928 varias
811 3874 995 3928 Patres
1042 3874 1113 3927 ita
1159 3882 1449 3942 exponunt.
1480 3875 1582 3928 Alii
1607 3875 1716 3929 exi-

193 3959 401 4013 stimant
420 3960 551 4014 illud
586 3960 724 4025 ﬁeri,
744 3961 868 4029 quia
914 3962 965 4014 in
1020 3962 1264 4031 episcopo
1297 3977 1485 4039 omnes
1507 3964 1719 4017 ordines

192 4054 323 4110 sunt,
353 4058 407 4101 et
461 4063 530 4102 ne
574 4048 806 4118 vulgaris
860 4057 915 4101 et
945 4049 1198 4102 vilissima
1255 4065 1339 4104 res
1382 4051 1649 4104 videretur
1672 4051 1716 4104 si

195 4136 377 4189 omnes.
416 4137 603 4190 eadem
651 4144 882 4204 possent.
936 4136 1170 4190 llilarius
1198 4138 1448 4191 diaconus
1484 4138 1535 4190 in
1565 4137 1719 4191 Com-

193 4230 344 4277 ment.
376 4223 429 4277 in
458 4222 627 4291 Epist.
657 4222 723 4276 ad
748 4222 1003 4291 Ephesios
1035 4239 1149 4292 cap.
1198 4240 1246 4276 iv
1274 4243 1286 4276 :
1327 4242 1345 4274 ι
1376 4223 1505 4277 Nam
1532 4225 1584 4279 in
1614 4226 1718 4292 cpi-

194 4322 342 4376 scopo
367 4324 556 4365 omnes
575 4309 790 4364 ordines
808 4319 946 4373 sunt,
975 4312 1098 4379 quia
1120 4312 1321 4379 primus
1346 4312 1591 4367 sacerdos
1614 4322 1715 4376 est,

193 4397 407 4461 bocest,
455 4398 704 4466 princeps
736 4405 818 4452 est
862 4400 1211 4461 sacerdotum,
1261 4408 1316 4453 et
1370 4401 1643 4468 propheta,
1665 4409 1718 4453 et

194 4487 524 4556 evangelista,
553 4494 608 4539 et
652 4495 847 4541 caetera
899 4489 1233 4557 adimplenda
1277 4487 1447 4542 oilicia
1474 4490 1719 4543 Ecclesize

1816 3435 2122 3488 \‘ictricium
2156 3436 2457 3504 episcopum
2494 3436 2997 3505 Rothomagensem,
3027 3452 3143 3507 cap.
3168 3436 3230 3501 6;
3262 3452 3345 3506 ep.

1813 3522 1877 3574 ad
1926 3522 2197 3591 episcopos
2225 3522 2562 3586 Macedoniae,
2604 3538 2717 3590 cap.
2760 3524 2821 3587 Ως
2852 3539 2935 3592 ep.
2985 3525 3051 3579 ad
3092 3525 3348 3595 synodum

1815 3608 1865 3661 in
1913 3610 2162 3663 Toletana
2206 3611 2418 3664 civitate
2462 3612 2832 3675 constitutam,
2873 3628 2921 3667 c.
2946 3612 3006 3676 6;
3055 3628 3139 3682 ep.
3179 3613 3247 3667 25
3283 3614 3348 3667 ad

1812 3699 2085 3767 episcopos
2128 3699 2312 3766 synodi
2358 3699 2643 3753 Toletanae.
2674 3698 3052 3769 Argumentum
3091 3689 3227 3768 quod
3267 3699 3350 3752 ln—

1814 3788 2090 3841 noccntius
2126 3789 2282 3841 toties
2326 3789 2542 3855 repetit,
2574 3802 2678 3855 quo
2723 3789 2908 3857 probet
2951 3788 3187 3857 bigamos
3231 3801 3349 3850 esse

1813 3875 1973 3928 etiam
2016 3889 2108 3929 eos
2149 3876 2239 3944 qui
2267 3876 2487 3929 alteram
2528 3886 2644 3944 post
2673 3876 2963 3941 lavacrum,
2997 3878 3175 3945 priore
3211 3891 3352 3932 mor-

1818 3973 1925 4029 tua,
1970 3966 2231 4020 duxerunt
2295 3982 2543 4030 uxorem,
2591 3967 2663 4020 ita
2716 3954 3031 4037 Hieronymo
3083 3966 3346 4035 obiectum

1814 4066 1900 4110 est
1921 4071 1951 4109 a
1987 4059 2101 4111 viro
2129 4058 2574 4124 eloquentissimo,
2610 4060 2746 4112 sicut
2790 4061 3011 4127 ipsemet
3045 4069 3268 4114 testatur
3292 4075 3347 4115 ιιι

1815 4145 1970 4212 epist.
2000 4146 2067 4199 ad
2107 4144 2390 4209 Oceanum,
2415 4155 2473 4198 ut
2501 4146 2636 4200 inter
2659 4146 2762 4199 alia
2806 4146 2948 4200 dicat
2991 4164 3147 4202 unius
3169 4149 3349 4203 uxoris

1815 4247 1932 4287 esse
1955 4235 2147 4296 virum,
2176 4234 2264 4301 qui
2293 4234 2525 4303 singulas
2562 4250 2667 4289 uno
2697 4244 2929 4305 tempore
2954 4236 3194 4292 habuerit
3217 4252 3345 4293 uxo-

1816 4334 1921 4373 res.
1952 4338 1971 4369 ι
1999 4319 2109 4373 Hoc
2143 4320 2284 4386 quod
2325 4321 2453 4374 dicit
2492 4322 2644 4374 unius
2680 4323 2857 4375 uxoris
2884 4323 3065 4384 virum,
3096 4330 3266 4390 potest
3293 4333 3346 4378 ct

1817 4407 1969 4461 aliter
2015 4407 2223 4460 disseri.
2284 4406 2362 4459 Ex
2409 4406 2602 4460 Iudaeis
2658 4416 2773 4461 erat
2825 4410 3110 4476 apostolus.
3172 4409 3345 4464 Prima

1817 4493 2012 4546 Christi
2051 4493 2284 4547 Ecclesia
2327 4494 2391 4548 de
2426 4493 2587 4547 Israel
2628 4494 2861 4563 reliquiis
2912 4496 3341 4566 congregabatur.

197 4571 246 4625 in
266 4574 558 4629 ministerio
585 4572 837 4639 ﬁdelium,
869 4583 971 4629 etc.
1006 4595 1024 4626 ι
1067 4576 1132 4629 Et
1158 4575 1290 4629 infra
1322 4595 1333 4628 :
1370 4594 1388 4627 ς
1429 4577 1495 4631 Ut
1517 4592 1719 4632 cresce—
1747 4615 1797 4677 υ
1822 4578 2034 4634 Sciebat
2058 4580 2171 4651 lege
2198 4597 2527 4646 concessum,
2550 4591 2604 4636 et
2645 4583 2883 4651 exemplo
2926 4585 3343 4652 patriarcharum

197 4668 273 4714 ret
309 4663 458 4730 plebs
505 4666 562 4718 'et
613 4664 1067 4732 multiplicaretur,
1120 4666 1366 4720 omnibus
1411 4667 1548 4721 inter
1573 4669 1719 4723 initia

196 4759 494 4801 concessum
515 4756 618 4813 est,
640 4757 741 4802 etc.
774 4768 793 4801 ι
822 4750 891 4802 At
916 4751 1004 4806 ubi
1048 4761 1221 4807 autem
1266 4754 1439 4807 omnia
1470 4753 1582 4808 loca
1614 4756 1720 4809 cir-

198 4832 462 4900 cumplexa
490 4839 577 4887 est
602 4833 857 4899 Ecclesia,
883 4837 1241 4889 conventicula
1269 4840 1552 4892 constituta
1578 4848 1721 4905 sunt,

198 4926 250 4971 et
281 4928 537 4984 rectores,
569 4927 626 4974 et
664 4929 857 4975 caetera
885 4922 1057 4977 cilicia
1081 4923 1133 4976 in
1156 4923 1408 4979 Ecclesiis
1436 4935 1557 4981 sunt
1584 4928 1723 4982 ordi-

200 5017 333 5073 nata,
359 5019 462 5067 etc.
514 5008 688 5080 Cepit
708 5010 813 5066 alio
836 5013 1020 5067 ordine
1067 5021 1122 5067 et
1164 5015 1487 5083 providentia
1534 5020 1724 5085 guber-

202 5098 308 5149 nari
332 5096 609 5153 Ecclesia:
638 5100 762 5166 quia
789 5100 833 5153 si
873 5115 1056 5156 omnss
1110 5102 1293 5157 eadem
1319 5112 1556 5172 possent,
1591 5105 1723 5159 irra-

202 5179 439 5238 tionabile
488 5191 652 5249 esset,
683 5192 739 5239 et
764 5186 995 5255 vulgaris
1033 5202 1121 5242 res
1148 5196 1202 5242 et
1243 5189 1495 5244 vilissima
1522 5190 1723 5246 videre-

204 5275 300 5323 tur.
329 5269 469 5326 Hinc
496 5285 625 5343 ergo
650 5281 733 5326 est
758 5273 896 5327 unde
941 5290 1081 5328 nunc
1132 5292 1321 5345 neque,
1349 5286 1450 5333 etc.
1498 5278 1601 5334 Alii
1625 5280 1724 5335 hoc

204 5356 465 5414 decretum
523 5375 642 5415 esse
699 5362 898 5428 dicunt,
957 5371 1017 5416 ut
1070 5364 1351 5419 schismata
1397 5367 1718 5422 tollerentur.

207 5439 423 5502 Sanctus
478 5446 830 5517 Hieronymus
879 5450 931 5503 in
963 5449 1320 5506 Commentar.
1372 5455 1425 5508 in
1463 5454 1627 5524 Epist.
1655 5457 1722 5510 ad

210 5528 374 5585 Titum
416 5548 536 5604 cap.
569 5550 588 5589 ι
618 5549 634 5589 :
669 5552 688 5585 ι
722 5535 861 5589 Idem
882 5546 962 5592 est
994 5553 1120 5608 ergo
1145 5541 1415 5611 presbyter
1441 5546 1581 5612 quod
1613 5547 1723 5614 epi-

209 5633 428 5690 scopus:
464 5632 522 5677 et
540 5632 818 5693 antequam
844 5626 1039 5681 diaboli
1066 5628 1340 5693 instinctu,
1369 5631 1540 5686 studia
1563 5634 1615 5686 in
1642 5648 1723 5687 re-

210 5706 392 5778 ligione
440 5710 653 5773 tierent.
690 5719 746 5766 et
788 5712 1026 5768 dicerent
1073 5715 1124 5768 in
1178 5717 1424 5784 populis:
1475 5718 1584 5789 Ego
1608 5736 1719 5773 sum

215 5789 375 5862 Pauli,
399 5813 489 5866 rgo
512 5795 713 5865 Apollo,
742 5814 832 5866 ego
860 5808 1024 5853 autem
1052 5799 1249 5869 Ceplue,
1293 5807 1555 5858 communi
1576 5818 1722 5873 pres-

512 5887 773 5946 ΡΑτιιοι..
820 5888 1011 5948 XCIX
1025 5936 1038 5950 .

1823 4682 1885 4721 ac
1919 4667 2081 4736 Moysi
2110 4668 2353 4722 familiari
2394 4670 2583 4737 populo
2611 4679 2829 4723 noverat
2858 4670 2910 4724 in
2940 4671 3119 4726 multis
3162 4675 3342 4728 uxori-

1823 4759 1922 4812 bus
1946 4758 2141 4813 liberos
2161 4773 2441 4827 spargere:
2471 4760 2597 4827 ipsis
2626 4772 2833 4828 quoque
2859 4761 3223 4816 sacerdotibus
3248 4762 3345 4815 bu-

1817 4842 1906 4911 jus
1947 4845 2172 4899 licentiae
2205 4847 2418 4913 patebat
2469 4849 2766 4902 arbitrium.
2810 4846 3067 4915 Praecepit
3108 4863 3232 4917 ergo
3277 4864 3342 4902 ne
3386 4854 3398 4865 '

1824 4933 2059 4986 eamdem
2086 4933 2349 4987 licentiam
2385 4935 2631 4989 Ecclesia:
2666 4935 2763 4988 sibi
2800 4936 3067 4989 vindicent
3100 4938 3345 4992 sacerdo—

1826 5029 1943 5075 tes:
1973 5036 2037 5075 ne
2078 5023 2200 5076 bina
2243 5024 2440 5091 pariter
2471 5031 2526 5077 et
2571 5024 2704 5096 trina
2751 5023 2989 5095 coniugia
3035 5026 3339 5091 sortiantur,

1823 5111 1913 5163 sed
1943 5121 2000 5163 ut
2038 5112 2268 5181 singulas
2292 5126 2397 5164 uno
2444 5120 2676 5181 tempore
2713 5128 2906 5169 uxores
2943 5115 3186 5169 habeant.
3217 5136 3235 5168 ι
3262 5116 3343 5171 Ah

1823 5196 1907 5249 illa
1951 5196 2378 5264 interpretatione
2421 5198 2601 5267 procul
2642 5200 2801 5255 dubio
2841 5214 2942 5254 non
2986 5198 3340 5257 abhorrebant

1822 5286 2071 5353 episcopi,
2098 5299 2230 5354 quos
2272 5287 2508 5372 asperius
2530 5291 2790 5357 vituperat
2823 5289 3173 5344 Tertullianus
3206 5291 3339 5345 libro

1824 5375 1887 5428 de
1915 5374 2259 5443 Monogamia,
2292 5391 2405 5445 cap.
2436 5376 2533 5440 12,
2573 5378 2655 5431 his
2697 5378 2906 5433 verbis:
2939 5397 2956 5427 ι
2985 5379 3338 5453 Prospiciebat

1825 5461 2052 5529 Spiritus
2095 5470 2307 5518 sanctus
2352 5466 2583 5518 dicturos
2625 5466 2877 5533 quosdam
2905 5484 2917 5518 :
2943 5466 3131 5520 Omnia
3176 5467 3336 5539 licent

1824 5548 2108 5615 episcopis;
2149 5549 2284 5603 sicut
2318 5548 2403 5602 ille
2422 5550 2881 5605 vester’Utinensis
2906 5567 3001 5606 nec
3029 5553 3371 5621 scantiniam"

1824 5633 2018 5686 timuit.
2059 5634 2207 5699 Quod
2245 5635 2384 5689 enim
2421 5644 2474 5688 et
2509 5637 2700 5705 digami
2740 5639 3022 5706 przesident
3060 5641 3194 5709 apud
3221 5656 3338 5712 vos,

1822 5719 2134 5775 insultantes
2155 5723 2333 5790 utique
2359 5722 2626 5790 Apostolo,
2656 5734 2798 5781 certo
2824 5741 2926 5781 non
2950 5728 3342 5797 erubescentes,

1825 5825 1940 5863 eum
1976 5811 2087 5863 haec.
2122 5813 2218 5865 snh
2244 5812 2344 5865 illis
2372 5812 2629 5882 leguntur.
2654 5834 2675 5864 ι
2708 5813 3055 5869 Nihilominus
3075 5831 3233 5885 supra

2805 5904 2880 5962 36
