4010 6432
632 477 753 532 “Si

1679 485 1765 538 AD
1806 483 2324 540 PENITENTIALE
2362 487 2697 543 TliEODORl

3665 41 3952 186 "l

3633 494 3764 547 “53

627 593 772 637 reret
791 584 922 640 libro
948 600 965 638 ι
987 589 1052 641 ad
1084 587 1331 654 Uxorem,
1360 605 1476 659 cap.
1500 593 1529 642 7
1557 610 1566 642 :
1602 609 1617 640 ι
1646 591 1906 656 Quantum
1934 593 2136 644 obstre-
2162 595 2208 650 Α
2236 605 2399 659 ganus
2441 594 2688 647 habuerit
2721 594 2970 660 alteram,
3005 596 3352 652 ordinandum
3388 612 3502 652 esse
3540 597 3770 656 censhel

627 680 746 742 pant
767 671 1028 726 sanctitati
1052 677 1241 742 nuptiae
1263 678 1519 742 secundm,
1536 677 1805 744 disciplina
1828 677 2068 731 Ecclesia:
2085 686 2137 730 et

624 758 944 823 prtescriptio
967 758 1200 826 Apostoli
1218 763 1472 825 declarat,
1490 778 1605 816 cum
1630 765 1863 830 digamos
1887 778 1992 816 non
2017 764 2140 816 sinit

625 842 918 908 praesidere.
943 863 960 894 ι
997 845 1062 897 Et
1089 846 1141 898 in
1178 847 1312 900 libro
1340 830 1416 900 ide
1450 849 1822 902 Exhortatione
1861 849 2136 912 castitatis,

625 929 677 981 in
738 945 840 997 quo
906 933 1211 987 dehortatur
1256 951 1286 988 a
1336 937 1578 989 secundis
1637 937 1863 1004 nuptiis,
1905 937 2142 990 meminit

624 1019 877 1084 quosdam
902 1020 1136 1089 digamos
1158 1039 1186 1073 a
1212 1024 1326 1076 loco
1352 1022 1597 1088 dejectos.
1625 1023 1726 1077 Sed
1753 1025 1876 1078 illud
1903 1025 2063 1078 refert
2085 1032 2141 1078 ut

624 1107 748 1170 quid
780 1109 992 1162 omnino
1035 1110 1339 1163 insolitum:
1374 1129 1390 1161 ι
1420 1111 1587 1178 thue
1630 1113 1776 1174 adeo,
1817 1113 1986 1180 inquit
2021 1127 2138 1179 cap.

623 1194 674 1255 7,
700 1198 950 1262 quosdam
981 1201 1192 1252 memini
1216 1202 1451 1269 digamos
1488 1201 1600 1255 loco
1636 1202 1882 1268 deiectos.
1916 1203 1980 1254 Et
2008 1203 2144 1255 veri-

623 1280 790 1334 simile
819 1291 898 1335 est
937 1284 1112 1351 plures
1140 1285 1190 1336 in
1233 1287 1464 1339 Ecclesia
1501 1289 1833 1353 praesedisse;
1861 1281 1977 1340 eum
2024 1301 2144 1340 san-

622 1377 737 1421 ctus
782 1356 1126 1438 Hieronymus
1153 1381 1416 1428 asseveret
1440 1382 1604 1427 totum
1654 1375 1902 1427 mundum
1931 1376 2142 1443 plenum

621 1469 738 1507 esse
767 1457 849 1509 liis
884 1458 1314 1522 ordinationibus,
1343 1471 1500 1529 atque
1524 1472 1580 1514 ut
1609 1464 1682 1514 ait
1704 1464 1753 1515 in
1779 1477 1860 1532 ep.
1892 1466 1958 1518 ad
1981 1465 2143 1520 Ocea-

624 1563 776 1609 num,
813 1567 829 1597 ι
858 1548 969 1600 Non
1013 1550 1132 1602 dico
1157 1551 1221 1603 de
1266 1554 1603 1620 presbyteris,
1645 1569 1747 1606 non
1796 1554 1859 1606 de
1907 1554 2143 1608 inferiori

621 1636 804 1700 gradu,
833 1637 896 1689 ad
923 1637 1194 1705 episcopos
1224 1640 1389 1699 venio,
1420 1655 1552 1707 quos
1577 1642 1620 1694 si
1644 1641 1906 1708 sigillatim
1933 1643 2145 1696 voluero

623 1724 908 1785 nominare,
936 1732 1112 1777 tantus
1141 1741 1388 1779 numerus
1429 1729 1846 1794 congregabitur,
1875 1737 1932 1780 ut
1956 1728 2146 1780 Arimi-

623 1811 798 1862 nensis
827 1811 1008 1879 synodi
1037 1813 1309 1865 multitudo
1334 1824 1625 1881 superetur.
1651 1815 1754 1869 Sed
1796 1817 2042 1869 indecens
2066 1825 2145 1869 est

2236 687 2376 731 runt.
2405 679 2479 732 De
2517 688 2851 736 sacramento
2879 684 3017 737 enim
3047 685 3236 752 agitur,
3277 698 3379 738 non
3422 685 3488 738 de
3528 697 3761 753 peccato.

2237 762 2367 816 Nam
2405 765 2456 817 in
2477 765 2735 833 baptismo
2761 778 2976 835 peccata
3004 771 3179 822 omnia
3209 771 3560 825 dimittuntur.
3584 793 3602 825 ι
3635 776 3767 830 Vide

2237 853 2460 908 Leonem
2505 855 2740 923 papaml
2785 857 2835 909 in
2872 871 2955 924 ep.
3001 857 3067 910 ad
3095 857 3430 912 Anastasium
3461 862 3763 928 episcopum

2237 944 2776 1008 Thessalonicensem,
2805 961 2918 1012 cap.
2945 949 3009 1010 5;
3040 948 3091 1000 in
3129 963 3212 1017 ep.
3239 949 3304 1001 ad
3335 950 3608 1018 episcopos
3646 967 3768 1018 pro-

2239 1030 2420 1083 vinciae
2446 1031 2774 1093 Viennensis,
2804 1047 2919 1100 cap.
2946 1035 2968 1085 1
2993 1051 3006 1097 ;
3039 1049 3188 1087 conc.
3218 1034 3550 1100 Arausican.,
3582 1036 3764 1100 om;

2237 1120 2423 1172 concil.
2447 1120 2837 1190 Andegavense,
2866 1141 2981 1177 can.
3026 1127 3118 1189 H;
3168 1128 3443 1180 concilium
3473 1128 3768 1182 Romanum

2240 1207 2335 1258 sub
2365 1206 2539 1260 Hilaro
2567 1225 2720 1277 papa,
2752 1226 2868 1263 can.
2896 1212 2960 1275 2;
2992 1214 3269 1266 concilium
3297 1215 3616 1281 Agathense,
3643 1231 3763 1270 can.

2243 1291 2290 1355 1,
2318 1299 2371 1344 et
2398 1296 2679 1349 concilium
2702 1299 3004 1353 Arelatense
3029 1317 3098 1363 Iv,
3125 1287 3243 1354 c'an.
3267 1305 3319 1356 5.

2309 1379 2844 1462 Nullum.perfectum
2887 1388 3137 1440 credimus
3182 1389 3235 1441 in
3273 1391 3541 1458 baptismo.
3569 1392 3774 1462 Nempe

2240 1466 2328 1532 qui
2353 1481 2456 1518 non
2482 1453 2770 1535 completur
2795 1473 2998 1525 cmtcris
3027 1477 3388 1529 sacramentis.
3418 1477 3512 1531 Hic
3552 1495 3774 1546 praeser-

2241 1553 2333 1604 tim
2374 1568 2492 1606 cum
2528 1554 2769 1610 Patribus
2797 1558 2998 1612 Latinis
3027 1560 3332 1615 Theodorus
3359 1563 3606 1630 loquitur.
3637 1566 3771 1619 Ter-

2240 1641 2506 1702 tullianus,
2538 1643 2670 1698 libro
2701 1646 2766 1698 de
2796 1646 3079 1714 Baptismo,
3111 1665 3225 1716 cap.
3253 1651 3323 1702 6:
3361 1669 3378 1699 «
3409 1651 3518 1704 Νοη
3547 1653 3686 1720 quod
3716 1657 3772 1707 in

2241 1727 2389 1792 aquis
2427 1726 2678 1794 Spiritum
2720 1740 2958 1785 sanetum
2985 1749 3384 1802 consequamur,
3411 1738 3503 1790 sel
3535 1739 3588 1791 in
3634 1755 3773 1807 aqua

2243 1814 2494 1876 mundati,
2527 1817 2622 1869 sub
2649 1819 2830 1886 angelo
2877 1819 3093 1886 Spiritui
3137 1831 3320 1876 sancto
3346 1839 3720 1892 praeparamur.
3751 1847 3767 1876 ι

624 1896 699 1948 sic
726 1911 883 1948 unum
913 1899 1066 1956 tueri,
1089 1907 1145 1950 ut
1165 1899 1339 1964 plures
1364 1915 1612 1954 accusare
1634 1903 1888 1966 videaris;
1917 1911 1969 1956 et
1989 1919 2145 1970 quem
2180 1895 2218 1951 Β
2244 1895 2515 1952 Cornelius
2559 1901 2610 1952 in
2641 1918 2722 1968 ep.
2749 1905 2815 1956 ad
2851 1905 3068 1958 Fabium
3099 1909 3160 1959 de
3188 1908 3409 1971 Novato,
3439 1912 3575 1978 apud
3614 1913 3775 1964 Euse-

625 1983 824 2041 ratione
853 1998 952 2035 non
987 1986 1172 2050 possis,
1200 1987 1449 2040 societate
1484 1989 1810 2056 peccantium
1840 1989 2140 2043 defendas.»

626 2073 755 2137 Quis
797 2074 980 2126 credat
1031 2075 1372 2143 Hieronymo,
1412 2078 1455 2129 si
1503 2076 1706 2144 legatur
1742 2077 1880 2144 quod
1935 2087 2148 2130 sanctus

629 2163 949 2228 Epiphanius
976 2170 1092 2230 post
1133 2162 1571 2231 Origenemdicit
1595 2167 1779 2218 haeres.
1806 2181 1892 2217 ιιι
1927 2180 2030 2217 non
2067 2180 2151 2218 su-

628 2250 829 2315 scipere
853 2258 1085 2300 sanctam
1119 2250 1208 2301 Dci
1232 2249 1650 2316 prmdicationem
1682 2259 1798 2316 post
1823 2250 2015 2302 Christi
2055 2250 2148 2302 ad-

626 2341 840 2385 ventum
878 2348 969 2387 eos
1011 2335 1127 2401 qui,
1173 2345 1375 2388 mortua
1418 2337 1648 2403 ipsorum
1690 2351 1867 2398 uxore,
1910 2337 2150 2390 secundis

628 2422 823 2488 nuptiis
855 2420 1116 2486 conjuncti
1161 2432 1311 2486 sunt,
1351 2434 1564 2492 propter
1603 2425 1942 2478 excellentem
1978 2440 2152 2478 sacer-

628 2509 753 2561 dotii
795 2509 1042 2561 honorem
1085 2525 1146 2562 ac
1183 2511 1485 2579 dignitatem
1511 2529 1522 2562 :
1553 2512 1652 2564 nisi
1699 2513 1940 2563 observet
1969 2512 2151 2564 Hiero-

631 2598 771 2664 nymi
813 2599 1086 2650 sententia:
1125 2592 1302 2650 favere
1345 2599 1640 2651 testimonia
1689 2598 1909 2650 aliorum
1939 2597 2151 2651 Patrum

633 2684 933 2737 Graecorum
968 2702 979 2735 :
1013 2685 1179 2738 sancti
1206 2684 1254 2737 δ.
1282 2685 1572 2754 Cbrysost.,
1603 2685 1783 2740 bomil.
1813 2685 1878 2738 lO
1906 2686 1958 2738 in
1985 2686 2151 2754 Epist.

631 2772 777 2825 Pauli
805 2772 869 2824 ad
893 2772 1118 2826 Timoth.
1146 2773 1182 2834 l,
1201 2788 1328 2840 cap.
1357 2790 1438 2838 ru,
1463 2782 1516 2827 et
1539 2773 1873 2827 Theodoreti.
1900 2773 1994 2826 Hic
2014 2776 2152 2826 enim

633 2860 794 2914 refert
831 2862 881 2914 in
908 2876 1023 2928 cap.
1059 2876 1118 2914 ιιι
1158 2863 1308 2928 epist.
1332 2861 1353 2914 Ι
1378 2863 1445 2915 ad
1479 2863 1808 2917 Timotheum
1845 2865 2154 2917 sententiam

629 2962 811 3001 eorum
842 2949 931 3015 qui
972 2949 1226 3000 sentirent
1266 2963 1386 3001 eum
1429 2950 1519 3018 qui
1565 2966 1684 3004 cum
1711 2966 1814 3004 una
1853 2951 1964 3006 sola
1992 2966 2157 3005 uxore

631 3034 818 3104 pudice
839 3035 1130 3096 cohabitat,
1168 3036 1377 3104 dignum
1403 3053 1518 3091 esse
1544 3039 1632 3106 qui
1668 3041 1938 3094 ordinetur
1958 3041 2159 3108 episco-

633 3134 732 3188 pus
774 3135 787 3172 :
835 3136 931 3174 nec
979 3123 1234 3175 secundas
1291 3123 1594 3192 Apostolum
1643 3128 1887 3195 reiecisse
1929 3129 2150 3196 nuptias.

633 3207 830 3262 Deinde
870 3223 986 3263 eam
1013 3211 1325 3263 auctoritate
1338 3188 1463 3263 —divi
1508 3213 1652 3264 Pauli
1685 3188 1996 3268 conﬁrmare
2032 3231 2154 3269 con-
2181 3188 2224 3247 Ο

635 3295 820 3356 ιειιᾱίι,
850 3309 913 3347 ac
938 3295 1159 3363 denique
1194 3296 1336 3348 illam
1373 3300 1576 3352 caneris
1615 3309 1930 3368 anteponere
1954 3317 2012 3357 se
2035 3319 2158 3372 pro-

634 3377 813 3430 litetur
840 3378 922 3432 his
947 3381 1122 3434 verbis
1147 3399 1157 3433 :
1189 3389 1356 3436 Ταῦτα
1385 3389 1460 3438 καὶ
1486 3389 1550 3440 τὰ
1576 3395 1786 3442 τοιαῦτα
1813 3391 2154 3460 σκοπούμενος,

633 3465 948 3533 ἀποδέχομαι
985 3476 1079 3520 τῶν
1105 3469 1231 3522 οὕτω
1267 3474 1564 3536 νενοηκότωνς
1586 3480 1672 3532 τὴν
1706 3476 1981 3550 ἑρμηνείαν.
2010 3478 2158 3546 QuOd

637 3567 762 3605 vero
804 3553 985 3607 Patres
1025 3555 1196 3610 Latini
1238 3559 1326 3625 qui
1368 3560 1736 3630 Hieronymum
1778 3576 2162 3633 pramesserunt

638 3640 735 3708 ipsi
766 3649 1022 3696 testantur
1042 3646 1231 3698 multos
1255 3647 1547 3714 huiusmodi
1574 3652 1808 3720 digamos
1836 3654 1995 3710 fuisse
2021 3658 2161 3711 ordi-

636 3738 810 3793 natos,
833 3742 1147 3800 quapropter
1168 3735 1410 3790 Patribus
1433 3741 1640 3794 concilii
1664 3743 1919 3796 Valentini
1947 3745 2156 3812 placuit,

639 3831 758 3870 can.
787 3818 837 3882 l,
881 3818 945 3870 de
970 3834 1154 3874 eorum
1200 3832 1337 3876 statu
1372 3827 1459 3892 qui
1501 3828 1648 3895 prius
1689 3829 1913 3882 ordinati
1956 3831 2164 3886 fuerant

638 3905 770 3959 nihil
795 3905 1008 3961 revolvi.
1041 3909 1104 3961 Et
1139 3919 1351 3964 sanctus
1374 3913 1680 3969 Ambrosius
1708 3917 1835 3970 dicit
1868 3917 2001 3971 libro
2028 3935 2044 3974 ι
2074 3919 2163 3972 0f-

642 3988 898 4058 fieiorum,
925 4010 1038 4062 cap.
1067 3996 1154 4061 50,
1183 3999 1446 4067 plerisque
1488 4003 1678 4056 mirum
1703 4005 1868 4058 videri
1908 4021 2002 4058 cur
2042 4014 2165 4062 ante

643 4081 957 4148 baptismum
983 4083 1172 4136 iterato
1202 4085 1460 4154 conjugio,
1496 4090 1561 4142 ad
1596 4089 1905 4144 electionem
1932 4093 2164 4148 muneris

643 4176 696 4221 et
719 4169 1059 4223 ordinationis
1089 4175 1486 4241 praerogativam
1515 4176 1883 4243 impedimenta
1913 4180 2164 4248 generené

643 4264 748 4320 tur,
778 4272 895 4310 cum
924 4259 1081 4313 etiam
1105 4260 1290 4313 delicta
1313 4261 1498 4317 obesse
1523 4278 1624 4340 non
1653 4266 1872 4329 soleant,
1900 4269 1943 4322 si
1969 4269 2164 4323 lavacri

647 4345 864 4398 remissa
892 4344 1085 4398 fuerint
1119 4358 1463 4402 sacramento.
1494 4347 1597 4404 Sed
1639 4360 1811 4406 tamen
1848 4357 2164 4410 contrariam

648 4431 976 4501 amphctitur
1007 4435 1319 4487 sententiam
1345 4454 1355 4486 :
1392 4454 1410 4484 ‹
1441 4437 1748 4506 Intelligere,
1798 4441 1985 4508 inquit,
2013 4443 2166 4495 debe-

646 4523 852 4585 bemus,
892 4525 1013 4590 quia
1051 4525 1102 4576 in
1139 4525 1397 4592 baptismo
1425 4527 1574 4596 culpa
1617 4529 1804 4582 dimitti
1849 4539 2040 4597 potest,
2082 4531 2164 4585 lex

650 4611 846 4664 aboleri
889 4625 990 4664 non
1016 4619 1207 4679 potest.
1245 4613 1300 4666 ln
1332 4614 1575 4684 coniugio
1605 4631 1709 4670 non
1755 4617 1926 4685 culpa,
1958 4622 2046 4674 sed
2083 4621 2164 4675 lex

647 4707 758 4762 est;
786 4699 926 4772 quod
951 4698 1114 4766 eulpae
1136 4709 1220 4751 est
1242 4700 1423 4768 igitur,
1451 4703 1502 4754 in
1532 4704 1843 4770 baptismate
1867 4705 2161 4769 relaxatur;

649 4785 788 4854 quod
812 4785 940 4854 legis
961 4792 1063 4851 est,
1091 4787 1141 4838 in
1163 4785 1402 4854 coniugio
1417 4803 1519 4841 non
1542 4789 1811 4843 solvitur.»
1841 4792 2027 4848 Postea
2056 4808 2166 4845 om-

650 4886 744 4925 nes
767 4871 876 4924 fere
910 4872 999 4928 alii
1031 4873 1212 4928 eodem
1251 4875 1405 4927 modo
1428 4874 1586 4929 locuti
1615 4884 1752 4928 sunt.
1783 4877 1998 4931 Siricius
2032 4893 2164 4947 papa

649 4956 705 5011 in
745 4958 897 5026 epist.
924 4957 989 5010 ad
1019 4956 1306 5010 Himerium
1341 4959 1803 5024 Tarraconensem,
1843 4976 1958 5028 cap.
1987 4963 2040 5027 9,
2070 4963 2164 5025 10;

647 5040 979 5101 Innocentius
1012 5042 1052 5105 l.
1082 5042 1136 5098 in
1161 5043 1402 5096 omnibus
1424 5043 1554 5098 locis
1579 5060 1733 5114 supra
1757 5046 1964 5109 citatis;
1992 5047 2168 5102 conci-

647 5129 775 5184 lium
796 5128 1203 5196 Carthaginem
1226 5128 1434 5183 nomine
1456 5145 1526 5194 rv,
1557 5146 1604 5186 c.
1629 5131 1726 5196 69;
1757 5139 1972 5187 sanctus
1993 5132 2169 5202 Augu-

650 5217 821 5269 stinus
857 5215 920 5274 de
946 5213 1089 5267 Bono
1115 5215 1370 5284 coniugali
1389 5255 1404 5280 ,
1431 5231 1544 5284 cap.
1588 5217 1671 5282 18,
1699 5217 1846 5285 cuius
1878 5218 2036 5274 verba
2076 5234 2170 5272 no-

651 5301 807 5355 tanda
848 5308 1004 5355 sunt:
1044 5317 1061 5349 t
1094 5300 1372 5370 Propterea
1427 5313 1810 5358 sacramentum
1871 5307 2168 5374 nuptiarum

652 5387 900 5455 temporis
925 5388 1092 5442 nostri
1116 5387 1192 5441 sic
1222 5388 1287 5441 ad
1308 5404 1470 5444 unum
1497 5391 1742 5446 maritum
1765 5397 1819 5443 et
1860 5405 2018 5444 unam
2041 5408 2170 5447 uxo-

652 5485 762 5525 rem
797 5471 1065 5524 redactum
1107 5480 1218 5534 est,
1250 5481 1308 5524 ut
1332 5470 1743 5540 dispensatorem
1783 5476 2022 5536 ecclesia:
2063 5492 2165 5530 non

650 5557 804 5611 liceat
823 5554 1083 5621 ordinare,
1108 5559 1205 5611 nisi
1227 5559 1377 5612 unius
1396 5561 1572 5614 uxoris
1592 5563 1779 5617 virum.
1797 5562 1944 5628 Quod
1964 5565 2166 5618 acutius

655 5645 1014 5701 intellexerunt
1039 5647 1126 5712 qui
1162 5661 1256 5698 nec
1287 5661 1403 5698 enim
1433 5648 1521 5715 qui
1544 5649 1947 5703 catechumenus
1975 5652 2053 5703 vel
2076 5667 2166 5718 pa-

2245 1985 2384 2038 bium
2424 1989 2513 2042 lib.
2541 2006 2623 2051 vr,
2654 2008 2766 2059 cap.
2799 1993 2900 2046 63:
2937 2013 2954 2044 ‹
2983 1996 3036 2047 ln
3079 1997 3190 2064 ipso
3219 1999 3272 2050 in
3314 2015 3419 2066 quo
3445 1999 3655 2066 jacebat
3702 2003 3775 2055 le-

2245 2075 2383 2127 ctulo
2411 2077 2671 2143 perfusus,
2717 2082 3032 2148 baptismum
3074 2087 3330 2155 suscepit;
3360 2089 3402 2141 si
3451 2100 3624 2144 tamen
3671 2095 3773 2146 hu-

2238 2158 2527 2225 juscemodi
2557 2167 2869 2233 baptismum
2915 2174 3207 2239 suscepisse
3252 2177 3498 2230 dicendus
3533 2188 3630 2231 est.
3664 2181 3769 2235 Sed

2246 2262 2414 2314 neque
2440 2260 2712 2318 postquam
2744 2255 2995 2310 liberatus
3019 2269 3100 2311 est
3128 2263 3328 2324 morbo,
3358 2263 3554 2330 reliqua
3593 2282 3774 2332 perce-

2245 2333 2323 2399 pit
2363 2350 2478 2401 qure
2513 2338 2661 2402 juxta
2704 2341 3113 2396 ecclesiasticam
3159 2346 3390 2412 regulam
3440 2351 3772 2417 percipi-de-

2246 2418 2405 2470 bent:
2440 2435 2608 2487 neque
2648 2424 2711 2476 ab
2746 2426 2990 2494 episcopo
3030 2429 3367 2497 consignatus
3397 2442 3493 2485 est.
3527 2435 3636 2486 Hoc
3678 2452 3774 2488 an-

2249 2511 2354 2556 tem
2391 2505 2657 2572 signaculo
2693 2510 2905 2566 minime
2930 2518 3194 2584 percepto,
3221 2533 3326 2586 quo
3370 2523 3577 2574 tandem
3620 2526 3777 2578 modo

2251 2597 2504 2665 Spiritum
2555 2612 2795 2657 sanctum
2843 2609 3011 2672 potuit
3058 2611 3316 2678 accipere.
3343 2631 3362 2664 ι
3409 2613 3632 2667 Sanctus
3671 2616 3774 2684 Cy-

2247 2685 2462 2752 prianus
2493 2687 2544 2738 in
2575 2703 2657 2756 ep.
2689 2690 2754 2742 74
2781 2692 2844 2744 ad
2873 2692 3194 2762 Pompeium.
3223 2699 3385 2751 Vetus
3414 2708 3596 2752 auctor
3619 2716 3776 2768 quem

2251 2785 2353 2823 una
2397 2787 2515 2824 cum
2557 2772 2816 2841 Cypriane
2857 2779 3020 2832 edidit
3043 2783 3126 2833 vir
3179 2783 3248 2834 cl.
3277 2783 3339 2835 N.
3377 2785 3633 2854 Rigaltius
3659 2798 3779 2855 post

2252 2860 2528 2927 epistolam
2570 2864 2806 2917 citatam.
2837 2866 2950 2920 Non
2983 2880 3172 2938 negant
3203 2879 3375 2927 tamen
3404 2875 3697 2945 Cyprianus
3722 2889 3773 2933 et

2253 2945 2617 3017 Hieronymus,
2639 2963 2856 3021 cogente
2880 2960 3214 3024 necessitate,
3246 2969 3414 3016 totum
3435 2966 3675 3021 conferre
3701 2969 3778 3020 di-

2250 3037 2368 3087 vina
2394 3039 2720 3105 compendia.
2751 3041 2861 3096 Hoc
2886 3045 3012 3098 dicit
3042 3057 3256 3102 sanctus
3293 3050 3586 3118 Cyprianus
3606 3057 3776 3110 etiam

2255 3120 2319 3173 de
2348 3121 2550 3176 clinicis
2589 3125 2642 3177 in
2677 3127 2829 3194 epist.
2859 3129 2925 3181 ad
2953 3129 3192 3198 Magnum
3222 3134 3286 3186 de
3323 3136 3653 3205 baptizandis
3681 3143 3778 3195 No-

2255 3209 2504 3274 vatianis;
2533 3219 2587 3264 et
2617 3213 2681 3267 de
2718 3215 2786 3269 iis
2818 3218 2906 3284 qui
2937 3219 2990 3272 in
3019 3220 3154 3274 lecto
3182 3225 3400 3291 gratiam
3445 3242 3776 3297 consequun-

2255 3301 2357 3348 tur.
2382 3314 2400 3346 ‹
2426 3297 2483 3350 ln
2508 3304 2872 3366 sacramentis,
2897 3305 3082 3373 inquit,
3100 3309 3438 3375 salutaribus,
3467 3319 3778 3372 necessitate

2253 3393 2472 3451 cogente
2497 3395 2551 3439 et
2580 3389 2686 3440 Deo
2737 3390 3112 3459 indulgentiam
3138 3410 3284 3450 suam
3310 3399 3584 3467 largiente,
3611 3413 3777 3458 totum

2255 3475 2588 3528 credentibus
2611 3477 2888 3532 conferunt
2909 3480 3084 3534 divina
3106 3486 3431 3552 compendia.
3457 3507 3476 3539 ι
3508 3489 3657 3555 Quod
3689 3493 3784 3562 Cy-

2254 3559 2469 3626 prianus
2495 3563 2620 3616 dicit
2648 3563 2711 3616 de
2744 3564 2967 3630 clinicis,
3009 3568 3062 3620 id
3087 3567 3313 3624 afﬁrmat
3339 3572 3693 3644 Hieronymus
3719 3559 3782 3632 de

2256 3647 2320 3700 iis
2348 3650 2436 3717 qui
2471 3650 2538 3704 ob
2571 3653 2853 3706 remotiora
2881 3653 2992 3708 loca
3021 3672 3052 3710 a
3079 3658 3402 3727 presbyteris
3426 3661 3526 3715 ναις
3546 3664 3784 3719 diaconis

2255 3737 2504 3803 baptizati
2533 3741 2723 3792 mortui
2756 3751 2926 3806 erant,
2960 3745 3263 3812 priusquam
3290 3749 3356 3800 ab
3375 3749 3628 3819 episcopo
3661 3767 3782 3805 con-

2258 3821 2606 3876 firmarentur.
2639 3824 2727 3879 Sic
2747 3829 2954 3896 egregie
2979 3839 3193 3884 sanctus
3220 3831 3566 3902 Hieronymus
3595 3837 3782 3894 adver-

2258 3925 2349 3964 sus
2400 3911 2872 3969 Luciferanianos.
2911 3934 2929 3966 ‹
2959 3916 3106 3982 Quod
3152 3919 3197 3972 si
3235 3919 3336 3974 hoc
3378 3920 3493 3976 loco
3545 3927 3780 3992 qrmris:

2257 4013 2420 4066 quare
2470 3998 2789 4056 in'Ecclesia
2824 4005 3140 4074 baptizatus,
3177 4009 3279 4063 nisi
3318 4025 3415 4079 per
3446 4027 3634 4068 manus
3671 4018 3780 4084 epi-

2259 4088 2421 4154 scapi,
2455 4103 2559 4140 non
2581 4090 2803 4158 accipiat
2830 4091 3080 4160 Spiritum
3106 4105 3364 4161 sanctum,
3392 4114 3548 4166 quem
3572 4117 3670 4156 nos
3696 4119 3779 4158 asc

2259 4175 2483 4228 serimus
2518 4177 2569 4229 in
2607 4191 2734 4232 vero
2772 4179 3084 4248 baptismate
3113 4185 3306 4238 tribui:
3340 4187 3481 4242 disce
3513 4190 3651 4245 hanc
3692 4195 3782 4247 ob-

2260 4261 2604 4315 servationem
2633 4277 2698 4316 ex
2721 4278 2779 4316 ea
2803 4267 3112 4322 auctoritate
3141 4269 3479 4337 descendere,
3505 4279 3643 4342 quod
3667 4288 3784 4345 post

2261 4362 2534 4401 ascensum
2564 4350 2772 4404 Domini
2809 4351 3036 4420 Spiritus
3069 4365 3281 4411 sanctus
3305 4360 3370 4412 ad
3397 4363 3658 4444 apostolos
3693 4368 3780 4420 de-

2190 4472 2240 4528 Β
2266 4437 2502 4488 scendit:
2531 4444 2585 4490 et
2625 4439 2802 4493 multis
2829 4442 2881 4494 in
2912 4442 3042 4496 locis
3069 4444 3208 4499 idem
3253 4437 3544 4504 factitatum
3587 4458 3782 4524 reperi-

2265 4533 2382 4571 mus
2410 4519 2475 4571 ad
2523 4522 2774 4578 honorem
2801 4527 2975 4592 potius
3018 4530 3316 4595 sacerdotii,
3347 4548 3503 4600 quam
3547 4539 3612 4590 ad
3647 4519 3781 4609 legis

2264 4606 2650 4660 necessitatem.
2695 4609 2902 4678 Alioqui
2937 4613 2981 4666 si
3011 4615 3075 4667 ad
3104 4617 3334 4687 episcopi
3363 4627 3566 4676 tantum
3592 4606 3781 4694 impre-

2263 4693 2518 4747 eationem
2549 4693 2775 4762 Spiritus
2813 4707 3028 4755 sanctus
3053 4702 3250 4770 deﬂuit,
3291 4706 3499 4776 lugendi
3545 4693 3779 4783 suntqui

2263 4778 2314 4830 in
2342 4780 2579 4844 vinculis,
2608 4791 2697 4835 aut
2725 4784 2779 4837 in
2802 4787 3050 4851 castellis,
3070 4799 3162 4843 aut
3190 4792 3243 4844 in
3261 4797 3628 4852 remotioribus
3655 4778 3779 4856 locis

2261 4878 2356 4932 per
2383 4870 2711 4936 presbyteros
2735 4877 2792 4924 et
2821 4871 3070 4929 diaconos
3104 4877 3356 4946 baptizati
3395 4891 3519 4938 aute
3554 4888 3778 4944 dormie-

2266 4961 2413 5017 runt,
2441 4971 2596 5024 quam
2621 4959 2688 5010 ab
2711 4961 2968 5030 episcOpis
3005 4964 3369 5024 inviserentur.
3396 4970 3570 5038 Quare
3613 4977 3778 5034 Theo-

2265 5039 2423 5094 dorus
2468 5043 2594 5097 dicit
2633 5047 2864 5113 capitulo
2888 5052 2958 5106 L:
2993 5067 3011 5098 ι
3039 5049 3246 5108 Nullum
3283 5055 3570 5123 perfectum
3609 5067 3778 5119 credi-

2263 5140 2383 5180 mus
2414 5128 2526 5181 siue
2553 5131 2946 5189 confirmatione
2971 5137 3201 5206 episcopi
3227 5159 3239 5192 :
3272 5149 3445 5200 tuuen
3469 5161 3574 5202 non
3594 5149 3777 5218 despe-

2266 5224 2462 5264 ramus.
2489 5232 2507 5263 ι

2333 5295 2776 5365 Con/irritationem
2821 5308 3042 5376 episcopi
3087 5326 3187 5366 non
3235 5314 3569 5386 disputamus.
3627 5323 3773 5379 Nunc

2267 5384 2571 5441 Theodorus
2597 5390 2806 5446 natione
2829 5392 3046 5450 Graecam
3080 5399 3286 5455 videtur
3307 5384 3541 5462 indicare
3553 5410 3769 5468 Patrum

2266 5477 2566 5535 Graecorum
2607 5485 2921 5544 sententiam
2949 5526 2964 5550 ,
2994 5490 3084 5556 qui
3114 5493 3295 5558 dicunt
3330 5497 3650 5567 baptismum
3665 5506 3767 5559 tria

2266 5567 2602 5656 significare:
2649 5569 2972 5637 tinctionem,
3023 5567 3286 5636 hominem
3331 5585 3432 5642 fide
3477 5591 3764 5656 imbutum;

2266 5653 2595 5718 mersioncm,
2640 5656 2871 5710 ablutum
2900 5663 3138 5719 sordibus
3164 5677 3218 5720 et
3241 5673 3456 5727 maculis
3481 5653 3765 5736 εριιιριεὶοξ
