4010 6418
204 501 340 570 Ηδό

1295 489 1850 550 OBSERVATIONES
1887 489 1974 543 ET
2010 488 2235 544 NOTAE.

3209 497 3337 562 nat

203 627 348 674 nent,
380 616 770 680 resurgentem;
795 621 856 662 ac
875 606 1092 674 proinde
1119 606 1186 660 ab
1211 604 1313 658 illis
1335 605 1510 658 vocari
1541 603 1729 656 illumi-
1755 605 1804 664 Α
1828 598 2135 658 Arausicani
2157 612 2258 650 non
2279 598 2461 667 repeti.
2489 597 2635 652 Unde
2659 599 2885 653 fortasse
2907 601 3116 669 quidam
3142 611 3192 654 et
3218 618 3338 655 auc-

205 701 486 763 natiouem,
512 696 799 756 lavacrum,
820 693 1127 762 perfectum,
1159 701 1211 746 et
1231 691 1518 760 perfectum
1541 691 1624 742 cui
1653 689 1729 740 ιιι-

206 787 279 842 hil
303 787 466 840 deest.
484 783 610 839 Post
637 793 874 840 sanctum
895 781 1150 835 Justinum
1181 783 1230 833 in
1259 781 1356 833 fine
1381 779 1641 847 Apologia:
1668 791 1727 837 ιι,

205 873 256 926 in
278 872 452 935 editis,
468 872 558 924 sed
577 885 693 938 qua:
708 871 872 938 prima
887 879 965 922 est
989 869 1136 936 juxta
1161 868 1466 940 Eusebium;
1493 874 1728 918 sanctum

203 959 545 1027 Theophilum
561 958 937 1016 Antiochenum
959 957 1024 1008 ad
1039 955 1328 1013 Autolicum
1350 954 1440 1006 lib.
1469 969 1528 1019 ιι,
1547 960 1729 1015 contra

201 1043 514 1099 Christiana:
554 1042 820 1110 religionis
878 1041 1312 1102 calumniatores;
1355 1050 1591 1096 sanctum
1623 1038 1729 1090 lrc-

202 1147 375 1186 meum
402 1133 520 1185 libr.
551 1148 588 1184 ιι
627 1131 878 1184 adversus
911 1131 1138 1182 haereses
1165 1143 1282 1195 cap.
1315 1128 1394 1186 19,
1428 1128 1526 1180 ista
1560 1121 1728 1178 mani-

203 1223 486 1278 festissime
534 1221 767 1278 declarat
814 1227 1028 1279 sanctus
1063 1217 1302 1270 Clemens
1353 1216 1729 1276 Alexandrinus

199 1311 324 1363 libr.
375 1327 391 1362 1
427 1310 655 1377 Paedag.,
675 1324 791 1376 cap.
819 1308 869 1373 6,
894 1309 977 1360 his
998 1308 1208 1362 verbis:
1241 1325 1257 1358 Ι
1292 1306 1399 1358 Hoc
1441 1307 1608 1373 ipsum
1634 1320 1727 1359 no-

205 1402 289 1453 bis
323 1415 531 1467 quoque
552 1399 744 1462 evenit,
770 1412 992 1466 quorum
1035 1396 1303 1462 exemplar
1328 1394 1426 1446 fuit
1454 1395 1723 1457 Dominus.

201 1488 393 1549 Tincti,
423 1487 805 1548 illuminamur;
837 1485 1130 1544 illuminati,
1152 1484 1201 1535 in
1229 1483 1361 1535 filios
1386 1481 1724 1548 adoptamur;

186 1573 457 1640 'adoptati,
480 1571 811 1639 perficimur;
835 1569 1074 1638 perfecti,
1103 1568 1422 1621 immortales
1437 1569 1723 1623 reddimur.

201 1656 380 1712 Multis
416 1667 591 1710 autem
619 1657 786 1709 modis
827 1664 1045 1710 vocatur
1075 1657 1175 1708 hoc
1199 1671 1349 1723 opus,
1399 1656 1587 1721 gratia,
1619 1653 1727 1707 illu-

196 1746 436 1808 ntinatio,
454 1744 764 1814 perfectum,
788 1751 840 1796 et
858 1744 1144 1796 lavacrum.
1170 1742 1462 1804 Lavacrum
1489 1741 1722 1810 quidem,

197 1851 294 1904 per
320 1836 461 1904 quod
506 1843 721 1902 peccata
765 1834 1147 1902 abstergimus;
1179 1834 1346 1901 gratia
1391 1841 1587 1895 autem,
1620 1845 1722 1900 qua

1825 689 2040 740 toritate
2061 689 2226 740 sancti
2255 687 2487 760 Gregorii
2517 688 2722 755 impulsi
2751 691 2994 744 dixerunt
3028 693 3080 745 in
3102 707 3225 746 casu
3253 709 3340 746 ne—

1826 775 2109 836 cessitatis,
2137 783 2189 826 et
2216 775 2266 828 in
2291 775 2599 842 quibusdam
2626 775 2753 830 locis
2773 779 3095 848 presbyteris
3128 796 3340 834 conces—
3366 767 3370 771 ’

1825 878 1938 914 sam
1961 863 2117 916 fuisse
2137 862 2480 915 confirmandi
2506 872 2818 931 potestatem

1826 967 2024 1042 Selecla
2055 968 2408 1042 erlib‘ro‘ius.
2444 969 2897 1042 ‘de‘SricraAmentis
2939 976 3167 1042 magistri
3199 975 3342 1031 Petri

1912 1034 2148 1106 Cameris
2175 1035 2479 1088 Parisiensis
2505 1038 2565 1088 de
2591 1040 2997 1104 Conﬁrmatione,
3024 1034 3137 1110 ξαρ.
3168 1043 3254 1096 50.

1893 1118 2017 1172 Post
2049 1121 2385 1188 baptismum,
2425 1124 2513 1191 qui
2560 1133 2710 1191 porta
2744 1134 2825 1183 est
2871 1139 3335 1204 sacramentorum,

1826 1210 2064 1276 sequitur
2091 1211 2440 1264 confirmatio.
2473 1214 2545 1265 De
2589 1214 2687 1266 hac
2732 1216 2984 1281 qumritur
3005 1219 3195 1286 primo,
3226 1235 3343 1288 cum

1826 1299 1892 1350 ad
1941 1299 2220 1366 discipulos
2264 1301 2402 1352 solos
2455 1303 2783 1367 pertinuerit,
2809 1313 2862 1356 et
2889 1312 3006 1370 post
3049 1306 3114 1358 ad
3159 1322 3340 1360 eorum

1827 1401 2158 1442 successores
2198 1389 2536 1456 specialiter;
2583 1391 2720 1447 unde
2746 1400 2799 1444 et
2837 1392 2972 1444 inter
3017 1405 3343 1460 sacramenta

1825 1472 2093 1540 dignitatis
2142 1485 2476 1538 numeratur;
2525 1478 2788 1542 quomodo
2833 1477 3113 1546 Gregorius
3142 1493 3165 1520 η
3217 1481 3343 1534 illud

1824 1559 2094 1616 celebrare
2132 1562 2372 1629 permisit
2397 1562 2718 1630 simplicibus
2747 1564 3106 1618 sacerdotibus
3132 1576 3345 1634 propter

1824 1651 2192 1704 necessitatem
2247 1662 2520 1722 urgentem
2580 1669 2644 1708 ex
2686 1657 2901 1723 penuria
2958 1658 3340 1726 episcoporum.

1825 1738 2003 1808 Neque
2024 1742 2164 1795 enim
2214 1744 2265 1795 in
2293 1741 2409 1798 aliis
2437 1748 2780 1799 sacramentis
2808 1747 3098 1801 audivimus
3123 1758 3212 1801 aut
3234 1766 3348 1805 cre-

1824 1829 2017 1894 dimns,
2041 1829 2178 1898 quod
2197 1839 2430 1898 potestas
2450 1847 2513 1886 ea
2531 1832 2824 1886 celebrandi
2849 1833 3132 1886 secundum
3154 1845 3344 1900 statum

197 1925 535 1990 remittuntur
555 1935 721 1990 paena:
749 1935 862 1989 qua:
886 1921 1114 1988 peccatis
1160 1919 1448 1982 debentur;
1475 1918 1728 1970 illumina—
1758 1910 1799 1978 Β
1827 1924 1880 1969 et
1901 1918 2256 1971 conditionem
2278 1934 2624 1986 personarum
2653 1919 3036 1981 conferentium
3073 1924 3236 1989 possit
3261 1924 3337 1976 di-

197 2012 272 2064 tio
311 2020 485 2064 autem
513 2050 527 2074 ,
558 2025 653 2077 per
679 2025 836 2077 quam
879 2018 1116 2062 sanctam
1164 2008 1306 2065 illam
1347 2016 1400 2067 et
1444 2007 1726 2060 salutarem

195 2096 370 2150 luccm
385 2098 670 2160 intuemur,
701 2098 798 2149 hoc
820 2105 918 2157 est,
949 2110 1041 2163 per
1070 2110 1226 2162 quam
1248 2095 1300 2146 id
1328 2093 1463 2161 quod
1493 2103 1573 2144 est
1597 2092 1728 2157 divi-

197 2198 323 2234 num
345 2184 690 2252 perspicimus
714 2199 727 2242 ;
747 2181 1222 2250 perfectumautem
1246 2182 1487 2243 dicimus,
1503 2181 1584 2234 cui
1599 2179 1730 2232 nihil

196 2269 366 2321 deest.
400 2287 417 2318 »
446 2268 644 2332 Quibus
659 2267 834 2338 plures
849 2267 1133 2321 aliiPatres
1158 2268 1324 2320 Graeci
1351 2269 1724 2320 assentiuntur.

193 2353 455 2420 Origenes
493 2355 848 2407 Commentar.
902 2355 952 2406 in
1001 2353 1284 2414 Joannem,
1335 2364 1461 2406 tom.
1512 2354 1553 2405 ll
1599 2356 1724 2407 edit.

194 2427 380 2503 ﬂuet.,
423 2456 543 2510 pag.
587 2442 722 2504 12.5;
771 2451 984 2496 sanctus
1009 2441 1348 2506 Athanasius,
1397 2443 1448 2494 in
1491 2443 1728 2494 oratione

195 2539 382 2583 contra
427 2529 651 2584 Arianos
701 2531 753 2583 in
800 2532 911 2583 hiDC
935 2533 1092 2583 verba
1121 2549 1132 2582 :
1162 2531 1298 2582 Deus
1350 2539 1419 2583 est
1472 2529 1726 2596 Verbum;

197 2626 414 2669 sanctus
443 2616 664 2670 Basilius
691 2619 740 2678 in
768 2618 978 2672 homilia
1011 2618 1073 2669 de
1094 2617 1433 2685 Baptismatc,
1457 2628 1510 2671 et
1534 2633 1730 2672 sermo-

198 2720 268 2757 ne
291 2705 343 2767 2,
387 2719 502 2772 cap.
535 2707 591 2768 l;
646 2713 856 2758 sanctus
900 2705 1186 2773 Gregorius
1221 2704 1580 2758 Nazianzenus
1614 2745 1628 2768 ,
1675 2705 1728 2756 in

200 2800 339 2843 orat.
367 2791 418 2843 in
445 2799 682 2844 sanctum
710 2791 990 2859 baptisma,
1015 2800 1118 2843 etc.
1145 2791 1430 2842 Fatendum
1456 2799 1628 2842 tamen
1651 2797 1730 2842 cst

197 2878 391 2931 Patres
418 2880 626 2932 concilii
655 2880 930 2933 Laodiceni
957 2880 1123 2932 videri
1153 2879 1306 2931 aliter
1342 2878 1480 2946 loqui
1505 2893 1619 2930 can.
1639 2878 1726 2932 48.

277 2967 466 3017 Tamen
491 2969 543 3018 in
567 2966 779 3018 Nica’na
796 2967 990 3033 synodo
1012 2968 1108 3033 fuit
1132 2967 1350 3017 chrisma
1374 2967 1722 3016 constitutum.

200 3052 344 3108 Istud
361 3069 463 3109 non
482 3053 740 3120 reperitur
756 3053 892 3106 inter
915 3054 1127 3106 decreta
1143 3053 1358 3106 Nicaeum
1382 3054 1584 3122 synodi.
1602 3053 1726 3105 Por-

201 3155 266 3194 ro
287 3142 529 3208 quasdam
551 3150 672 3200 sunt
709 3156 823 3210 qua:
847 3143 981 3194 inter
1002 3141 1068 3193 20
1089 3156 1316 3195 canones
1337 3158 1439 3194 non
1461 3141 1724 3209 leguntur,

1827 2004 1983 2056 latari
2009 2006 2088 2066 vel
2116 2008 2349 2058 coerceri
2374 2025 2385 2058 :
2419 2008 2678 2074 quomodo
2706 2023 2829 2075 ergo
2851 2009 2901 2060 in
2929 2009 3029 2062 hoc
3057 2025 3348 2068 sacramene

1825 2099 1878 2144 to
1905 2093 2234 2160 singulariter
2277 2094 2444 2159 potuit
2490 2083 2644 2146 extra
2680 2094 2954 2160 priedictos
2994 2096 3183 2149 limites
3205 2098 3343 2164 posi-

1828 2187 1908 2232 tos
1938 2179 2051 2232 ﬁeri
2079 2180 2333 2242 dilatatio,
2363 2191 2414 2232 et
2443 2191 2622 2247 postea
2663 2181 2712 2234 in
2737 2181 2961 2251 primunt
2985 2190 3173 2245 statum
3200 2199 3348 2236 revo-

1826 2268 1999 2320 catio?
2026 2266 2257 2320 Rursum
2286 2269 2385 2320 hoc
2405 2267 2774 2320 attendendum
2794 2270 2930 2337 quod
2956 2283 3071 2321 cum
3099 2285 3200 2322 una
3232 2286 3344 2322 mu-

1826 2356 1953 2407 tatio
1973 2354 2108 2407 facta
2139 2363 2238 2417 est,
2271 2370 2334 2408 ex
2361 2370 2521 2408 causa
2557 2355 2785 2418 evidenti
2824 2364 2871 2408 et
2903 2365 3045 2411 certa
3079 2355 3215 2413 facta
3241 2366 3344 2412 est.

1827 2439 1930 2493 Sed
1963 2442 2134 2507 posito
2157 2443 2298 2509 quod
2341 2444 2496 2497 hodie
2536 2444 2826 2511 presbyteri
2876 2444 3092 2512 alicujus
3121 2446 3348 2513 regionis

1823 2528 1906 2580 vel
1921 2529 2199 2596 provinciae
2220 2544 2320 2582 non
2336 2530 2588 2582 habentes
2611 2531 2812 2596 copiam
2827 2531 3075 2598 episcOpi,
3100 2531 3203 2584 tale
3218 2533 3344 2600 quid

1832 2616 2044 2684 exigant
2079 2631 2328 2669 asummo
2358 2616 2602 2684 pontifice
2630 2625 2680 2670 et
2706 2617 3005 2668 obtineant:
3033 2618 3120 2670 alii
3162 2634 3344 2686 parem

1825 2705 2190 2756 necessitatem
2219 2713 2273 2755 et
2308 2705 2462 2770 paulo
2494 2704 2740 2770 majorem
2775 2704 3001 2774 allegent
3037 2714 3090 2758 et
3127 2721 3230 2774 non
3256 2709 3351 2762 ob:-

1827 2789 2046 2841 tineant.
2079 2790 2266 2854 Qumro
2287 2807 2410 2860 ergo
2437 2807 2502 2844 an
2531 2793 2816 2860 prccvalerc
2840 2794 3027 2860 debeat
3047 2793 3125 2847 vel
3151 2796 3349 2868 attendi

1826 2877 1881 2928 in
1904 2876 2002 2929 hoc
2025 2875 2380 2944 dispensantis
2399 2881 2703 2942 auctoritas,
2727 2896 2792 2949 an
2815 2894 2973 2948 causa
3001 2881 3345 2948 dispensatio-.-

1821 2965 1929 3030 πίε,
1955 2980 2020 3017 an
2051 2965 2137 3018 illa
2165 2967 2267 3018 duo
2288 2968 2511 3035 pariter:

1827 3071 2025 3125 Selecta
2054 3089 2114 3124 ea:
2140 3072 2484 3126 Pamitentiali
2518 3090 2611 3126 ms.
2650 3074 2878 3142 magistri
2904 3073 3108 3129 Roberti
3129 3077 3189 3131 de
3226 3075 3347 3138 Flag

2262 3143 2507 3210 mesbure,
2529 3143 2615 3195 lib.
2646 3157 2725 3203 tu,
2752 3160 2862 3208 cap.
2889 3144 2937 3194 l.

207 3237 267 3283 ut
285 3207 551 3290 decretum
573 3207 1178 3312 delcstoPaschzc,apud
1197 3231 1494 3292 Eusebium,
1514 3207 1734 3282 etAtba-
1758 3207 1802 3269 ο
1903 3226 2246 3280 instituuntur
2271 3237 2440 3280 autem
2470 3207 2690 3282 ministri
2719 3207 2962 3282 Ecclesiae
2995 3247 3094 3296 non
3127 3247 3154 3285 a
3185 3235 3352 3302 quoli-

204 3321 586 3382 nasium,ctc.;
612 3319 875 3370 decretum
899 3317 963 3378 de
986 3319 1118 3370 actis
1131 3319 1319 3391 prioris
1342 3319 1523 3386 synodi
1540 3319 1732 3370 iualtc-

206 3423 268 3463 ra
293 3408 493 3478 synodo
537 3407 897 3459 examinandis
929 3424 939 3457 :
969 3405 1114 3472 cujus
1143 3406 1381 3457 meminit
1406 3403 1574 3456 Julius
1599 3419 1730 3472 papa

207 3496 261 3549 in
289 3496 509 3564 epistola
543 3510 699 3562 quam
721 3502 931 3548 sanctus
968 3493 1284 3546 Athanasius
1319 3493 1495 3544 retulit
1517 3493 1566 3544 in
1605 3508 1730 3559 apo-

206 3580 341 3653 logis
372 3598 432 3636 ιι.
463 3581 587 3634 Huic
610 3582 817 3636 decreta
839 3597 955 3648 qua:
979 3597 1008 3633 a
1031 3582 1273 3635 Patribus
1297 3581 1736 3634 commendantur

207 3670 297 3738 qui
335 3669 536 3737 synodo
563 3668 931 3736 interfuerunt,
955 3677 1045 3721 aut
1083 3670 1171 3736 qui
1205 3669 1312 3722 fere
1338 3671 1571 3737 ejusdem
1614 3679 1736 3722 tem-

207 3759 372 3826 poris,
404 3757 646 3812 maxima:
667 3765 788 3810 sunt
831 3757 1161 3821 auctoritatis
1186 3775 1198 3808 :
1226 3758 1442 3810 minoris
1470 3771 1613 3822 vero,
1646 3764 1737 3809 aut

203 3861 370 3915 prope
384 3845 601 3909 nullius,
617 3859 731 3912 qua:
745 3845 1092 3912 posteriorum
1108 3846 1405 3898 testimonio
1419 3845 1732 3906 fulciuntur;

206 3935 381 4002 qualia
405 3933 513 3991 sint
536 3933 744 3985 decreta
765 3947 879 4000 qua:
905 3933 1145 3998 leguntur
1160 3933 1294 3998 apud
1311 3931 1619 3998 Gregorium
1635 3933 1736 3984 Tu-

205 4010 510 4088 ronensem,
529 4028 581 4071 et
597 4019 716 4079 alia,
734 4020 877 4072 verbi
898 4021 1066 4087 gratia
1081 4021 1143 4073 de
1164 4019 1301 4072 notis
1323 4019 1614 4072 litterarum
1632 4019 1736 4071 for-

209 4120 476 4164 matorum
513 4121 542 4157 a
573 4106 948 4159 recentioribus
976 4106 1157 4173 relata.
1197 4107 1240 4158 Α
1266 4105 1455 4176 quibus
1481 4107 1620 4158 enim
1650 4106 1735 4158 illa

192 4199 528 4268 acceperint,
556 4197 704 4259 valde
729 4197 983 4249 incertum
1005 4184 1104 4250 est.
1135 4197 1238 4250 Sed
1266 4196 1331 4248 ad
1358 4195 1625 4266 cujusnam
1651 4210 1738 4264 ge.-

210 4289 353 4356 neris
378 4287 592 4348 decreta
617 4282 946 4337 referendum
985 4285 1054 4336 sit
1081 4285 1181 4337 hoc
1210 4286 1572 4345 constitutum,
1602 4282 1734 4336 ditii-

209 4372 310 4436 pile
333 4380 417 4426 est
440 4370 714 4424 afﬁrmare.
743 4369 1013 4434 Quomodo
1032 4372 1172 4424 enim
1205 4373 1258 4425 in
1300 4370 1511 4425 Nicaena
1538 4371 1737 4437 synodo

1829 3315 1938 3378 bet,
1970 3316 2060 3368 sed
2090 3315 2157 3382 ab
2207 3317 2448 3384 episcopo
2503 3332 2616 3381 suo,
2648 3316 2728 3369 vel
2776 3319 3084 3383 sacerdote;
3129 3329 3184 3373 ut
3219 3323 3349 3388 ordo

1828 3403 2132 3472 psal‘mistzn,
2164 3405 2273 3456 sive
2302 3404 2386 3456 ille
2425 3406 2513 3471 qui
2553 3402 2744 3459 dicitur
2786 3421 2980 3460 corona
3005 3410 3139 3479 apud
3182 3425 3297 3474 nos,
3319 3427 3350 3481 ᾳ

1829 3492 2138 3550 Lm‘nbardis
2172 3492 2382 3551 clerico.
2430 3493 2566 3546 Olim
2618 3509 2647 3545 a
2707 3494 2930 3562 simplici
2986 3497 3354 3570 conferebatur

1833 3581 2125 3645 sacerdote,
2155 3590 2207 3633 et
2235 3581 2406 3633 adhuc
2444 3580 2598 3634 hodie
2636 3581 2688 3634 in
2716 3581 3022 3648 Alemannia
3065 3585 3352 3648 confertur.

1833 3666 2224 3721 Gonfirmabant
2259 3668 2418 3725 etiam
2451 3667 2573 3721 olim
2605 3668 2866 3740 simplices
2894 3670 3209 3733 sacerdotes.
3275 3647 3298 3666 λ

1901 3752 2104 3821 Singuli
2152 3754 2450 3822 suscipiunt.
2502 3753 2600 3817 Qui
2652 3755 2943 3829 suscipiunt
2988 3757 3037 3820 in
3090 3757 3350 3833 baptismo

1830 3857 2096 3909 sponsores
2120 3850 2272 3894 vocat
2296 3841 2644 3914 Tertullianus
2686 3842 2806 3894 libr.
2831 3845 2899 3913 de,
2917 3843 3200 3921 Baptismo,
3233 3863 3349 3920 cap.

1834 3930 1931 3982 l7:
1968 3948 1984 3978 ι
2019 3928 2154 3993 Quid
2178 3929 2318 3981 enim
2348 3931 2682 3982 necesse'est
2708 3945 2986 3997 sponsores
3014 3933 3173 3993 etiam
3216 3935 3352 4002 peri-

1832 4016 1949 4077 culo
1975 4016 2176 4084 ingeri?
2212 4033 2230 4065 ι
2257 4015 2370 4080 Qua
2397 4016 2707 4070 auctoritate
2739 4005 3129 4076 demonstratur
3155 4008 3356 4091 iii-bap-

1833 4104 1988 4156 tismo
2018 4117 2296 4170 sponsores
2317 4102 2582 4168 adhibere,
2624 4104 2723 4156 hoc
2743 4117 2859 4157 esse
2880 4105 2932 4157 in
2957 4105 3188 4160 Ecclesia
3215 4109 3352 4169 antis

1832 4189 2161 4256 quissimum.
2205 4187 2476 4254 Quodnam
2522 4203 2647 4242 vero
2673 4204 2980 4257 sponsorum
3014 4192 3083 4245 sit
3106 4192 3351 4267 cilicium,

1832 4275 2048 4328 docetur
2062 4291 2091 4328 a
2103 4275 2348 4330 Patribus
2360 4277 2562 4330 concilii
2580 4275 2958 4340 Calchutensis,
2975 4295 3070 4334 can
3079 4318 3092 4331 .
3107 4279 3157 4342 2,
3173 4289 3228 4334 ct
3239 4295 3358 4351 conv,

1834 4367 1938 4420 cilii
1962 4367 2275 4424 Parisiensis
2309 4383 2382 4430 γι,
2411 4383 2530 4422 can.
2555 4368 2583 4418 7
2608 4385 2620 4420 :
2657 4386 2675 4418 σ
2719 4368 2955 4433 Qualiter
2975 4380 3149 4445 autem
3179 4371 3232 4445 hi
3263 4387 3354 4441 qut

210 4461 443 4526 chrisma
469 4458 830 4521 constitutum,
859 4457 922 4510 de
947 4472 1050 4524 quo
1063 4457 1268 4510 locutus
1283 4464 1364 4510 est
1385 4457 1738 4511 Tertullianus
1769 4515 1809 4526 ,λ
1835 4457 1900 4510 de
1945 4473 2095 4511 sacro
2142 4457 2284 4513 fonte
2312 4457 2442 4511 alios
2470 4458 2758 4526 suscipiunt
2805 4459 3062 4512 instruere
3108 4459 3354 4526 debeant,

214 4519 614 4614 antiquissimus
637 4515 842 4596 in‘libro
870 4543 933 4596 de
953 4515 1234 4610 baptismo,
1260 4558 1376 4612 cap.
1399 4543 1428 4596 7
1447 4553 1502 4598 et
1525 4545 1640 4597 aliis
1660 4544 1737 4596 lo-
1765 4515 1815 4574 υ
1838 4546 2022 4605 beatus
2054 4544 2373 4612 Augustinus
2419 4545 2470 4598 in
2505 4515 2746 4598 sermone
2794 4546 2972 4610 habito
3002 4526 3067 4606 ad
3105 4515 3352 4619 populna;

213 4635 308 4688 cis.
340 4632 457 4686 Non
483 4631 632 4684 video
658 4631 814 4700 igitur
856 4630 980 4698 quid
1001 4631 1098 4684 hoc
1130 4631 1243 4685 loco
1269 4631 1461 4684 sentiat
1497 4631 1735 4692 Theodo-

215 4736 328 4784 rus,
362 4721 466 4772 nisi
504 4717 684 4771 forsan
708 4717 966 4786 intelligat
987 4717 1038 4770 id
1063 4719 1200 4784 quod
1241 4733 1271 4769 a
1301 4717 1568 4786 Sylvestro
1601 4732 1735 4785 papa

216 4809 356 4862 circa
407 4815 647 4873 tempora
670 4803 892 4858 Nicaeae:
941 4805 1122 4872 synodi
1169 4811 1417 4859 statutum
1443 4806 1518 4858 sic
1546 4797 1739 4860 dieitur

218 4896 271 4968 in
285 4894 462 4948 Gestis
471 4892 775 4960 pontificum
795 4910 806 4945 :
831 4911 848 4942 ι
860 4891 957 4946 Hic
971 4900 1023 4946 et
1036 4892 1138 4946 hoc
1151 4892 1423 4946 constituit
1435 4902 1492 4951 ut
1506 4893 1741 4960 baptiza-

223 4990 330 5050 tum
345 4981 497 5034 liniat
516 4980 790 5050 presbyter
801 4981 1082 5033 chrismate
1102 4979 1327 5039 levatum
1349 4978 1413 5042 de
1432 4993 1567 5045 aqua
1587 4993 1743 5048 prop-

222 5077 304 5137 ter
327 5066 622 5137 periculum
635 5067 839 5120 mortis.
854 5086 870 5117 ι
892 5064 1066 5130 Quare
1093 5065 1178 5128 ille
1204 5064 1340 5118 foret
1361 5080 1544 5120 sensus
1568 5083 1580 5116 :
1608 5065 1744 5120 Con-

225 5152 576 5208 lirmationem
601 5151 828 5221 episc0pi
856 5166 958 5206 non
981 5151 1329 5220 disputamus,
1354 5159 1529 5204 tamen
1558 5165 1589 5203 a
1633 5150 1746 5222 Syl-

224 5249 401 5296 vestro
439 5256 573 5311 papa
598 5239 936 5295 constitutum
967 5249 1069 5308 est,
1118 5253 1215 5292 nec
1236 5253 1265 5291 a
1305 5238 1516 5292 Nicaana
1550 5239 1748 5308 synodo

225 5313 582 5396 reprobatum,
611 5334 669 5379 ut
693 5325 984 5397 presbyteri
1025 5325 1319 5394 baptizatos
1347 5323 1562 5377 linirent
1607 5324 1748 5378 chri-

227 5419 410 5478 smatis
459 5417 705 5486 unctione
733 5457 748 5480 ,
795 5432 952 5486 quam
995 5416 1190 5486 placuit
1248 5416 1492 5470 Patribus
1543 5417 1749 5470 concilii

295 5534 634 5639 ‘Gregorius
659 5567 840 5639 l.hlib.
867 5585 945 5634 ιιι,
992 5572 1145 5639 epist.
1193 5569 1281 5630 26,
1331 5568 1396 5639 ad
1443 5567 1751 5639 Ianuarium

229 5636 536 5707 episcopum
557 5636 949 5707 Caralitanum:
987 5657 1005 5686 ι
1024 5636 1136 5692 Sed
1165 5639 1208 5692 si
1233 5637 1447 5690 omnino
1472 5637 1571 5690 hac
1603 5638 1667 5690 de
1697 5653 1752 5691 re

231 5705 391 5777 aliqui
413 5705 821 5772 contristantur,
846 5705 930 5758 ubi
951 5707 1178 5774 episcopi
1206 5707 1415 5768 desunt,
1465 5712 1524 5758 ut
1546 5707 1752 5786 presby-

1837 4631 2163 4693 demonstrat
2184 4671 2198 4696 ,
2229 4633 2442 4685 dicens:
2475 4631 2778 4700 Quicunque
2814 4634 2975 4703 igitur
3023 4636 3120 4689 viri
3154 4675 3167 4698 ,
3207 4652 3351 4704 qua»

1839 4736 2046 4788 cunque
2079 4721 2328 4790 mulieres
2369 4721 2432 4775 de
2463 4735 2615 4774 sacro
2655 4721 2796 4779 fonte
2846 4723 2980 4775 filios
3015 4722 3357 4790 spiritualiter

1840 4821 2200 4881 susceperunt,
2223 4822 2544 4884 cognoscant
2564 4828 2618 4866 se
2639 4827 2734 4880 pro
2754 4813 2831 4871 eis
2851 4809 3180 4876 fideiussores
3199 4815 3358 4867 exsti-

1843 4900 1969 4952 tisse
1989 4899 2127 4966 apud
2153 4899 2336 4952 Deum.
2361 4900 2427 4952 Et
2450 4900 2502 4951 in
2522 4913 2587 4952 eo
2608 4912 2822 4960 necesse
2841 4905 2921 4952 est
2951 4907 3009 4950 ut
3030 4911 3236 4966 semper
3261 4899 3359 4954 illis

1841 4983 2240 5045 sollicitudinem
2289 4999 2426 5038 vene
2478 4985 2750 5049 charitatis
2802 4985 3120 5060 impendant,
3174 4985 3354 5042 admo-

1839 5080 2017 5134 neant,
2038 5078 2092 5123 et
2116 5071 2394 5138 castigent,
2427 5077 2582 5141 atque
2609 5071 2897 5140 corripiant
2926 5079 3019 5133 ;ut
3060 5071 3357 5143 castitatem

1843 5158 2159 5222 custodiant,
2197 5157 2548 5230 virginitatem
2577 5173 2741 5227 usque
2786 5159 2850 5212 ad
2881 5159 3087 5228 nuptias
3125 5167 3357 5229 servent,

1843 5256 1898 5299 et
1925 5248 2132 5303 catteris
2168 5247 2320 5307 bonis
2359 5247 2604 5317 operibus
2631 5246 2789 5306 dediti
2847 5246 2970 5309 sint.
2999 5246 3056 5300 In
3091 5247 3189 5301 hoc
3211 5247 3358 5317 quipo

1847 5333 2092 5402 pefacto,
2129 5336 2192 5394 de
2220 5350 2323 5402 quo
2351 5335 2541 5404 agitur,
2573 5341 2825 5403 quantum
2850 5350 2878 5386 a
2919 5333 3173 5402 religione
3210 5335 3359 5388 Chri-

1849 5425 2018 5494 stiana
2041 5426 2328 5489 discessum
2358 5425 2454 5488 sit,
2484 5425 2711 5499 ignorari
2742 5421 2820 5476 fas
2841 5437 2944 5476 non
2970 5431 3067 5477 est.
3102 5441 3122 5475 ι

1851 5574 1947 5628 teri
1981 5573 2138 5642 etiam
2173 5573 2224 5624 in
2255 5572 2512 5642 frontibus
2539 5572 2830 5640 baptizatos
2864 5571 3149 5627 chrismate
3179 5577 3357 5642 tange:

1852 5656 1910 5712 re
1944 5641 2165 5709 debeant
2216 5641 2572 5694 concedimus.
2603 5660 2620 5692 ι
