4010 6436
596 463 776 537 ,ιιδδ

1227 587 1443 642 CAPUT
1485 587 1543 640 V.

1065 695 1139 748 De
1161 696 1313 751 missa
1340 694 1713 761 defunctorum.

709 806 998 863 Secundum
1023 805 1303 867 Romanam
1346 802 1641 855 Ecclesiam.
1672 800 1745 854 Ne
1771 801 1870 854 sim
1894 796 2146 868 prolixior

638 898 691 951 in
735 895 1065 952 recensendis
1107 891 1295 945 ritibus
1340 888 1583 942 Ecclesiae
1617 888 1866 941 Romanae
1893 885 2035 937 circa
2058 896 2142 936 se-

634 984 892 1053 pulturas,
913 990 967 1035 et
992 964 1270 1040 Africana,
1316 990 1432 1043 quae
1457 974 1745 1028 Ecclesiam
1774 971 2062 1024 Romanam
2091 968 2145 1021 in

635 1075 902 1143 plerisque
925 1077 1100 1126 secuta
1122 1075 1223 1129 est,
1239 1065 1358 1118 vide
1385 1062 1761 1117 Tertullianum
1782 1062 1835 1115 in
1848 1058 2142 1128 Apologet.,

635 1176 753 1229 cap.
782 1157 1037 1223 b0;libro
1074 1154 1135 1207 de
1163 1150 1479 1213 ldololatria,
1504 1164 1552 1203 c.
1579 1149 1637 1200 11
1668 1164 1683 1211 ;
1725 1145 1995 1215 epistolam
2021 1143 2147 1197 cleri
2207 1148 2214 1155 '

637 1247 860 1303 Romani
905 1246 973 1301 ad
999 1243 1196 1299 clerum
1233 1238 1699 1307 Carthaginensem
1724 1235 1789 1288 de.
1814 1247 2019 1288 secessu
2049 1229 2147 1298 Cy-

633 1337 826 1406 priani,
853 1349 971 1404 quae
1003 1332 1246 1386 estinter
1289 1327 1451 1397 ipsius
1488 1323 1734 1394 epistolas
1777 1320 1848 1384 2;
1875 1317 2148 1388 epistolam

637 1425 885 1496 Cypriani
899 1422 988 1486 57,
1010 1420 1133 1475 edit.
1160 1416 1351 1486 Rigalt.
1380 1431 1395 1479 ;
1423 1420 1573 1467 actus
1592 1408 1856 1482 passionis
1877 1406 2146 1477 Cypriani,

637 1492 787 1582 cujus
805 1510 1023 1565 Pontius
1043 1505 1316 1568 meminit;
1346 1509 1585 1557 sanctum
1616 1496 1950 1551 Ambrosium
1968 1494 2021 1547 in
2045 1492 2150 1546 line

636 1604 756 1658 libri
782 1602 846 1656 de
870 1598 1071 1662 Viduis,
1100 1593 1374 1664 epistolam
1396 1589 1486 1655 85,
1531 1587 1599 1642 ad
1625 1600 1859 1642 sororem
1885 1597 2035 1636 suam
2056 1620 2075 1645 ,
2096 1588 2150 1635 et

635 1692 753 1746 libri
781 1690 845 1744 de
872 1688 1055 1751 Tobia,
1083 1699 1199 1752 cap.
1226 1683 1250 1735 1
1280 1698 1296 1747 ;
1319 1688 1556 1736 sanctum
1574 1677 1947 1745 Hieronymum
1969 1672 2022 1724 in
2046 1669 2150 1724 fine

635 1778 887 1850 epitaphii
934 1775 1109 1830 Paula:
1152 1772 1339 1826 matris
1387 1770 1454 1823 ad
1485 1766 1828 1822 Eustochium
1855 1761 2147 1830 virginem;

1659 457 1745 510 AD
1779 425 2299 510 PtENl'l'EN’llALl-Z
2340 448 2677 505 'i’llEODORt

2168 568 2215 623 Α
2243 561 2481 623 diacono,
2504 560 2585 611 cui
2607 574 2706 610 non
2735 556 2869 618 licet,
2893 560 2963 606 rcl
2990 554 3075 623 qui
3104 568 3202 605 non
3228 551 3329 605 ruit
3359 550 3766 605 communionem

2239 648 2484 715 accipere.
2540 644 2668 698 Can.
2707 643 2739 695 8
2785 641 3055 695 Canonum
3104 640 3200 693 sub
3250 638 3461 692 nomine
3501 638 3767 707 apostolo-

2242 750 2356 787 rum
2384 752 2397 787 :
2435 751 2453 783 ι
2487 733 2543 787 Si
2569 733 2687 801 quis
2718 732 2992 799 episc0pus
3022 767 3036 791 ,
3062 727 3335 796 presbyter
3355 766 3369 789 ,
3392 726 3472 780 vel
3488 727 3764 789 diaconus,

2239 820 2321 874 vel
2341 834 2408 874 ex
2435 818 2741 873 sacerdotali
2766 815 3018 884 catalogo,
3047 814 3186 867 facta
3205 813 3467 866 oblatione
3489 827 3592 865 non
3609 827 3764 866 com-

2241 908 2602 969 municaverit,
2652 920 2869 959 causam
2899 904 3077 965 dicat,
3121 910 3225 972 etc.
3258 920 3276 952 ι
3313 901 3459 957 Tunc
3508 900 3769 968 temporis

2239 1011 2346 1049 non
2370 995 2537 1049 solum
2566 994 2872 1061 presbytero
2899 1004 3002 1043 non
3029 988 3219 1042 licebat
3239 987 3425 1042 missas
3469 987 3763 1050 celebrare,

2241 1084 2332 1139 sed
2359 1097 2456 1137 nec
2497 1084 2657 1135 etiam
2703 1081 2910 1135 caeteris
2949 1064 3187 1133 ﬁdelibus
3210 1078 3394 1132 adesse
3416 1078 3608 1132 divinis
3649 1093 3770 1149 my-

2241 1170 2437 1233 steriis,
2482 1168 2582 1221 nisi
2630 1166 2822 1220 vellent
2865 1164 3283 1219 communionem
3326 1163 3582 1230 accipere.
3636 1162 3771 1217 Vide

2244 1266 2479 1312 sanctum
2504 1256 2819 1325 Cyprianum
2847 1255 2912 1307 de
2948 1253 3197 1308 Oratione
3238 1251 3538 1314 Dominica;
3581 1266 3703 1304 can.
3735 1251 3769 1305 9

2240 1348 2512 1401 Canonum
2527 1344 2623 1397 sub
2639 1346 2845 1396 nomine
2858 1339 3210 1407 apostolorum
3234 1355 3247 1401 ;
3274 1338 3459 1391 concil.
3487 1339 3770 1392 Antioche-

2243 1449 2388 1496 num,
2439 1446 2556 1485 can.
2585 1430 2656 1494 2;
2685 1428 2872 1483 concil.
2916 1427 3175 1489 Toletan.,
3220 1440 3338 1477 can.
3373 1425 3473 1476 15:
3509 1444 3525 1472 ι
3565 1424 3639 1478 De
3684 1425 3771 1478 his

2243 1522 2334 1590 qui
2371 1520 2570 1572 intrant
2615 1517 2665 1569 in
2713 1515 2990 1570 ecclesiam
3032 1521 3086 1566 et
3128 1512 3577 1580 deprehenduntur
3634 1527 3772 1563 nun-

2244 1620 2400 1675 quam
2438 1603 2825 1658 communicare
2857 1640 2870 1663 ,
2898 1600 3297 1657 admoneantur,
3342 1604 3400 1649 ut
3432 1597 3475 1649 si
3501 1612 3604 1650 non
3625 1611 3773 1650 com-

2242 1697 2511 1750 municant
2539 1735 2554 1760 ,
2590 1695 2654 1748 ad
2683 1693 3039 1761 paenitentiam
3064 1690 3317 1745 accedant
3348 1707 3361 1753 ;
3401 1691 3445 1742 si
3478 1690 3773 1742 communi-

2246 1792 2384 1847 cant,
2411 1796 2514 1836 non
2538 1781 3054 1850 supcrabstineantur
3078 1795 3094 1843 ;
3122 1779 3165 1833 si
3193 1792 3294 1831 non
3324 1775 3577 1840 fecerint,
3610 1775 3774 1830 absti-

635 1860 691 1922 in.
723 1868 824 1920 “ne
860 1863 1090 1933 epitaph“
1135 1859 1361 1914 Fabio“
1404 1856 1470 1910 ad
1495 1856 1759 1909 Oceanum
1788 1868 1803 1915 ἶ
1840 1857 1895 1904 ⁸⁸
1940 1848 1994 1901 in
2034 1846 2147 1935 ,ﬁne
2178 1858 2222 1917 Β
2250 1881 2492 1926 neantur.
2513 1889 2532 1922 ο
2558 1846 2780 1935 Quidam
2809 1870 2905 1922 hos
2931 1879 3158 1920 canones
3182 1867 3597 1933 interpretantur
3618 1864 3683 1916 de
3706 1864 3773 1916 iis

637 1957 769 2010 Vita:
800 1952 946 2007 Pauli
972 1949 1215 2005 Eremitai
1242 1963 1256 2011 ;
1280 1944 1559 2001 concilium
1588 1938 1916 1997 Valentinum
1944 1950 1993 1991 c.
2020 1934 2074 2000 4,
2097 1941 2152 1988 ct

636 2045 914 2103 concilium
942 2040 1316 2105 Aurelianense
1336 2053 1398 2100 ιι,
1419 2050 1466 2089 c.
1499 2034 1549 2088 6.

704 2153 841 2207 Licet
857 2150 1127 2218 Dionysius
1150 2143 1452 2214 Areopagita
1472 2140 1628 2209 dicat.
1658 2135 1856 2190 Sensus
1870 2131 2150 2186 verborum

642 2239 901 2306 colligitur
934 2216 1008 2289 exi
1051 2249 1164 2302 cap.
1194 2233 1224 2283 7
1260 2229 1457 2306 Eccles.
1488 2222 1824 2277 llierarcliite.
1854 2217 2002 2284 Quod
2031 2216 2153 2269 licet

640 2302 947 2379 Theodorus
973 2320 1102 2374 citet
1147 2319 1243 2371 sub
1266 2302 1477 2368 nomine
1525 2307 1756 2377 Dionysii
1804 2303 2148 2373 AreOpagitae,

612 2452 613 2455 η
638 2417 815 2462 utrum
842 2406 1003 2475 ipsius
1034 2418 1149 2458 esse
1177 2398 1458 2461 censuerit,
1489 2395 1676 2450 merito
1700 2392 1819 2463 quis
1844 2390 2108 2445 dubitaret
2131 2402 2146 2451 ;

638 2499 827 2570 quippe
844 2511 963 2551 cum
986 2495 1134 2548 istius
1160 2490 1389 2544 auctoris
1416 2484 1643 2555 opinioni
1671 2479 1918 2550 praeferat
1940 2484 2152 2530 senten-

641 2567 768 2642 tiam
792 2581 956 2641 sancti
981 2580 1272 2649 Augustini.
1313 2574 1573 2642 Quidquid
1601 2572 1687 2633 sit,
1732 2568 1929 2623 bilibri
1969 2567 2150 2620 statim

641 2683 797 2743 atque
842 2663 1500 2741 prodierunt,~catliolicis
1544 2675 1572 2713 a
1624 2657 1921 2711 Severianis
1961 2653 2150 2723 objecti

640 2738 781 2823 sunt,
810 2738 863 2813 et
880 2775 909 2811 a
930 2754 1200 2811 catholicis
1226 2759 1284 2805 ut
1303 2750 1395 2804 toti
1424 2744 1718 2814 antiquitati
1747 2756 1965 2811 prorsus
1988 2738 2173 2807 ignoti

642 2845 1161 2923 paritersuntrcjccti
1194 2860 1205 2894 :
1240 2843 1375 2896 sicut
1397 2846 1612 2906 patetex
1628 2832 1905 2888 collatione
1927 2825 2151 2881 catholi-

641 2916 821 2995 corum
836 2950 954 2990 cum
979 2930 1275 2987 Severianis
1298 2927 1473 2979 babita
1493 2916 1938 2984 Constantinopoli
1957 2922 2154 2981 tempo-

641 3019 984 3079 reJustiuiani
1005 3013 1362 3084 imperatoris:
1393 3030 1409 3061 ι
1442 3010 1535 3063 illa
1551 3005 1865 3067 testimonia,
1887 3001 2149 3069 inquiunt,

643 3125 760 3179 qua:
784 3121 876 3161 vos
902 3101 1132 3172 Dionysii
1180 3097 1503 3166 Areopagitas
1542 3093 1732 3155 dicitis,
1772 3090 1909 3146 unde
1933 3085 2155 3155 potestis

643 3170 920 3250 ostendere
947 3170 1069 3244 vera
1092 3201 1227 3249 esse,
1248 3186 1385 3238 sicut
1404 3177 1741 3247 suspicamini
1770 3193 1784 3226 :
1810 3174 1853 3227 si
1872 3173 2014 3224 enim
2038 3170 2152 3238 ejus

643 3293 815 3348 erant,
835 3292 943 3336 non
963 3278 1256 3347 potuissent
1289 3274 1451 3324 latere
1474 3270 1683 3322 beatum
1714 3262 1985 3333 Cyrillum.
2016 3259 2150 3324 Quid

644 3382 819 3429 autem
851 3370 915 3422 de
933 3367 1086 3420 beato
1110 3362 1302 3433 Cyrillo
1326 3358 1473 3412 dico?
1499 3354 1703 3425 quando
1728 3361 1779 3407 et
1796 3353 1986 3409 beatus,
1999 3348 2155 3401 Atha-

646 3461 822 3516 nasius
846 3458 891 3511 si
913 3468 1009 3523 pro
1031 3458 1174 3506 certo
1196 3448 1381 3501 scisset
1404 3443 1518 3511 ejus
1544 3442 1724 3502 l‘uisSe,
1758 3436 1877 3492 antc'
1896 3434 2073 3489 omnia
2102 3433 2154 3484 in

645 3549 853 3604 Nicmno
874 3520 1097 3597 concilio
1117 3537 1179 3590 de
1222 3528 1647 3589 eonsubstantiali
1689 3524 1947 3578 Trinitate
1973 3520 2155 3574 eadem

646 3632 943 3693 testimonia
985 3625 1287 3697 protulisset
1323 3621 1572 3675 adversus
1614 3614 1724 3668 Arii
1767 3614 1987 3667 diversae
2030 3606 2154 3663 sub-

647 3724 854 3783 stantia:
877 3714 1241 3785 blasphemias.
1265 3710 1322 3764 Si
1349 3719 1520 3763 autem
1540 3706 1710 3760 nullus
1733 3720 1795 3759 ex
1826 3701 2053 3769 antiquis
2073 3714 2156 3754 re—

648 3811 898 3868 cordatus
935 3812 1017 3862 est
1047 3807 1128 3866 ea,
1174 3800 1310 3856 unde
1337 3814 1474 3853 nunc
1497 3798 1713 3867 potestis
1737 3794 2012 3849 ostendere
2037 3790 2157 3857 quia

653 3898 788 3967 illius
818 3896 945 3959 sint,
989 3892 1185 3946 nescio.
1219 3908 1237 3941 ι
1274 3888 1402 3942 Vide
1443 3887 1637 3955 librum
1678 3882 1894 3937 Joannis
1919 3878 2156 3942 Launoii,

650 3965 878 4043 doctoris
898 3980 1208 4047 Parisiensis
1229 3976 1538 4039 doctissimi,
1560 3975 1623 4029 de
1651 3972 1851 4027 duobus
1876 3965 2156 4037 Dionysiis.

719 4064 1031 4149 Augustinus
1071 4085 1237 4128 tamen
1280 4074 1401 4124 dicit
1443 4086 1533 4138 pro
1582 4069 1810 4121 omnibcs
1836 4063 2157 4119 Christianis.

656 4169 813 4223 Libro
830 4167 896 4220 de
913 4165 1047 4219 Cura
1062 4176 1156 4231 pro
1171 4158 1389 4213 mortuis
1407 4156 1653 4226 gerenda,
1668 4170 1784 4222 cap.
1806 4153 1838 4205 4
1865 4168 1879 4204 :
1915 4170 1932 4201 ι
1968 4151 2161 4203 Verum

656 4259 756 4312 etsi
784 4256 953 4322 aliqua
979 4251 1262 4307 necessitas
1290 4248 1370 4302 vel
1412 4244 1616 4301 humari
1641 4256 1877 4317 corpora,
1900 4241 1982 4294 vel
2008 4240 2057 4292 in
2088 4247 2164 4290 ta-

659 4345 793 4397 libus
828 4337 1214 4397 locis'bumari,
1252 4334 1391 4387 nulla
1431 4333 1554 4385 data
1581 4329 1844 4391 facultate,
1872 4326 2159 4395 permittat,

661 4449 766 4486 non
803 4439 926 4485 sunt
972 4424 1428 4498 praetermittenda
1477 4420 1882 4489 supplicationes
1916 4430 2013 4485 pro
2059 4412 2162 4481 spi—

666 4520 856 4572 ritibus
891 4526 1217 4569 mortuorum
1248 4531 1260 4565 :
1290 4527 1418 4579 quas
1470 4507 1734 4563 faciendas
1785 4522 1881 4577 pro
1927 4504 2165 4557 omnibus

663 4609 716 4662 in
741 4606 1035 4661 Christiana
1059 4612 1113 4656 et
1135 4601 1390 4656 catholica
1429 4601 1675 4654 societate
1710 4594 1990 4656 defunctis,
2011 4593 2168 4646 etiam

666 4696 836 4749 tacitis
863 4692 1176 4753 nominibus,
1204 4700 1626 4757 quorumcunque
1650 4686 1747 4737 sub
1779 4680 2005 4753 generali
2030 4692 2169 4732 com—

668 4782 1039 4836 memoratione
1096 4777 1322 4845 suscepit
1381 4774 1630 4830 Ecclesia.
1691 4771 1849 4838 Cujus
1910 4770 1983 4823 rei
2039 4767 2172 4819 ratio

668 4872 781 4925 erui
819 4878 989 4939 potest
1032 4883 1093 4921 ex
1140 4881 1203 4919 eo
1228 4866 1362 4932 quod
1412 4864 1535 4917 alibi
1567 4863 1692 4915 dicit
1732 4868 1944 4913 sanctus
1999 4856 2173 4924 Augu-

670 4960 838 5014 stinus
859 4958 911 5009 in
934 4955 1067 5008 libro
1089 4953 1152 5007 de
1184 4951 1407 5005 Civitate
1453 4951 1544 5003 Dei
1570 4950 1634 5001 ad
1679 4944 2037 4999 Marcellinum
2063 4955 2172 5002 xxi,

671 5059 786 5114 cap.
815 5044 920 5097 27:
954 5060 972 5091 ι
1005 5040 1152 5105 Quis,
1177 5038 1364 5106 inquit,
1399 5037 1497 5091 istc
1523 5036 1592 5089 sit
1606 5035 1813 5095 modus,
1838 5041 1892 5084 et
1917 5043 2033 5096 qua:
2071 5027 2177 5079 sint

674 5112 782 5200 ipsa
835 5137 1046 5200 peccata
1094 5142 1208 5195 quin
1232 5126 1304 5179 ita
1350 5121 1638 5193 impediunt
1683 5118 2073 5187 pcrvcntionetn
2108 5112 2173 5164 ad

677 5198 892 5284 regnum
918 5213 1032 5276 Dei,
1062 5220 1121 5265 ut
1141 5218 1311 5264 tamen
1345 5215 1644 5263 sanctorum
1664 5204 1947 5257 amicorum
1975 5198 2177 5253 meritis

677 5306 955 5371 impetrent
1002 5296 1372 5367 indulgentiam
1397 5334 1413 5359 ,
1440 5292 1794 5350 diliicillimum
1818 5297 1899 5343 est
1924 5288 2175 5348 invenire,

678 5366 1169 5456 periculosissimum
1194 5382 1430 5438 deﬁnire.
1479 5381 1588 5448 Ego
1614 5385 1757 5443 certe
1794 5390 1957 5443 usque
1979 5374 2043 5427 ad
2082 5366 2179 5426 huc

680 5484 885 5545 tempus
918 5489 1035 5529 cum
1097 5472 1214 5526 inde
1245 5479 1551 5539 satagerem,
1572 5468 1636 5520 ad
1673 5480 1852 5518 eorum
1888 5462 2179 5528 indaginem

690 5563 955 5627 pervenire
979 5574 1079 5613 non
1107 5558 1270 5626 potui.
1306 5576 1323 5607 ι

754 5649 820 5702 Et
835 5664 931 5703 non
952 5658 1021 5702 est
1046 5649 1233 5703 licitum
1263 5644 1440 5699 missas
1469 5643 1732 5722 _celebrare
1753 5640 2063 5709 presbytero,
2108 5620 2191 5691 vel.

2246 1960 2336 2031 qui
2369 1968 2513 2013 certa
2532 1958 2596 2011 de
2624 1970 2803 2019 causa,
2830 1954 3080 2009 nimirum
3097 1953 3165 2007 ob
3191 1951 3419 2019 aliquam
3444 1949 3774 2018 superstitio-

2244 2060 2366 2109 nem
2389 2051 2480 2098 aut
2501 2055 2714 2112 pravam
2762 2040 3065 2108 opinionem
3093 2076 3109 2101 ,
3137 2044 3584 2090 sacramentorum
3628 2047 3773 2086 com-

2249 2134 2547 2190 munionem
2575 2130 2970 2185 aversabantur.
2996 2128 3097 2181 Sed
3124 2127 3295 2182 omnis
3320 2134 3374 2180 et
3392 2124 3606 2195 quidem
3660 2124 3773 2179 dis-

2250 2222 2520 2281 tinctionis
2546 2220 2733 2272 umbra
2775 2217 3067 2285 dispellitur
3099 2232 3128 2269 a
3148 2214 3347 2268 Joanne
3374 2215 3771 2283 Cbrysostomo,

2248 2310 2337 2378 qui
2365 2310 2438 2361 ita
2462 2307 2690 2375 loquitur
2710 2306 2763 2359 in
2789 2304 3001 2359 bomilia
3017 2304 3049 2356 δ
3074 2286 3319 2371 Epistolas
3342 2302 3489 2354 Pauli
3514 2301 3580 2354 ad
3600 2301 3773 2369 Eplie-

2248 2396 2353 2449 sios
2377 2408 2494 2462 cap.
2526 2409 2562 2446 ιι
2591 2410 2602 2444 :
2638 2410 2657 2443 ι
2690 2389 2804 2445 Non
2831 2405 2890 2444 es
2909 2391 3095 2459 dignus
3115 2388 3373 2442 sacriﬁcio
3396 2428 3411 2451 ,
3446 2402 3615 2455 neque
3648 2402 3772 2456 par-

2248 2481 2591 2550 ticipatione?
2614 2479 2751 2549 Ergo
2783 2492 2879 2531 nec
2915 2490 3088 2546 prece.
3113 2475 3276 2529 Audis
3301 2489 3592 2545 praeconem
3617 2483 3769 2529 stan-

2247 2578 2355 2622 tem
2383 2576 2437 2622 et
2470 2567 2728 2622 dicentem
2755 2584 2769 2619 :
2797 2564 3102 2632 Quicunque
3147 2564 3275 2618 estis
3301 2564 3351 2616 in
3400 2562 3713 2630 poenitentia
3739 2599 3755 2624 ,

2246 2657 2404 2710 abite.
2429 2655 2622 2710 Omnes
2653 2654 2741 2722 qui
2768 2667 2872 2707 non
2908 2652 3243 2722 participant,
3264 2660 3388 2704 sunt
3424 2650 3476 2702 in
3503 2649 3765 2717 paeniten-

2248 2744 2342 2796 tia.
2367 2742 2497 2796 Nam
2524 2743 2611 2803 qui
2641 2757 2746 2796 non
2770 2741 3067 2810 participat,
3093 2747 3173 2793 est
3194 2741 3245 2791 in
3278 2738 3602 2806 poenitentia.
3640 2754 3660 2787 ι
3689 2768 3693 2772 -

2857 2870 3076 2926 CAPUT
3090 2871 3187 2926 γι.

2455 2983 2530 3037 De
2555 2982 2838 3047 abbatibus,
2853 2982 3123 3064 monachis
3153 2980 3227 3035 re!
3250 2981 3586 3033 monasteriis.

2320 3094 2652 3162 Congregatio
2675 3092 2816 3146 debet
2845 3092 2950 3145 sibi
2980 3091 3160 3160 eligere
3200 3091 3448 3142 abbatem.
3489 3076 3775 3158 Gregorius

2256 3184 2304 3246 l,
2333 3183 2467 3236 libro
2487 3196 2570 3245 tv,
2591 3182 2744 3248 epist.
2769 3179 2873 3233 43:
2905 3179 3185 3232 «Abbatem
3221 3192 3345 3231 vero
3382 3176 3551 3231 eidem
3587 3192 3772 3231 mona-

2253 3270 2430 3332 sterio,
2452 3282 2564 3339 non
2602 3267 2780 3330 alium,
2809 3265 2901 3320 sed
2927 3278 3079 3333 quem
3107 3264 3320 3333 dignum
3357 3263 3589 3317 moribus
3614 3271 3774 3331 atque

2251 3359 2452 3413 actibus
2464 3358 2762 3411 monasticae
2783 3351 3336 3421 disciplinaicommuni
3350 3339 3621 3404 consensu
3640 3364 3771 3403 con-

2249 3446 2478 3515 gregatio
2515 3453 2622 3499 tota
2659 3441 2971 3511 poposcerit,
3006 3448 3057 3493 te
3098 3439 3334 3493 volumus
3371 3422 3636 3492 ordinare.
3660 3456 3677 3489 ι
3709 3436 3773 3490 Et

2250 3530 2707 3600 lib.vit,epist.18
2732 3547 2743 3580 :
2771 3547 2789 3578 ι
2811 3526 3066 3581 Defuncto
3104 3539 3227 3579 vero
3270 3524 3458 3579 abbate
3497 3523 3775 3593 cujuscun-

2251 3636 2352 3689 que
2379 3617 2937 3689 congregationis,non
2978 3622 3277 3676 extraneos,
3324 3613 3424 3666 nisi
3473 3613 3537 3666 de
3586 3611 3770 3665 eadem

2252 3708 2662 3769 conversatione,
2692 3718 2846 3773 quem
2875 3702 2973 3757 sibi
3010 3701 3219 3768 propria
3247 3700 3514 3777 voluntate
3554 3710 3775 3752 concors

2253 3797 2473 3849 fratrum
2498 3795 2717 3849 societas
2744 3791 2983 3858 elegerit,
3013 3797 3068 3841 et
3094 3789 3183 3856 qui
3213 3787 3412 3859 electus
3446 3784 3623 3849 fuerit,
3662 3785 3774 3838 sine

2254 3884 2373 3939 dolo
2396 3882 2479 3935 vel
2502 3880 2783 3935 venalitate
2820 3877 2990 3945 aliqua
3025 3875 3296 3929 ordinetur
3324 3889 3336 3935 ;
3365 3871 3503 3940 quod
3532 3872 3575 3924 si
3597 3878 3770 3938 aptam

2257 3973 2392 4025 inter
2417 3985 2473 4024 se
2498 3962 2774 4038 personam
2798 3966 3030 4019 invenire
3069 3961 3416 4031 nequiverint,
3451 3958 3675 4013 solerter
3712 3958 3774 4011 de

2255 4059 2368 4111 aliis
2389 4055 2719 4110 monasteriis
2743 4054 2843 4107 sibi
2864 4052 3103 4105 similiter
3124 4050 3312 4115 eligant
3352 4046 3723 4100 ordinandum.
3751 4061 3767 4093 ι

2256 4145 2384 4199 Vide
2416 4150 2650 4197 convent.
2676 4140 2989 4207 Aquisgrau.
3022 4152 3069 4192 c.
3102 4136 3189 4189 59..
3227 4134 3373 4199 Quod
3411 4132 3545 4185 idem
3584 4144 3774 4198 praece-

2258 4236 2397 4303 pisse
2423 4231 2744 4302 Ludmticum
2770 4229 2915 4283 Pium
2938 4226 3173 4281 referunt
3203 4221 3452 4277 chartula:
3475 4219 3772 4274 monasterii

2256 4320 2617 4385 Piscariensis,
2661 4320 2774 4375 sive
2811 4316 3034 4371 abbatize
3067 4314 3123 4368 S.
3154 4311 3457 4372 Clementis,
3483 4325 3598 4379 qua:
3643 4323 3774 4364 nunc

2261 4417 2534 4464 servantur
2578 4408 2633 4460 in
2676 4406 2990 4460 bibliotheca
3036 4403 3233 4471 Regia:
3271 4399 3596 4468 dmperator
3656 4398 3775 4451 fecit

2264 4502 2582 4565 prmceptum
2610 4502 2765 4560 super
2786 4492 2990 4545 abbatis
3025 4490 3298 4550 electione,
3333 4494 3390 4539 ut
3422 4501 3525 4540 non
3560 4485 3775 4551 eligatur

2266 4586 2331 4639 dc
2365 4590 2613 4636 extranea
2652 4578 3087 4647 congregatione:
3124 4576 3214 4629 sed
3248 4574 3658 4641 quotiescunque
3690 4570 3773 4639 qui

2264 4679 2455 4740 praeest
2478 4669 2636 4723 abbas
2651 4660 3569 4729 obierit,babeantl‘ratreslicentiam
3594 4672 3658 4712 ex
3685 4673 3770 4711 sua

2268 4758 2477 4826 propria
2525 4753 2922 4824 congregatione
2952 4748 3176 4817 eligendi
3199 4748 3485 4802 abbatem.
3506 4745 3653 4811 Quod
3690 4747 3772 4812 qui

2269 4854 2626 4911 transgressus
2642 4838 2814 4900 fuerit,
2833 4840 2961 4892 sciat
2985 4853 3040 4891 se
3066 4852 3166 4889 non
3191 4841 3471 4902 pastorem,
3496 4832 3587 4885 sed
3603 4833 3773 4900 lupum

2272 4943 2481 4999 ponere,
2511 4938 2563 4983 ct
2598 4929 2650 4982 iu
2674 4936 2908 4982 extremo
2940 4925 3137 4993 judicio
3183 4937 3388 4990 pinnam
3434 4933 3773 4990 praiparatatn

2271 5020 2482 5074 habere.
2711 5079 2716 5086 ι

2346 5104 2463 5156 Non
2504 5102 2619 5154 licet
2654 5101 2822 5154 abbati
2868 5115 3023 5168 neque
3070 5100 3299 5168 episcopo
3343 5106 3529 5150 terram
3563 5095 3773 5149 ecclesias

2274 5205 2567 5246 courertcrc.
2591 5190 2698 5244 Nisi
2722 5204 2839 5242 cum
2867 5187 3083 5242 consilio
3111 5186 3352 5248 fratrum,
3380 5190 3438 5235 ut
3466 5181 3598 5235 intra
3622 5183 3770 5237 addit.

2273 5284 2419 5349 Quod
2442 5283 2575 5336 idem
2602 5280 2665 5333 de
2682 5279 2833 5335 bonis
2860 5276 3103 5332 Ecclesiae
3125 5273 3471 5342 praescribitur
3494 5273 3547 5327 in
3568 5272 3775 5327 concilio

2274 5369 2662 5441 Cartliaginen‘si
2700 5383 2771 5429 tv,
2802 5372 2899 5419 aut
2927 5364 3099 5432 potius
3133 5362 3338 5415 statutis
3374 5361 3620 5415 Ecclesia:
3649 5360 3773 5413 anti-

2274 5458 2411 5525 quis.
2438 5455 2534 5510 iiic
2567 5455 2705 5507 enim
2741 5449 3031 5506 est'titulus
3056 5463 3212 5516 quem
3231 5447 3568 5516 prmsel'emmt
3584 5445 3775 5501 codices

2275 5542 2664 5599 Gemblacensls
2714 5538 2956 5600 ctenobii,
2990 5536 3046 5591 S.
3079 5535 3299 5589 Bai-ouis
3332 5534 3384 5587 in
3423 5532 3688 5597 Gandavo,
3730 5539 3773 5587 et

2277 5634 2425 5701 plura
2469 5629 2814 5696 manuscripts
2852 5626 3061 5694 optima:
3100 5632 3253 5677 ιιοιω.
3302 5621 3389 5675 Sic
3410 5630 3584 5674 autem
3630 5621 3773 5674 liabet

3623 439 3765 495 H36
