4010 6422
143 479 270 535 “‘57

1256 482 1812 545 OBSERVATIONES
1846 489 1929 547 ΕΤ
1967 491 2188 548 ΝΟΤᾸΞ.

3174 462 3305 560 tias

138 600 246 639 can.
273 584 377 638 52:
410 584 613 638 «Irrita
660 584 873 640 donatio
914 588 1296 657 episcoporum,
1330 592 1412 647 vel
1433 593 1683 659 venditio,
1712 610 1762 669 Α
1785 613 2077 666 consensu;
2108 609 2160 655 et
2186 601 2406 657 fortasse
2435 619 2616 659 servus
2642 607 2754 661 sine
2792 622 3055 664 consensu
3095 611 3176 665 sui
3210 613 3305 666 do-

136 670 587 728 velcommutatio
626 674 701 724 rei
734 672 1097 728 eeclesiastim:
1132 676 1329 745 absque
1361 680 1692 734 conniventia

138 769 188 812 et
217 759 617 827 subscriptione
632 760 963 815 clericorum.
994 780 1012 811 ι
1033 761 1160 815 Vide
1171 763 1448 831 epistolam
1472 766 1505 819 8
1528 764 1691 827 Hilari

135 845 353 914 papasad
391 845 680 914 episcopos
715 847 1043 921 diversarum
1075 851 1462 917 provinciarum
1490 851 1686 918 Galliae,

131 949 247 1001 cap.
275 934 336 997 5;
365 949 523 988 conc.
556 935 881 1004 Agathensc,
900 926 1122 1001 ean’JS,
1141 947 1195 990 et
1215 938 1401 1013 concil.
1419 939 1691 993 Herutfor-

138 1021 309 1074 diense
319 1022 375 1073 in
387 1036 497 1089 quo
511 1022 829 1089 praesidebat
841 1023 1485 1094 Theodorus,can.3,apud
1497 1026 1632 1081 Beda
1641 1045 1689 1080 nl

135 1106 225 1163 lib.
253 1124 324 1171 tv,
355 1125 479 1179 cap.
505 1112 561 1164 3.
588 1111 719 1176 Quae
758 1111 1014 1165 deﬁniunt
1049 1121 1242 1166 statuta
1272 1114 1520 1169 Ecclesiae
1555 1117 1690 1168 anti-

138 1214 236 1268 qua
263 1202 326 1254 de
353 1202 514 1255 bonis
547 1202 817 1266 Ecclesiae,
840 1203 1027 1257 eadem
1073 1204 1138 1257 de
1176 1205 1403 1258 caeteris.
1446 1204 1577 1260 Nam
1612 1205 1689 1258 si-

140 1298 226 1343 cut
245 1290 422 1343 clerus
446 1291 587 1343 nihil
614 1291 897 1359 quidquam
923 1291 1077 1347 debet
1106 1307 1260 1362 agerc
1288 1294 1400 1347 sine
1420 1294 1683 1362 episcopo,

136 1377 208 1430 ita
241 1380 527 1447 episcOpus
571 1380 702 1432 nihil
738 1383 925 1449 agebat
950 1382 1063 1436 sine
1092 1382 1252 1446 clero,
1282 1384 1413 1437 adeo
1444 1391 1504 1437 ut
1535 1384 1687 1437 irrita

135 1474 270 1520 esset
311 1467 585 1521 sententia
620 1467 877 1563 episcopi,
901 1469 1011 1521 nisi
1059 1469 1368 1551 clericorum
1411 1471 1688 1537 prmsentia

136 1555 564 1619 conﬁrmaretur,
615 1555 767 1623 juxta
808 1555 990 1610 eadem
1034 1565 1230 1611 statuta
1266 1557 1515 1611 Ecclesiae
1551 1559 1687 1611 anti-

136 1657 251 1710 qua,
289 1660 410 1700 can.
449 1644 540 1697 id.

202 1733 321 1786 Non
356 1734 476 1787 licet
508 1735 633 1795 viris
660 1732 874 1800 feminas
893 1734 1077 1788 habere
1098 1734 1392 1788 monachos.
1417 1732 1573 1799 Quod
1587 1735 1685 1788 fre-

135 1823 482 1888 quentissime
524 1823 909 1891 prohibuerunt
949 1826 1132 1879 Patres
1171 1825 1282 1879 sive
1313 1825 1367 1878 in
1401 1826 1512 1879 suis
1550 1825 1686 1879 scri-

1790 687 1938 752 mini,
1964 702 2063 743 nec
2094 699 2264 757 potest
2291 691 2486 759 aliquid
2513 708 2699 747 vovere
2735 694 2788 747 in
2818 696 3175 764 praejudicium
3210 699 3306 753 do-

1788 777 2024 832 minisui.
2042 780 2238 834 Tamen
2262 782 2506 850 quwlibet
2529 784 2646 837 talis
2670 798 2890 851 persona
2914 786 3126 856 aliquod
3148 804 3315 843 mem-o

1788 864 1938 917 brum
1966 866 2122 919 habet
2155 870 2443 936 proprium,
2468 871 2605 937 quod
2643 873 2757 926 sine
2795 873 3016 927 aliorum
3053 890 3310 931 consensu

1786 959 1959 1020 potest
1979 968 2207 1009 vovere:
2254 965 2309 1009 ut
2348 958 2533 1012 mulier
2577 968 2751 1027 potest
2788 976 2976 1017 vovere
3021 965 3161 1031 quod
3208 980 3309 1019 non

1787 1037 1960 1106 exiget
1978 1055 2007 1093 a
2033 1040 2145 1093 viro
2174 1056 2269 1096 suo
2298 1043 2559 1108 debitum;
2587 1047 2629 1098 si
2653 1055 2827 1101 autem
2860 1050 3105 1118 quzelibet
3139 1050 3301 1106 dicta~

1788 1138 1902 1178 rum
1926 1121 2267 1194 persenarum
2298 1134 2377 1186 vel
2406 1134 2654 1187 similium
2689 1139 2752 1192 de
2775 1153 3031 1193 consensu
3060 1141 3140 1194 sui
3161 1157 3311 1210 supco

1786 1213 1942 1267 rioris
1969 1215 2163 1284 aliquid
2188 1219 2411 1285 voverit,
2453 1221 2550 1274 ille’
2572 1224 2813 1291 superior
2847 1227 3051 1281 ratione
3077 1230 3313 1297 inspecta

1761 1299 1914 1355 ‘illud
1949 1312 2125 1356 votum
2158 1315 2331 1375 potest
2366 1320 2649 1376 revocare;
2679 1321 2739 1366 ut
2762 1314 2895 1368 side
2914 1330 3170 1371 consensu
3213 1319 3313 1372 viri

1784 1390 1927 1443 vovit
1951 1390 2150 1460 aliquid
2184 1395 2388 1459 mulier,
2418 1397 2500 1451 vir
2517 1408 2688 1466 potest
2708 1402 2912 1457 ratione
2935 1404 3167 1473 inspecta
3186 1405 3315 1459 illud

1787 1486 1961 1531 votum
1991 1495 2257 1546 revocare,
2280 1493 2333 1538 et
2360 1484 2448 1539 illa
2474 1494 2681 1542 tenetur
2705 1491 2936 1546 obedire.
2969 1492 3112 1546 Idem
3139 1501 3221 1547 est
3252 1494 3303 1547 in

1785 1566 2041 1621 monacho
2068 1575 2122 1621 et
2143 1568 2472 1636 abbate‘suo,
2502 1575 2566 1627 de
2590 1575 2707 1631 aliis
2730 1591 2833 1635 non
2859 1580 2932 1632 ita
2959 1588 3183 1635 constat.

1851 1649 1917 1704 In
1942 1651 2172 1708 libertate
2189 1672 2385 1725 quoque
2403 1664 2699 1717 monasterii
2724 1671 2795 1717 est
2816 1664 3022 1718 lavandi
3046 1666 3193 1735 pedes
3220 1666 3313 1719 lai-

1782 1754 1993 1804 corum;
2026 1742 2124 1795 nisi
2146 1743 2199 1796 in
2223 1742 2376 1798 Coena
2403 1746 2608 1802 Domini
2638 1766 2740 1804 non
2763 1761 3027 1820 coguntur.
3057 1753 3123 1809 Et
3142 1754 3311 1811 infra:

1750 1846 1753 1849 ‘
1779 1826 2110 1886 Consuetudo
2137 1832 2482 1890 Romanorum
2519 1856 2619 1893 non
2645 1850 2718 1894 est
2746 1841 2853 1895 lucc
2880 1842 3067 1898 lauatio
3108 1846 3311 1915 pedum.

136 1910 255 1975 ptis,
279 1911 393 1962 sive
414 1912 471 1963 in
497 1911 731 1965 decretis
744 1911 1105 1986 conciliorum.
1124 1912 1299 1978 Quare
1312 1912 1689 1967 dicuntPatres
1722 1918 1767 1975 B
1794 1917 2020 1974 Sanctus
2046 1920 2367 1991 Augustinus
2400 1929 2614 1995 exponit
2640 1944 2735 1983 cur
2762 1930 2849 1984 alii
2877 1932 3012 1986 hanc
3040 1910 3317 1991 consuetu-

136 1995 340 2048 concilii
365 1996 701 2064 Hispalensis
722 2011 781 2060 tt,
806 2013 923 2052 can.
951 1983 1054 2051 lli;
1082 2015 1101 2047 ι
1125 1998 1278 2051 Absit
1296 2006 1352 2051 ut
1380 1999 1686 2062 monachos,

136 2089 269 2157 quod
290 2091 453 2144 etiam
475 2091 622 2144 dictu
650 2090 798 2155 nefas
823 2090 1435 2159 est,Christi'virginibus
1462 2089 1691 2143 lamilia-

131 2189 217 2230 res
240 2191 358 2230 esse
411 2177 642 2249 velimus
664 2196 679 2231 :
703 2176 794 2232 sed
812 2176 962 2245 juxta
1008 2179 1148 2246 quod
1185 2176 1335 2244 jussa
1370 2177 1675 2248 regularum

139 2262 219 2316 vel
239 2276 508 2319 canonum
530 2263 836 2326 admonent,
862 2262 1016 2332 longe
1039 2264 1296 2321 discretos
1322 2271 1478 2332 atque
1502 2264 1679 2333 sejun-

136 2358 263 2416 ctos,
282 2369 470 2407 eorum
494 2360 701 2411 tantum
724 2336 933 2408 easdem
954 2352 1324 2423 gubernaculis
1342 2352 1683 2420 deputamus;

137 2444 522 2499 constituentes
568 2452 628 2497 ut
673 2459 809 2498 unus
854 2443 1230 2498 monachorum
1278 2441 1685 2523 prohatissimus

134 2529 379 2601 eligatur,
409 2532 569 2599 cujus
584 2547 724 2586 cura:
742 2533 831 2596 sit,
853 2540 988 2586 etc.»
1017 2532 1085 2586 Et
1108 2530 1365 2601 Egbertus
1387 2530 1688 2584 Eboracen-

133 2618 209 2672 sis
219 2619 683 2687 archiepiscopus:
711 2638 728 2670 ι
753 2618 880 2682 Hoc,
896 2618 1085 2686 inquit,
1102 2620 1271 2673 sancti
1284 2618 1468 2673 Patres
1480 2618 1687 2687 Augus‘

140 2706 291 2772 tinus,
330 2707 714 2777 Hieronymus,
754 2707 998 2779 Basilius,
1050 2705 1355 2776 Gregorius,
1406 2714 1461 2759 et
1507 2704 1684 2759 exteri

137 2809 292 2863 quam
313 2796 468 2850 multi
492 2797 682 2852 edictis
708 2797 818 2859 suis
836 2796 1239 2865 prohibuerunt.
1271 2815 1290 2849 ι

209 2884 401 2939 Tamen
431 2901 540 2939 non
577 2885 899 2939 destruantus
929 2883 1060 2939 illud
1100 2885 1235 2954 quod
1263 2884 1576 2938 consuetudo
1606 2892 1681 2937 est

141 2970 193 3024 in
217 2971 311 3025 hac
347 2980 511 3026 terra.
552 2972 824 3038 Quomodo
855 2988 919 3027 ea
956 2973 1230 3027 tractanda
1270 2981 1394 3027 sunt
1427 2986 1549 3040 quae
1585 2988 1685 3027 nec

142 3061 299 3128 recipi
335 3068 565 3130 possunt
595 3062 663 3115 ob
699 3061 948 3116 Ecclesiae
974 3061 1326 3123 sanctitatem,
1367 3075 1467 3114 nec
1506 3069 1681 3115 tamen

141 3158 409 3218 usurpatas
467 3150 865 3206 consuetudinis
911 3165 1071 3205 causa
1125 3150 1387 3217 damnari,
1442 3150 1682 3218 pluribus

1785 2004 1964 2059 dinem
1992 2023 2095 2061 non
2125 2014 2437 2078 receperint,
2465 2024 2519 2067 et
2544 2016 2631 2068 alii
2651 2016 2976 2073 abstulerint.
3003 2020 3092 2076 Sic
3117 2039 3241 2078 vero
3262 2026 3315 2080 in

1787 2091 2007 2160 epistola
2036 2093 2162 2158 H9,
2210 2110 2326 2166 cap.
2356 2099 2458 2154 l8:
2495 2118 2514 2150 ι
2546 2101 2622 2156 De
2654 2103 2888 2160 lavandis
2927 2120 3052 2162 vero
3076 2110 3315 2180 pedibus,

1792 2194 1914 2234 cum
1939 2180 2189 2238 Dominus
2217 2186 2317 2241 hoc
2341 2196 2558 2259 propter
2584 2190 2805 2248 formam
2834 2194 3167 2265 humilitatis,
3198 2217 3320 2271 pro—

1788 2276 1907 2337 pter
1932 2285 2088 2339 quam
2114 2272 2401 2329 docendam
2425 2287 2664 2345 venerat,
2691 2284 3153 2352 commendaverit,
3183 2289 3315 2345 sicut

1788 2357 1899 2425 ipse
1935 2371 2315 2428 consequenter
2340 2368 2613 2434 exposuit:
2652 2371 2930 2438 quaesitum
2968 2381 3049 2428 est
3086 2390 3314 2444 quonam

1785 2451 2023 2533 tempore
2043 2449 2372 2517 potissimum
2397 2467 2482 2508 res
2505 2464 2651 2510 tanta
2674 2459 2833 2512 etiam
2854 2458 2994 2516 facto
3018 2463 3313 2533 doceretur,

1785 2539 1840 2585 et
1866 2532 1992 2588 illud
2040 2543 2241 2605 tempus
2266 2550 2600 2607 occurreret,
2642 2559 2748 2613 quo
2791 2546 2906 2616 ipsa
2931 2532 3319 2609 commendatio

1787 2620 2082 2690 religiosius
2110 2624 2409 2683 inhaereret.
2438 2629 2542 2685 Sed
2559 2646 2625 2686 ne
2646 2633 2711 2686 ad
2736 2634 2913 2704 ipsum
2933 2651 3321 2697 sacramentum
3398 2668 3402 2674 -

1783 2709 2319 2779 baptismi'videretur
2343 2720 2628 2787 pertinere,
2660 2722 2807 2778 multi
2836 2724 2937 2781 hoc
2966 2727 3019 2781 in
3047 2738 3323 2785 consuetu-

1785 2798 1961 2854 dinem
1986 2802 2223 2873 recipere
2243 2806 2543 2863 noluerunt.
2565 2809 2807 2867 Nonnulli
2832 2817 2992 2871 etiam
3015 2819 3080 2874 de
3099 2835 3319 2876 consue-

1786 2887 1964 2944 tudine
1991 2891 2199 2948 anferre
2218 2910 2319 2950 non
2342 2897 2727 2955 dubitaverunt.
2758 2921 2776 2955 ι
2804 2903 2869 2958 Ει
2893 2905 2945 2960 in
2974 2910 3314 2977 Expositione

1783 2977 1838 3031 in
1866 2977 2208 3051 Evangelium
2234 2983 2468 3053 Joannis,
2497 2996 2722 3045 tractatu
2749 3008 2877 3048 LVIII
2904 3012 2917 3048 :
2961 3013 2980 3046 ι
2998 2995 3163 3071 ~Apud
3190 3013 3316 3055 san-
3404 2982 3410 2988 ’

1782 3073 1896 3121 etos
1925 3069 2221 3139 ubicunque
2244 3074 2355 3128 haec
2384 3070 2704 3137 consuetudo
2728 3090 2968 3154 nonest,
2998 3069 3137 3154 quOd
3158 3100 3316 3142 manu

1783 3170 1887 3211 non
1917 3155 2131 3223 faciunt,
2169 3162 2328 3215 corde
2362 3162 2579 3219 faciunt.
2616 3185 2635 3218 ι
2671 3152 3050 3229 νθιιιεάυειοῖ·
3076 3176 3194 3232 libri
3221 3177 3321 3233 Sa-

138 3236 667 3304 exemplis'dccl'arat‘
684 3238 964 3293 concilium
986 3237 1340 3292 Valentinum.
1364 3255 1383 3288 ι
1404 3237 1681 3304 Quocirca,
1708 3225 1755 3287 C
1785 3252 2203 3311 cramentorum,
2230 3250 2365 3318 apud
2404 3250 2739 3309 Ambrosium
3078 3225 3311 3332 ~lu,
3394 3298 3409 3309 κ

140 3328 201 3373 ut
232 3322 385 3377 aiunt
431 3323 621 3378 Patres
651 3324 702 3377 in
731 3324 951 3393 epistola
1002 3323 1251 3393 synodica
1301 3324 1367 3377 ad
1412 3325 1686 3378 universos
1782 3330 1922 3385 hunc
1947 3330 2151 3387 lavandi
2177 3349 2376 3412 morem
2402 3352 2560 3407 quam
2584 3322 3110 3412 plurimum-laudat,
3134 3322 3187 3404 et
3214 3322 3316 3407 ob;

140 3413 415 3483 cpiscdpos
439 3413 751 3477 Galliarum,
792 3414 980 3469 librato
1017 3414 1104 3468 diu
1145 3414 1519 3482 moderatoque
1557 3428 1685 3469 con-
1776 3416 1893 3485 jicit
1929 3418 2178 3475 Ecclesia
2213 3406 2493 3491 Romanae,
2536 3406 2675 3496 quod
2711 3429 2854 3486 illam
2888 3406 3319 3493 consuetudinem

147 3499 283 3569 silio,
308 3519 373 3559 ea
405 3503 629 3560 cautelae
663 3504 798 3559 ratio
834 3512 1040 3559 servata
1076 3511 1159 3558 est
1195 3518 1313 3572 qua:
1347 3512 1403 3558 et
1436 3503 1683 3558 scandala

148 3593 503 3658 submoveret,
523 3603 577 3648 et
597 3595 930 3650 sanctitatem
962 3594 1212 3650 Ecclesia:
1237 3593 1564 3655 custodiret.~
1585 3613 1605 3647 ι

214 3681 469 3736 Ποπαοήο
490 3700 589 3736 non
599 3682 724 3736 licet
740 3692 909 3736 votum
941 3700 1112 3738 vovere
1133 3686 1242 3738 sine
1262 3700 1508 3737 consensu
1527 3684 1685 3737 abba-

143 3766 240 3829 tis;
261 3769 341 3820 sin
362 3769 535 3822 minus
562 3767 898 3837 frangendum
921 3778 1014 3823 est.
1035 3768 1261 3824 Sanctus
1277 3769 1502 3825 Basilius
1530 3771 1686 3825 ratio-

144 3870 260 3911 nem
290 3858 503 3928 profert
520 3860 575 3913 in
601 3857 1076 3915 Constitutionibus
1102 3859 1431 3924 monasticis,
1450 3874 1565 3928 cap.
1593 3859 1683 3926 27,

143 3945 227 3999 his
258 3949 464 4002 verbis:
486 3966 513 3997 ι
534 3946 853 4001 Potestatem
881 3961 1005 4001 vero
1033 3947 1114 4001 sui
1142 3947 1308 4016 ipsius
1344 3963 1412 4002 ne
1438 3948 1505 4000 ad
1547 3961 1683 4015 pun-

145 4041 280 4087 ctum
306 4037 521 4103 quidem
563 4035 814 4105 temporis
849 4035 1045 4090 habere
1078 4035 1367 4099 monachus
1402 4034 1576 4097 debet,
1589 4048 1685 4105 per

148 4136 294 4189 quam
320 4125 373 4178 in
407 4125 631 4194 privatis
657 4125 769 4194 ipse
806 4124 1029 4195 negotiis
1054 4124 1166 4179 suis
1190 4131 1451 4178 versetur.
1488 4123 1682 4190 Quem-

148 4199 606 4268 admodum'enim
658 4215 875 4269 absente
917 4214 1122 4269 artiﬁce
1151 4215 1557 4268 inStrumentum
1586 4206 1681 4267 sua

151 4308 326 4365 sponte
353 4303 526 4371 ipsum
568 4311 675 4357 non‘
707 4292 1027 4369 moveretur,
1055 4319 1229 4374 neque
1267 4305 1560 4358 membrum
1598 4304 1679 4357 vel

153 4387 211 4439 ad
225 4388 679 4456 brevissimum‘ah
699 4390 877 4459 aliquo
900 4406 1119 4460 corpore
1139 4392 1395 4461 separari,
1409 4392 1674 4447 moverive

148 4486 314 4541 posset
342 4480 462 4532 sine
489 4479 604 4545 ejus
629 4480 719 4549 qui
754 4481 895 4535 intus
922 4488 1001 4535 est
1028 4480 1253 4548 opiﬁcis,
1280 4496 1345 4535 ac
1371 4481 1534 4536 totius
1555 4496 1677 4537 cor-

150 4565 283 4639 poris
305 4568 655 4623 moderatoris
673 4570 939 4624 voluntate
963 4585 978 4622 :
1018 4569 1262 4623 similiter
1281 4584 1490 4639 quoque
1508 4586 1676 4640 neque

148 4654 402 4725 religionis
435 4649 743 4714 observanti
796 4660 991 4728 aliquid
1038 4673 1211 4728 agere,
1249 4660 1527 4728 eXchuive
1562 4660 1677 4715 sine

149 4744 384 4799 antistitis
412 4746 494 4800 sui
521 4749 780 4801 sententia
807 4748 950 4803 licet.
986 4766 1005 4799 ι
1036 4745 1189 4799 Nulla
1218 4755 1344 4800 sunt
1380 4748 1537 4816 igitur
1573 4749 1672 4802 ista

148 4841 253 4884 vota
280 4835 543 4899 monachi,
569 4852 684 4904 qua:
711 4823 813 4890 non
835 4844 957 4891 sunt
978 4819 1389 4902 ipsiusjurisfet
1413 4850 1475 4889 ev
1499 4845 1674 4904 potes-

151 4926 245 4973 tate
272 4921 477 4976 abbatis
502 4924 744 4990 pendent.
774 4924 970 4978 Eodem
1009 4923 1166 4978 modo
1195 4922 1467 4992 judicabat
1504 4926 1668 4996 magi-

148 5015 245 5060 ster
269 5009 529 5065 Robertus
554 5011 617 5066 de
642 5011 977 5068 Flamesbure
1002 5012 1053 5064 in
1079 5026 1175 5065 suo
1196 5010 1564 5066 Pmnitentiali.

151 5110 326 5170 Selecta
340 5135 402 5173 ea:
420 5119 762 5193 Paenitentiali
778 5138 871 5193 ins.
893 5122 1129 5193 Magistri
1146 5119 1349 5193 Ποιμανιί
1360 5121 1422 5174 de
1433 5118 1666 5175 Flamcs~

580 5248 585 5251 Α
619 5189 760 5253 (iure,
790 5190 879 5243 lib.
902 5208 961 5255 tt,
982 5189 1099 5262 cap.
1130 5191 1182 5244 4.

210 5273 402 5333 Vovere
424 5284 599 5348 potest
626 5279 868 5345 qumlibet
894 5295 1115 5347 persona
1138 5294 1255 5348 qua
1283 5278 1363 5331 sui
1387 5276 1525 5343 juris
1555 5286 1665 5330 est:

149 5366 201 5412 ει
229 5366 417 5430 statim,
448 5376 499 5417 ut
528 5374 674 5433 puto,
701 5366 907 5434 quando
949 5368 1051 5421 doli
1089 5381 1254 5435 capax
1296 5373 1393 5421 est.
1436 5363 1665 5418 Persona

150 5459 256 5517 qua
289 5453 371 5508 alii
401 5452 635 5519 subjecta
666 5464 762 5517 est,
788 5457 897 5508 sine
928 5455 1039 5524 ejus
1064 5470 1323 5510 consensu
1357 5467 1458 5507 non
1493 5461 1663 5521 potest

148 5549 338 5605 mere.
362 5557 420 5601 ut
449 5547 734 5600 monachus
763 5563 949 5602 vovere
976 5564 1081 5602 non
1108 5556 1285 5616 potest
1302 5548 1414 5601 sine
1444 5561 1663 5621 censen:

149 5638 204 5680 Su
225 5634 296 5686 sui
334 5636 563 5697 abbatis,
588 5650 683 5688 nec
729 5637 914 5690 mulier
959 5638 1071 5691 sine
1117 5651 1374 5691 consensu
1421 5635 1500 5688 sui
1538 5635 1658 5697 viri,

1783 3520 1887 3593 non
1909 3506 2119 3563 habeat.
2153 3528 2172 3560 σ
2205 3507 2319 3566 Non
2340 3515 2663 3583 ignoramus,
2689 3520 2879 3589 inquit,
2915 3525 3055 3593 quod
3080 3525 3315 3584 Ecclesia

1782 3592 2018 3649 Romana
2050 3598 2186 3678 hanc
2218 3603 2647 3659 consuetudinem
2674 3622 2779 3663 non
2810 3592 3023 3677 babéat,
3056 3612 3205 3682 cujus
3230 3623 3314 3686 ty—

1780 3696 1903 3750 pum
1932 3682 1985 3736 in
2013 3685 2256 3743 omnibus
2296 3691 2567 3759 sequimur
2590 3701 2644 3747 et
2668 3692 2911 3750 formam.
2951 3698 3098 3754 Hane
3137 3682 3316 3757 tamen

1781 3773 2207 3861 consuetudinem
2242 3792 2347 3832 non
2373 3779 2552 3847 habet,
2577 3791 2640 3836 ut
2662 3785 2822 3853 pedes
2846 3785 3005 3842 lavet.
3034 3789 3164 3844 Vide
3187 3804 3315 3861 ergo

1780 3873 1846 3914 ne
1872 3858 2009 3915 forte
2034 3873 2250 3933 propter
2272 3867 2659 3925 multitudinem
2688 3872 2986 3929 declinavit.
3021 3894 3040 3929 ι
3072 3877 3138 3931 Et
3160 3858 3315 3947 paulo

1778 3956 1931 4035 post:
1971 3967 1992 3999 ι
2023 3951 2103 4006 Ad
2127 3953 2226 4008 hoc
2246 3954 2480 4011 Ecclesia
2511 3958 2746 4016 Romana
2771 3964 2898 4031 quid
2930 3967 3251 4035 respondet?
3285 3989 3305 4024 ο

1781 4032 1884 4090 Sed
1908 4045 2165 4107 prompta
2191 4049 2273 4095 est
2304 4042 2551 4099 Ecclesiae
2578 4045 2828 4103 Romana:
2854 4032 3147 4121 responsio.
3178 4053 3310 4112 Nam

1779 4125 2017 4194 quisquis
2040 4128 2107 4182 sit
2134 4129 2234 4185 iste
2261 4143 2478 4199 auctor,
2512 4140 2776 4194 recenseri
2813 4141 2970 4197 debet
3006 4146 3147 4200 inter
3185 4147 3312 4202 sim-

1779 4212 1940 4281 plices
1980 4223 2033 4268 et
2074 4218 2381 4275 rusticiores
2413 4223 2500 4291 qui
2530 4223 2721 4281 littere
2746 4228 2905 4283 nimis
2932 4230 3206 4298 inhazrent,
3243 4234 3311 4291 de

1777 4298 1966 4365 quibus
1992 4300 2065 4355 ita
2088 4302 2319 4372 loquitur
2358 4307 2608 4379 Origenes
2638 4312 2690 4369 in
2718 4311 3011 4371 Comment.
3051 4320 3104 4373 in
3142 4320 3305 4374 Joan-

1776 4403 1917 4455 nem,
1949 4397 1988 4444 t.
2022 4390 2066 4445 ll
2092 4393 2218 4447 edit.
2248 4393 2431 4460 Huet.,
2476 4413 2529 4467 p.
2560 4399 2657 4453 551
2687 4418 2703 4453 :
2740 4418 2759 4451 ς
2794 4401 2941 4458 Adeo
2981 4412 3039 4458 ut
3075 4405 3212 4461 hanc
3235 4410 3305 4463 ob

1775 4491 1990 4536 causam
2027 4479 2276 4535 Dominus
2312 4497 2520 4554 quoque
2565 4488 2742 4543 veniat
2771 4490 2836 4543 ad
2878 4490 3127 4548 lavandos
3167 4496 3306 4549 servi

1701 4539 1751 4599 D
1776 4567 2040 4623 credentis
2058 4568 2236 4638 pedes,
2262 4572 2365 4626 etc.
2394 4539 2493 4638 Qiii
2514 4589 2629 4629 mos
2650 4591 2790 4631 nunc
2814 4594 2916 4632 non
2943 4569 3023 4644 lit,
3050 4582 3146 4635 nisi
3169 4583 3305 4651 apud

1777 4657 2054 4712 admodum
2082 4659 2344 4728 simplices
2372 4663 2799 4733 rusticioresque.
2835 4687 2854 4720 ι
2891 4660 2970 4723 Εἰ
2998 4670 3052 4723 in
3090 4670 3304 4731 bomilia

1774 4746 1805 4798 6
1830 4745 1884 4797 in
1911 4745 2136 4800 Isaiam:
2171 4765 2189 4797 ‹
2222 4747 2385 4804 Nemo
2417 4751 2813 4821 quibuscunque
2850 4756 3179 4811 venientibus
3216 4772 3302 4813 as-

1772 4846 1984 4886 sumens
2025 4831 2263 4897 linteum,
2294 4836 2560 4900 diaconus,
2590 4838 2673 4891 vel
2710 4840 3013 4910 presbyter,
3042 4842 3149 4897 sive
3190 4844 3300 4913 epi-

1770 4936 1977 4989 scopus,
2006 4922 2145 4976 lavat
2171 4924 2347 4991 pedes.
2388 4942 2406 4973 ‹
2441 4922 2628 4980 Postea
2670 4934 2849 4982 tamen
2887 4927 3067 4984 Patres
3092 4930 3296 4985 concilii

1771 5010 2006 5066 Toletani
2061 5027 2167 5065 xvu
2227 5013 2522 5081 exemplum
2567 5014 2762 5070 Christi
2803 5018 2945 5071 velut
2994 5019 3293 5073 mandatum

1768 5097 2031 5168 Evangelii
2064 5100 2381 5168 praecipuum
2417 5103 2547 5156 adeo
2580 5105 3290 5177 obsewanduquecernunt,

1768 5196 1825 5239 ut
1854 5208 1871 5235 ς
1906 5190 1968 5250 si,
2002 5189 2239 5255 inquiunt
2278 5205 2393 5243 ean.
2418 5191 2480 5251 3,
2512 5190 2787 5257 quisquam
2826 5192 3155 5247 sacerdotum
3193 5195 3292 5251 hoc

1766 5286 2001 5329 nostrum
2025 5277 2282 5330 distulerit
2299 5279 2583 5344 adimplere
2596 5277 2883 5344 decretum,
2906 5281 3127 5335 duorum
3146 5297 3290 5335 men-

1766 5366 1900 5439 sium
1925 5366 2094 5434 spatio
2124 5380 2238 5420 sese
2265 5367 2466 5419 noverit
2490 5380 2524 5419 a
2550 5376 2744 5422 sanctae
2773 5371 3149 5425 communionis
3168 5385 3288 5439 per-

1765 5435 2002 5520 ceptione
2030 5453 2353 5507 frustratum.
2396 5473 2412 5504 ›
2455 5454 2519 5507 Et
2545 5470 2701 5524 supra
2739 5457 2791 5509 in
2833 5459 3016 5511 eodem
3051 5435 3282 5512 canone:

1771 5562 1788 5591 ι
1825 5544 2052 5612 Denique
2088 5553 2396 5599 eoruscantc.
2440 5554 2632 5600 sancta:
2668 5551 2985 5616 operationis
3025 5551 3284 5620 exemplo,

1761 5635 1952 5701 partim
1978 5633 2194 5697 desidia,
2223 5636 2413 5702 partim
2458 5638 2858 5702 consuetudine,
2896 5639 2946 5691 in
2975 5638 3285 5705 quibusdam

147 5720 344 5776 millia
363 5723 600 5787 quandi"
624 5731 699 5774 cst
735 5724 781 5775 in
804 5734 1059 5793 potestate
1084 5727 1368 5795 snipatris,
1401 5728 1513 5783 sine
1546 5725 1657 5793 ejus
1755 5724 1994 5777 ccclesiis
2018 5724 2068 5777 in
2096 5722 2255 5778 Coma
2285 5725 2488 5781 Domini
2518 5726 2778 5783 ablutionc
2809 5730 2969 5797 pedes
2999 5729 3219 5785 fratrum
3249 5743 3280 5782 δ
