4010 6442
626 465 752 539 ltso

1650 485 1741 539 an
1776 474 2298 539 mmmam
2334 468 2674 541 rut-sonoro

3560 494 3570 507 '
3622 486 3747 543 1160

611 597 972 651 sacerdotibus
994 611 1096 649 non
1122 595 1381 649 lavantur.
1409 593 1545 648 Nihil
1576 593 1729 648 .aliud
1765 594 2126 658 obtendentes,
2154 598 2205 657 Α
2230 594 2283 646 in
2310 596 2546 657 oratione
2570 604 2674 662 qua
2705 593 3070 660 imperatorem
3108 591 3452 647 Theodosium
3476 594 3746 667 obiurgat,

612 685 714 739 nisi
756 686 918 739 solam
958 684 1250 738 traditionis
1276 682 1733 746 consuetudinem,
1776 695 1895 736 cum
1928 682 2135 737 Veritas
2234 683 2397 736 relata
2424 694 2454 735 ιι
2478 682 2802 736 Theodoreto
2825 680 2965 735 lib.v
2990 681 3489 754 ilist.Eccles.,cap.
3516 687 3599 739 17.
3624 688 3751 745 Vide

611 774 892 841 bbjurgans
919 773 1095 827 dicat:
1141 772 1311 837 Quare
1340 786 1431 824 vos
1465 769 1885 841 trapsgredimini
1918 769 2135 822 manda-
2232 782 2438 838 quoque
2464 782 2620 838 supra
2644 778 2795 823 notas
2819 771 2882 822 ad
2912 779 3068 838 caput
3085 771 3135 823 5.

611 869 721 913 tum
763 860 853 913 Dei
888 869 1094 929 preptet
1144 860 1473 914 traditionem
1505 868 1752 912 vestram.
1786 875 1805 908 ι
1839 856 1967 909 Vide
2008 864 2134 911 cou-

611 959 818 1002 ventum
844 949 1338 1017 Aquisgranensem,
1367 962 1480 1000 can.
1512 944 1598 998 23.

679 1034 786 1087 Nec
812 1036 1015 1087 libertas
1035 1035 1326 1091 monasterii
1352 1045 1423 1086 est
1443 1033 1783 1101 pa’nitentiam
1800 1030 2130 1084 srrcularibus

607 1104 855 1184 iudicare,
893 1122 1011 1190 quia
1034 1122 1234 1189 proprie
1274 1120 1567 1174 clericorum
1598 1128 1687 1170 est.
1719 1117 1900 1171 Patres
1925 1117 2129 1171 concilii

606 1209 1037 1263 Chalcedonensis
1081 1217 1261 1284 vetant
1304 1209 1586 1261 monachos
1629 1206 1997 1260 ecclesiasticis
2045 1207 2129 1261 ‘vel

604 1297 938 1351 smcularibus
963 1297 1183 1365 negotiis
1208 1311 1263 1349 se
1293 1296 1548 1363 ingerere.
1575 1294 1775 1348 Canou.
1799 1294 1862 1346 ιε
1898 1310 1915 1343 ι
1952 1292 2127 1346 Mona-

604 1386 732 1438 chos
756 1392 929 1439 autem
957 1384 1045 1452 qui
1080 1392 1202 1436 sunt
1229 1383 1280 1436 in
1313 1386 1622 1448 unaquaque
1652 1380 1863 1447 regione
1903 1385 1956 1432 et
1992 1377 2124 1433 civi:

600 1469 711 1526 tate
736 1472 980 1540 episcopo
1003 1471 1265 1539 subjectos
1283 1483 1416 1531 esse,
1442 1476 1505 1530 et.
1524 1468 1753 1535 quietem
1780 1465 2041 1534 amplecti,
2071 1472 2126 1519 et

598 1559 693 1612 soli
713 1558 911 1627 jejunio
928 1566 980 1611 et
998 1557 1223 1611 orationi
1247 1571 1449 1617 vacare,
1473 1555 1523 1608 in
1550 1554 1739 1622 quibus
1756 1554 1980 1606 ordinati
2004 1560 2125 1607 sunt

598 1646 728 1704 locis
770 1649 973 1704 fortiter
1011 1634 1422 1717 perseverantes,
1445 1659 1540 1699 nec
1581 1643 1980 1705 ecclesiaSticis,
2026 1658 2125 1695 nec

595 1739 930 1814 saecubribus
952 1738 1174 1808 negotiis
1200 1751 1256 1792 se
1281 1735 1518 1804 ingerere
1536 1774 1550 1799 ,
1594 1742 1697 1788 etc.
1738 1732 1898 1786 Cone.
1927 1732 2123 1783 Tarra-

594 1836 737 1891 tou.,
766 1842 889 1880 can.
912 1827 1007 1878 ll:
1060 1843 1078 1875 ι
1120 1824 1358 1878 Monachi
1395 1838 1424 1876 a
1457 1821 1774 1876 monasterio
1799 1818 1941 1873 foras
1971 1833 2120 1888 egre-

2300 860 2490 912 Mulier
2508 869 2667 927 potest
2693 859 2969 912 oblationes
3009 860 3175 927 facere
3208 861 3485 914 secundum
3515 862 3750 930 Graecos;

2230 958 2331 998 non
2361 947 2638 999 secundum
2669 946 2941 1000 Romanos.
2973 947 3083 1002 lloe
3108 964 3210 1002 non
3245 950 3635 1020 intelligendum
3673 965 3754 1010 est

2228 1029 2292 1083 de
2309 1030 2662 1085 oblationibus
2681 1034 2913 1087 omnium
2938 1033 3185 1098 ﬁdelium,
3201 1037 3253 1090 id
3274 1045 3373 1101 est,
3388 1037 3748 1109 eleernosynls,

2228 1117 2367 1172 inter
2384 1134 2514 1187 quas
2535 1128 2687 1173 erant
2714 1136 2875 1188 panes
2895 1136 2989 1190 per
3012 1122 3388 1178 Eucharistiam
3416 1126 3674 1187 sacrandi,
3693 1130 3753 1183 ut

2227 1207 2594 1263 animadvertit
2614 1212 2715 1265 vir.
2741 1209 2809 1281 cl.
2839 1210 2902 1264 N.
2932 1211 3103 1281 Rigalt
3130 1214 3182 1267 in
3209 1210 3297 1269 lib.
3316 1218 3482 1269 sancti
3506 1215 3750 1285 Cypriani

2224 1291 2290 1348 de
2316 1294 2487 1364 Opere
2517 1304 2571 1350 et
2592 1296 2982 1367 Eleemosynis:
3015 1300 3153 1367 quod
3178 1300 3316 1361 idem
3347 1313 3553 1357 constat
3578 1320 3642 1359 ex
3664 1316 3747 1374 ep.

2224 1386 2391 1438 sancti
2429 1384 2706 1454 Augustini
2747 1387 2878 1449 122,
2907 1386 2996 1441 sed
3037 1389 3171 1441 sicut
3208 1388 3440 1443 declarat
3480 1391 3664 1445 titulus
3686 1393 3751 1447 de

2223 1473 2449 1541 quodam
2478 1473 2766 1526 ministerio
2791 1473 3047 1538 ecclesias,
3067 1471 3133 1527 ad
3155 1476 3294 1542 quod
3313 1473 3481 1530 οι(εοὶ
3504 1477 3752 1533 mulieres

2224 1559 2589 1621 admittebant,
2618 1568 2671 1613 et
2695 1575 2723 1612 a
2748 1576 2853 1629 quo
2892 1569 3014 1616 tunc
3042 1562 3291 1629 temporis
3319 1563 3537 1617 Romani
3567 1566 3750 1619 exclu-

2222 1645 2431 1699 debant.
2462 1647 2658 1701 Concil.
2692 1648 3020 1721 Aurasican.,
3051 1665 3167 1704 can.
3196 1651 3295 1703 26:
3320 1669 3340 1702 ι
3370 1651 3614 1706 Diaconze
3637 1668 3751 1707 om.

2221 1733 2448 1787 uimodis
2475 1750 2579 1789 non
2605 1736 2907 1790 ordinanda:
2940 1755 2954 1789 :
2993 1738 3038 1790 si
3070 1752 3187 1807 qua:
3224 1738 3334 1807 jam
3359 1749 3498 1802 sunt,
3528 1741 3746 1794 benedi-

2220 1820 2382 1873 ctioni
2410 1835 2526 1887 quae
2550 1822 2742 1890 pepulo
2776 1823 3119 1892 impenditur,
3162 1826 3333 1894 capita
3360 1825 3687 1881 submittant.
3722 1848 3744 1881 ο

594 1918 813 1980 dientes,
848 1930 913 1969 ne
949 1914 1157 1983 aliquod
1186 1912 1529 1966 ministerium
1554 1908 1968 1964 ecclesiasticum
1988 1922 2118 1974 prte-
2146 1900 2190 1961 B
2217 1907 2376 1963 Cone.
2406 1909 2731 1977 Epaonense,
2758 1926 2874 1965 can.
2901 1911 2961 1965 21
2986 1926 3000 1964 :
3030 1930 3049 1963 ι
3089 1912 3370 1965 Viduarum
3399 1916 3748 1973 consecratio-

594 2012 802 2055 sumant
827 2016 1010 2071 agere,
1041 1999 1408 2070 prohibemus,
1447 1999 1546 2050 nisi
1588 1996 1723 2049 forte
1764 2008 1883 2049 cum
1913 1994 2117 2048 abbatis

594 2091 831 2160 imperio.
871 2110 890 2142 ι

1166 2173 1384 2230 CAPUT
1424 2172 1530 2228 vn.
1599 2251 1603 2256 ν

741 2308 816 2361 De
844 2308 944 2359 ritu
970 2306 1240 2359 mulierum
1261 2306 1318 2358 in
1341 2303 1551 2358 ecclesia
1578 2302 1653 2357 vel
1675 2304 1974 2356 ministerio.

659 2438 897 2491 Mulieres
922 2454 1020 2491 non
1041 2436 1197 2491 velent
1220 2435 1399 2499 altare,
1426 2443 1527 2490 etc.
1554 2435 1777 2490 Sanctus
1796 2435 2115 2505 Epiphanius

587 2532 770 2584 eontra
798 2526 1193 2597 Collyridianos,
1219 2525 1403 2581 hzeres.
1433 2540 1593 2580 1.xth
1618 2541 1630 2575 :
1668 2542 1688 2574 ‹
1721 2522 1777 2577 Si
1806 2524 2116 2577 mulieribus

582 2627 897 2689 prceceptum
923 2627 1063 2673 esset
1089 2617 1387 2673 sacriﬁcare
1413 2616 1548 2680 Deo,
1576 2622 1666 2669 aut
1700 2614 1939 2683 regulare
1965 2614 2117 2681 quid-

583 2721 738 2773 quam
782 2705 986 2773 operari
1035 2705 1086 2756 in
1129 2702 1394 2763 Ecclesia,
1428 2703 1703 2772 oportebat
1746 2701 1911 2770 magis
1940 2700 2112 2769 ipsam

582 2793 801 2847 Mariam
836 2792 1148 2846 sacriﬁcium
1183 2790 1439 2859 perlicere
1470 2790 1522 2843 in
1564 2788 1707 2843 Novo
1745 2789 2110 2852 Testamento,

582 2897 698 2950 quae
728 2882 880 2950 digna
908 2880 1043 2934 facta
1068 2888 1149 2934 est
1186 2880 1450 2947 suscipere
1483 2880 1534 2932 in
1559 2877 1789 2946 propriis
1822 2877 2113 2931 visceribus

580 2969 944 3045 universorum
988 2982 1165 3037 regem
1205 2967 1397 3031 Deum,
1444 2966 1713 3020 caelestem
1749 2964 1937 3018 Filium
1978 2964 2107 3018 Dei:

578 3054 728 3122 cujus
755 3063 935 3108 uterus
962 3054 1208 3121 templum
1237 3052 1432 3107 factum
1457 3062 1539 3107 est
1580 3069 1643 3107 ac
1685 3053 2002 3108 domicilium
2042 3052 2108 3106 ad
2138 3117 2175 3129 __

582 3142 781 3196 Domini
812 3142 864 3194 in
906 3155 1064 3195 carne
1091 3141 1531 3208 dispensationem
1568 3156 1663 3210 per
1690 3139 1783 3195 Dei
1807 3141 2105 3211 benignita-

580 3245 707 3297 tem,
739 3241 791 3285 et
820 3230 1179 3284 admirandum
1208 3231 1516 3299 mysterium
1559 3236 1883 3299 praeparatus
1910 3237 2009 3283 est.
2038 3229 2109 3282 At

579 3338 681 3376 non
706 3322 1021 3390 complacuit
1046 3340 1057 3373 :
1098 3321 1188 3374 sed
1212 3336 1380 3389 neque
1403 3320 1660 3387 baptisma
1688 3321 1815 3374 dare
1836 3320 2109 3375 concredi-

580 3424 687 3466 tum
714 3422 814 3467 est.
839 3411 1043 3479 Alioqui
1070 3412 1325 3479 potuisset
1347 3409 1587 3463 Christus
1602 3410 1677 3463 ab
1707 3410 1817 3479 ipsa
1851 3411 2106 3479 baptizari

572 3510 750 3577 potius
793 3521 948 3574 quam
976 3520 1005 3558 a
1032 3504 1252 3558 Joanne.
1286 3522 1305 3555 ι
1338 3502 1505 3557 Simili
1541 3510 1849 3572 argumento
1882 3518 2004 3556 usus
2028 3512 2110 3556 est

579 3607 728 3652 vetus
760 3604 943 3648 auctor
967 3593 1432 3663 Constitutionum,
1462 3592 1553 3645 lib.
1577 3608 1653 3653 ιιι,
1683 3608 1798 3661 cap.
1828 3592 1880 3645 4.

649 3704 885 3756 Mulieres
911 3710 1118 3770 possunt
1141 3698 1233 3753 sub
1254 3699 1397 3768 nigro
1430 3698 1672 3753 velamine
1692 3699 2000 3766 sacriﬁcium
2021 3714 2106 3752 ac-

576 3797 757 3860 ripcrc.
785 3793 918 3858 Ergo
946 3803 1048 3843 non
1070 3790 1147 3843 eis
1175 3789 1366 3841 licebat
1385 3788 1523 3841 nuda
1547 3802 1701 3840 manu
1724 3788 2103 3841 Eucharistiam

576 3898 653 3932 am
673 3881 813 3946 ipere
832 3885 860 3941 ,‘
882 3892 947 3931 ne
974 3876 1183 3945 quidem
1212 3874 1277 3927 ad
1312 3873 1500 3942 pallam
1530 3873 1852 3927 Domini‘cam
1893 3889 2105 3928 manum

577 3968 801 4020 mittere.
839 3965 998 4020 Cone.
1028 3962 1474 4025 Antisiodorense,
1502 3976 1619 4014 can.
1647 3960 1749 4014 56:
1790 3977 1809 4010 ι
1843 3959 1956 4013 Non
1983 3961 2106 4015 licet

576 4055 780 4110 mulieri
804 4054 940 4107 nuda
969 4067 1126 4105 manu
1155 4049 1534 4105 Eucharistiam
1558 4048 1813 4115 accipere.
1847 4068 1865 4099 ι
1894 4048 1958 4101 Et
1985 4064 2101 4117 can.

569 4147 640 4201 57
666 4165 677 4199 :
715 4162 735 4195 ι
768 4143 881 4197 Non
907 4143 1030 4196 licet
1058 4138 1263 4192 mulieri
1291 4151 1505 4192 manum
1531 4151 1680 4189 suam
1707 4137 1771 4190 ad
1795 4136 1984 4205 pallam
2005 4138 2107 4191 Do-

571 4238 818 4292 minicam
844 4226 1071 4287 mittere.
1109 4249 1126 4281 ι
1160 4230 1330 4283 Etiam
1358 4236 1511 4281 antea
1534 4226 1717 4281 Patres
1741 4227 1946 4282 concilii
1973 4228 2105 4282 Lao-

573 4326 742 4382 diceni
765 4329 1079 4385 statuerant,
1108 4334 1225 4373 can.
1255 4317 1340 4381 l9,
1366 4316 1491 4370 solis
1516 4315 1678 4369 licere
1698 4316 1915 4369 sacratis
1943 4316 2009 4369 ad
2029 4316 2103 4369 al-

574 4426 689 4470 tare
729 4412 982 4467 accedere
1024 4418 1079 4462 et
1104 4405 1511 4462 communicare.
1555 4401 1800 4459 Attamen
1839 4402 2104 4470 plerisque

575 4506 630 4559 in
658 4503 787 4556 locis
812 4500 966 4566 vulgo
993 4498 1130 4552 nuda
1162 4510 1319 4549 manu
1354 4494 1737 4547 Eucharistiam
1766 4492 1925 4546 fuisse
1952 4508 2099 4547 rece-

574 4600 717 4662 ptam
745 4590 968 4660 probant
1010 4584 1305 4639 testimonia
1332 4582 1549 4635 Patrum
1574 4584 1767 4650 quibus
1795 4582 1976 4637 ﬁdeles
2005 4599 2102 4637 sae—

576 4683 693 4752 pius
720 4680 1017 4739 admonent,
1041 4683 1099 4728 ut
1126 4672 1546 4727 animadvertant
1571 4673 1831 4737 dextram,
1853 4688 1968 4741 quae
1991 4687 2103 4727 cor-

574 4770 690 4838 pori
718 4767 916 4823 Christi
960 4766 1291 4825 admovetur,
1323 4768 1682 4815 consecratam
1710 4776 1850 4823 esse,
1894 4762 2029 4814 sicut
2052 4768 2107 4813 et

576 4861 806 4926 linguam
834 4863 887 4909 et
909 4854 1020 4907 'cor.
1036 4852 1163 4906 Vide
1190 4850 1508 4904 Clementem
1525 4848 2060 4912 AlexandrinumJib.
2086 4865 2102 4901 ι

576 4947 937 5003 Str-amatum;
975 4938 1369 4997 Tertullianum.
1402 4936 1492 4991 lib.
1522 4937 1586 4990 de
1626 4936 1953 5001 ldololatria,
1983 4952 2099 5005 cap.

579 5035 640 5094 7;
675 5037 910 5087 sanctum
928 5025 1244 5096 Cyprianum
1263 5026 1317 5077 in
1338 5026 1491 5093 epist.
1514 5024 1600 5090 56,
1626 5024 1693 5078 ad
1714 5024 2099 5086 Thibaritanos,

573 5125 642 5176 de
671 5118 1032 5175 exhortatione
1064 5114 1321 5184 martyrii,
1353 5122 1408 5167 et
1443 5114 1534 5167 lib.
1556 5113 1620 5167 de
1646 5114 1791 5167 Bene
1812 5113 2097 5181 patientire.

574 5210 947 5278 Fragmentum
974 5203 1283 5272 praaclarum
1304 5201 1540 5271 epistola:
1562 5202 1594 5255 5
1622 5201 1852 5271 Dionysii
1878 5201 2103 5254 Alexan-

572 5298 710 5353 drini
739 5298 804 5351 ad
830 5296 1039 5351 XiStum
1066 5292 1315 5348 Romanae
1341 5292 1489 5347 urbis
1529 5293 1827 5361 episcopum
1856 5292 2065 5360 scripta:
2085 5330 2099 5355 ,

570 5390 712 5460 apud
732 5387 1011 5443 Eusebium
1034 5386 1125 5440 lib.
1143 5399 1215 5438 vn
1235 5382 1435 5438 Eccles.
1458 5382 1615 5443 Hist.,
1637 5397 1752 5451 cap.
1775 5383 1834 5446 9;
1860 5392 2100 5438 sanctum

576 5479 827 5551 Cyrillum
872 5473 1398 5541 llierosolymitauutn
1454 5472 1505 5527 in
1557 5469 1810 5535 Catech.;
1860 5479 2099 5525 sanctum

569 5569 884 5639 Gregorium
914 5565 1300 5619 Nazianzenum
1340 5562 1400 5615 in
1443 5562 1680 5616 oratione
1721 5561 1779 5612 11
1814 5560 1867 5613 in
1892 5560 2097 5615 laudem

577 5659 889 5727 Gorgonis;
927 5663 1167 5713 sanetum
1193 5651 1443 5708 Joannem
1471 5651 1902 5722 Chrysostomum
1930 5651 1982 5705 in
2006 5652 2099 5705 bo-

540 5810 544 5815 ,
574 5749 716 5803 milia
745 5747 832 5813 21,
861 5748 925 5801 ad
948 5744 1196 5817 populum
1239 5740 1643 5807 Antiochenum,
1673 5747 1725 5792 et
1764 5740 2096 5794 Ambrosium

2217 2008 2358 2058 nem,
2386 2011 2519 2063 quas
2543 1997 2790 2051 diaeonas
2808 1999 3061 2061 vocitant,
3084 1997 3151 2051 ab
3169 1999 3313 2053 omni
3335 1999 3547 2068 regione
3570 2009 3749 2055 nostra

2217 2083 2424 2150 penitus
2454 2084 2784 2152 abrogamus.
2834 2102 2854 2134 ›
2901 2084 3124 2149 Quidam
3167 2085 3373 2139 codices
3418 2085 3631 2155 legunt:
3683 2086 3747 2140 ab

2217 2169 2355 2221 omni
2396 2168 2657 2237 religione.
2695 2169 2895 2224 Coneil.
2941 2170 3316 2226 Aurelianense
3359 2187 3429 2236 ιι,
3477 2188 3593 2227 can.
3642 2176 3769 2233 l8:

2223 2274 2241 2305 ι
2282 2257 2482 2310 Placuit
2505 2259 2665 2312 etiam
2694 2266 2752 2312 ut
2793 2259 2918 2312 nulli
2946 2261 3278 2328 postmodum
3305 2258 3511 2327 fémina:
3529 2300 3544 2326 ,
3571 2263 3749 2318 diaco-

2214 2344 2350 2398 nalis
2376 2346 2672 2401 benedictio
2697 2362 2795 2417 pro
2823 2349 3138 2403 conditionis
3156 2348 3312 2418 hujus
3330 2349 3613 2419 fragilitate
3634 2366 3724 2406 ere

2214 2433 2389 2487 datur.
2428 2453 2447 2486 ι
2479 2433 2619 2488 Idem
2667 2436 2858 2503 prohat
2884 2436 3071 2489 concil.
3106 2436 3438 2500 Turonense,
3478 2452 3597 2492 can.
3644 2440 3746 2505 20,

2214 2522 2529 2574 auctoritate
2554 2521 2768 2575 Patrum
2799 2523 3180 2593 Epaonensium
3199 2525 3309 2594 jam
3344 2526 3526 2580 relata.
3554 2526 3749 2582 Primis

2214 2618 2391 2665 tamen
2413 2611 2618 2665 saeculis
2643 2612 2914 2680 disciplina
2945 2615 3105 2669 totius
3146 2615 3391 2670 Ecclesiae
3424 2618 3475 2670 in
3508 2616 3746 2672 ordinem

2213 2717 2302 2757 eas
2321 2704 2563 2772 eligebat,
2579 2712 2712 2758 teste
2733 2704 3054 2759 Tertulliano
3071 2704 3197 2759 lib.‘i
3214 2707 3278 2761 ad
3290 2705 3535 2769 Uxorem,
3551 2722 3668 2775 cap.
3684 2707 3743 2760 7‘:

2218 2809 2236 2841 ι
2269 2793 2549 2861 Disciplina
2575 2794 2821 2846 Ecclesiae
2859 2802 2911 2847 et
2935 2795 3258 2863 pnescriptio
3297 2795 3532 2864 Apostoli
3569 2794 3746 2850 decla-

2210 2890 2316 2946 rat,
2344 2899 2463 2937 cum
2494 2885 2730 2952 digamos
2757 2898 2859 2937 non
2894 2885 3019 2939 sinit
3054 2885 3352 2952 praesidere,
3390 2901 3511 2940 cum
3534 2886 3745 2940 viduam

2210 2974 2376 3042 adlegi
2420 2975 2474 3027 in
2512 2974 2783 3038 ordinem,
2820 2974 2920 3027 nisi
2956 2973 3244 3039 univiram,
3282 2958 3386 3028 non
3428 2976 3687 3031 concedit.
3720 2992 3738 3027 ι

2190 3062 2341 3142 ,Υἱός
2368 3079 2575 3132 quoque
2600 3080 2751 3139 conc.
2782 3064 3027 3133 Carthag.
3051 3078 3136 3125 ιν,
3175 3080 3292 3118 can.
3335 3064 3430 3129 12,
3460 3074 3550 3118 aut
3573 3067 3748 3133 potius

2209 3159 2405 3205 statuta
2433 3152 2680 3225 Ecclesiae
2703 3154 2937 3221 antiqua,
2955 3167 3072 3206 can.
3095 3153 3210 3205 100.
3236 3152 3399 3206 Porro
3424 3154 3637 3220 quinam
3663 3168 3746 3208 es—

2211 3247 2291 3294 set
2316 3241 2445 3294 ordo
2486 3249 2541 3295 et
2567 3244 2737 3295 honor
2774 3241 3163 3295 ecclesiasticus
3196 3241 3259 3294 ad
3297 3248 3452 3309 quem
3498 3241 3748 3296 mulieros

2207 3327 2542 3397 eligerentur,
2589 3328 2774 3384 Patres
2818 3337 3121 3399 exponunt:
3157 3328 3747 3384 ClemensAlexandri—

2208 3433 2326 3480 nus,
2358 3419 2447 3472 lib.
2481 3435 2537 3472 Ill
2567 3419 2915 3481 Stromatuni;
2947 3419 3200 3488 Origenes
3225 3420 3278 3473 in
3305 3418 3578 3482 Joannem.
3613 3429 3651 3475 t.
3676 3419 3741 3485 ﬂ,

2206 3519 2259 3572 p.
2298 3508 2379 3565 90,
2410 3507 2535 3559 edit.
2566 3508 2738 3570 liuet;
2769 3508 2928 3561 Cone.
2953 3508 3238 3573 Niemnum,
3268 3522 3385 3562 can.
3418 3509 3503 3573 l9,
3526 3509 3614 3563 ubi
3639 3509 3749 3566 Ga-

2208 3594 2339 3647 briel
2363 3595 2753 3662 Albaspinteus,
2784 3596 3167 3651 illustrissimus
3198 3596 3473 3666 episc0pus
3505 3596 3747 3657 Aurelia-

2206 3683 2406 3746 nensis,
2436 3683 2625 3750 probat
2658 3691 2839 3737 contra
2876 3683 3160 3738 Baronium
3186 3683 3285 3738 rite
3319 3692 3372 3737 et
3406 3685 3592 3739 ordine
3615 3700 3747 3741 con—

2206 3781 2442 3826 secratas
2466 3773 2646 3827 fuisse.
2681 3792 2700 3823 ι
2743 3774 2872 3827 Nam
2903 3788 3021 3829 cum
3044 3814 3061 3840 ,
3088 3775 3288 3843 inquit,
3328 3774 3560 3843 synodus
3588 3791 3749 3845 quas-

2205 3857 2357 3922 dam,
2388 3874 2505 3928 qua:
2549 3861 2723 3913 minus
2764 3867 3000 3915 recte’et
3041 3869 3191 3915 extra
3220 3862 3459 3916 ordinem
3487 3863 3746 3919 instituta

2206 3960 2401 4016 essent,
2430 3953 2569 4007 inter
2594 3953 2758 4007 laicas
2784 3952 3111 4021 deputandas
3146 3968 3264 4008 esse
3306 3930 3523 4009 censet:
3558 3957 3745 4012 subin-

2205 4040 2544 4110 telligendum
2586 4041 2827 4112 profecto
2855 4042 3105 4110 relinquit
3129 4043 3384 4111 quasdam
3420 4042 3584 4098 fuisse
3622 4059 3745 4112 qua

2206 4131 2309 4184 rite
2334 4138 2388 4184 et
2412 4130 2595 4183 ordine
2623 4137 2940 4184 consecrata:
2964 4138 3161 4184 essent.
3210 4149 3227 4182 ι
3260 4130 3484 4185 Sanctus
3511 4132 3744 4188 Basilius

2205 4219 2258 4271 in
2285 4218 2505 4285 epistola
2530 4220 2781 4288 canonica
2808 4219 2875 4272 ad
2893 4217 3333 4288 Amphilochium,
3356 4235 3473 4273 can.
3495 4213 3593 4285 ﬂ;
3618 4235 3744 4276 san-

2204 4315 2319 4361 ctus
2343 4308 2628 4379 Gregorius
2672 4308 2939 4377 Nyssenus
2974 4308 3039 4362 de
3071 4309 3185 4362 Vita
3229 4318 3423 4362 sanctae
3470 4307 3737 4364 Macrine.

2204 4397 2436 4463 Quorum
2454 4399 2725 4452 sententiae
2745 4414 2848 4453 non
2871 4396 3163 4467 refragatur
3183 4407 3395 4453 sanctus
3414 4399 3740 4468 Epiphanius

2203 4496 2357 4541 antea
2382 4490 2591 4551 citatus,
2621 4489 2727 4541 imo
2750 4489 2800 4541 in
2831 4488 3013 4542 eodem
3042 4487 3156 4542 loco
3185 4502 3303 4540 eam
3336 4498 3515 4555 aperte
3540 4490 3734 4543 asserit

2204 4590 2324 4629 cum
2354 4575 2517 4629 dicit:
2554 4593 2573 4624 ι
2609 4583 2664 4629 et
2687 4576 3099 4630 diaconissarum
3125 4575 3257 4630 ordo
3286 4585 3369 4629 est
3394 4592 3447 4629 in
3474 4576 3732 4640 Ecclesia,

2202 4675 2302 4719 etc.
2340 4686 2357 4717 ι
2387 4667 2526 4720 Idem
2556 4666 2713 4721 sentit
2748 4675 2898 4720 vetus
2925 4674 3110 4720 auctor
3136 4666 3577 4721 Constitutionum
3602 4682 3736 4736 apo-

2202 4753 2523 4818 stolicarum,
2551 4754 2786 4817 lib.,vm,
2813 4769 2933 4823 cap.
2966 4754 3060 4818 l9,
3091 4755 3142 4807 in
3179 4769 3285 4824 quo
3309 4754 3538 4819 declarat
3562 4755 3732 4825 impo-

2203 4842 2390 4896 sitionc
2418 4858 2666 4897 manuum
2702 4844 2929 4911 cpisc0pi
2958 4843 3187 4897 ordinari
3217 4844 3581 4914 presbyteros,
3613 4845 3733 4899 dia-'-

2203 4944 2364 4983 conos
2403 4939 2458 4984 et
2493 4930 2838 4985 diaconissas.
2866 4931 2996 4984 Vide
3038 4931 3227 4985 concil.
3272 4931 3728 4995 Chalcedonense,

2203 5035 2322 5073 can.
2368 5018 2452 5082 l5,
2479 5018 2717 5090 δεξαμένη
2742 5026 2831 5079 τήν
2871 5020 3226 5093 χειροθεσίαν;
3266 5019 3543 5073 concilium
3578 5018 3731 5072 Trul-

2202 5108 2379 5161 lanum
2410 5110 2522 5161 sive
2559 5109 2945 5177 quinisextum,
2987 5124 3103 5161 can.
3144 5108 3247 5173 40;
3286 5103 3342 5161 et
3389 5106 3632 5162 Sedulius
3675 5109 3726 5162 in

2201 5213 2316 5266 cap.
2350 5213 2437 5251 xvi
2460 5192 2624 5265 Epist.
2650 5198 2714 5250 ad
2742 5194 3025 5261 Romanos,
3050 5204 3234 5251 auctor
3252 5196 3392 5250 circa
3416 5211 3608 5248 nonum
3630 5210 3730 5249 saa-

2202 5286 2393 5348 culum,
2428 5294 2653 5342 testatur
2682 5286 2735 5339 in
2769 5284 3122 5342 Orientalibus
3147 5286 3275 5341 locis
3303 5293 3501 5339 tantum
3541 5285 3723 5340 diaco-

2200 5378 2372 5431 nissas
2395 5378 2741 5437 ministrasse.
2768 5376 2846 5443 Ex
2873 5392 2976 5445 quo
3009 5376 3384 5446 dignoscantur
3408 5370 3540 5429 varii
3568 5376 3723 5438 ritus;

2200 5479 2330 5532 quos
2354 5474 2497 5519 recte
2520 5465 2715 5535 ubique
2741 5464 2903 5520 refert
2929 5463 3253 5519 Theodorus.

2758 5553 2978 5610 CAPUT
3020 5552 3145 5609 VIII.

2410 5644 2485 5697 De
2514 5644 2733 5699 nwribus
2759 5642 3051 5699 Graecorum
3079 5651 3127 5697 et
3154 5643 3507 5697 Romanorum.

2271 5733 2333 5787 Et
2364 5733 2591 5786 laborant
2624 5736 2723 5786 sire
2754 5731 3012 5787 Dominico
3040 5732 3137 5787 die.
3172 5733 3261 5789 Die
3284 5733 3552 5788 Dominico
3577 5730 3722 5787 iob.-
