4010 6414
237 528 367 585 HM

1333 527 1887 586 OBSERVATIONES
1923 528 2008 583 ΕΤ
2047 530 2266 587 NOTAE.

3241 522 3372 574 NH

241 637 445 699 rubeat,
467 645 522 691 et
541 638 753 708 quidem
772 638 1043 703 moniales,
1069 645 1200 691 teste
1227 635 1544 707 Hieronymo
1567 638 1632 690 ad
1658 636 1759 690 Eu-
1791 639 1832 695 Δ
1857 647 2061 705 oportet
2083 638 2220 706 quod
2243 651 2513 706 perperam
2542 635 2713 694 fiebat,
2753 635 2832 688 vel
2867 635 3066 687 institui
3094 633 3230 700 quod
3263 646 3365 684 non

241 725 496 778 stochium
519 725 778 794 virginem
806 725 870 780 de
894 725 1158 794 epitaphio
1185 725 1358 778 Paulae
1379 725 1593 777 matris:
1622 741 1640 774 ‹
1670 723 1762 776 Die

242 819 442 863 tantum
462 810 735 866 Dominico
755 813 818 866 ad
838 813 1113 868 ecclesiam
1133 813 1502 878 procedebant,
1524 825 1589 862 ex
1616 809 1764 876 cujus

240 897 550 950 habitabant
586 897 781 959 latere,
811 907 865 952 et
896 900 1298 966 unumquodque
1331 911 1515 965 agmen
1546 905 1764 949 matrem

241 984 505 1050 propriam
549 986 898 1052 sequebatur;
939 992 1094 1053 atque
1125 983 1242 1036 inde
1273 984 1469 1050 pariter
1498 994 1765 1036 reverten-

244 1076 336 1127 tes,
363 1068 630 1121 instabant
648 1071 792 1136 opcri
818 1070 1128 1131 distributo;
1150 1077 1200 1121 et
1231 1068 1308 1120 vel
1332 1068 1450 1130 sibi,
1467 1067 1550 1119 vel
1569 1067 1767 1119 caeteris

243 1153 546 1207 indumenta
574 1155 854 1208 faciebant.
889 1175 906 1206 ι
942 1156 1132 1218 Labor,
1159 1156 1247 1222 qui
1292 1170 1320 1206 a
1359 1155 1602 1222 precibus
1642 1161 1696 1205 et
1738 1168 1767 1205 a

238 1241 383 1292 cultu
414 1241 508 1294 Dei
555 1235 834 1305 avocabat,
867 1243 1175 1296 interdictus
1217 1241 1315 1294 fuit
1350 1257 1379 1294 a
1406 1240 1765 1302 Constantino,

241 1329 330 1396 qui
356 1330 558 1396 primus
585 1332 832 1399 pneeepit
858 1330 1055 1394 feriari,
1104 1339 1163 1384 ut
1206 1331 1368 1384 refert
1402 1329 1656 1383 Eusebius
1675 1329 1766 1381 lib.

1860 726 2034 779 ﬂebat.
2088 727 2201 794 lpsa
2250 727 2439 794 quippe
2491 724 2710 778 mutatio
2751 722 3163 784 consuetudinis,
3214 721 3372 772 etiam

1859 829 1974 881 quae
2010 813 2217 880 adjuvat
2252 813 2493 876 utilitate,
2539 812 2768 865 novitate
2808 812 3097 878 perturbat.
3135 807 3369 875 Quapro-

1860 907 1974 965 pter
2018 914 2132 966 quie
2164 899 2306 952 utilis
2340 912 2444 950 non
2482 905 2578 958 est,
2631 897 3019 965 perturbatione
3057 891 3377 948 infructuosa

1862 975 2238 1052 consequbnwr
2261 986 2413 1038 noxia
2442 993 2540 1038 est.
2578 1003 2595 1035 ι

2451 1112 2669 1167 CAPUT
2699 1111 2786 1164 IX.

1870 1247 1939 1300 De
1981 1246 2431 1298 communicatione
2465 1243 2731 1296 Scotorum
2768 1252 2814 1295 et
2859 1241 3153 1303 Britonum,
3200 1239 3288 1310 qui
3334 1241 3385 1294 in

2101 1312 2301 1364 Pascha
2327 1321 2371 1363 et
2401 1321 2609 1362 tonsura
2638 1311 2871 1362 catholici
2899 1325 2995 1359 non
3019 1317 3154 1360 sunt.

241 1430 293 1467 tv
317 1417 379 1469 de
406 1417 524 1476 Vim
549 1417 896 1481 Constantini,
918 1433 1033 1486 cap.
1065 1419 1150 1480 18,
1171 1417 1307 1485 quod
1327 1424 1508 1484 postea
1535 1415 1770 1483 pluribus

237 1505 556 1572 synodorum
583 1508 809 1559 decretis
830 1507 1090 1561 firmatum
1111 1506 1226 1568 fuit,
1249 1506 1321 1558 ita
1344 1514 1519 1557 tamen
1541 1513 1599 1556 ut
1618 1503 1768 1556 Chri-

240 1591 398 1643 stiani
429 1605 532 1643 non
574 1593 926 1660 judaizarent,
963 1594 1097 1646 sicut
1134 1587 1622 1644 admonentPatres
1649 1603 1772 1641 ωτι-ο

1937 1422 2037 1487 Qui
2062 1423 2114 1475 in
2141 1419 2340 1473 Pascha
2366 1419 2441 1472 vel
2467 1429 2674 1472 tonsura
2700 1416 2961 1470 catholica
2987 1432 3084 1468 non
3108 1423 3225 1469 sunt
3247 1415 3385 1468 adu-

1870 1511 1976 1561 nati
2023 1506 2282 1561 Ecclesia.
2328 1507 2462 1560 Beda
2510 1505 2664 1572 hujus
2708 1505 3004 1558 schismatis
3045 1503 3299 1572 originem
3333 1511 3389 1556 et

1867 1609 2081 1648 causam
2107 1594 2208 1647 late
2232 1594 2480 1661 describit
2510 1593 2598 1646 lib.
2629 1591 2852 1666 triiistq
2895 1606 3009 1658 cap.
3048 1590 3136 1654 25,
3173 1605 3239 1644 ex
3273 1590 3392 1657 qui-

239 1680 348 1732 cilii
379 1680 773 1733 Aurelianensis
795 1697 875 1743 nt,
901 1696 1022 1734 can.
1054 1681 1141 1744 28;
1172 1700 1188 1729 ι
1218 1681 1339 1748 quia
1364 1692 1668 1747 persuasum
1691 1684 1772 1732 est
1867 1684 1967 1736 bus
1992 1683 2170 1735 multis
2196 1682 2306 1734 [mc
2335 1696 2498 1748 pauca
2523 1697 2536 1732 :
2573 1698 2589 1730 ι
2620 1681 2894 1745 Finitoque
2931 1677 3188 1738 conﬂictu,
3221 1691 3281 1728 ac
3309 1690 3394 1728 so-

239 1767 445 1834 populis
472 1768 558 1819 die
585 1767 854 1844 Dominico
883 1768 966 1836 agi
997 1783 1113 1821 cum
1144 1767 1394 1828 caballis,
1441 1773 1531 1817 aut
1569 1765 1769 1824 bubus,

1876 1769 1978 1822 luta
2007 1771 2279 1831 concione,
2309 1768 2610 1836 Agilbertus
2642 1768 2850 1820 domum
2875 1764 3046 1818 rediit.
3077 1764 3395 1816 Colmannus

240 1861 328 1905 aut
355 1853 611 1906 vehiculis
657 1853 844 1905 itinera
875 1869 978 1906 non
1023 1854 1248 1915 debere,
1284 1867 1452 1919 neque
1478 1851 1633 1903 ullam
1661 1864 1770 1902 rem
1798 1924 1827 1926 _
1871 1857 2054 1912 videns
2097 1865 2325 1926 spretam
2371 1871 2519 1910 suam
2566 1853 2880 1916 doctrinam,
2925 1860 3224 1918 sectamque
3277 1862 3396 1903 esse

239 1940 528 2014 advictum
567 1955 882 2008 praeparare,
905 1941 988 1993 vel
1018 1941 1083 1993 ad
1108 1941 1334 1992 nitorem
1363 1940 1547 1992 domus
1567 1937 1648 1989 vel
1678 1939 1770 1990 ho-
1795 1924 1842 1983 Β
1870 1924 2191 2013 despectant,
2219 1945 2499 2011 assumptis
2523 1943 2604 1997 his
2626 1941 2713 2009 qui
2742 1955 2798 1993 se
2835 1940 2981 2008 sequi
3005 1939 3313 2001 voluerunt,
3344 1937 3394 1990 id

242 2025 401 2078 minis
426 2027 776 2094 pertinentem
815 2025 1073 2079 ullatenus
1108 2039 1356 2078 exercere
1400 2025 1536 2092 (quae
1578 2039 1663 2076 res
1707 2023 1772 2074 ad

1876 2041 1949 2084 est
1970 2034 2059 2101 qui
2087 2032 2283 2086 Pascha
2309 2032 2621 2085 catholicum
2659 2039 2712 2082 et
2734 2038 3002 2082 tonsuram
3029 2043 3232 2081 corona:
3253 2027 3394 2096 (nam

239 2107 513 2166 Iudaicam
540 2113 704 2180 magis
733 2128 890 2180 quam
915 2113 979 2166 ad
1005 2112 1357 2172 Christianam
1387 2111 1772 2163 observantiam

1876 2127 1924 2170 et
1958 2119 2023 2171 de
2056 2121 2155 2172 hoc
2195 2119 2417 2187 quaestio
2447 2133 2549 2170 non
2590 2118 2806 2170 minima
2829 2116 2962 2185 erat)
2991 2117 3222 2179 recipere
3255 2114 3401 2168 nole-

240 2200 508 2268 pertinere
545 2199 843 2267 probatur),
889 2200 941 2252 id
985 2200 1263 2254 statuimus
1304 2206 1363 2250 ut
1398 2198 1482 2251 die
1504 2196 1775 2250 Dominico
1871 2205 2018 2268 bant,
2059 2204 2288 2258 scoriam
2320 2218 2588 2274 regressus
2627 2212 2724 2265 ρει,
2773 2211 3088 2256 tractaturus
3126 2217 3243 2255 cum
3287 2203 3396 2256 suis

240 2285 380 2352 quod
409 2293 530 2336 ante
571 2283 686 2337 fieri
709 2285 876 2346 licuit,
907 2285 1080 2345 liceat,
1110 2293 1211 2336 etc.
1253 2303 1270 2335 ι
1303 2284 1497 2336 Eadem
1532 2283 1798 2351 leguntur,

240 2375 297 2428 in
323 2373 548 2428 concilio
575 2373 851 2436 Vernensi,
884 2387 1004 2426 can.
1035 2372 1120 2423 M.
1149 2372 1247 2436 Qui
1284 2386 1408 2424 vero
1434 2373 1568 2424 hanc
1597 2371 1776 2423 obser-

239 2461 474 2513 vantiam
499 2458 771 2512 Iudaicam
795 2446 1096 2521 tuebantur,
1121 2459 1250 2512 adeo
1277 2456 1585 2511 refelluntur
1604 2471 1633 2508 a
1656 2471 1776 2508 sano

239 2554 328 2601 cto
351 2547 609 2616 Gregorio
637 2547 824 2615 Magno
850 2554 906 2599 ut
937 2561 1029 2600 eos
1067 2546 1217 2614 quasi
1256 2544 1565 2596 Antichristi
1591 2543 1777 2610 prtedi-

235 2643 449 2688 catores
478 2642 745 2703 oppugnet
780 2633 879 2687 lib.
903 2629 976 2697 xi,
1006 2648 1090 2702 ep.
1117 2634 1187 2686 ὅτ
1226 2651 1244 2682 ι
1279 2632 1525 2686 Pervenit
1551 2631 1618 2684 ad
1659 2645 1776 2694 me,

237 2723 428 2789 inquit,
457 2721 711 2790 quosdam
736 2722 972 2789 perversi
992 2723 1207 2790 spiritus
1233 2721 1493 2780 homines,
1513 2735 1672 2786 prava
1707 2721 1780 2772 in-

237 2818 322 2863 ter
347 2825 442 2863 vos
465 2810 638 2877 aliqua
665 2819 718 2864 et
747 2819 943 2864 saneta:
972 2809 1092 2863 fidei
1121 2809 1340 2862 adversa
1365 2808 1672 2869 seminasse,
1705 2808 1776 2859 ita

236 2905 299 2949 ut
317 2895 402 2950 die
431 2895 632 2949 sabbati
664 2897 860 2964 aliquid
882 2896 1090 2964 operari
1112 2895 1469 2963 prohiberent.
1495 2892 1636 2958 Quos
1653 2893 1776 2960 quid

238 2984 406 3047 aliud,
436 2983 538 3060 nisi
563 2983 872 3037 Antichristi
892 2983 1262 3052 praedicatores
1285 2981 1549 3034 dixerim?
1575 2981 1664 3048 qui
1694 2994 1780 3032 ve-

1873 2293 1999 2360 quid
2037 2291 2104 2344 de
2144 2293 2226 2345 his
2254 2292 2426 2345 facere
2466 2292 2696 2355 deberet,
2727 2301 2828 2344 etc.
2864 2310 2882 2342 ι
2914 2290 3076 2344 Facta
3113 2299 3194 2344 est
3219 2298 3394 2344 autem

1875 2381 1987 2434 [me
2010 2383 2228 2449 quaestio
2252 2395 2388 2433 anno
2416 2381 2699 2434 Dominicis:
2727 2379 3102 2433 incarnationis
3126 2386 3397 2432 sexcente-

1874 2469 2007 2521 simo
2034 2471 2355 2536 sexagesimo
2379 2478 2584 2536 quarto,
2622 2470 2710 2536 qui
2739 2468 2838 2522 fuit
2881 2484 3048 2524 annus
3071 2468 3291 2529 Dsuvini
3314 2482 3399 2522 re-

1875 2555 1955 2623 gis
1999 2555 2281 2608 vicesimus
2308 2555 2604 2608 secundus:
2641 2557 2970 2622 episcopatus
3008 2561 3181 2611 autem
3221 2553 3405 2608 Scoto-

1877 2659 2012 2705 rum,
2040 2658 2196 2711 quem
2226 2651 2501 2712 gesserunt
2523 2643 2574 2695 in
2599 2643 2865 2711 provincia
2891 2642 3197 2711 Anglorum,
3235 2657 3407 2695 annus

1878 2733 2192 2786 tricesimus.
2229 2732 2454 2786 Consule
2488 2747 2694 2802 quoque
2729 2731 2967 2799 Capitula
3006 2732 3194 2785 selecta
3220 2746 3281 2785 ex
3313 2747 3402 2783 an-

1877 2823 2021 2890 tiqua
2045 2820 2362 2874 Collectione
2387 2835 2642 2874 canonum
2669 2819 3094 2883 fiibernensium,
3123 2820 3260 2874 edita
3284 2834 3312 2870 a
3335 2817 3398 2870 ῐι.

1878 2913 1938 2964 1).
1976 2911 2117 2963 Luca
2149 2911 2375 2963 Aeherio
2411 2910 2463 2961 in
2503 2918 2645 2960 tomo
2677 2907 2744 2960 IX
2790 2907 3088 2975 Spicilegii,
3129 2908 3178 2959 in
3221 2907 3409 2974 quibus

1878 2998 1975 3050 ista
2015 2997 2392 3065 depromuntur
2425 3009 2490 3048 ex
2537 2994 2626 3046 lib.
2659 3008 2696 3053 ι,
2749 3006 2864 3059 cap.
2893 2992 2927 3044 6
2969 3009 2981 3042 :
3019 3009 3036 3040 ι
3072 2991 3145 3043 De
3194 2999 3408 3044 tonsura

239 3071 392 3126 niens
415 3057 554 3125 diem
579 3071 854 3124 sabbatum
896 3065 1053 3138 atque
1077 3069 1406 3122 Dominieum
1432 3069 1502 3121 ab
1526 3069 1668 3121 omni
1703 3067 1778 3120 fa-

1876 3057 2147 3138 Britonum
2171 3084 2350 3138 Gildas
2370 3083 2444 3136 ait
2469 3097 2483 3134 :
2507 3082 2744 3141 Britones
2770 3057 2880 3132 toto
2909 3077 3100 3130 mundo
3127 3075 3404 3140 contrarii,

234 3161 343 3214 ciet
366 3173 528 3228 opere
552 3158 822 3213 custodiri.
863 3177 881 3210 ι
919 3158 1049 3212 Vide
1075 3157 1164 3210 lib.
1197 3173 1213 3209 ι
1241 3155 1492 3223 Capitul.,
1515 3171 1563 3208 c.
1605 3155 1663 3207 7f
1687 3194 1701 3218 ,
1725 3161 1778 3208 et

1879 3174 2115 3228 moribus
2150 3173 2402 3226 Romanis
2434 3171 2649 3235 inimici,
2690 3184 2795 3223 non
2820 3167 2987 3222 solum
3018 3167 3070 3219 in
3097 3166 3275 3229 missa,
3316 3163 3408 3219 sed

239 3247 702 3315 Reginonem,fib.
745 3247 853 3300 tde
881 3243 1270 3300 Ecclesiasticis
1298 3243 1630 3312 Disciplinis,
1662 3257 1778 3310 cap.
1803 3231 1852 3294 ο
1882 3263 2039 3316 etiam
2091 3263 2147 3315 in
2186 3271 2402 3314 tonsura
2455 3273 2573 3312 cum
2625 3231 2819 3310 judmis
2872 3255 3072 3308 umbm
3117 3253 3409 3308 [υιητοηηη

236 3337 374 3400 37%,
422 3352 490 3390 ex
535 3335 662 3403 Cap.
692 3335 868 3390 Caroli
903 3353 917 3389 :
958 3353 976 3384 ι
1013 3335 1135 3388 Tria
1171 3334 1408 3387 carraria
1453 3347 1611 3402 opera
1655 3333 1780 3386 licet

237 3425 354 3480 ﬁeri
397 3424 669 3478 Dominica
698 3423 803 3486 die,
834 3424 884 3477 id
921 3431 1022 3486 est,
1069 3423 1274 3476 hostilia
1303 3437 1475 3484 earra,
1508 3422 1773 3483 victualia,

240 3514 324 3568 vel
352 3514 590 3583 angaria,
621 3520 673 3566 et
696 3513 739 3566 si
767 3510 902 3566 forte
930 3526 1147 3565 necesse
1169 3511 1253 3572 sit,
1284 3525 1473 3578 corpus
1498 3510 1778 3577 cujuslibet

241 3601 360 3654 duci
387 3602 454 3654 ad
483 3601 798 3668 sepulcrum.
833 3619 851 3651 ι
893 3599 1042 3654 Unde
1088 3599 1252 3667 liquet
1297 3598 1490 3650 rectius
1524 3598 1647 3666 legi,
1675 3599 1778 3650 sive

241 3688 511 3742 Dominico
534 3687 638 3750 die,
661 3701 839 3754 quam,
871 3694 1076 3754 excepto
1104 3685 1368 3738 Dominico
1389 3686 1488 3738 die.

313 3772 614 3828 Graecorum
659 3764 893 3825 monachi
936 3788 1104 3824 servos
1149 3787 1250 3823 non
1295 3772 1500 3834 habent,
1547 3772 1778 3823 monachi

244 3862 595 3915 Romanorum
632 3860 835 3914 habent.
864 3859 940 3914 De
981 3858 1258 3927 mancipiis
1283 3857 1640 3911 Romanorum
1669 3872 1778 3910 mo-

243 3947 536 4006 nacborum
560 3949 680 4004 vide
699 3948 887 4004 conci].
908 3948 1229 4014 Agathense,
1251 3961 1300 4000 c.
1323 3946 1420 4012 56;
1446 3960 1594 4001 conc.
1616 3945 1780 4016 Epao-

243 4055 431 4105 nense,
462 4053 580 4093 can.
613 4039 666 4093 8.

315 4166 636 4221 Manducant
691 4163 906 4217 Romani
949 4175 966 4214 :
1013 4159 1184 4216 Graeci
1231 4175 1346 4214 vero
1398 4158 1536 4211 dicta
1582 4173 1782 4226 vespere

239 4255 401 4308 missa
448 4259 668 4305 cernant.
708 4249 782 4304 De
826 4249 920 4302 tali
967 4247 1112 4300 varia
1157 4245 1533 4319 consuetudine
1571 4245 1783 4297 omnino

242 4340 465 4409 insignis
488 4346 571 4393 est
607 4337 786 4406 regula
819 4351 978 4404 quam
1011 4342 1224 4390 sanctus
1258 4333 1581 4400 Augustinus
1623 4333 1783 4385 inter-

243 4441 457 4499 rogatus
507 4428 722 4480 exhibet
766 4427 819 4478 in
859 4441 943 4492 ep.
994 4425 1115 4486 118,
1157 4437 1273 4489 cap.
1321 4421 1373 4484 5,
1424 4422 1525 4474 hoc
1563 4420 1721 4474 modo
1761 4436 1774 4472 :

251 4537 270 4569 ι
306 4518 384 4573 Ad
422 4519 536 4572 haec
564 4517 740 4584 itaque
777 4514 852 4568 ita
888 4513 1194 4582 respondeo,
1237 4518 1296 4564 ut
1340 4509 1465 4578 quid
1503 4509 1692 4561 borum
1716 4511 1785 4561 sit
1809 4530 1858 4588 ο

231 4604 566 4676 faciendum,
603 4603 649 4657 si
684 4602 874 4657 divinae
911 4599 1197 4666 Scriptura:
1233 4595 1530 4665 praescribit
1554 4595 1783 4648 auctori-

244 4705 364 4758 tas,
400 4709 508 4757 non
544 4693 615 4747 sit
656 4690 1000 4746 dubitandum
1037 4687 1166 4756 quin
1203 4685 1274 4738 ita
1298 4684 1474 4737 facere
1501 4682 1785 4737 debeamus

245 4793 306 4837 ut
330 4784 585 4850 legimus;
632 4786 691 4833 ut
712 4778 822 4845 jam
871 4792 976 4831 non
1008 4773 1270 4842 quomodo
1319 4770 1648 4829 faciendum,
1694 4768 1786 4821 sed

246 4871 512 4942 quomodo
547 4874 938 4922 sacramentum
983 4859 1376 4929 intelligendum
1413 4857 1510 4917 sit,
1555 4856 1784 4922 dispute-

248 4978 386 5017 mus.
430 4957 684 5014 Similiter
727 4955 887 5009 etiam
926 4952 970 5006 si
1010 4950 1135 5019 quid
1189 4949 1376 5002 horum
1421 4952 1529 5026 tota
1579 4958 1671 5010 per
1699 4957 1786 4996 or-

250 5051 366 5102 bem
387 5047 688 5114 frequentat
713 5038 960 5095 Ecclesia.
979 5037 1110 5090 Nam
1131 5037 1232 5088 hoc
1251 5035 1375 5102 quin
1393 5033 1462 5085 ita
1486 5029 1782 5084 faciendum

250 5137 340 5199 sit,
367 5135 636 5202 disputare
666 5128 1088 5185 insolentissimus
1115 5124 1331 5177 insania:
1351 5129 1450 5175 est.
1491 5120 1593 5173 Sed
1616 5133 1783 5187 neque

252 5225 350 5278 hoc
379 5235 550 5289 neque
576 5219 703 5273 illud
728 5218 867 5270 inest
911 5216 962 5268 in
1000 5228 1064 5267 eo
1085 5212 1222 5280 quod
1261 5219 1317 5262 tu
1353 5209 1564 5278 qumris.
1598 5207 1784 5260 Restat

254 5313 414 5381 igitur
448 5319 506 5364 ut
543 5310 607 5363 de
637 5306 726 5361 illo
761 5305 916 5359 tertio
954 5318 1144 5373 genere
1173 5303 1243 5355 sit
1279 5299 1415 5368 quod
1443 5313 1536 5366 per
1563 5298 1676 5350 loca
1699 5312 1783 5350 re-

249 5402 540 5470 gionesque
562 5396 816 5449 variatur.
851 5391 1034 5447 Faciat
1062 5405 1188 5460 ergo
1215 5389 1434 5457 quisque
1459 5385 1599 5454 quod
1632 5385 1684 5438 in
1720 5399 1780 5438 ea

255 5488 488 5545 Ecclesia
525 5485 578 5540 in
603 5497 765 5552 quam
799 5476 956 5543 venit,
987 5479 1261 5535 invenerit.
1301 5477 1414 5530 Non
1452 5475 1592 5528 enim
1630 5475 1784 5542 quid-

253 5593 410 5648 quam
451 5587 635 5630 eorum
683 5578 864 5626 contra
907 5570 1060 5625 ﬁdem
1105 5565 1162 5621 fit
1187 5605 1202 5629 ,
1245 5573 1338 5619 aut
1378 5570 1561 5618 contra
1610 5577 1784 5626 mores

253 5667 376 5721 hinc
412 5665 498 5718 vel
524 5663 643 5717 inde
669 5659 930 5714 meliores.
957 5657 1049 5712 His
1072 5655 1212 5710 enim
1246 5654 1440 5714 causis,
1479 5651 1532 5705 id
1561 5659 1662 5713 est,
1693 5659 1782 5704 aut

252 5761 467 5822 propter
510 5749 688 5811 fidem,
746 5753 835 5800 aut
875 5755 1088 5814 propter
1147 5754 1338 5804 mores,
1381 5738 1462 5793 vel
1513 5737 1779 5792 emendari

1877 3354 2165 3414 servientes
2191 3351 2363 3420 potius
2401 3363 2558 3418 quam
2607 3345 2834 3408 veritati,
2872 3352 2932 3396 ut
2959 3342 3179 3396 Romani
3207 3341 3407 3406 dicunt,

1875 3456 2096 3509 quorum
2148 3449 2364 3492 tonsura
2399 3451 2526 3490 aure
2571 3435 2637 3488 ad
2693 3446 2872 3486 aurem
2911 3437 3110 3483 tantum
3145 3428 3410 3498 continge-

1876 3531 1986 3593 bat,
2013 3544 2109 3598 pro
2129 3526 2435 3582 excellentia
2463 3525 2572 3592 ipsa
2598 3536 2868 3590 magorum
2896 3528 3131 3580 tonsura,
3171 3530 3274 3583 qua
3295 3514 3408 3568 sola

1877 3622 2022 3675 frons
2050 3618 2282 3671 anterior
2306 3615 2409 3681 tegi
2449 3612 2668 3672 solebat,
2693 3609 2949 3676 priorum.
2976 3606 3254 3658 Auctorem
3282 3616 3411 3656 vero

1877 3711 2031 3778 hujus
2074 3716 2302 3760 tonsura:
2346 3705 2396 3754 in
2427 3699 2674 3754 Hibernia
2702 3695 2986 3750 Subulcum
3017 3693 3154 3759 regis
3179 3690 3407 3760 Loigairi

1877 3797 1988 3857 filii,
2020 3794 2123 3848 illis
2147 3791 2414 3846 exstitisse
2442 3785 2656 3840 Patricii
2706 3797 2879 3836 sermo
2907 3787 3149 3842 testatur,
3191 3791 3256 3829 ex
3301 3790 3410 3844 quo

1878 3883 2227 3938 Hiberncnses
2244 3891 2377 3948 pene
2393 3888 2575 3930 omnes
2615 3873 2751 3924 hanc
2775 3879 3042 3922 tonsuram
3055 3870 3405 3931 sumpserunt.

1879 3972 1985 4028 Sed
2005 3971 2164 4032 Beda,
2180 3968 2272 4021 lib.
2289 3982 2340 4028 v,
2361 3978 2476 4031 cap.
2489 3962 2578 4024 21,
2595 3959 2754 4013 refert
2775 3955 3047 4024 epistolam
3059 3950 3306 4008 Ceolfridi
3325 3950 3412 4002 ab-

1877 4060 2016 4115 batis
2039 4058 2104 4110 ad
2131 4056 2408 4109 Na'itanum
2434 4050 2524 4119 qui
2551 4049 2626 4102 sic
2648 4047 2850 4116 judicat
2884 4045 2948 4096 de
2977 4040 3264 4110 quzestione
3292 4045 3407 4092 ton-

1879 4160 2017 4200 sura:
2044 4161 2056 4196 :
2093 4161 2111 4194 ι
2144 4142 2336 4196 Verum
2363 4138 2408 4192 si
2437 4134 2671 4206 profiteri
2699 4132 2848 4186 nobis
2878 4129 3102 4183 liberum
3129 4133 3231 4190 est,
3279 4126 3403 4193 quia

1881 4243 2109 4288 tonsura:
2128 4229 2408 4284 discrimen
2434 4240 2537 4279 non
2567 4224 2773 4284 noceat,
2797 4219 2984 4287 quibus
3008 4230 3138 4286 pura
3161 4214 3214 4268 in
3238 4211 3401 4267 Deum

1881 4318 2010 4372 fides
2042 4327 2096 4372 et
2119 4315 2351 4370 charitas
2379 4313 2430 4364 in
2477 4310 2773 4380 proximum
2805 4308 3008 4360 sincera
3050 4311 3149 4365 est,
3181 4301 3403 4354 maxime

1881 4421 2001 4459 cum
2030 4417 2298 4470 nunquam
2323 4399 2568 4454 Patribus
2613 4394 2887 4450 catholicis
2923 4392 3055 4444 sicut
3083 4389 3147 4443 de
3189 4387 3404 4446 Pascha:

1883 4495 1965 4548 vel
1991 4493 2109 4547 fidei
2141 4489 2441 4545 diversitate
2466 4483 2759 4546 conflictus,
2791 4483 2864 4534 ita
2905 4480 3064 4533 etiam
3090 4479 3154 4531 de
3179 4485 3403 4530 tonsura:

1881 4583 2174 4638 differentia
2198 4581 2397 4647 legatur
2420 4576 2593 4642 aliqua
2618 4573 2783 4626 fuisse
2810 4567 3186 4624 controversia.
3221 4584 3238 4616 ι
3264 4565 3404 4618 idem

1879 4675 1978 4727 fuit
2003 4674 2127 4726 olim
2157 4671 2221 4724 de
2266 4667 2536 4722 Pasebatis
2576 4663 2867 4732 qumstione
2899 4658 3233 4724 antiquorum
3272 4652 3406 4707 mul-

1880 4773 2054 4818 torum
2089 4761 2302 4814 Patrum
2336 4756 2612 4823 judicium,
2663 4750 2803 4818 quod
2840 4749 2968 4801 satis
3015 4757 3271 4812 superque
3315 4741 3406 4795 de-

1879 4852 2080 4906 clarant
2103 4861 2285 4901 eorum
2312 4845 2518 4904 litterae,
2544 4855 2606 4893 ac
2631 4836 2920 4907 prmsertim
2947 4832 3148 4895 frenati,
3177 4843 3294 4899 quae
3311 4843 3406 4895 ex:

1886 4947 2029 4994 stant
2068 4937 2204 5006 apud
2223 4933 2505 4988 Eusebium
2535 4929 2625 4981 lib.
2655 4943 2706 4990 v,
2747 4940 2861 4993 cap.
2895 4922 2983 4984 24,
3011 4930 3167 4988 atque
3186 4916 3404 5006 epistola

1886 5004 2176 5083 Firmiliani
2225 5024 2290 5077 ad
2327 5029 2566 5075 sanctum
2613 5015 2928 5084 Cyprianum
2981 5009 3118 5064 inter
3154 5004 3402 5076 epistolas

1885 5118 2052 5172 sancti
2085 5111 2329 5185 Cypriani
2364 5108 2521 5164 edita.
2563 5104 2670 5162 Sed
2707 5103 2918 5158 definita
2954 5107 3035 5153 est
3065 5098 3152 5152 illa
3183 5095 3402 5165 questio

1884 5207 2096 5259 decreto
2139 5197 2346 5255 concilii
2379 5194 2598 5258 Nicani,
2645 5192 2784 5261 quod
2809 5190 3053 5256 deinceps
3084 5198 3264 5240 omnes
3305 5195 3404 5238 ca-

1886 5291 2063 5346 tholici
2091 5285 2324 5342 unanimi
2353 5297 2608 5338 consensu
2643 5277 2867 5346 amplexi
2893 5283 3034 5332 sunt.
3080 5272 3209 5328 Vide
3240 5270 3406 5328 Ense-

1879 5383 2044 5443 bium,
2079 5379 2168 5432 lib.
2201 5391 2259 5431 ut
2289 5375 2352 5430 de
2374 5374 2488 5428 Vita
2509 5367 2854 5449 Constantini,
2881 5379 2997 5431 cap.
3025 5361 3120 5425 l9;
3159 5368 3404 5417 sanctum

1879 5467 2224 5524 Athanasium
2263 5463 2329 5518 de
2368 5459 2613 5532 Synodis,
2645 5465 2702 5512 et
2739 5456 2802 5510 ad
2842 5452 3116 5515 Africam;
3163 5454 3405 5503 sanctum

1881 5560 2163 5628 Epiphan.,
2177 5557 2365 5611 haeres.
2388 5566 2488 5607 ιιι
2509 5567 2523 5616 ;
2542 5556 2780 5604 sanctum
2794 5543 2842 5598 J.
2863 5543 3251 5613 Chrysostom.,
3265 5539 3404 5592 orat.
3489 5538 3494 5542 ’

1878 5651 1963 5716 52,
1993 5661 2119 5705 tom.
2150 5648 2224 5713 νς
2255 5641 2594 5705 Theodoret,
2633 5637 2721 5692 lib.
2751 5651 2788 5700 ι,
2821 5647 2935 5703 cap.
2966 5632 3016 5688 8.
