4010 6422
611 372 634 440 t
652 386 750 442 iis

1200 500 1416 556 (‘APL’T
1459 505 1517 556 Χ.

1059 609 1131 662 De
1165 614 1352 663 vexatis
1379 630 1408 665 a
1437 613 1659 665 diabolo.

677 697 739 748 Et
768 713 865 749 non
909 699 1019 749 ausi
1050 715 1222 752 sumus
1278 717 1423 753 orare
1470 717 1560 770 pro
1603 701 1711 754 illo.
1743 701 1903 757 Cone.
1949 704 2119 757 Aure-

602 781 830 861 iianense
856 801 912 848 it,
940 801 1053 838 ean.
1085 787 1146 838 15
1175 806 1186 838 :
1222 799 1238 836 ι
1274 788 1574 841 Oblationes
1609 787 1990 849 defunctorum,
2032 790 2120 856 qui

1643 397 1732 450 AD‘
1767 377 2285 451 PtENlTENTlALE
2324 395 2658 452 Tnsonont

2152 508 2190 562 A
2221 503 2428 570 pietatis
2452 515 2574 559 sunt
2595 505 2928 562 conferenda.
2954 526 2973 560 ι
2995 511 3085 563 Vir
3100 511 3167 564 cl.
3190 510 3237 564 J.
3257 510 3561 566 Sirmondus
3574 513 3738 568 anim-

2166 627 2174 634 .
2221 591 2445 644 advertit
2491 592 2808 647 oblationem
2835 609 2932 662 pro
2974 611 3039 649 eo
3068 599 3156 665 qui
3197 599 3300 651 sibi
3331 614 3422 666 per
3456 601 3737 654 amentiam

3611 403 3738 458 ii“

2221 684 2442 729 mortem
2467 679 2802 743 consciverit,
2829 679 3139 750 fieriposse,
3159 692 3212 737 et
3231 684 3505 738 conﬁrmat
3519 701 3739 754 respou-

2219 761 2365 814 sione
2381 761 2637 816 Timothei
2663 764 3000 820 Alexandrini
3027 783 3143 821 can.
3175 771 3255 823 l5.
3278 769 3409 822 Cum
3430 772 3528 824 hoc
3549 773 3599 824 in
3620 772 3738 827 loco

601 857 652 924 iii
693 873 864 940 aliquo
905 873 1121 925 crimine
1169 875 1362 928 fuerint
1400 876 1697 943 interempti
1747 876 1905 942 recipi
1927 848 2120 935 debere
2218 848 2439 913 quam“)
2464 849 2531 900 sit
2559 849 2860 943 “Peccaw
2884 851 3093 943 furiofi’
3120 869 3223 906 non
3246 856 3348 908 erit
3370 855 3592 910 alienum
3614 873 3736 925 pro-

600 976 890 1020 eeusemus,
929 962 969 1012 si
999 972 1172 1013 tamen
1209 973 1313 1015 non
1356 963 1452 1028 ipsi
1493 964 1591 1015 sibi
1634 973 1854 1016 mortem
1895 963 2119 1030 proben-

597 1059 683 1102 tur
716 1052 938 1116 propriis
991 1050 1229 1102 manibus
1284 1050 1536 1102 intulisse.
1577 1070 1595 1100 ι
1651 1049 1847 1102 Concil.
1897 1050 2116 1103 Bracha-

597 1138 748 1190 'rense
777 1154 831 1198 ll,
857 1141 972 1189 ean.
1000 1137 1062 1188 >16
1093 1155 1103 1187 :
1130 1124 1151 1184 ἀ
1187 1136 1313 1189 item
1351 1136 1544 1203 placuit
1568 1145 1622 1189 ut
1649 1137 1730 1191 his
1765 1138 1850 1204 qui
1879 1137 1976 1190 sibi
1992 1136 2116 1204 ipsis

596 1233 684 1276 aut
707 1241 798 1291 per
829 1225 1042 1286 ferrum,
1070 1233 1159 1276 aut
1193 1239 1288 1290 per
1312 1239 1588 1290 venenum,
1626 1233 1716 1276 aut
1761 1239 1853 1292 per
1879 1224 2115 1292 praecipi-

595 1300 742 1375 iium,
772 1323 859 1366 aut
885 1306 1242 1380 suspendium,
1279 1313 1357 1367 vel
1387 1315 1617 1380 quolibet
1643 1314 1797 1368 modo
1829 1315 2115 1368 violentam

592 1402 821 1456 inferunt
864 1411 1102 1463 mortem,
1157 1402 1294 1454 nulla
1324 1416 1419 1468 pro
1463 1402 1566 1455 illis
1595 1403 1646 1455 in
1684 1403 1948 1456 oblatione
1972 1419 2115 1457 com-

589 1492 898 1545 memoratio
923 1491 1034 1553 ﬁat,
1072 1497 1396 1557 neque-cuin
1439 1479 1654 1558 psalmis
1699 1491 1761 1542 ad
1794 1490 2113 1557 sepulturam

587 1594 768 1632 eorum
795 1579 1046 1632 cadavera
1074 1577 1411 1632 deducantur.
1440 1574 1583 1630 Multi
1611 1579 1750 1631 enim
1779 1578 1876 1630 sibi
1902 1578 1999 1631 hoc
2020 1592 2115 1646 per

587 1666 934 1734 ignOrantiam
957 1671 1358 1730 usurpaverunt.
1391 1683 1408 1715 ι
1439 1663 2110 1726 Concil.-Antisiodoreuse,

584 1757 703 1809 can.
734 1757 796 1808 l7
824 1774 834 1806 :
865 1774 880 1804 ι
911 1755 1216 1822 Quicunque
1233 1768 1287 1806 se
1304 1753 1513 1820 prOpria
1533 1753 1801 1806 voluntate
1846 1753 1896 1805 in
1918 1750 2106 1819 aquam

579 1841 877 1911 iactaverit,
908 1849 996 1894 aut
1035 1840 1224 1893 collum
1253 1840 1507 1907 ligat-erit,
1535 1848 1621 1892 aut
1643 1840 1706 1892 de
1754 1839 1941 1892 arbore
1975 1853 2107 1905 pra:-

581 1929 895 1998 ‘cipitavcrit,
944 1937 1032 1983 aut
1068 1927 1206 1980 ferro
1234 1928 1573 1994 percusserit,
1624 1935 1716 1979 aut
1749 1923 1981 1994 qualibet
2016 1941 2106 1979 oc-

581 2019 792 2073 i‘asione
813 2018 1119 2071 volitntarizc
1139 2030 1195 2070 se
1218 2016 1373 2069 morti
1400 2015 1691 2077 tradiderit,
1718 2015 1934 2068 istorum
1961 2013 2106 2067 obla—

577 2101 656 2158 tio
708 2120 810 2159 non
851 2105 1149 2173 recipiatur.
1189 2124 1206 2156 ι
1256 2104 1450 2157 Eadem
1513 2103 1772 2156 sententia
1817 2102 2007 2169 legitur
2050 2100 2104 2152 in

574 2191 793 2249 Judiciis
837 2193 1077 2262 Gregorii
1124 2179 1204 2255 lii,
1252 2207 1297 2244 c.
1326 2191 1424 2254 32;
1456 2192 1507 2244 in
1550 2191 1836 2259 Capitular.
1884 2190 1974 2243 lib.
2009 2203 2103 2254 vn,

576 2297 624 2334 c.
661 2281 791 2333 534.Δ
815 2281 942 2333 Vide
968 2279 1244 2348 Halitgar.,
1290 2269 1382 2341 lib,
1414 2284 1484 2340 t'v,
1518 2290 1564 2331 ‘c.
1603 2277 1670 2339 6;
1705 2277 1910 2344 Regin.,
1950 2276 2039 2330 lib.
2065 2291 2102 2330 tt

574 2371 642 2423 ’de
666 2367 1024 2422 Ecclesiasicis
1053 2365 1368 2433 Diseiplinis,
1418 2381 1465 2418 c.
1497 2364 1581 2419 92.
1613 2363 1772 2418 Paulo
1802 2372 1920 2432 post
1959 2362 2105 2416 addit

570 2447 924 2508 Theodorus:
977 2452 1125 2518 tQui
1173 2468 1227 2505 se
1264 2451 1515 2506 occiderit
1558 2452 1770 2518 propria
1816 2450 2101 2513 voluntate,

571 2542 762 2596 missas
784 2557 880 2611 pro
907 2557 970 2595 eo
995 2541 1167 2594 facere
1198 2554 1300 2592 non
1331 2539 1475 2600 licet,
1504 2538 1596 2590 sed
1624 2545 1823 2589 tantum
1855 2551 2010 2590 orare
2050 2545 2105 2590 et

568 2633 932 2702 bleemosynas
978 2631 1177 2699 largiri.
1208 2649 1230 2679 -ι
1286 2629 1452 2692 Quam
1492 2627 1808 2681 sententiam
1866 2627 2104 2694 sequitur

568 2725 820 2790 magister
865 2713 1126 2775 Robertus
1175 2719 1238 2772 de
1285 2717 1618 2772 Flamesbure
1665 2718 1715 2770 in
1786 2732 1880 2771 suo
1926 2716 2101 2770 Poeni—

574 2813 795 2867 tentiali.

565 2902 766 2956 δρία-ια
789 2905 852 2955 ex
892 2899 1235 2954 Pwnitentiali
1264 2914 1357 2950 ms.
1394 2898 1624 2965 ma‘gistri
1653 2895 1854 2948 Roberti
1876 2890 1939 2944 de
1968 2891 2099 2945 Fla-

1056 2969 1284 3020 mesbttre
1297 3005 1310 3028 ,
1359 2965 1446 3018 lib.
1489 2981 1558 3018 tv.

633 3060 710 3113 De
741 3074 799 3111 eo
839 3058 925 3126 qui
964 3057 1286 3124 semetipsum
1315 3053 1516 3116 occidit,
1548 3063 1636 3106 aut
1673 3052 1850 3121 laqueo
1893 3068 1947 3105 se
1984 3067 2098 3104 sus-

2216 946 2408 998 ponerc
2427 936 2737 988 sententiam
2763 939 2995 1006 magistri
3018 939 3340 1008 Praepositivi
3364 943 3460 995 viri
3485 959 3580 997 suo
3600 953 3733 997 tem-

2213 1035 2340 1089 pore
2386 1022 2523 1075 inter
2565 1025 2906 1080 scholasticos
2935 1031 3142 1093 summi,
3169 1033 3254 1098 qui
3286 1033 3338 1085 in
3378 1047 3470 1086 sua
3513 1034 3730 1088 Summa

2211 1121 2416 1160 omnem
2447 1108 2602 1162 solvit
2630 1109 2985 1166 difﬁcultatem
3014 1117 3326 1171 auctoritate
3349 1116 3586 1186 Gregorii
3614 1120 3657 1172 Ι.

2214 1194 2411 1248 Selecta
2438 1212 2501 1249 ea:
2526 1196 2737 1250 Summa
2767 1215 2860 1252 ms.
2881 1197 3199 1268 Prmpositivi
3228 1203 3290 1255 de
3303 1215 3504 1270 peccato
3529 1205 3731 1272 furiosi.

2287 1299 2304 1331 ι
2341 1281 2489 1336 Sicut
2517 1285 2768 1350 qumritur
2796 1285 2860 1340 de
2888 1287 3111 1351 delictis,
3148 1288 3218 1341 ita
3246 1291 3309 1344 de
3348 1291 3430 1344 his
3456 1306 3571 1358 qua:
3603 1292 3738 1346 ﬁunt

2212 1378 2386 1422 mente
2405 1370 2643 1433 alienata,
2664 1373 2744 1425 vel
2770 1388 2866 1440 per
2903 1383 3217 1430 nocturnum
3243 1379 3520 1442 somnium,
3559 1388 3733 1434 utrum
3815 1394 3820 1398 '

2201 1457 2316 1508 sint
2345 1457 2664 1524 imputanda.
2698 1459 2762 1512 Et
2791 1461 2993 1514 videtur
3015 1465 3152 1530 quod
3183 1480 3305 1529 non,
3335 1468 3457 1533 quia
3485 1457 3733 1536 Augusti-

2211 1561 2312 1599 nus
2347 1546 2473 1599 dicit
2501 1564 2516 1597 :
2545 1546 2764 1614 Aliqnos
2789 1551 2987 1602 scimus
3015 1552 3190 1606 subito
3221 1553 3489 1607 dementes
3533 1553 3732 1620 factos,

2212 1631 2372 1694 ferro,
2413 1631 2567 1696 fuste,
2611 1641 2666 1686 et
2695 1634 2952 1701 lapidibus
2979 1637 3172 1691 multos
3195 1639 3453 1713 obruisse,
3482 1643 3734 1708 quosdam

2211 1721 2467 1774 occidisse
2523 1738 2535 1773 :
2590 1731 2773 1789 captos
2817 1737 2942 1776 vero
2983 1733 3035 1776 et
3075 1725 3238 1792 iudici
3276 1726 3478 1780 oblatos
3523 1728 3736 1781 minime

2140 1790 2179 1848 Β
2209 1823 2326 1863 reos
2363 1809 2548 1872 factos,
2597 1810 2719 1876 quia
2747 1825 2850 1863 non
2879 1809 3171 1875 voluntate,
3208 1813 3298 1866 sed
3324 1815 3505 1868 nescio
3536 1829 3637 1882 qua
3681 1817 3733 1868 vi

2203 1896 2502 1964 impellente
2545 1897 2648 1950 hoc
2697 1897 2952 1950 fecerunt.
3003 1898 3132 1951 Item
3180 1900 3499 1968 Augustinus
3540 1915 3555 1953 :
3606 1902 3734 1966 Quis

2201 1993 2386 2051 peccat
2426 1985 2480 2036 in
2507 1998 2570 2036 eo
2596 1984 2735 2052 quod
2764 1993 2949 2038 cavere
2998 2001 3100 2040 non
3129 1988 3339 2054 potest?
3385 1989 3534 2055 quasi
3564 1988 3730 2054 dicat,

2204 2069 2394 2123 nullus.
2447 2069 2573 2122 ltem
2619 2088 2631 2122 :
2671 2087 2688 2120 ι
2726 2069 2780 2124 Si
2825 2073 3243 2139 concupiscentia
3285 2089 3401 2142 qua
3432 2074 3498 2128 ad
3535 2075 3633 2130 hoc
3679 2077 3733 2130 in

2205 2156 2456 2210 membris
2502 2157 2832 2220 moribundis
2879 2159 3100 2223 habitat,
3129 2160 3328 2228 absque
3367 2160 3518 2228 culpa
3555 2169 3639 2214 est
3679 2162 3732 2214 in

2203 2251 2376 2298 mente
2423 2245 2531 2298 sive
2573 2245 2627 2298 in
2674 2255 2894 2314 corpore
2939 2247 3250 2303 dormientis
3294 2255 3535 2316 :quanto
3567 2251 3734 2319 magis

2201 2333 2401 2402 absque
2426 2333 2577 2402 culpa
2607 2342 2689 2388 est
2720 2336 2773 2388 in
2802 2351 3022 2404 corpore
3045 2351 3147 2391 non
3168 2339 3566 2402 consentientis.
3596 2340 3734 2410 Ergo

2200 2422 2310 2474 sive
2337 2420 2494 2474 fuerit
2519 2430 2693 2475 mente
2720 2423 2963 2486 alienata,
3007 2425 3116 2479 sive
3158 2440 3251 2494 per
3293 2427 3584 2492 somnium,
3615 2443 3720 2482 non

2202 2507 2504 2576 imputatur.
2535 2508 2638 2562 Sed
2665 2510 2731 2564 ad
2759 2511 2858 2566 hoc
2890 2513 3237 2581 respondetur
3270 2521 3326 2568 et
3374 2515 3566 2569 dicitur
3589 2517 3731 2584 quod

2201 2596 2314 2650 haec
2355 2597 2691 2666 intelligenda
2726 2607 2884 2665 sunt,
2913 2615 3034 2655 cum
3058 2602 3177 2671 quis
3209 2603 3359 2671 culpa
3385 2619 3478 2658 sua
3519 2606 3573 2658 in
3597 2606 3734 2659 hanc

2197 2684 2564 2737 necessitatem
2591 2701 2695 2739 non
2724 2689 2886 2740 venit.
2926 2707 2944 2738 ο
2971 2688 3214 2742 Etinft'a:
3245 2708 3263 2739 ι
3286 2691 3589 2745 Communis
3619 2707 3732 2746 sen-

2199 2771 2360 2824 tentia
2382 2771 2756 2838 magistrorum
2775 2783 2857 2826 est
2875 2813 2890 2836 ,
2923 2776 3063 2841 quod
3083 2775 3169 2828 illa
3185 2777 3527 2844 imputantur,
3545 2779 3597 2831 in
3617 2778 3731 2847 qui-

2199 2858 2295 2911 bus
2319 2858 2437 2926 quis
2457 2859 2600 2911 venit
2624 2859 2772 2928 culpa
2795 2875 2908 2924 sua,
2941 2862 3114 2916 ethoc
3140 2862 3392 2931 probatur
3419 2867 3732 2920 auctoritate

2197 2947 2337 3001 beati
2375 2947 2612 3017 Gregorii
2639 2949 2726 3016 qui
2762 2948 3052 3004 illusionem
3083 2959 3392 3005 nocturnam
3419 2952 3727 3022 distinguit,

2199 3031 2336 3102 quod
2365 3036 2410 3089 si
2435 3051 2499 3090 ex
2525 3043 2726 3090 natura:
2771 3036 3128 3105 superﬂuitate
3169 3040 3248 3092 vel
3287 3040 3590 3096 infirmitate
3630 3042 3728 3097 tibi

561 3149 760 3218 pendit.
792 3115 1243 3200 Considerandum
1285 3151 1388 3206 est,
1429 3115 1558 3196 utsi
1590 3143 1711 3210 quis
1736 3115 1934 3208 parens
1970 3139 2096 3192 velit
2123 3115 2168 3176 (ἶ
2199 3123 2420 3218 "finem:
2457 3125 2686 3218 timendi!
2717 3140 2820 3180 ηοη
2847 3135 2962 3181 θδῑτ
2996 3129 3040 3181 εί
3086 3143 3148 3180 εκ
3193 3128 3366 3196 milia.
3396 3144 3424 3182 ³
3449 3145 3726 3185 Consecra-

558 3239 950 3307 eleemosynam
981 3235 1124 3296 dare,
1153 3235 1349 3289 tribuat
1368 3250 1396 3303 _:
1421 3241 1474 3286 et
1505 3231 1771 3284 orationes
1797 3230 1850 3282 in
1870 3227 2098 3296 psalmo-

563 3329 666 3382 diis
715 3326 873 3380 faciat
910 3340 923 3376 :
968 3323 1322 3378 oblationibus
1369 3330 1542 3374 tamen
1576 3328 1630 3372 et
1674 3317 1849 3371 missis
1897 3324 2095 3370 careat.

564 3425 588 3467 ι
615 3415 925 3482 Quicunque
954 3427 1010 3466 se
1031 3403 1534 3480 propriaivoluntate
1569 3416 1660 3460 aut
1687 3407 1739 3459 in
1781 3419 1915 3473 aqua
1934 3403 2100 3471 jacta-

563 3505 719 3568 ‘verit,
748 3511 840 3557 aut
872 3502 1061 3557 collum
1094 3501 1352 3570 ligaverit,
1381 3507 1472 3553 aut
1495 3498 1559 3553 de
1585 3497 1774 3551 arbore
1802 3495 2099 3565 prmcipita-

563 3588 717 3656 verit,
759 3597 850 3644 aut
886 3589 1084 3644 furiose
1132 3588 1466 3657 percusserit,
1529 3595 1618 3640 aut
1671 3585 1906 3653 qualibet
1945 3597 2098 3639 occa-

561 3683 710 3738 sione
738 3687 923 3749 sponte
965 3694 1056 3732 sua
1088 3693 1144 3732 sc
1169 3676 1325 3730 morti
1351 3673 1650 3738 tradiderit,
1679 3675 1900 3727 istorum
1920 3670 2094 3726 oblata

557 3783 668 3828 nun
691 3771 1033 3839 recipiantur.
1067 3768 1144 3820 Tu
1174 3766 1375 3828 dixisti,
1418 3764 1629 3832 Laqueo
1657 3763 1881 3815 traditor
1916 3761 2093 3830 periit,

561 3864 808 3930 laqueum
837 3858 1026 3912 talibus
1055 3850 1354 3923 dereliquit,
1397 3855 1497 3907 hoc
1523 3853 1588 3906 ad
1615 3867 1711 3907 nos
1738 3849 1954 3905 omnino
1990 3864 2095 3904 non

555 3951 787 4020 pertinet
835 3967 846 4000 :
888 3945 1159 3999 non‘enim
1203 3957 1517 3996 veneramur
1554 3942 1764 3994 nomine
1803 3947 2093 4008 martyrum

555 4042 652 4094 eos
681 4038 770 4107 qui
799 4037 898 4090 sibi
935 4034 1125 4088 collum
1155 4031 1451 4100 ligaverint.
1475 4030 1680 4082 Placuit
1708 4036 1765 4082 ut
1793 4030 1856 4081 iis
1879 4068 1892 4082 .
1932 4035 2034 4080 etc.
2070 4045 2087 4077 ι

555 4128 637 4182 Ex
668 4134 870 4181 'canone
898 4123 960 4175 l6
997 4121 1206 4174 concilii
1233 4118 1604 4172 Bracliarensis
1633 4133 1692 4171 ιι.

629 4215 686 4270 Si
712 4216 826 4285 quis
869 4211 1033 4266 subita
1074 4210 1348 4276 tentatione
1377 4215 1541 4260 mente
1574 4223 1668 4259 sua
1710 4207 1986 4271 exciderit,
2017 4206 2094 4259 vel

558 4309 647 4374 'per
667 4302 923 4358 insaniam
947 4301 1161 4367 seipsum
1193 4296 1450 4358 occiderit,
1488 4295 1697 4363 quidam
1727 4312 1818 4363 pro
1864 4311 1922 4348 eo
1963 4297 2090 4348 mis-

2201 3214 2340 3267 tione
2365 3217 2686 3269 sacramenti
2714 3225 2927 3271 arcetur
2973 3218 3242 3281 sacerdos,
3272 3218 3370 3272 etsi
3404 3233 3508 3273 non
3544 3234 3574 3272 a
3610 3235 3732 3287 per-

2197 3302 2452 3369 ceptione,
2487 3303 2586 3356 nisi
2629 3303 2718 3358 ubi
2745 3304 3032 3358 necessitas
3057 3306 3293 3374 exegerit
3317 3315 3373 3360 ut
3400 3306 3577 3361 divina
3597 3307 3728 3362 celeo

2194 3389 2413 3442 brcntur
2441 3390 2507 3443 ab
2530 3404 2612 3445 eo.

2778 3500 2998 3560 CAPUT
3039 3506 3122 3559 XI.

2303 3688 2306 3690 γ
2505 3604 2579 3664 De
2631 3614 2994 3680 qua’stionibds
3039 3615 3409 3684 cory’ugidrum.

2265 3696 2365 3760 Qui
2405 3698 2458 3749 in
2507 3700 2831 3752 matrimonio
2874 3711 3012 3764 sunt,
3045 3711 3144 3754 tres
3203 3711 3370 3755 noctes
3419 3704 3721 3757 abstineant.

2172 3782 2420 3838 ‘Sanetus
2444 3783 2788 3853 Augustinus,
2817 3787 2950 3840 libro
2975 3804 3009 3840 ιι
3040 3797 3221 3842 contra
3269 3788 3531 3844 Julianum
3578 3790 3722 3846 Pela-

2189 3871 2404 3937 gianum
2435 3885 2497 3922 ex
2526 3870 2660 3924 libro
2685 3873 2750 3924 de
2792 3871 3126 3941 Philosophia
3177 3876 3343 3929 sancti
3393 3875 3656 3932 Ambrosii
3704 3897 3717 3932 :

2199 3976 2217 4008 ι
2254 3958 2418 4011 Mater
2443 3967 2615 4011 autem
2640 3959 2885 4013 vitiorum
2912 3962 3145 4017 omnium
3177 3962 3576 4029 incontinentis,
3605 3981 3723 4035 qua

2195 4047 2355 4098 etiam
2382 4046 2523 4099 licita
2549 4055 2718 4100 vertat
2742 4048 2794 4102 in
2817 4049 3023 4102 vitium.
3054 4049 3278 4118 Ideoque
3303 4050 3583 4120 Apostolus
3614 4069 3721 4109 non

2192 4132 2362 4185 solum
2390 4149 2420 4186 a
2458 4131 2805 4188 fornicatione
2833 4149 2931 4189 nos
2974 4135 3226 4199 retrahit,
3257 4151 3438 4190 verum
3483 4139 3538 4192 in
3585 4140 3718 4209 ipsis

2191 4221 2448 4291 coniugiis
2476 4222 2686 4276 modum
2711 4223 2988 4292 quemdam
3010 4223 3181 4286 docet,
3208 4231 3262 4278 et
3305 4234 3540 4294 tempora
3588 4244 3720 4298 prte-

2191 4313 2374 4366 scribit
2397 4312 2599 4366 orandi.
2653 4311 3183 4386 lntemperans_enim
3216 4315 3267 4367 in
3305 4316 3565 4385 coniugio,
3593 4319 3718 4387 quid

559 4411 642 4447 sas
668 4391 882 4460 faciunt.
909 4385 1227 4453 Theophilus
1249 4383 1632 4476 Alexandrinus
1657 4383 1708 4434 in
1735 4383 1844 4435 suis
1873 4397 2092 4476 responf
2123 4420 2166 4476 υ
2194 4402 2332 4454 aiiud
2357 4403 2457 4454 nisi
2481 4401 2693 4469 quidam
2719 4401 2925 4456 adulter
2949 4383 3130 4457 uim,
3155 4410 3253 4462 esi,
3293 4422 3311 4454 ,
3344 4383 3718 4472 Egcgwuo'm

553 4482 800 4538 tionibus
845 4477 1113 4532 canOuicis
1156 4475 1220 4525 ad
1263 4473 1733 4541 interrogationem
1783 4489 1871 4524 xiv
1916 4491 1927 4525 :
1969 4492 1986 4524 ι
2035 4473 2090 4527 Si

556 4573 696 4642 'quis,
728 4576 848 4624 cum
876 4567 955 4621 sui
986 4580 1198 4632 compos
1227 4579 1329 4618 non
1359 4573 1518 4625 esset,
1559 4564 1657 4617 sibi
1705 4579 1917 4616 manum
1937 4574 2087 4630 attu-

552 4654 698 4722 ierit,
730 4657 811 4712 vel
854 4656 1011 4709 etiam
1044 4666 1098 4707 se
1131 4652 1559 4720 praecipitaverit,
1607 4651 1731 4705 ﬁtne
1761 4653 1977 4717 oblatio,
2023 4671 2087 4708 an

558 4750 696 4804 non?
726 4745 1024 4817 Responsio.
1059 4743 1166 4796 Hoc
1202 4743 1357 4794 debet
1382 4741 1606 4793 clericus
1644 4742 1980 4805 discernere,
2021 4758 2087 4796 an

553 4841 741 4894 ret'era
769 4838 868 4892 hoc
897 4833 1102 4895 fecerit,
1141 4847 1261 4885 cum
1302 4839 1441 4884 esset
1464 4837 1656 4882 emotae
1697 4832 1905 4885 mentis.
1937 4831 2086 4901 Sa'pc

561 4930 703 4985 cuitu
727 4928 766 4981 ii
793 4925 882 4995 qui
925 4925 989 4977 ad
1019 4939 1137 4976 cum
1166 4923 1247 4974 cui
1291 4923 1390 4976 hoc
1418 4923 1608 4976 accidit
1636 4925 1875 4985 attinent,
1910 4925 2088 4979 volen-

555 5023 639 5078 ιω
686 5019 936 5088 consequi
982 5017 1300 5070 oblationem
1354 5026 1405 5069 et
1458 5018 1748 5072 orationem
1801 5033 1897 5086 pro
1945 5021 2084 5087 ipso,

561 5113 906 5172 Mentiuntur,
947 5115 1003 5161 et
1049 5108 1228 5160 dicunt
1276 5120 1395 5159 eum
1433 5113 1531 5158 non
1582 5107 1747 5160 fuisse
1787 5109 1922 5175 apud
1971 5123 2026 5161 sc
2073 5127 2083 5159 :

560 5212 932 5267 nonnunquam
953 5203 1126 5248 autem
1145 5197 1360 5263 propter
1382 5194 1773 5248 insultationem
1792 5195 2082 5257 hominum,

561 5291 639 5343 vel
667 5290 842 5356 aliquo
886 5287 987 5338 alio
1018 5285 1169 5336 modo
1198 5298 1291 5352 per
1336 5282 1703 5351 negligentiam
1744 5286 1843 5338 hoc
1873 5283 2081 5337 fecisse.

552 5367 707 5431 'Tnnc
733 5383 906 5430 autem
959 5389 1081 5424 non-
1114 5377 1385 5438 estsuper
1424 5386 1544 5425 eum
1577 5371 1813 5426 facienda
1854 5375 2080 5433 oblatio.

555 5470 638 5519 't'“:t
664 5465 802 5517 enim
830 5461 908 5514 sui
941 5458 1221 5512 homicida.
1254 5457 1470 5526 Oportet
1497 5475 1621 5528 ergo
1651 5460 1897 5514 clericum
1931 5478 2086 5516 accu-

566 5567 673 5608 tute.
721 5553 995 5613 sciscitari,
1053 5567 1114 5603 ne
1165 5552 1214 5602 in
1259 5549 1510 5616 judicium
1566 5551 1777 5604 incidat.
1812 5572 1828 5602 ι
1881 5552 2081 5605 Concii.

571 5644 972 5703 At'ansicanum,
1025 5657 1137 5690 tam.
1181 5639 1240 5689 13
1281 5657 1290 5689 :
1334 5655 1348 5688 t
1406 5639 1709 5691 Ainetztibus
1764 5654 2085 5706 quaecunque

2195 4490 2403 4558 Egberti
2430 4489 2778 4545 Eboracensis
2800 4491 3205 4567 archiepiscopi,
3233 4506 3352 4545 can.
3384 4493 3483 4546 “0
3512 4510 3524 4544 :
3563 4510 3581 4544 ι
3617 4493 3716 4559 Qui

2191 4581 2242 4630 in
2271 4578 2605 4632 matrimonio
2633 4587 2772 4641 sunt,
2804 4579 3106 4633 abstineant
3134 4593 3191 4633 se
3221 4588 3327 4633 tres
3354 4588 3533 4634 noctes
3569 4588 3718 4634 antc-

2191 4682 2346 4734 quam
2370 4667 2776 4730 communicent,
2801 4675 2854 4719 et
2874 4681 3032 4721 unam
3057 4675 3333 4736 postquam
3361 4668 3715 4724 communica‘

2188 4755 2376 4806 verint.
2401 4754 2526 4808 inde
2548 4755 2622 4808 ait
2649 4754 2931 4823 Apostolus
2960 4772 2972 4808 :
3009 4754 3181 4808 Nolite
3204 4755 3450 4824 fraudare
3479 4756 3710 4820 invicem,

2189 4846 2286 4897 nisi
2327 4861 2390 4898 ea:
2433 4854 2709 4908 consensu,
2749 4841 2805 4898 ut
2851 4847 3034 4900 vacetis
3076 4848 3295 4901 orationi
3329 4848 3397 4899 ad
3429 4857 3642 4915 tetnpus.
3689 4865 3708 4899 ο

2187 4933 2325 4988 Beda
2356 4935 2421 4989 de
2456 4935 2723 4989 Remediis
2759 4944 3096 5003 peccatorum
3116 4976 3129 5000 ,
3157 4952 3274 5006 cap.
3305 4937 3370 4990 10
3401 4953 3414 4965 ο
3452 4953 3469 4986 ι
3516 4935 3616 5002 Qui
3659 4937 3712 4990 in

2188 5023 2523 5078 matrimonio
2548 5031 2669 5077 sunt
2697 5025 2995 5078 abstineant
3019 5037 3078 5078 se
3121 5032 3231 5079 tres
3264 5025 3710 5094 quadragesima,

2186 5119 2239 5162 et
2267 5110 2319 5163 in
2343 5111 2612 5165 Dominica
2643 5121 2816 5175 nocte,
2841 5120 2893 5166 et
2920 5113 2971 5165 in
2999 5111 3246 5173 Sabbato,
3270 5121 3322 5166 et
3349 5111 3479 5166 feria
3503 5121 3711 5180 quarta,
3755 5140 3760 5144 -

2185 5204 2237 5247 et
2265 5196 2421 5249 tertia
2444 5195 2532 5264 qui
2564 5196 2795 5262 legitime
2823 5208 2964 5261 sunt,
2992 5209 3045 5252 et
3075 5208 3183 5252 tres
3209 5206 3388 5252 noctes
3417 5197 3714 5253 abstineant

2191 5297 2248 5336 se
2275 5292 2554 5351 antequam
2579 5286 2983 5339 communicent.
3015 5305 3033 5336 ι
3062 5286 3190 5338 Vide
3215 5285 3553 5352 Reginonem,
3578 5285 3666 5339 lib.
3689 5301 3708 5343 ι

2191 5370 2256 5425 de
2284 5370 2666 5425 Eeclesiasticis
2691 5371 3007 5440 Disciplinis,
3036 5387 3151 5439 cap.
3182 5372 3312 5432 331,
3340 5388 3404 5426 ex
3446 5373 3709 5429 Pteniteti-

2192 5461 2319 5513 tiali.
2349 5459 2478 5512 Vide
2505 5474 2711 5527 quoque
2739 5463 2983 5529 antiquos
3012 5461 3406 5515 Pcenitentialcs
3431 5462 3623 5526 libros,
3649 5477 3711 5517 ac

2190 5549 2446 5618 praecipue
2474 5547 2899 5616 Andegavensem
2929 5565 2965 5601 ιι
3005 5559 3056 5602 et
3085 5566 3142 5604 ni
3165 5590 3178 5610 ,
3209 5551 3258 5603 in
3288 5549 3571 5618 appendice
3616 5549 3706 5603 lib.

2188 5639 2253 5690 de
2282 5637 2588 5690 Pccuitcutia
2620 5639 2715 5691 viri
2747 5639 3031 5693 doctissimi
3058 5637 3103 5692 J.
3140 5639 3340 5694 Morini.
3374 5637 3574 5704 Quibus
3617 5639 3708 5697 ad-
