4010 6418
245 397 382 453 1115

1339 393 1889 493 onssnvartoaes
1927 395 2011 457 ET
2051 404 2270 458 ΝΟΤᾸΞ.

3239 412 3367 464 Ηᾶϐ

239 503 455 575 jungam
482 519 598 573 quae
619 505 776 576 selegi
803 523 865 561 ex
895 509 1056 562 veteri
1080 510 1256 567 codice
1297 526 1396 564 ms.
1443 514 1540 565 viri
1581 514 1758 566 claris-
1787 521 1828 573 Α
1860 529 1950 567 ses
1991 513 2183 567 solidos
2220 513 2416 567 reddat.
2459 534 2476 565 ι
2514 503 2782 569 Theodulll
2821 517 3208 572 Aurelianensis
3234 523 3372 588 (πενίη

243 592 362 646 simi
389 591 593 646 Wionis
620 594 812 647 domini
846 593 1158 650 Herouvallii
1180 637 1194 662 ,
1219 597 1282 650 de
1309 600 1476 664 pugnis
1505 615 1601 668 pro
1641 616 1761 668 pec-

244 684 374 736 catis
412 683 774 753 injungendis,
803 695 854 740 et
883 704 946 740 ex
989 686 1338 742 Ptenitcntiali
1387 705 1484 742 ms.
1530 692 1761 758 magistri

251 768 470 822 Boberti
495 771 560 826 de
586 771 938 825 Flamesbure.

247 877 444 931 Selecta
490 893 552 932 ex
587 881 738 933 veteri
780 883 948 934 codice
980 900 1072 935 ms.
1113 885 1206 935 viri
1256 883 1522 936 clarissimi
1567 886 1760 938 ll'ionis

219 1006 230 1018 .
536 946 876 1007 llerouvallii,
911 949 972 1002 de
1007 955 1163 1018 pinnis
1204 969 1294 1018 pro
1330 955 1544 1019 peccatis
1584 954 1758 1020 injun-

310 1015 506 1080 gendis.

318 1136 336 1166 ι
371 1119 473 1184 Qui
504 1135 693 1175 uxores
721 1122 934 1185 habent,
957 1125 1256 1177 contineant
1281 1141 1338 1180 se
1363 1127 1427 1178 ab
1453 1126 1528 1179 eis
1556 1127 1622 1177 40
1649 1127 1762 1179 dies

239 1213 360 1258 ante
388 1204 610 1268 Pascha,
640 1214 693 1260 et
721 1204 904 1263 Natale
919 1211 1168 1283 pomini,
1201 1220 1252 1263 et
1295 1214 1434 1264 omni
1472 1215 1756 1275 Dominica,

237 1302 289 1344 et
308 1294 462 1344 tertia
483 1300 538 1357 et
556 1301 705 1346 sexta
732 1294 880 1348 feria.
904 1296 1283 1360 Quibominica
1312 1314 1412 1351 non
1435 1315 1490 1353 se
1509 1303 1757 1364 continet,

238 1388 436 1446 septem
465 1381 578 1434 dies
598 1384 866 1450 paeniteat.
907 1405 923 1435 ι
1077 1456 1079 1459 ι

237 1485 438 1540 Selecta
458 1504 523 1541 ea:
549 1489 892 1562 Parnitentiali
922 1509 1014 1546 ms.
1043 1496 1272 1562 magistri
1300 1493 1502 1548 Roberti
1535 1498 1596 1548 de
1633 1496 1759 1548 Fiat

650 1560 878 1611 mesbure
896 1599 912 1620 ,
935 1561 1024 1613 lib.
1050 1577 1097 1612 tv
1115 1560 1140 1623 ,ἡ
1157 1577 1271 1629 cap.
1296 1562 1344 1614 6.

307 1661 327 1692 ι
361 1643 421 1697 Si
447 1659 605 1698 causa
633 1648 975 1718 creandorum
1005 1649 1224 1703 filiorum
1247 1651 1458 1704 ducitur
1487 1669 1638 1715 uxor,
1656 1670 1756 1707 non

235 1731 456 1784 multum
473 1733 725 1799 temporis
739 1733 944 1787 videtur
962 1750 1269 1790 concessum
1293 1741 1356 1791 ad
1379 1727 1546 1806 ipsum
1571 1756 1718 1793 usum
1742 1760 1753 1792 :

1863 599 2025 651 tulare
2069 600 2162 653 M3
2202 616 2214 650 :
2263 621 2277 648 ε
2319 601 2693 654 Abstinendum
2731 612 2812 656 est
2841 604 2977 656 enim
3016 607 3065 657 in
3096 606 3176 658 his
3201 612 3372 660 sacra-
3458 612 3460 614 ⁷

1859 689 2073 741 tissimis
2101 690 2283 742 diebus
2308 707 2335 741 a
2360 691 2665 760 conjugibus
2685 732 2698 756 ,
2721 703 2772 745 et
2801 702 2940 747 caste
2977 703 3030 748 et
3077 697 3160 763 pie
3203 697 3375 751 viven-

1858 777 2004 838 dum,
2033 786 2088 828 ut
2113 780 2434 831 sanctificato
2463 783 2618 833 corde
2639 790 2689 832 et
2714 798 2933 850 corpore
2958 783 3045 836 isti
3071 787 3232 838 sancti
3266 785 3377 840 dies

1858 862 2242 930 transigantur,
2283 873 2334 914 et
2382 865 2454 916 sic
2493 867 2828 932 perveniatur
2866 871 2928 921 ad
2973 867 3107 923 diem
3135 882 3373 927 sanctum

1858 946 2071 1000 Pascha:
2101 966 2113 999 :
2155 951 2275 1014 quia
2305 965 2434 1017 pene
2462 952 2588 1003 nihil
2619 953 2753 1005 valet
2775 953 3025 1020 jejunium
3070 959 3204 1024 quod
3247 973 3375 1010 cono

1850 1037 2013 1104 jugali
2055 1052 2211 1105 opere
2241 1039 2507 1104 polluitur,
2531 1049 2584 1093 et
2623 1041 2758 1108 quod
2804 1035 3087 1106 orationes,
3113 1046 3296 1114 vigiliae
3326 1057 3378 1100 et

1857 1123 2195 1191 eleemosynte
2224 1140 2325 1177 non
2348 1129 2733 1180 commendant.
2766 1150 2782 1178 ι
2819 1127 2964 1183 Unde
2989 1133 3235 1202 magister
3271 1131 3376 1185 lio-

1857 1211 2035 1264 bertus
2061 1212 2123 1265 de
2154 1211 2487 1266 Flamcsbure
2515 1214 2641 1267 dicit
2667 1217 2717 1268 in
2755 1233 2848 1283 suo
2884 1211 3249 1282 Ptenitentiali,
3276 1237 3376 1272 non

1856 1296 2013 1350 licere
2035 1299 2085 1351 in
2108 1298 2342 1352 Adventu
2377 1309 2428 1353 et
2464 1291 2515 1353 in
2553 1294 2962 1372 Quadragesima
2988 1305 3375 1356 matrimonium

1857 1375 2194 1439 contrahere.

1857 1487 2053 1541 Selecta
2079 1507 2142 1542 e1:
2174 1491 2515 1545 Pwnitentiali
2543 1511 2636 1545 ms.
2665 1497 2894 1561 magistri
2923 1495 3120 1548 Roberti
3149 1489 3211 1551 de
3252 1495 3374 1552 Fla-

2184 1561 2439 1622 ntesbure,
2468 1561 2556 1613 lib.
2590 1577 2624 1613 ιι
2646 1601 2658 1623 ,
2689 1580 2798 1630 cap.
2831 1563 2862 1614 4
2884 1573 2931 1614 et
2960 1565 3040 1616 15.

1925 1634 2148 1712 Tempus
2177 1646 2425 1699 feriarum
2467 1656 2520 1700 et
2557 1649 2889 1702 interdictum
2935 1651 3168 1704 ecclesim
3216 1653 3379 1720 impe-

1857 1731 2004 1783 diunt
2029 1733 2451 1798 matrimonium;
2482 1727 2601 1803 quia
2628 1738 2676 1789 in
2707 1738 2966 1802 Adventu,
2997 1740 3048 1792 in
3081 1740 3378 1810 Quadragc-

236 1818 354 1884 quia
374 1818 488 1872 dies
511 1817 631 1872 festi
659 1829 714 1872 et
732 1819 845 1874 dies
872 1824 1224 1888 processionis
1248 1833 1300 1877 et
1330 1802 1437 1892 ips—3
1468 1829 1600 1880 ratio
1639 1844 1754 1894 par-
1792 1802 1831 1857 B
1859 1820 2012 1882 sima,
2040 1818 2093 1875 et
2127 1820 2404 1875 interdicto
2433 1817 2667 1877 ecclesia:
2692 1842 2794 1877 non
2820 1828 3152 1890 centrahunt,
3182 1828 3232 1880 id
3273 1839 3376 1893 est,

233 1913 314 1958 tus
335 1913 389 1957 et
415 1906 868 1974 conceptusjuxta
897 1909 1062 1977 legem
1095 1926 1303 1966 cessare
1331 1916 1651 1982 temporibus
1693 1918 1757 1971 iis

232 1992 426 2048 debere
465 1995 849 2048 demonstrant.
885 2015 902 2047 ι
939 1997 1003 2049 Et
1031 1998 1166 2053 infra
1201 2017 1212 2050 :
1247 2018 1264 2048 ι
1314 2001 1530 2056 Maritus
1562 2019 1626 2057 ne
1653 2007 1756 2058 vim

236 2077 394 2132 faciat
418 2081 588 2140 uxori,
615 2089 807 2150 putans
830 2085 970 2137 omni
1002 2094 1234 2153 tempore
1259 2075 1484 2157 conjugii
1524 2091 1758 2145 volunta-

236 2173 336 2219 tem
369 2167 546 2220 licere.
575 2167 883 2237 Quicunque
910 2173 1061 2241 uxori
1088 2173 1317 2227 debitum
1346 2177 1547 2240 reddit,
1571 2193 1758 2232 vacare

233 2267 336 2306 non
362 2256 808 2322 potestorationi,
822 2273 917 2312 nec
951 2259 1015 2312 de
1041 2262 1284 2315 carnibus
1306 2262 1436 2330 Agni
1462 2267 1753 2320 comedere.

232 2337 359 2394 Item
389 2341 432 2394 si
461 2355 627 2409 panes
656 2345 1025 2422 propositionis
1053 2348 1118 2400 ab
1151 2348 1233 2400 his
1268 2350 1354 2416 qui
1403 2366 1596 2404 uxores
1639 2367 1758 2405 suas

233 2428 530 2494 tetigerant,
556 2431 762 2484 comedi
784 2448 883 2485 non
911 2442 1170 2500 poterant,
1201 2444 1396 2502 quanto
1423 2440 1584 2507 magis
1611 2441 1758 2505 panis

230 2515 315 2570 ille
359 2517 451 2584 qui
502 2517 568 2572 de
615 2519 752 2573 casto
793 2521 1080 2585 descendit,
1108 2538 1209 2576 non
1235 2534 1405 2593 potest
1436 2526 1501 2580 ab
1548 2529 1628 2581 his
1669 2531 1755 2596 qui

229 2607 594 2678 conjugalibus
617 2611 772 2680 paulo
815 2621 936 2666 ante
983 2615 1180 2668 htesere
1209 2617 1552 2685 amplexibus,
1577 2621 1755 2672 violari

229 2703 387 2764 atque
409 2699 662 2768 contingi.
694 2699 805 2754 Non
827 2700 965 2769 quod
990 2705 1202 2770 nuptias
1219 2705 1642 2765 condemnemus.
1666 2723 1722 2760 se
1745 2711 1756 2760 Ι

227 2785 366 2852 quod
419 2800 486 2841 eo
535 2797 790 2857 tempore,
833 2804 940 2858 quo
993 2805 1179 2845 carnes
1223 2793 1354 2861 Agni
1397 2795 1757 2848 manducaturi

227 2887 428 2935 sumus,
457 2889 648 2929 vacare
696 2893 724 2929 a
767 2877 1016 2933 carnibus
1048 2879 1346 2934 debeamus.
1403 2882 1756 2950 Quadraginta

223 2961 330 3015 dies
359 2970 480 3016 ante
515 2959 738 3018 Pascha.
767 2963 994 3020 Joannes
1017 2967 1691 3039 Jejunator‘Constantinop
1711 2991 1755 3023 )-

224 3049 419 3105 litanus
453 3052 732 3123 episcopus
761 3053 812 3107 in
841 3055 1016 3110 libello
1052 3054 1407 3111 Ptenitentiali
1444 3060 1579 3128 apud
1605 3060 1751 3112 Cra:-

1856 1907 2174 1961 non-debent
2209 1911 2465 1963 contrahi.
2513 1913 2844 1980 Qumcunque
2891 1924 3061 1969 tamen
3109 1926 3380 1972 contracta

1857 1994 2067 2055 fuerint.
2103 1999 2333 2050 stabunt.
2375 2019 2391 2049 ι
2439 2000 2502 2051 Ει
2543 2018 2656 2069 cap.
2693 2004 2792 2056 l5:
2826 2022 2842 2052 ι
2872 2004 2967 2068 Qui
2997 2007 3046 2057 in
3076 2006 3377 2076 Quadrage-

1855 2081 1984 2133 sima
2012 2085 2314 2151 cognoverit
2343 2101 2558 2139 uxorem
2591 2104 2756 2150 suam,
2789 2100 2842 2142 et
2874 2091 3095 2145 noluerit
3122 2094 3381 2148 abstinere

1855 2169 1918 2222 ab
1946 2186 2025 2232 ca,
2053 2187 2211 2224 unum
2250 2188 2440 2225 annum
2469 2175 2738 2242 poeniteat,
2764 2186 2852 2229 aut
2877 2179 3100 2245 pretium
3143 2181 3382 2234 videlicet

1855 2258 2036 2325 \lgiuti
2065 2261 2294 2327 quinque
2321 2261 2603 2315 solidorum
2633 2263 2700 2316 ad
2735 2264 3010 2318 ecclesiam
3053 2268 3274 2330 tribuat,
3291 2274 3379 2320 aut

1832 2383 1834 2386 μ
1856 2348 2169 2414 pauperibus
2193 2348 2487 2401 distribuat.
2516 2349 2569 2402 Si
2597 2366 2690 2418 per
2710 2353 3014 2406 ebrietatem
3042 2364 3094 2406 et
3122 2355 3232 2408 sine
3259 2371 3378 2408 (Oll-

1855 2434 2128 2487 snetudine
2150 2436 2420 2499 acciderit,
2445 2440 2787 2506 quadraginta
2813 2441 2925 2493 dies
2944 2443 3214 2508 poeniteat.
3249 2462 3266 2493 ι

1925 2519 2054 2573 Inde
2083 2523 2153 2573 ait
2177 2521 2443 2590 Apostolus
2465 2531 2520 2575 ut
2556 2526 2750 2578 vacetis
2779 2527 3024 2580 Orationi.
3075 2519 3182 2580 lloc
3228 2524 3374 2582 Panll

1854 2609 2155 2662 testimonio
2198 2611 2345 2663 multi
2393 2610 2579 2665 Patres
2619 2613 2926 2680 probarunt,
2953 2615 3254 2683 conjugatos
3292 2625 3384 2683 per

1855 2696 2117 2763 quoddam
2148 2705 2352 2764 tempus
2389 2687 2652 2752 abstinere
2693 2701 2883 2756 debere
2921 2717 2950 2754 a
2995 2703 3380 2770 conjunctione,

1855 2796 2136 2852 antequam
2189 2773 2575 2840 communicent
2628 2791 2955 2844 orationibus
3003 2791 3288 2854 Ecclesiae,
3326 2801 3378 2844 et

1855 2876 2215 2939 Eucharistim,
2243 2885 2332 2930 aut
2359 2876 2476 2930 aliis
2505 2880 2864 2933 sacramentis.
2894 2879 3242 2933 Tertullianus
3283 2880 3374 2932 lib.

1854 2965 1916 3017 de
1948 2963 2196 3018 Oratione
2225 2979 2341 3033 cap.
2389 2965 2483 3030 14;
2527 2965 2799 3034 Origenes,
2829 2969 2880 3021 in
2928 2967 3224 3021 Matthzeum
3269 2975 3378 3020 tra-

1855 3059 2002 3103 ctatu
2029 3066 2110 3113 vi;
2159 3049 2346 3105 Petrus
2381 3042 2763 3108 Alexandrinus
2784 3056 2836 3107 in
2857 3055 3072 3123 epistola
3098 3057 3377 3120 canonica,

403 3104 410 3105 ,
467 3104 506 3121 κ,
547 3104 728 3123 ,ητα
841 3104 1011 3110 _-_-,_-
1052 3104 1073 3107 _
1101 3104 1407 3111 η--------.---
1611 3104 1721 3112 .-.η

224 3154 316 3194 eos
351 3139 718 3204 celeberrimo,
750 3156 905 3210 quem
944 3141 993 3196 J.
1029 3143 1263 3200 Morinus
1303 3147 1381 3198 vir
1423 3147 1755 3201 doctissimus

1855 3137 2138 3205 Gregorius
2181 3138 2448 3207 Nyssenus
2479 3139 2528 3192 in
2554 3142 2791 3195 oratione
2828 3141 2849 3194 l
2902 3143 2967 3195 de
2990 3142 3239 3196 Oratione
3278 3144 3381 3195 Do-

222 3226 387 3280 edidit
410 3228 460 3280 in
491 3227 776 3295 appendice
805 3227 895 3282 lib.
926 3231 986 3284 de
1012 3230 1327 3286 Pmnitentia
1358 3249 1370 3286 :
1402 3253 1417 3282 ‹
1452 3234 1580 3288 Cum
1608 3250 1753 3297 vero,

222 3315 410 3382 inquit,
433 3315 668 3370 nonnulli
700 3326 824 3372 sunt
863 3319 952 3386 qui
993 3334 1101 3387 pne
1146 3321 1467 3376 habitudinis
1507 3323 1752 3376 violentia

224 3418 279 3456 se
313 3403 457 3471 ipsos
481 3419 511 3457 a
539 3406 772 3472 peccatis
799 3419 865 3460 ne.
893 3406 944 3460 in
982 3406 1094 3476 ipsa
1129 3409 1338 3476 quidem
1387 3426 1573 3477 magna
1622 3426 1752 3478 qna-

222 3481 516 3558 dragesima
561 3493 828 3547 continere
873 3504 1114 3563 possunt,
1144 3495 1432 3562 cuiusmodi
1463 3509 1584 3553 sunt
1616 3516 1755 3568 saepe

221 3579 378 3630 etiam
416 3579 452 3631 ii
480 3580 569 3647 qui
599 3596 790 3635 uxores
824 3583 1040 3646 habent,
1061 3594 1265 3652 oportet
1314 3595 1366 3640 et
1409 3587 1548 3654 ipsos
1591 3590 1755 3656 pomi-

223 3669 405 3722 tentiis
433 3669 727 3738 completis,
757 3670 799 3722 si
841 3678 1115 3724 transeant
1157 3673 1278 3724 anni
1314 3674 1478 3734 multi,
1521 3691 1615 3727 nec
1665 3677 1754 3727 ha-

221 3756 382 3810 beant
416 3771 520 3826 qua
548 3757 752 3812 ratione
787 3759 1196 3821 communicent,
1219 3774 1281 3812 eo
1304 3763 1440 3828 quod
1469 3776 1674 3830 semper
1703 3763 1753 3815 in

219 3850 436 3910 peccata
465 3843 719 3909 incidant,
747 3846 1016 3899 continere
1038 3858 1097 3899 se
1128 3862 1156 3898 a
1191 3858 1436 3914 peccato,
1462 3849 1646 3902 saltem
1680 3859 1755 3902 to-

222 3941 328 3984 tam
360 3935 600 3986 sanctam
627 3935 1102 4002 'quadragesimam,
1131 3945 1184 3989 et
1213 3953 1330 3990 eum
1360 3940 1546 3993 timore
1577 3950 1629 3993 et
1652 3951 1754 3995 tre~

221 4027 370 4075 more
415 4022 586 4076 tribus
635 4021 906 4076 Paschalis
952 4010 1134 4077 diebus
1187 4028 1594 4082 communicare.
1648 4029 1754 4084 [loc

218 4119 399 4164 autem
426 4110 735 4164 hmsitanter
766 4111 1003 4172 dicimus,
1040 4129 1101 4168 co
1129 4115 1264 4182 quod
1296 4132 1323 4168 a
1348 4119 1614 4184 Spurcitiis
1641 4137 1756 4174 care

221 4197 431 4252 natibus
470 4199 737 4252 abstinere
785 4215 888 4275 non
927 4212 1300 4268 possunt,vnon
1341 4208 1480 4274 quod
1531 4209 1630 4262 hoc
1669 4208 1758 4262 ﬁat

217 4287 510 4341 secundum
535 4285 690 4339 aliam
717 4290 1102 4342 communionis
1137 4290 1503 4346 differentiam.
1549 4294 1604 4348 Si
1632 4307 1756 4350 vero

1851 3223 2075 3288 ininica;
2116 3224 2347 3280 Hilarius
2371 3227 2639 3290 diaconus,
2667 3229 2720 3282 in
2743 3227 3130 3282 Commentario
3157 3229 3318 3299 Epist.
3358 3230 3377 3283 l

1851 3314 1916 3366 ad
1965 3313 2238 3378 Corinth.,
2271 3330 2385 3383 cap.
2430 3331 2525 3380 vn,
2569 3317 2704 3369 inter
2749 3315 2916 3385 Opera
2973 3318 3032 3370 D.
3087 3317 3375 3380 Ambrosii;

1853 3403 1912 3453 Ι).
1937 3401 2166 3455 Joannes
2211 3402 2618 3472 Chrysostomus
2657 3405 2724 3456 in°
2760 3420 2875 3474 cap.
2925 3405 3152 3458 Matthxi
3195 3405 3381 3467 \t,l:0-

1852 3491 1959 3542 mil.
1993 3491 2087 3554 l9,
2111 3500 2162 3543 et
2190 3491 2240 3543 in
2272 3508 2384 3559 cap.
2422 3509 2481 3544 xv
2511 3493 2689 3546 homil.
2733 3493 2801 3545 42
2845 3504 2897 3547 et
2943 3495 3026 3546 57.
3064 3493 3382 3560 Theophilus

1849 3581 2234 3632 Aiexandrinus
2271 3580 2322 3631 in
2359 3580 2803 3647 Responsionibus
2848 3582 3141 3645 canonicis,
3166 3583 3378 3634 interro-

1849 3683 1954 3738 gat.
1983 3673 2016 3725 5
2045 3690 2056 3724 :
2093 3690 2110 3722 ι
2138 3671 2194 3725 Si
2221 3688 2354 3725 uxor
2381 3688 2499 3726 cum
2530 3688 2624 3727 suo
2645 3674 2836 3727 marito
2863 3683 3018 3726 noctu
3044 3674 3376 3737 cohabitarlt,

1851 3760 1930 3812 vel
1976 3760 2194 3811 maritus
2224 3774 2342 3812 cum
2381 3772 2562 3823 uxore,
2589 3759 2846 3829 simulque
2877 3761 3136 3814 coierint:
3163 3760 3379 3812 debent-

1852 3866 1916 3901 nc
1945 3850 2362 3911 communicare,
2394 3865 2460 3904 an
2504 3863 2607 3902 non
2696 3879 2754 3888 —
2807 3847 2955 3917 Resp.
3013 3849 3123 3902 Non
3171 3849 3378 3913 debent,

1849 3956 1969 3992 cum
1992 3940 2183 3992 clamet
2203 3939 2482 4007 Apostolus
2516 3957 2528 3990 :
2564 3930 2610 3991 Ν
2709 3954 2737 3991 e
2761 3937 3005 4006 fraudare
3033 3936 3377 3998 ineicent,nisi

1852 4030 1982 4097 forte
2006 4045 2068 4082 ex.
2093 4045 2338 4082 consensu
2385 4029 2450 4081 ad
2496 4037 2600 4097 tem.
2696 4069 2706 4088 ,
2748 4035 2802 4078 ut
2846 4026 3027 4078 tacetis
3076 4025 3314 4078 orationi.
3353 4045 3371 4076 ι

1853 4117 2026 4182 Qua're
2056 4117 2207 4185 paulo
2249 4125 2366 4185 pest
2413 4117 2487 4170 sic
2536 4115 2814 4184 respondet
2858 4114 3246 4183 interrogationi
3293 4113 3375 4178 15,

1853 4223 1968 4274 qlia:
1999 4207 2069 4257 ita
2100 4205 2424 4272 proponitur.
2457 4204 2711 4272 lnterrog.
2743 4203 2806 4256 l3
2835 4222 2846 4255 :
2896 4222 2912 4253 ι
2955 4204 3022 4258 lis
3068 4205 3158 4272 qui
3196 4204 3376 4256 matri-

1855 4295 2015 4346 monii
2045 4294 2295 4346 societate
2319 4293 2635 4361 jnnguntur,
2660 4291 2710 4344 in
2743 4291 3052 4358 quibusnam
3078 4292 3382 4359 septimana:

216 4377 274 4432 in
294 4391 486 4446 magna
511 4375 1028 4445 quadragesimaqui
1062 4379 1189 4432 tales
1214 4388 1337 4432 sunt
1379 4383 1436 4434 in
1480 4381 1752 4437 mollitiem
1781 4410 1828 4471 ο
1855 4384 2038 4435 diebus
2082 4395 2373 4449 proponere
2414 4387 2655 4448 oporteat
2693 4395 2720 4431 a
2765 4387 2946 4433 mutuo
2987 4382 3382 4471 congressum!»-

215 4465 522 4529 inciderint,
542 4481 710 4544 neque
737 4467 814 4521 sic
835 4470 1240 4522 communicent.
1270 4469 1324 4523 Si
1349 4472 1488 4524 enim
1510 4487 1538 4525 a
1561 4473 1756 4526 sanctis

214 4555 468 4608 Patribus
501 4555 768 4608 decretum
791 4557 862 4609 sit
890 4572 981 4611 eos
1010 4549 1097 4625 qui
1137 4559 1188 4611 in
1216 4559 1569 4613 miserandum
1612 4562 1755 4614 illum

220 4649 407 4702 animi.
437 4648 678 4708 morbum
712 4658 764 4701 et
811 4650 1258 4716 perturbationem
1307 4652 1550 4705 omnibus
1591 4652 1757 4705 domi-

219 4746 470 4798 nantem,
499 4750 658 4804 quam
699 4737 916 4789 omnino
957 4738 1319 4806 derelinquere
1359 4738 1750 4797 difﬁcillimum,

222 4827 585 4908 quadraginta
617 4833 818 4878 tantum
841 4825 1025 4879 diebus
1057 4841 1086 4877 a
1115 4828 1481 4881 communione
1505 4827 1757 4880 arcendos

215 4932 357 4979 esse,
386 4930 512 4968 num
539 4913 702 4968 multo
727 4913 894 4982 magis
913 4913 1012 4966 erit
1042 4913 1093 4966 in
1123 4914 1536 4983 Quadragesima-
1571 4915 1751 4967 obser-

216 5009 484 5067 vandum,
519 5021 638 5060 cum
677 5007 726 5059 id
768 5007 832 5058 de
877 5006 1081 5059 caeteris
1128 5014 1178 5058 et
1225 5006 1586 5058 communibus
1632 5007 1754 5058 anni

218 5097 408 5149 diebus
428 5081 770 5148 deﬁnierint?
802 5112 818 5142 ι
847 5093 985 5146 Beda
1015 5095 1080 5146 de
1108 5093 1370 5146 Remediis
1402 5099 1751 5160 peccatorum,

212 5197 336 5254 cap.
366 5175 443 5238 ες
483 5201 501 5232 ε
549 5182 811 5236 L'xoratus
854 5180 1117 5233 contineat
1161 5195 1217 5234 se
1273 5179 1611 5248 quadraginta
1645 5179 1756 5233 dies

217 5273 344 5327 anni
395 5278 524 5328 ante
581 5267 782 5321 Pascha
829 5278 880 5322 et
927 5267 1106 5319 Natale
1147 5267 1385 5330 Domini,
1417 5275 1470 5320 et
1497 5267 1636 5320 omni
1671 5267 1756 5320 die

218 5359 518 5424 Dnminico,
539 5367 646 5412 etc.
679 5378 694 5407 ι
722 5348 783 5410 Et
804 5373 920 5424 cap.
950 5357 1012 5408 l0
1051 5375 1061 5408 :
1107 5374 1121 5404 ι
1161 5356 1255 5420 Qui
1283 5356 1333 5408 in
1357 5355 1753 5424 quadragesima

219 5458 338 5504 ante
368 5448 584 5504 Pascha
617 5446 854 5512 cognovit
877 5462 1091 5499 uxorem
1120 5462 1265 5500 suam
1303 5453 1357 5498 ct
1392 5445 1556 5498 noluit
1596 5445 1758 5498 absti-

222 5552 358 5599 nere,
387 5550 561 5588 unum
592 5547 784 5584 axilium
823 5535 1090 5600 ptenitcat,
1117 5533 1197 5585 vel
1218 5548 1366 5586 somn
1397 5533 1616 5601 pretium
1641 5534 1755 5586 red-

219 5623 302 5678 dat
329 5625 398 5678 ad
437 5618 750 5681 ecclesiam,
780 5621 852 5673 vel
884 5622 1195 5686 pauperibus
1226 5620 1440 5684 dividat,
1467 5620 1544 5671 vel
1574 5620 1755 5688 \iginti

1853 4471 2118 4524 stincant?
2165 4469 2229 4521 Et
2277 4469 2587 4535 quibusdam
2617 4476 2941 4535 potestatem
2975 4468 3235 4547 habeant?
3263 4468 3383 4522 Iit-s—

1852 4577 1995 4629 pons.
2020 4559 2167 4623 Quod
2191 4565 2308 4611 ante
2331 4557 2455 4618 dixi,
2482 4572 2619 4609 nunc
2643 4571 2852 4624 quoque
2876 4557 3012 4609 dico.
3061 4557 3195 4638 Dicit
3235 4557 3373 4624 Apo—

1852 4648 2053 4702 stolus:
2093 4645 2264 4698 Nolite
2300 4644 2576 4711 fraudare,
2614 4644 2710 4696 nisi
2747 4643 2880 4710 forte
2919 4661 2981 4696 ea:
3021 4662 3266 4698 consensu
3311 4646 3378 4696 ad

1853 4749 2066 4804 tempus,
2097 4745 2148 4786 ut
2176 4734 2357 4786 vacetis
2388 4735 2628 4796 orationi,
2657 4741 2702 4784 et
2740 4733 2920 4784 iterum
2971 4734 3272 4785 revertimini
3321 4733 3376 4785 in

1855 4825 2095 4892 idipsum,
2119 4837 2180 4873 ne
2203 4837 2284 4873 ros
2313 4829 2465 4872 tentet
2492 4820 2714 4873 Satanas
2733 4829 2936 4888 propter
2960 4821 3372 4873 incontinentiam

1855 4921 2088 4964 vestram.
2110 4908 2418 4963 Necessario
2445 4915 2619 4960 autem
2637 4947 2651 4970 ,
2677 4907 2894 4961 sabbato
2916 4917 2968 4960 et
2994 4908 3077 4962 die
3107 4908 3376 4963 Dominico

1853 5000 2115 5052 abstinere
2149 5004 2374 5064 oportet,
2413 4995 2550 5062 quod
2603 4995 2835 5062 spiritale
2872 4997 3184 5050 sacriﬁcium
3216 4997 3267 5050 in
3300 4997 3377 5052 eis

1854 5089 2072 5142 Domino
2106 5085 2372 5140 oﬂ‘eratur.
2405 5103 2422 5133 ι
2454 5084 2647 5138 Eadem
2692 5081 2922 5154 reperies
2972 5082 3106 5154 apud
3141 5093 3376 5139 sanctum

1851 5176 2182 5228 Ambrosium
2210 5175 2261 5225 in
2303 5172 2553 5242 Apologia
2590 5175 2784 5237 David,
2817 5189 2930 5243 cap.
2981 5175 3074 5237 ll;
3128 5173 3376 5229 Siricium

1852 5280 1938 5334 pp.
1972 5265 2021 5317 in
2049 5264 2200 5330 epist.
2236 5263 2300 5314 ad
2332 5261 2522 5316 fratres
2547 5273 2598 5315 et
2625 5263 2958 5331 cocpiscopos
2990 5278 3083 5330 per
3110 5261 3372 5326 Africam;

1852 5360 2092 5406 sanctum
2113 5349 2487 5420 Hieronymum
2515 5351 2566 5404 in
2595 5351 2747 5419 epist.
2771 5351 2834 5403 ad
2874 5349 3264 5404 Pammachiqu
3309 5351 3372 5404 de

1853 5440 2100 5509 Apologia
2131 5455 2228 5507 pro
2255 5439 2402 5492 libris
2427 5439 2674 5492 adversus
2697 5437 3111 5502 Jovinianum,et
3135 5447 3369 5491 sanctum

1853 5529 2196 5600 Augustinum
2227 5529 2318 5584 lib.
2351 5529 2412 5581 de
2437 5527 2563 5582 Fide
2585 5537 2638 5582 et
2657 5527 2934 5597 Operibus,
2961 5544 3074 5597 cap.
3101 5528 3149 5579 6.
3177 5527 3371 5579 Eadmn

1854 5629 1933 5674 est
1963 5619 2218 5673 sententia
2251 5619 2438 5672 Verani
2470 5619 2699 5688 episcopi
2743 5618 2982 5674 Cabcllia:
3033 5619 3083 5668 in
3143 5616 3368 5684 quadam
