4010 6432
627 486 752 538 ΗΠ

1689 482 1768 533 AD
1805 474 2328 535 PCENITENTIALE
2367 476 2677 530 THEUDUK

3634 469 3768 534 1148

620 594 820 664 synodo
847 593 982 647 circa
1026 606 1147 644 ann.
1185 589 1300 645 l83.
1353 568 1565 644 Tamen
1591 589 1874 658 Gregorius
1926 588 2140 656 Magnus
2167 588 2216 642 Δ
2241 583 2516 639 formantis
2537 586 2766 639 adverte.
2805 586 2895 639 lllc
2921 592 3182 654 cperator,
3211 591 3263 637 et
3289 590 3341 635 tu
3370 583 3504 636 sacri
3533 585 3664 638 uteri
3685 600 3770 641 se-

620 679 889 734 existimat
900 677 946 731 ei
963 679 1118 732 licere
1133 683 1462 730 sacramenta
1477 676 1733 742 accipere,
1750 675 1838 742 qui
1855 677 1906 727 in
1921 675 2036 742 igne
2052 687 2145 740 po—

623 770 756 822 situs
785 767 947 821 nescit
974 767 1177 820 ardere.
1196 765 1431 833 Oportet,
1453 763 1626 831 inquit
1649 765 1701 817 in
1723 765 2060 832 responsione
2079 761 2146 815 ad

623 856 1081 924 interrogationem
1107 854 1168 906 10
1189 853 1463 922 Augustini
1479 851 1735 921 ,legitima
1759 850 1933 902 carnis
1965 849 2146 917 c0pula

623 955 680 998 ut
711 960 868 999 causa
902 944 1063 1012 prolis
1091 943 1188 1004 sit,
1212 957 1314 994 non
1352 940 1659 1006 voluptatis;
1711 947 1762 989 et
1791 937 1965 990 carnis
2003 951 2145 989 com-

626 1032 830 1094 mistio,
859 1029 1200 1103 creandorum
1228 1028 1511 1080 liberorum
1532 1026 1598 1078 sit
1621 1026 1806 1092 gratia,
1840 1039 1950 1076 non
1993 1024 2146 1076 satis-

624 1119 786 1173 factio
815 1121 1077 1173 vitiorum.
1109 1108 1165 1170 Si
1189 1119 1305 1185 quis
1332 1130 1458 1184 ergo
1482 1131 1572 1168 sua
1609 1117 1827 1183 conjuge
1857 1130 1959 1167 non
1997 1116 2143 1182 cupi-

625 1208 747 1260 dine
779 1206 1058 1273 voluptatis
1107 1213 1313 1272 captus,
1354 1201 1446 1255 sed
1490 1201 1811 1255 solummodo
1861 1202 2146 1255 liberorum

622 1293 965 1347 creandorum
993 1293 1160 1362 gratia
1190 1292 1356 1344 utitur
1375 1329 1389 1353 ,
1420 1290 1521 1342 iste
1547 1289 1782 1357 profecto
1821 1290 1931 1342 sive
1965 1291 2027 1342 de
2068 1290 2146 1341 in-

621 1397 804 1450 gressu
827 1384 1082 1444 ecclesiae,
1107 1397 1198 1435 seu
1221 1382 1285 1433 de
1308 1379 1561 1432 sumendo
1605 1380 1839 1446 corporis
1889 1378 2144 1431 Dominici

621 1472 996 1540 sanguinisque
1021 1471 1288 1539 mysterio,
1307 1483 1402 1521 suo
1422 1474 1504 1520 est
1521 1468 1890 1532 relinquendus
1911 1466 2141 1533 judicio;

623 1561 743 1626 quia
773 1576 800 1612 a
829 1561 978 1613 nobis
1005 1560 1272 1627 prohiberi
1308 1575 1411 1613 non
1441 1561 1613 1622 debet,
1639 1558 1726 1627 qui
1765 1559 1816 1611 in
1851 1558 1967 1624 igne
1999 1557 2142 1623 posi-

622 1653 708 1699 tus
744 1647 910 1716 nescit
942 1648 1144 1699 ardere.
1197 1646 1262 1698 Et
1304 1647 1440 1700 inter
1479 1646 1690 1700 Graecos
1717 1645 1900 1708 Patres
1933 1650 2146 1696 sanctus

620 1734 858 1788 Clemens
897 1721 1280 1789 Alexandrinus
1317 1736 1406 1789 lib.
1441 1753 1512 1789 vn
1552 1735 1870 1789 Stromatum
1905 1750 1916 1782 ε
1949 1743 2030 1784 Διο
2067 1735 2146 1784 καὶ

621 1822 811 1884 ἐσθίων,
835 1827 913 1876 mi
941 1825 1113 1888 πίνων,
1142 1827 1221 1877 καὶ
1246 1831 1437 1895 γαμῶν,
1464 1826 1545 1876 ἐὰν
1573 1823 1753 1893 ὁλόογος
1783 1821 1893 1894 ἔρῃ,
1925 1821 2044 1873 ἀλλά
2065 1822 2145 1872 καὶ

2245 679 2446 723 cretum
2494 672 2720 724 incestas
2757 673 2987 725 libidine.
3038 673 3130 726 Vel
3167 670 3394 741 pecudes
3429 671 3651 733 imitare,
3686 673 3769 726 vel

2245 756 2408 810 Deum
2437 772 2638 814 verere.
2679 759 2746 812 Et
2777 760 2903 828 quid
2931 761 2995 814 de
3027 761 3310 828 pecudibus
3345 757 3573 826 loquar?
3606 754 3770 812 Terra

2245 843 2355 910 ipsa
2384 858 2414 896 a
2443 847 2727 911 generandi
2753 861 2910 914 opere
2938 863 3073 914 siepe
3099 849 3379 916 requiescit
3404 865 3416 899 :
3439 852 3493 899 et
3527 848 3570 902 si
3607 847 3772 913 impa-

2245 933 2396 985 tienti
2433 934 2704 991 hominum
2743 938 2916 989 studio
2945 936 3102 1002 jactis
3138 937 3438 1006 frequenter
3484 938 3772 992 seminibus

2244 1030 2543 1089 occupatur,
2575 1024 2947 1091 impudentiam
2975 1026 3160 1078 multat
3189 1027 3445 1096 agricolae,
3466 1035 3517 1080 et
3536 1025 3772 1079 fecundi-

2245 1116 2402 1160 tatem
2431 1111 2704 1164 sterilitate
2724 1121 3036 1164 commutat.
3077 1114 3149 1166 ita
3187 1113 3394 1181 quidem
3423 1114 3476 1165 in
3510 1114 3636 1180 ipsis
3669 1113 3772 1167 ele—

2243 1199 2433 1251 mentis
2457 1214 2518 1252 ac
2541 1201 2826 1267 pecudibus
2855 1202 2920 1254 ab
2953 1217 3187 1256 usu‘non
3225 1217 3429 1256 cessare
3465 1202 3769 1269 generandi,

2245 1293 2443 1338 naturae
2467 1289 2632 1354 pudor
2663 1297 2761 1340 est.
2790 1306 2807 1339 ι
2853 1287 3077 1342 Sanctus
3111 1289 3393 1356 Gregorius
3429 1287 3645 1356 Magnus
3680 1289 3768 1340 lib.

2245 1386 2337 1434 χιι,
2368 1374 2585 1440 epistola
2615 1375 2701 1439 50,
2733 1377 2784 1428 in
2816 1391 3053 1444 respons.
3093 1379 3159 1430 ad
3192 1378 3448 1430 decimam
3483 1380 3772 1447 interroga-

2244 1458 2436 1510 tionem
2482 1460 2754 1528 Augustini
2784 1479 2796 1513 :
2826 1479 2843 1511 ‹
2868 1462 2947 1515 Ad
2986 1463 3098 1530 ejus
3141 1479 3266 1516 vero
3315 1465 3649 1517 concubitum
3693 1464 3776 1516 vir

2242 1545 2354 1611 ejus
2381 1546 2630 1599 accedere
2655 1561 2758 1599 non
2779 1547 2950 1610 debet,
2973 1563 3242 1615 quousque
3263 1549 3353 1615 qui
3375 1549 3606 1616 gignitur
3634 1549 3776 1603 abla-

2243 1641 2433 1684 ctetur.
2492 1631 2659 1687 Prava
2704 1644 2876 1687 autem
2919 1637 3240 1689 consuetudo
3287 1638 3339 1689 in
3381 1637 3775 1706 coniugatorum

2244 1719 2475 1772 moribus
2501 1722 2750 1784 surrexit,
2776 1723 3098 1776 utmulieres
3124 1723 3254 1776 ﬁlios
3281 1738 3411 1791 quos
3439 1726 3660 1793 gignunt
3683 1740 3777 1777 nu-

2246 1805 2372 1858 trire
2397 1812 2746 1866 contemnant,
2781 1821 2973 1872 eosque
2996 1807 3112 1860 aliis
3134 1809 3437 1863 mulieribus
3461 1811 3525 1863 ad
3548 1811 3778 1864 nutrien-

621 1911 837 1983 ὀνείρους
861 1911 1073 1982 βλέπων,
1104 1914 1163 1965 τὰ
1190 1911 1309 1981 ἅγια
1328 1919 1477 1973 noui,
1509 1916 1587 1964 mi
1609 1917 1717 1963 νοεῖ.
1754 1914 1909 1973 Ταύτῃ
1935 1908 2145 1980 καταρός

2245 1893 2366 1945 dum
2399 1893 2625 1950 tradant.
2662 1892 2811 1957 Quod
2840 1895 3084 1948 videlicet
3113 1911 3177 1948 ex
3221 1897 3330 1950 sola
3365 1913 3521 1950 causa
3556 1900 3779 1952 inconti-

621 1999 692 2054 εἰς
721 1999 878 2064 εὐχὴν
906 1999 1134 2050 πάντοτε.
1168 1997 1280 2050 Νοη
1315 1998 1467 2051 aliter
1494 1997 1653 2050 sentit
1681 1996 1928 2063 magister
1951 1995 2148 2048 ltober-

621 2091 705 2136 tus
724 2082 785 2136 de
800 2084 1135 2137 Flamesbure
1162 2086 1211 2136 in
1237 2101 1330 2137 suo
1361 2084 1710 2138 Pmnitcntiali
1733 2094 1946 2152 propter
1962 2093 2143 2137 aucto-

621 2177 825 2227 ritatcm
858 2174 1021 2226 sancti
1067 2171 1324 2245 Gregorii.

624 2282 819 2335 Selecta
848 2297 923 2336 ex.
937 2279 1273 2332 Pamitcntiali
1302 2298 1396 2334 ms.
1427 2282 1660 2348 magistri
1691 2279 1896 2332 Roberti
1930 2282 1992 2332 de
2016 2275 2147 2334 Fla-

1030 2349 1272 2410 mesbure,
1307 2348 1396 2401 lib.
1434 2363 1506 2411 Iv,
1542 2365 1652 2417 cap.
1681 2349 1730 2400 6.

691 2436 906 2503 Oportet
930 2433 1213 2502 legitimam
1249 2437 1425 2489 carnis
1451 2433 1710 2503 copulam,
1746 2444 1803 2488 ut
1839 2450 1995 2489 causa
2027 2451 2149 2504 pro-

623 2525 685 2578 lis
713 2525 798 2587 sit,
826 2531 951 2585 etc.,
974 2530 1032 2575 ut
1057 2539 1232 2592 supra.
1273 2523 1336 2576 Et
1370 2524 1525 2591 paulo
1557 2532 1712 2591 post:
1741 2523 1866 2576 Item
1905 2533 2028 2580 tunc
2061 2527 2150 2578 ubi

619 2615 707 2682 qui
744 2621 856 2681 post
900 2612 1315 2666 commistionem
1347 2611 1579 2678 conjugis
1625 2611 1762 2662 lotus
1800 2625 1934 2676 aqua
1973 2610 2148 2674 fuerit,

619 2705 776 2758 etiam
807 2716 969 2755 sacrae
995 2700 1375 2753 communionis
1398 2700 1700 2772 mysterium
1726 2697 1864 2752 valet
1891 2697 2150 2766 accipere,

616 2804 735 2843 cum
761 2789 808 2840 ei
829 2789 974 2856 juxta
1002 2785 1312 2854 praeﬁnitam
1351 2787 1660 2840 sententiam
1687 2787 1843 2840 etiam
1872 2785 2147 2840 ecclesiam

617 2874 822 2928 licuerit
851 2875 1068 2927 intrare.

686 2963 812 3014 Ante
845 2974 1047 3029 partum
1083 2969 1128 3012 et
1168 2971 1277 3029 post
1316 2970 1508 3029 tempus
1538 2961 1870 3030 purgationis.
1923 2961 2148 3016 Sanctus

617 3051 858 3103 Clemens
894 3047 1296 3110 Alexandrinus,
1342 3047 1434 3100 lib.
1483 3063 1518 3100 ιι
1561 3047 1884 3102 Stromatum
1918 3068 1930 3102 :
1971 3069 1987 3098 ι
2019 3049 2149 3102 Fru-

618 3138 777 3189 menti
802 3144 854 3188 et
881 3135 1083 3201 hordei,
1109 3144 1166 3189 ut
1186 3137 1435 3199 arbitror,
1466 3138 1771 3201 seminibus,
1810 3155 1925 3206 quze
1956 3153 2144 3192 conve-
2169 3170 2216 3232 ε

618 3225 878 3278 nicntibus
906 3221 1217 3290 dejiciuntur
1243 3225 1582 3293 temporibus,
1611 3227 1942 3292 praestantior
1973 3234 2054 3278 est
2084 3241 2147 3279 ac

617 3313 894 3380 pretiosior
919 3312 1094 3372 homo,
1114 3311 1208 3378 Qui
1239 3313 1546 3373 seminatur,
1583 3313 1665 3364 cui
1693 3313 1869 3364 omnia
1898 3327 1928 3364 a
1959 3321 2147 3364 natura

617 3399 992 3467 producuntur.
1033 3397 1201 3465 Atque
1228 3397 1314 3449 illa
1341 3399 1550 3466 quidem
1575 3400 1773 3452 semina
1797 3400 2043 3469 agricolae.
2065 3415 2149 3453 so—

618 3487 718 3540 brii
744 3486 1011 3553 dejiciunt.
1053 3484 1107 3538 Si
1135 3487 1272 3552 quod
1301 3486 1358 3539 ﬁt
1382 3502 1506 3555 ergo
1529 3488 1794 3540 sordidum
1823 3498 1875 3539 et
1902 3503 2146 3554 spurcum

616 3575 867 3635 studium,
899 3572 948 3626 id
973 3581 1072 3635 est,
1102 3588 1130 3625 a
1158 3575 1491 3627 matrimonio
1514 3577 1934 3644 expurgandum;
1962 3591 2026 3628 ne
2051 3591 2146 3630 no-

617 3663 697 3717 bis
724 3664 914 3730 probro
947 3662 1059 3715 dari
1096 3664 1289 3731 possit,
1325 3663 1463 3731 quod
1493 3664 1767 3717 brutorum
1806 3666 2148 3718 animantium

614 3767 926 3820 congressus
979 3754 1142 3822 magis
1181 3760 1380 3805 naturae
1415 3754 1690 3807 conveniat
1727 3769 1882 3822 quam
1921 3755 2148 3808 humana

614 3841 914 3908 conjunctio
942 3843 994 3893 in
1025 3843 1136 3910 ipso
1165 3842 1336 3895 calore
1362 3841 1599 3895 Veneris.
1622 3862 1640 3894 ι
1675 3841 1740 3894 Et
1773 3843 1864 3895 lib.
1910 3859 1967 3895 ιη
2005 3843 2150 3898 Stro-

619 3936 816 3979 matum
843 3945 854 3978 :
884 3945 902 3976 ‹
933 3927 1082 3981 Unde
1118 3926 1314 3979 nullum
1354 3942 1416 3980 ex
1458 3927 1723 3980 veteribus
1766 3925 1830 3980 ex'
1875 3927 2149 3997 Scriptura

611 4015 928 4078 ostenderis,
968 4016 1056 4084 qui
1101 4030 1218 4068 cum
1256 4025 1555 4083 praegnante
1597 4032 1705 4068 rem
1745 4018 2004 4071 habuerit.
2045 4018 2150 4072 Sed

615 4112 893 4172 postquam
929 4093 1154 4172 gestavit
1180 4111 1407 4166 uterum,
1443 4112 1495 4156 et
1533 4114 1809 4173 postquam
1844 4108 2038 4160 editum
2077 4107 2151 4161 l'e-

616 4202 729 4246 tum
757 4207 785 4243 a
811 4192 942 4244 lacte
985 4192 1209 4258 depulit,
1252 4207 1434 4246 rursus
1475 4207 1504 4244 a
1544 4193 1671 4246 viris
1714 4195 1947 4262 cognitas
1993 4194 2151 4249 fuisse

615 4295 827 4334 uxores.
876 4279 991 4332 lam
1039 4280 1177 4333 hunc
1221 4295 1436 4348 scopum
1477 4287 1531 4334 et
1573 4282 1868 4335 institutum
1919 4285 2155 4356 invenies

618 4378 914 4423 servantem
943 4368 1132 4437 Moysis
1152 4377 1511 4437 patrem,cum
1536 4371 1819 4423 triennium
1844 4381 1962 4440 post
1988 4373 2153 4426 Aaro-

618 4471 740 4509 nem
766 4457 961 4509 editum
990 4457 1380 4519 intermisisset,
1414 4459 1655 4525 genuisse
1684 4457 1926 4527 Moysem,
1962 4469 2014 4514 et
2041 4478 2152 4514 rur-
2175 4469 2218 4525 ι)

615 4562 709 4600 sus
734 4546 959 4599 Levitica
987 4547 1153 4600 tribus
1179 4560 1392 4600 servans
1421 4549 1555 4602 hanc
1584 4554 1782 4601 naturae
1801 4549 1968 4616 legem
1990 4567 2018 4603 a
2039 4552 2147 4604 Deo

617 4637 884 4698 traditam,
911 4636 1024 4690 aliis
1051 4652 1269 4690 numero
1303 4638 1475 4690 minor
1502 4638 1734 4706 ingressa
1762 4645 1844 4691 est
1871 4639 1922 4690 in
1952 4646 2148 4692 terram

616 4725 998 4793 promissionis.
1025 4745 1042 4776 ι
1083 4723 1307 4778 Sanctus
1336 4726 1640 4780 Ambrosius
1674 4727 1764 4779 lib.
1798 4743 1812 4778 ι
1849 4725 2050 4778 Comm.
2096 4728 2148 4778 in

619 4813 768 4876 Luc.,
803 4827 917 4882 cap.
944 4828 963 4865 ι
992 4827 1006 4865 :
1043 4831 1060 4862 ι
1087 4812 1152 4865 Et
1184 4813 1307 4881 quid
1333 4814 1522 4866 mirum
1552 4815 1613 4866 de
1644 4814 1959 4875 hominibus,
1990 4815 2033 4867 si
2060 4829 2150 4882 pe-

617 4902 780 4955 cudes
811 4917 1017 4969 quoque
1050 4906 1192 4954 muto
1217 4902 1443 4969 quodam
1484 4914 1639 4968 opere
1677 4901 1959 4969 loquuntur
1996 4916 2151 4971 gene-

623 4988 772 5042 randi
811 4986 910 5041 sibi
947 4988 1197 5051 studium,
1241 5003 1344 5041 non
1386 4989 1700 5042 desiderium
1735 5004 1849 5042 esse
1891 4991 2150 5044 coeundi?

620 5076 889 5144 Siquidem
909 5076 997 5128 ubi
1025 5074 1184 5128 semel
1216 5090 1426 5143 gravem
1455 5075 1627 5129 alvum
1659 5077 1756 5130 sibi
1787 5079 2060 5137 senserint,
2100 5087 2151 5130 et

620 5165 834 5236 genitali
861 5165 974 5219 alvo
1001 5180 1178 5219 semen
1207 5173 1496 5232 receptum,
1523 5163 1630 5229 jam
1656 5181 1751 5218 nec
1781 5166 2058 5218 concubitu
2079 5167 2152 5218 in-

626 5255 854 5322 dulgent,
891 5267 986 5306 nec
1013 5253 1280 5306 lasciviam
1309 5253 1551 5317 amantis,
1581 5256 1672 5306 sed
1707 5269 1887 5307 curam
1919 5257 2151 5322 parentis

619 5351 914 5394 assumunt.
949 5340 1016 5392 At
1037 5355 1161 5394 vero
1190 5341 1430 5394 homines
1463 5355 1560 5394 nec
1593 5343 1878 5440 conceptis,
1909 5359 2006 5397 nec
2044 5343 2150 5396 Deo

625 5436 870 5496 parcunt:
896 5428 1009 5481 illos
1029 5429 1399 5491 contaminant,
1425 5430 1563 5482 hunc
1581 5428 1909 5497 cxaspeFant.
1935 5449 1952 5482 ‹
1976 5431 2151 5484 Prius-

623 5531 773 5583 quam
793 5525 862 5578 te,
887 5515 1071 5583 inquit,
1096 5515 1368 5583 formarem
1386 5518 1439 5570 in
1463 5525 1625 5581 utero,
1649 5519 1762 5570 novi
1786 5529 1831 5570 te
1854 5531 1871 5569 :
1892 5527 1945 5573 et
1966 5520 2018 5573 in
2039 5520 2150 5572 vul-

626 5619 687 5656 va
713 5604 893 5658 matris
909 5605 1220 5671 sanctiﬁcavi
1239 5615 1304 5657 te.
1345 5605 1422 5658 Ad
1440 5606 1784 5659 cohibendam
1812 5607 2149 5675 petulantiam

626 5699 1004 5758 manumanus
1023 5692 1270 5761 quasdam
1294 5693 1366 5745 tui
1390 5694 1619 5749 auctoris
1639 5694 1692 5746 in
1714 5702 1863 5749 utero
1883 5697 2146 5749 hominem

2243 1981 2434 2034 nentize
2457 1981 2662 2032 videtur
2687 1982 2982 2046 inventum;
3012 1983 3135 2050 quia
3158 1983 3280 2035 dum
3316 1999 3372 2037 se
3397 1986 3666 2038 continere
3685 2001 3781 2039 no-

2243 2069 2386 2130 lunt,
2438 2070 2732 2136 despiciunt
2771 2070 2968 2124 lactare
3011 2086 3141 2138 quos
3185 2073 3420 2140 gignunt.
3465 2073 3555 2125 Ηεε
3604 2073 3781 2140 itaque

2244 2169 2360 2220 qua:
2387 2155 2522 2208 ﬁlios
2555 2170 2676 2208 suos
2708 2170 2772 2208 ex
2813 2171 2972 2229 prava
3002 2159 3379 2211 consuetudine
3423 2157 3538 2211 aliis
3583 2159 3649 2210 ad
3684 2173 3780 2211 nu-

2245 2243 2506 2296 triendum
2528 2244 2759 2308 tradunt,
2790 2246 2892 2298 nisi
2914 2246 3240 2314 purgationis
3263 2255 3466 2316 tempus
3489 2248 3775 2310 transierit,

2245 2332 2374 2385 viris
2400 2333 2508 2386 suis
2532 2347 2635 2386 non
2663 2334 2853 2387 debent
2879 2336 3176 2388 admisceri.
3207 2354 3225 2386 ›
3268 2336 3405 2404 Ergo
3427 2335 3580 2401 juxta
3611 2338 3774 2390 tradi-

2247 2419 2440 2474 tionem
2466 2419 2682 2500 Patrpm
2713 2421 3016 2474 Theodorus
3042 2424 3245 2475 censuit
3274 2423 3639 2477 abstinendum
3665 2439 3780 2479 esse

2245 2509 2311 2562 ab
2337 2509 2662 2576 amplexibus
2687 2519 2808 2563 ante
2836 2519 3042 2579 partum
3071 2520 3124 2564 et
3153 2522 3270 2581 post
3299 2521 3500 2582 tempus
3516 2516 3781 2585 purgatio-

2246 2595 2348 2647 nis.
2392 2595 2539 2649 Unde
2566 2605 2742 2663 postea
2768 2596 3052 2666 Gregorius
3080 2598 3143 2651 lll
3169 2599 3373 2652 deﬁniit
3411 2602 3461 2653 in
3492 2603 3602 2654 suis
3627 2600 3776 2654 Judi-

2247 2684 2360 2746 ciis,
2385 2698 2434 2735 c.
2464 2683 2531 2735 25
2559 2702 2569 2734 :
2600 2701 2616 2732 ι
2639 2684 2787 2748 Quod
2818 2686 2861 2738 si
2895 2687 3014 2753 quis
3038 2684 3244 2750 fecerit,
3283 2688 3627 2755 quadraginta
3670 2690 3779 2741 dies

2243 2775 2522 2841 paenitere.
2551 2793 2571 2826 ι
2622 2776 2750 2828 Vide
2795 2776 2957 2830 libros
3000 2778 3392 2831 Paenitentiales
3439 2778 3683 2843 antiquos
3726 2777 3778 2830 in

2245 2851 2673 2928 appendicelibri
2703 2862 3027 2917 Ptenltentire
3050 2855 3147 2917 viri
3171 2867 3459 2920 doctissimi
3489 2865 3536 2918 ,1.
3569 2865 3776 2930 Morini,

2247 2961 2310 3000 ac
2332 2949 2592 3016 praecipue
2623 2948 2838 3002 Librum
2872 2950 3287 3006 Paenitentialem
3321 2952 3534 3008 Joannis
3569 2953 3778 3024 Jejuna-

2247 3035 2377 3088 toris
2404 3037 2630 3105 episcopi
2655 3037 3238 3108 Constantinopolitani,
3261 3051 3312 3095 et
3337 3043 3556 3096 alterum
3582 3045 3778 3114 Egber-

2249 3122 2284 3172 ti
2316 3123 2659 3176 Eboracensis
2686 3126 3084 3194 archiepiscopi.
3123 3127 3324 3191 Quibus
3348 3130 3536 3182 addam
3556 3145 3673 3198 quae
3690 3147 3773 3185 se-

2246 3211 2345 3278 legi
2372 3225 2436 3263 ex
2463 3213 2627 3265 veteri
2656 3213 2834 3268 codice
2861 3216 2926 3267 de
2946 3217 3114 3281 pcenis
3139 3231 3234 3284 pro
3259 3219 3486 3285 peccatis
3507 3219 3778 3288 injungen-

2245 3297 2344 3360 dis,
2389 3306 2440 3350 et
2487 3313 2552 3351 ex
2601 3297 2953 3384 Paenitentiali
3003 3305 3243 3370 magistri
3290 3303 3504 3358 Roberti
3549 3305 3612 3358 de
3659 3305 3780 3358 Fia-

2246 3386 2507 3439 mesbure.

2248 3513 2444 3566 Selecta
2484 3531 2544 3566 ex
2586 3517 2735 3567 reteri
2775 3519 2946 3570 codice
2985 3535 3080 3570 ms.
3129 3520 3224 3571 viri
3266 3519 3536 3573 clarissimi
3581 3520 3779 3574 Wiom’s

2313 3582 2507 3702 223ῃὶ
2552 3583 2885 3649 Herouvalli,
2932 3586 2994 3638 de
3018 3589 3176 3654 panis
3227 3603 3318 3656 pro
3355 3591 3572 3656 peccatis
3598 3590 3774 3657 injun-

2451 3666 2512 3702 is.

2317 3665 2512 3716 genats.

2313 3779 2358 3832 Α
2384 3783 2723 3850 conceptione
2751 3783 3085 3838 manifestata
3117 3800 3282 3854 usque
3318 3794 3438 3853 post
3473 3793 3652 3840 natam
3691 3800 3779 3841 so-

2246 3866 2417 3921 bolem
2451 3869 2532 3920 vir
2560 3871 2826 3923 contineat
2853 3886 2909 3924 se
2945 3873 3010 3925 ab
3037 3869 3221 3936 u'xore,
3250 3873 3300 3925 id
3321 3881 3400 3927 est
3423 3885 3529 3927 tres
3549 3886 3776 3929 menses.

2250 3953 2391 4009 Uxor
2421 3964 2539 4024 post
2570 3965 2746 4011 natam
2787 3958 3017 4012 sobolem
3054 3959 3315 4013 abstineat
3349 3973 3406 4015 se
3435 3961 3502 4014 ab
3537 3960 3776 4026 ecclesia,

2248 4043 2293 4096 si
2319 4043 2456 4097 lilius
2483 4051 2582 4108 est,
2615 4046 2727 4099 dies
2761 4045 2844 4108 50,
2887 4048 2932 4100 si
2974 4047 3101 4111 ﬁlia,
3147 4047 3232 4100 40.
3272 4048 3402 4101 Nam
3450 4049 3502 4102 in
3547 4057 3778 4117 tempore

2248 4135 2503 4187 menstrui
2531 4135 2818 4202 sanguinis,
2842 4136 2932 4203 qui
2957 4144 3081 4190 tunc
3103 4138 3358 4206 nupserit,
3381 4137 3448 4191 50
3474 4138 3589 4191 dies
3612 4138 3774 4205 posui-

2250 4225 2375 4271 teat.

2253 4349 2451 4404 Selecta
2481 4367 2543 4404 ea:
2574 4351 2916 4423 Pcenitentiali
2939 4369 3034 4406 ms.
3064 4355 3291 4423 magistri
3321 4354 3526 4407 Roberti
3560 4356 3626 4408 de
3657 4354 3777 4408 Fla-

2597 4422 2842 4485 mesbure,
2871 4423 2959 4473 lib.
2991 4437 3060 4485 Iv,
3083 4422 3196 4491 cap.
3221 4425 3252 4476 6
3279 4433 3324 4475 et
3354 4424 3435 4476 14.

2311 4551 2412 4606 Per
2441 4555 2672 4622 singulos
2695 4569 2904 4609 menses
2932 4558 3108 4624 gravia
3133 4567 3288 4625 atque
3314 4560 3574 4626 torpentia
3601 4560 3777 4620 mulie-

2246 4658 2361 4697 rum
2385 4659 2604 4712 corpora
2629 4646 2880 4698 immundi
2904 4647 3171 4714 sanguinis
3190 4647 3440 4700 eﬂ‘usione
3460 4647 3772 4701 relevantur.

2246 4735 2358 4800 Quo
2381 4747 2614 4804 tempore
2636 4737 2678 4789 si
2699 4737 2782 4788 vir
2800 4738 2986 4790 coierit
3013 4751 3130 4790 cum
3153 4738 3391 4800 muliere,
3407 4738 3653 4790 dicuntur
3671 4752 3778 4791 cor-

2248 4825 2383 4890 rupti
2414 4839 2590 4876 secum
2620 4825 2831 4877 trahere
2857 4825 3040 4876 vitium
3065 4825 3299 4887 seminis,
3320 4826 3392 4878 ita
3421 4834 3478 4879 ut
3506 4825 3696 4893 leprosi
3726 4833 3776 4878 et

2246 4913 2557 4980 elephantici
2581 4925 2644 4966 ex
2672 4913 2770 4965 hac
2798 4913 3136 4980 conceptione
3155 4921 3466 4973 nascantur;
3492 4923 3546 4966 et
3567 4913 3701 4966 foeda
3722 4914 3771 4965 in

2247 5006 2469 5065 utroque
2501 5011 2719 5066 corpore
2755 4999 3014 5064 pravitate
3057 4999 3140 5052 vel
3174 4999 3485 5052 enormitatc
3510 5000 3769 5052 membro-

2248 5100 2362 5139 rum
2398 5088 2595 5140 sanitas
2633 5094 2877 5153 corrupta
2904 5087 3204 5155 degeneret.
3246 5085 3555 5154 Praecipitur
3574 5101 3698 5155 ergo
3723 5095 3774 5138 ut

2247 5192 2350 5229 non
2379 5176 2544 5229 solum
2572 5178 2624 5230 in
2655 5176 2838 5229 alienis
2873 5176 3197 5240 mulieribus,
3233 5177 3322 5229 sed
3344 5176 3395 5227 in
3421 5176 3530 5228 suis
3549 5189 3771 5243 quoque,

2247 5265 2434 5333 quibus
2466 5265 2705 5318 videntur
2751 5263 3016 5333 conjungi,
3061 5271 3204 5317 certa
3248 5261 3558 5327 concubitus
3605 5265 3772 5316 norint

2247 5364 2508 5422 tempora,
2535 5353 2744 5422 quando
2767 5354 3056 5407 coeundum
3082 5353 3170 5414 sit,
3197 5351 3406 5417 quando
3433 5353 3500 5404 ab
3523 5351 3770 5404 uxoribus

2247 5445 2314 5497 sit
2338 5443 2722 5496 abstinendum.
2753 5463 2770 5496 ι
2819 5443 2884 5496 Et
2907 5457 3023 5508 cap.
3058 5442 3121 5495 Η
3146 5457 3160 5494 :
3188 5460 3206 5492 ι
3235 5439 3289 5494 Si
3317 5440 3405 5507 qui
3437 5439 3622 5494 coierit
3656 5454 3768 5494 cum

2247 5532 2464 5585 muliere
2489 5533 2539 5584 in
2573 5533 2871 5602 puerperio,
2908 5531 3087 5586 decem
3115 5531 3226 5587 dies
3260 5529 3511 5598 paeniteat
3552 5531 3606 5585 in
3643 5540 3768 5599 pano

2247 5629 2296 5673 et
2325 5635 2478 5688 aqua.
2515 5638 2532 5669 ι
