4010 6430
274 473 402 528 1119

1373 457 1923 526 ousunvA'nouEs
1961 457 2044 520 ET
2085 466 2306 549 seu.

3287 466 3414 520 1150

272 587 328 642 Si
354 586 502 653 cujus
537 599 668 638 uxor
692 585 944 653 fornicata
974 583 1147 651 fuerit,
1183 584 1295 635 licet
1319 585 1567 635 dimittere
1610 596 1719 634 eam
1747 589 1792 631 et
1821 580 1868 635 Δ
1896 587 1973 630 tra
2001 579 2051 630 id
2076 578 2212 645 quod
2233 580 2480 645 scriptum
2506 588 2604 642 est,
2636 581 2687 631 in
2709 594 2811 646 quo
2837 571 2910 631 sic
2941 579 3158 631 habetur
3190 598 3200 631 :
3234 579 3418 636 Mulier

819 651 974 705 aliam
1003 653 1244 720 accipere.

335 764 560 818 Omnino
590 763 833 816 standum
860 769 939 815 est
963 761 1248 828 disciplina:
1281 777 1309 813 a
1335 760 1574 813 Patribus
1595 757 1800 812 concilii

271 850 556 904 Tridentini
581 851 915 917 praescripta),
947 863 1103 915 quam
1141 849 1335 914 optime
1357 848 1645 914 expositam
1683 857 1802 899 esse

270 939 334 990 ab
361 939 780 990 eminentissimo
817 937 1066 990 cardinali
1105 935 1422 988 Pallavicino
1456 934 1687 987 ostendit
1721 933 1801 985 vir

270 1025 591 1078 clarissimus
621 1024 848 1078 Joannes
872 1023 1138 1077 Launoius
1171 1025 1222 1076 in
1251 1024 1458 1092 egregio
1477 1022 1609 1076 libro
1630 1023 1693 1074 de
1717 1035 1800 1074 re-

268 1115 351 1183 gia
383 1115 438 1166 in
465 1114 859 1183 matrimonium
885 1120 1162 1180 potestate.
1202 1110 1369 1175 Quam
1395 1123 1552 1179 porro
1579 1108 1802 1176 discipli-

270 1217 390 1256 nam
419 1202 605 1255 Patres
632 1203 1000 1269 antiquissimi,
1020 1202 1054 1254 ii
1082 1202 1371 1269 prtesertim
1396 1200 1484 1267 qui
1513 1213 1578 1252 ne
1603 1197 1801 1250 nubere

267 1291 479 1358 quidem
502 1298 622 1359 post
642 1299 862 1362 mortem
888 1291 1278 1357 permittebant,
1305 1288 1663 1356 proculdubio
1683 1292 1801 1354 post

267 1377 549 1430 divortium
587 1378 768 1430 stricte
811 1377 1192 1431 observandam
1237 1381 1572 1436 censuerunt,
1621 1383 1678 1425 ut
1706 1374 1798 1429 iis.-

267 1467 382 1520 dem
410 1466 541 1520 locis
577 1477 758 1535 aperte
785 1467 1069 1520 declarant.
1119 1467 1479 1532 Athenagoras
1508 1465 1559 1516 in
1585 1463 1800 1531 legatio-

238 1557 334 1611 ‘ne
357 1573 452 1624 pro
487 1558 836 1611 Christianis:
872 1575 890 1608 ι
913 1557 1086 1623 Quare
1122 1557 1205 1610 vel
1239 1564 1298 1609 ut
1331 1564 1485 1608 natus
1522 1563 1601 1607 est
1642 1566 1800 1604 unus-

265 1645 486 1713 quisque
517 1655 751 1698 nostrum
783 1656 1008 1710 maneat,
1048 1646 1128 1700 vel
1154 1647 1348 1714 nuptiis
1381 1644 1654 1717 copuletur
1685 1642 1801 1695 uni-‘-

263 1734 344 1786 cis
370 1750 381 1783 :
409 1735 654 1786 secundae
693 1735 834 1786 enim
882 1734 1132 1788 decorum
1174 1734 1436 1802 quoddam
1486 1731 1798 1784 adulterium

262 1829 403 1873 sunt.
447 1821 545 1884 Qui
570 1819 708 1873 enim
740 1835 955 1873 uxorem
986 1822 1263 1884 dimiserit,
1291 1829 1344 1873 et
1381 1821 1600 1873 alteram
1633 1821 1796 1872 duxe-

1897 668 2104 736 alligata
2130 675 2210 720 est
2235 675 2432 734 quanto
2458 674 2688 734 tempore
2715 668 2796 720 vir
2821 665 2932 733 ejus
2955 667 3113 729 vivit;
3152 677 3205 721 et
3236 679 3416 723 contra

1899 755 2019 807 illud
2045 774 2057 807 :
2086 756 2250 822 Igitur
2275 756 2480 808 vivente
2507 756 2622 807 viro
2649 755 2838 807 mulier
2866 756 3138 808 vocabitur
3157 756 3418 821 adultera,

1897 843 1940 894 sl
1971 843 2128 895 fuerit
2169 858 2287 895 cum
2311 843 2413 895 alio
2434 843 2592 906 vim;
2613 857 2716 894 non
2743 843 2957 894 omnino
2985 850 3158 894 tamen
3186 843 3300 896 sine
3333 859 3419 896 ra-

1897 931 2038 984 tione
2065 949 2076 982 :
2103 933 2214 984 bmc
2240 932 2377 983 enim
2407 939 2588 984 contra
2624 931 2788 998 legem
2817 931 2966 982 initio
3009 930 3165 982 latam
3202 939 3254 984 et
3287 931 3420 983 scri-

1895 1025 2060 1084 ptam,
2093 1018 2158 1069 ad
2193 1016 2402 1069 vitanda
2451 1016 2626 1084 pejora
2658 1017 2828 1068 alieno
2863 1016 3081 1069 arbitrio
3107 1032 3303 1069 morem
3333 1032 3419 1086 ge-

1897 1112 2090 1167 rentes,
2115 1118 2209 1156 eos
2238 1105 2536 1171 permisisse
2562 1105 2845 1158 verisimile
2868 1115 2966 1157 est.
2992 1123 3007 1155 ι
3051 1105 3138 1158 Sic
3163 1105 3286 1158 olim
3307 1097 3422 1172 qui-

1897 1193 2016 1243 dam
2060 1193 2288 1260 episcopi
2332 1194 2686 1260 permiserunt
2729 1194 2796 1246 ob
2836 1193 3012 1260 pejora
3053 1195 3263 1249 vitanda
3306 1202 3426 1262 post

1898 1278 2175 1330 divortium
2200 1280 2415 1332 nubere.
2457 1280 2585 1333 V'ide
2627 1279 2815 1332 concil.
2859 1279 3256 1342 Eliberitanum,
3298 1295 3417 1334 can.

1898 1367 1960 1429 9;
1993 1368 2272 1420 concilium
2297 1368 2599 1421 Arelatense
2622 1384 2660 1429 ι,
2686 1383 2803 1421 can.
2833 1368 2914 1429 10,
2943 1376 3098 1435 prout
3136 1368 3324 1437 legitur
3368 1369 3420 1422 in

1897 1455 2201 1509 collectione
2229 1456 2590 1522 antiquissima
2612 1456 2807 1508 codicis
2829 1454 3176 1508 llerovalliani
3198 1473 3211 1518 ;
3234 1455 3418 1508 concil.

1894 1542 2131 1605 Laodic.,
2160 1559 2206 1596 c.
2253 1545 2300 1605 l,
2353 1545 2714 1608 Lactantium,
2751 1545 2840 1598 lib.
2885 1559 2935 1596 vi
2985 1544 3048 1597 de
3079 1558 3204 1597 vero
3249 1544 3420 1607 Cultu,

1895 1646 2008 1697 cap.
2032 1629 2128 1693 25;
2154 1639 2390 1683 sanctum
2419 1631 2670 1685 Hilarium
2691 1633 2993 1700 episcopum
3019 1618 3420 1695 Pictaviensem,

1895 1717 2186 1771 Comment.
2235 1719 2440 1781 Mattb.,
2488 1734 2604 1787 cap.
2650 1735 2732 1782 v1;
2783 1729 3023 1773 sanctum
3075 1718 3325 1773 Basilium
3369 1722 3421 1774 in

1896 1808 2048 1874 epist.
2087 1808 2339 1861 canonica
2365 1808 2425 1860 ad
2450 1808 2890 1876 Amphilochium,
2928 1823 3046 1862 can.
3086 1810 3148 1871 9;
3186 1818 3422 1862 sanctum

263 1909 349 1968 rit,
378 1924 409 1960 a
430 1909 724 1971 lulteratur,
757 1909 924 1976 inquit
947 1908 1196 1962 Dominus
1226 1916 1402 1962 noster
1426 1923 1439 1960 :
1460 1923 1629 1975 neque
1654 1908 1793 1959 illam

1899 1895 2263 1964 Epiphanium,
2291 1896 2476 1949 turres.
2508 1913 2594 1950 ux
2625 1914 2637 1949 :
2672 1915 2690 1947 ι
2716 1898 2820 1951 Sed
2845 1896 3026 1952 suﬂ'ert
3049 1907 3259 1967 propter
3282 1899 3425 1952 debi-

261 1993 528 2048 dimittere
569 1997 888 2059 concedens,
937 1997 1087 2063 cujus
1129 1996 1356 2050 delibata
1407 2005 1486 2049 est
1526 1996 1794 2062 pudicitia,

259 2093 434 2147 neque
458 2082 678 2134 alteram
713 2083 920 2136 ducere.
967 2082 1097 2135 Nam
1142 2084 1230 2150 qui
1276 2085 1443 2151 prima
1477 2096 1641 2135 uxore
1679 2082 1801 2135 licet

259 2169 508 2224 defuncta
539 2172 766 2238 seipsum
792 2173 982 2238 privat,
1011 2173 1214 2226 adulter
1239 2183 1338 2234 est,
1365 2188 1666 2241 quanquam
1693 2173 1801 2226 dis-

259 2256 594 2320 simulanter,
619 2267 672 2310 et
700 2273 913 2311 manum
938 2259 1028 2312 Dei
1059 2261 1475 2327 transgreditur:
1498 2262 1742 2328 quoniam
1767 2275 1795 2312 a

256 2345 519 2412 principio
541 2346 679 2399 Deus
703 2347 871 2400 virum
900 2363 1061 2401 unum
1091 2357 1142 2401 et
1167 2349 1439 2402 mulierem
1465 2366 1620 2402 unam
1645 2365 1795 2403 crea-

257 2435 352 2496 vit,
383 2444 437 2487 et
466 2450 683 2488 carnem
707 2451 736 2490 a
765 2452 942 2502 carne,
967 2444 1020 2490 et
1048 2439 1295 2492 unionem
1325 2441 1574 2493 miscendi
1606 2441 1796 2494 utrius-

254 2533 360 2590 que
393 2535 554 2576 sexus
589 2534 816 2591 separat.
849 2542 866 2575 ι
906 2525 1148 2580 Clemens
1180 2526 1582 2589 Alexandrinus,
1605 2528 1696 2581 lib.
1739 2543 1797 2580 Ill

260 2609 629 2662 Stromatum:
667 2629 684 2659 ι
714 2610 814 2674 Qui
854 2622 1016 2679 potest
1061 2631 1264 2682 capere,
1313 2617 1499 2681 capiat.
1553 2616 1800 2669 Nesciunt

255 2696 383 2762 quid
418 2695 707 2765 postquam
735 2699 798 2751 de
834 2699 1060 2752 divortio
1101 2708 1240 2754 esset
1279 2701 1505 2760 locutus,
1537 2717 1654 2754 cum
1683 2702 1798 2768 qni-

261 2785 381 2837 dam
426 2777 704 2853 rogassedt
745 2788 789 2839 si
825 2788 900 2840 sie
937 2788 1005 2840 sit
1032 2799 1189 2840 causa
1216 2789 1417 2851 uxoris,
1448 2788 1560 2841 Non
1589 2789 1797 2856 expedit

254 2873 455 2926 homini
495 2889 718 2927 uxorem
758 2877 949 2930 ducere
976 2891 988 2928 :
1020 2884 1144 2931 tunc
1181 2878 1316 2930 dixit
1355 2879 1628 2944 Dominus,
1679 2881 1796 2933 Non

255 2976 427 3014 omnes
453 2964 663 3030 capiunt
690 2965 897 3016 verbum
917 2966 1030 3028 hoc,
1053 2967 1141 3019 sed
1165 2969 1344 3034 quibus
1365 2969 1540 3021 datum
1566 2980 1657 3022 est.
1689 2970 1797 3025 Hoc

258 3058 431 3103 autem
461 3053 552 3120 qui
581 3054 858 3120 rogabant,
889 3053 1131 3107 volebant
1153 3056 1287 3108 scire
1314 3071 1379 3108 an
1402 3070 1564 3109 uxore
1586 3059 1796 3110 damna-

258 3153 307 3198 ta
335 3155 390 3198 et
417 3145 585 3212 ejecta
634 3155 848 3214 propter
885 3146 1301 3211 fornicationem,
1345 3151 1595 3202 concedat
1640 3148 1794 3201 aliam

1896 1985 2096 2036 litatem.
2127 2003 2139 2035 :
2173 1981 2296 2038 Οὐδὲ
2325 1987 2421 2038 ἀπὸ
2453 1995 2539 2045 τῆς
2561 1987 2845 2046 Ἐκκλησίας
2872 1993 2955 2043 καὶ
2981 1995 3068 2046 τῆς
3091 1997 3212 2053 ζωῆς
3239 1992 3425 2046 ἀποκη-

1894 2077 2088 2146 ρύττει,
2117 2075 2233 2128 ἀλλά
2257 2073 2584 2138 διαϐαστάζει
2609 2073 2691 2131 διὰ
2717 2078 2773 2131 τὸ
2801 2079 2985 2134 (increuit
3007 2094 3021 2142 ;
3062 2078 3421 2132 Innocentium

1892 2163 1915 2216 ι
1941 2163 1991 2216 in
2021 2164 2172 2231 epist.
2198 2163 2249 2226 9,
2281 2166 2345 2216 ad
2372 2163 2627 2229 Probum;
2667 2166 2925 2234 synodum
2969 2167 3137 2220 sancti
3187 2167 3422 2230 Patricii,

1893 2266 2013 2304 can.
2035 2251 2134 2315 26;
2165 2253 2442 2306 concilium
2467 2254 2790 2317 Veneticum,
2813 2268 2932 2308 can.
2954 2255 3010 2307 ἓ.
3040 2255 3212 2320 Quare
3239 2257 3423 2310 eodem

1894 2340 2049 2392 modo
2091 2340 2305 2408 intelligi
2349 2341 2540 2394 debent
2575 2350 2763 2396 emtera
2806 2359 2922 2411 quae
2964 2354 3252 2411 sequuntur
3290 2347 3425 2413 apud

1895 2428 2224 2479 Theodorum
2253 2428 2316 2480 de
2345 2431 2716 2494 quaestionibus
2738 2431 3117 2500 conjugiorum,
3149 2447 3265 2486 cum
3299 2450 3426 2502 pau-

1861 2568 1864 2571 .
1894 2515 1944 2568 lo
1972 2524 2087 2582 post
2111 2517 2268 2579 dicat,
2300 2517 2483 2570 melius
2510 2527 2589 2570 est
2618 2519 2695 2570 sic
2723 2518 2895 2573 facere
2922 2535 3079 2588 quam
3110 2520 3377 2574 fornicari.
3403 2539 3420 2572 ι

1966 2603 2024 2657 Si
2037 2607 2115 2657 uir
2128 2606 2374 2657 dimiserit
2391 2623 2596 2659 uxorem
2622 2623 2767 2659 suam
2787 2617 2990 2675 propter
3014 2607 3421 2674 fornicationem.

1897 2699 1960 2750 Et
1990 2698 2124 2750 infra
2148 2714 2160 2750 :
2183 2699 2402 2751 Maritus
2425 2703 2470 2752 si
2485 2701 2652 2768 ipsese
2669 2702 2833 2769 ipsum
2860 2703 2912 2753 in
2934 2701 3428 2768 furto,aut[ornico-

1896 2792 2032 2842 tione
2057 2807 2257 2843 seruum
2280 2791 2423 2857 facit,
2457 2792 2531 2844 vel
2555 2809 2854 2860 quocunque
2881 2802 3104 2860 peccato,
3160 2793 3343 2845 mulier
3382 2791 3428 2845 si

1896 2880 2037 2946 prius
2067 2895 2165 2929 non
2192 2879 2365 2931 habuit
2383 2879 2699 2947 conjugium,‘
2723 2881 2870 2931 habet
2885 2890 3179 2948 potestatem
3205 2891 3317 2949 post
3332 2895 3427 2933 an-

1897 2980 2019 3015 num
2045 2965 2257 3016 alterum
2287 2967 2512 3034 accipere
2537 2967 2720 3018 virum.
2750 2966 2970 3032 Quidam
3001 2968 3186 3022 Patres
3215 2969 3320 3023 late
3337 2985 3431 3026 vo—

1897 3050 2136 3102 cabulum
2160 3051 2512 3116 fornicationis
2532 3063 2866 3123 acceperunt,
2889 3054 2960 3108 ita
2988 3064 3044 3107 ut
3069 3057 3432 3110 existimarent

1897 3139 2204 3205 gravissima
2236 3142 2459 3193 crimina
2504 3157 2620 3195 esse
2648 3158 2863 3196 causam
2886 3145 3096 3198 divortii
3121 3145 3427 3213 legitimam.

261 3236 474 3289 ducere.
503 3255 522 3287 ι
567 3213 760 3290 Sancto
780 3237 1034 3290 Clementi
1060 3237 1411 3292 Alexandrino
1434 3238 1710 3306 adjungam
1737 3239 1794 3290 Β.
1827 3213 1871 3274 C
1901 3227 2226 3294 Quapropter
2250 3227 2309 3278 B-
2345 3228 2564 3282 Hermas
2591 3229 2642 3281 in
2665 3229 2798 3283 libro
2821 3229 3054 3284 Ρίιεῑοηδ
3085 3247 3141 3294 ην
3182 3233 3430 3286 mandato

261 3317 512 3382 llerman,
544 3321 692 3387 cujus
720 3323 853 3375 liber
879 3319 1112 3376 Pastoris
1141 3325 1206 3376 ab
1237 3325 1348 3392 ipso
1379 3331 1650 3391 tantopere
1688 3325 1798 3377 lau-

263 3410 416 3462 datus
444 3416 546 3472 est,
574 3417 632 3461 ut
668 3411 1048 3478 quodammodo
1075 3427 1226 3465 suum
1257 3411 1443 3465 fecisse
1474 3414 1658 3464 merito
1693 3401 1802 3464 dici

259 3502 446 3569 possit.
500 3501 588 3554 Sic
615 3515 750 3560 ,vero
778 3501 898 3555 huic
925 3502 1200 3569 quaestioni
1231 3521 1241 3554 :
1274 3502 1407 3566 Quid
1435 3516 1578 3570 ergo,
1607 3503 1648 3555 si
1678 3516 1798 3570 per-

265 3592 517 3648 manserit
548 3591 598 3643 in
620 3593 746 3643 vitio
771 3607 864 3644 suo
882 3593 1106 3644 mulier?
1126 3591 1378 3660 Angelum
1399 3592 1797 3657 respondentem

262 3680 475 3732 exhibet
514 3679 648 3732 libro
677 3695 736 3741 ιι,
765 3680 940 3732 mand.
970 3679 1022 3741 4,
1055 3687 1107 3731 et
1134 3680 1300 3731 dixit:
1330 3697 1347 3726 ι
1377 3680 1615 3732 Dimittat
1656 3680 1797 3732 illam

262 3768 362 3828 vir,
391 3775 444 3820 et
471 3767 551 3818 vir
575 3781 670 3835 per
695 3781 752 3820 se
779 3773 1008 3820 maneat.
1051 3766 1199 3830 Quod
1233 3766 1276 3818 si
1315 3766 1572 3819 dimiserit
1608 3767 1797 3820 mulie-

265 3869 373 3907 rem
419 3869 590 3916 suam,
630 3863 683 3908 et
712 3855 865 3908 aliam
910 3854 1136 3918 duxerit,
1185 3862 1238 3907 et
1281 3854 1399 3921 ipse
1433 3856 1742 3908 mmchatur.
1774 3869 1792 3906 ι

266 3943 636 4005 Tertullianus,
661 3944 750 3995 lib.
782 3943 846 3996 de
873 3941 1218 4010 Monogamia,
1243 3955 1357 4006 cap.
1389 3941 1420 3993 9
1451 3958 1461 3991 :
1499 3959 1516 3990 ι
1539 3941 1699 3994 Nobis
1718 3950 1797 3994 et-

266 4029 308 4080 si
339 4027 694 4095 repudiemus,
726 4041 791 4078 ne
817 4026 1014 4078 nubere
1042 4025 1251 4092 quidem
1279 4023 1473 4076 licebit.
1508 4024 1668 4076 Video
1689 4025 1799 4091 jam

269 4119 388 4170 hinc
425 4117 490 4170 ad
531 4116 835 4185 Apostolum
871 4130 968 4169 nos
1001 4116 1294 4184 provocari,
1325 4115 1389 4168 ad
1411 4114 1562 4182 cujus
1589 4130 1800 4170 sensum

268 4206 472 4260 facilius
501 4205 944 4274 perspiciendum,
981 4213 1127 4258 tanto
1154 4206 1437 4259 instantius
1472 4206 1799 4272 praeculcan-

270 4298 388 4349 dum
414 4305 495 4349 est
520 4295 792 4348 mulierem
816 4295 982 4362 magis
1002 4293 1248 4348 defuncto
1273 4295 1462 4347 merito
1479 4295 1647 4348 teneri
1675 4310 1804 4363 quo-

266 4385 442 4436 minus
468 4383 630 4436 alium
650 4383 818 4435 virum
845 4381 1104 4435 admittat.
1127 4397 1148 4433 ι
1176 4374 1323 4435 Unde
1349 4381 1409 4434 N.
1440 4382 1694 4450 Rigallius
1723 4384 1802 4436 vir

267 4475 336 4524 el.
368 4473 418 4524 in
441 4472 583 4524 hunc
611 4470 780 4525 locum
812 4470 909 4524 ista
939 4468 1335 4523 animadvertit:
1365 4488 1383 4520 ε
1406 4471 1581 4531 Nobis,
1611 4471 1800 4537 inquit,

271 4562 630 4628 paracleticisa
671 4560 798 4614 Nam
831 4561 966 4629 apud
994 4559 1269 4630 psycliieos
1296 4561 1426 4614 alias
1449 4561 1663 4629 nuptias
1687 4570 1806 4629 post

271 4654 552 4705 divortium
581 4644 742 4705 fuisse
783 4651 1065 4719 permissas
1103 4651 1272 4703 innuit
1305 4651 1564 4718 principio
1603 4651 1724 4704 libri
1763 4666 1802 4704 tt

271 4743 336 4794 ad
362 4741 613 4801 Uxorem,
660 4739 742 4792 his
782 4738 986 4792 scilicet
1012 4737 1184 4791 verbis
1215 4755 1226 4789 :
1261 4755 1279 4785 ι
1305 4736 1455 4790 Nunc
1481 4738 1547 4790 ad
1573 4739 1799 4790 secunda

272 4846 295 4878 ι
324 4829 541 4882 consilia
566 4835 954 4890 convertemur,
986 4832 1222 4892 respectu
1249 4825 1489 4878 humanae
1528 4823 1802 4878 inﬁrmita-

278 4939 294 4968 ι
325 4921 410 4982 tis,
449 4918 796 4988 quarumdam
824 4916 1078 4983 exemplis
1112 4917 1530 4978 admonentibus,
1576 4931 1691 4985 qua:
1728 4918 1806 4971 di-

275 5023 297 5058 r
327 5011 515 5072 vortio,
539 5008 620 5060 vel
645 5007 819 5060 mariti
845 5021 1091 5066 excessus
1129 5005 1302 5058 oblata
1347 5007 1679 5060 continentiae
1715 5020 1805 5061 oc-

276 5114 297 5145 ‹
322 5098 552 5158 eas-ioue,
575 5107 680 5148 non
711 5093 864 5147 modo
893 5078 1196 5158 abjeoeuunt
1223 5095 1663 5159 opportunitatem
1690 5102 1804 5146 tan-

278 5202 297 5237 't
322 5188 359 5240 ti
384 5187 529 5248 boni,
556 5186 647 5240 sed
673 5195 740 5238 ne
783 5185 836 5237 in
868 5184 1118 5236 nubendo
1146 5183 1355 5250 quidem
1385 5181 1670 5248 disciplina:
1693 5194 1805 5235 me-

276 5288 298 5322 r
322 5264 537 5328 minisac
556 5273 858 5335 vetuerunt,
885 5277 947 5324 ut
969 5270 1024 5323 in
1043 5265 1269 5322 bonum
1297 5269 1622 5337 potissimum
1644 5271 1807 5322 nube-

275 5379 298 5410 τ
327 5371 465 5416 rent.
494 5380 515 5412 ο
553 5360 624 5412 At
649 5360 903 5427 quosdam
950 5366 1186 5413 rectores
1216 5357 1462 5410 Ecclesia:
1502 5367 1688 5411 contra
1731 5358 1799 5411 le.

273 5459 389 5514 gem
430 5427 741 5517 Scriptura,
779 5446 902 5500 illud
922 5446 1231 5515 parauisse
1255 5445 1444 5499 asserit
1462 5443 1719 5514 Origenes
1747 5447 1801 5499 in

274 5536 571 5591 Coruinent.
602 5533 811 5596 ﬂatum,
840 5547 891 5601 p.
917 5531 1042 5597 58$,
1069 5531 1202 5586 edit.
1246 5529 1401 5585 ﬂuet.
1427 5545 1442 5584 :
1473 5550 1490 5581 ι
1511 5530 1625 5584 Iam
1658 5547 1798 5593 vero,

277 5625 463 5694 inquit,
496 5623 784 5691 Scriptum:
808 5620 972 5690 legem
1001 5619 1204 5674 mulieri
1235 5619 1440 5673 vivente
1467 5620 1582 5672 viro
1609 5622 1804 5676 nubere

277 5714 485 5782 quidam
514 5710 764 5765 Ecclea're
789 5716 1020 5762 rectores
1048 5707 1414 5773 permiserunt,
1445 5716 1657 5775 agentes
1678 5723 1805 5763 cou-

1895 3314 1945 3376 4,
1971 3313 2172 3380 judicat
2199 3324 2412 3384 prepter
2463 3316 2810 3386 idololatriam
2864 3333 3079 3370 uxorem
3112 3333 3226 3372 esse
3253 3321 3430 3372 dimit-

1897 3405 2139 3456 tendam:
2178 3421 2194 3452 ‹
2222 3402 2343 3456 Non
2374 3404 2564 3467 solum,
2614 3407 2805 3474 inquit,
2847 3407 3128 3461 moechatio
3188 3417 3267 3461 est
3323 3407 3430 3462 illis

1899 3493 1987 3560 qui
2025 3507 2240 3546 carnem
2267 3509 2418 3546 suam
2444 3495 2802 3562 coinquinant,
2836 3497 2927 3550 sed
2953 3505 3006 3550 et
3033 3498 3076 3550 is
3099 3500 3187 3566 qui
3215 3498 3426 3553 simula-

1896 3594 2042 3633 crum
2069 3580 2215 3643 facit,
2247 3582 2560 3636 moechatur.
2613 3583 2760 3648 Quod
2782 3585 2825 3638 si
2851 3585 2903 3637 in
2938 3586 3026 3639 his
3069 3587 3222 3641 factis
3251 3604 3430 3657 persec

1897 3675 2065 3731 verat,
2095 3678 2148 3722 et
2174 3670 2540 3736 ptenitentiam
2560 3689 2664 3725 non
2686 3675 2813 3740 agit,
2836 3675 3022 3728 recede
3047 3678 3110 3728 ab
3127 3677 3234 3737 illa,
3250 3686 3301 3730 et
3324 3679 3429 3732 noli

1891 3759 2175 3811 convivere
2203 3772 2324 3811 cum
2361 3759 2485 3823 iila;
2519 3761 2752 3828 alioquin
2775 3801 2788 3823 ,
2829 3770 2883 3814 et
2911 3770 2966 3814 tu
3008 3766 3270 3831 particeps
3317 3768 3425 3819 eris

1894 3847 2096 3913 peccati
2147 3840 2282 3915 ejus.
2318 3865 2335 3898 ι
2382 3848 2437 3900 In
2484 3849 2671 3903 eodem
2719 3865 2878 3906 sensu
2923 3862 3138 3908 sanctus
3180 3853 3421 3908 Clemens

1894 3934 2282 3990 Alexandrinus
2332 3939 2539 3991 videtur
2583 3941 2780 3995 dixisse
2810 3943 3031 3998 librom
3084 3943 3430 4008 Stromatum,

1898 4022 2298 4079 fornicationem
2349 4027 2518 4080 tribus
2546 4029 2714 4081 modis
2752 4033 2884 4083 sumi
2911 4031 3047 4100 apud
3102 4030 3427 4098 Apostolum.

1899 4112 1972 4166 De
1995 4113 2179 4166 eadem
2208 4115 2496 4182 quastione
2523 4126 2773 4184 tanquam
2801 4119 2864 4172 de
2894 4120 3120 4173 maxima
3151 4119 3426 4175 didicultao

1899 4208 1951 4254 te
1978 4199 2146 4254 fusius
2174 4203 2404 4268 disputat
2427 4204 2676 4273 Origenes
2689 4207 2740 4259 in
2765 4206 3059 4261 Comment.
3090 4207 3298 4272 Matth.,
3325 4217 3366 4264 t.
3379 4209 3424 4274 ι,

1897 4302 1952 4354 p.
1984 4287 2104 4350 565,
2137 4289 2383 4343 editionis
2409 4290 2561 4345 Huet.
2614 4293 2840 4346 Sanctus
2885 4302 3062 4349 tamen
3107 4295 3430 4362 Epiphanius

1901 4377 2107 4430 nihilde
2132 4378 2228 4430 hac
2245 4378 2464 4443 dubitat,
2487 4381 2673 4435 hat-res.
2720 4398 2826 4435 LIX.
2851 4402 2869 4432 ι
2893 4383 3221 4452 Autpropter
3246 4385 3422 4447 aliam,

1902 4463 2089 4532 inquit,
2120 4480 2354 4519 causam.
2393 4487 2410 4518 ι
2439 4469 2540 4521 Sed
2577 4479 2788 4524 sanctus
2811 4471 3160 4542 Augustinus,
3188 4473 3430 4527 erunibus

1908 4553 2184 4621 utrobique
2210 4557 2578 4619 consideratis,
2609 4557 2805 4612 fatetur
2833 4560 2868 4611 ι.
2899 4574 2913 4612 l
2954 4560 3426 4623 Retractatiouum,

1907 4657 2025 4710 cap.
2075 4643 2154 4706 19,
2207 4645 2342 4698 hanc
2392 4648 2732 4712 quaestionem
2776 4663 2892 4703 esse
2937 4650 3422 4703 latebrosissituam.

1907 4748 1929 4782 ι
1975 4733 2098 4796 Sed,
2119 4748 2278 4801 quam
2304 4733 2443 4798 velit,
2474 4735 2664 4804 inquit,
2688 4739 2939 4792 Dominus
2962 4737 3182 4807 intelligi
3205 4738 3431 4791 fornica-

1903 4820 2100 4874 tionem
2159 4828 2370 4888 propter
2435 4837 2593 4891 quam
2665 4824 2819 4878 liceat
2865 4825 3125 4878 dimittere
3168 4839 3426 4887 uxorem,

1904 4916 2081 4960 utrum
2103 4922 2220 4959 eam
2250 4922 2365 4974 qua:
2393 4908 2673 4964 damnatur
2719 4912 2771 4963 in
2817 4914 3028 4980 stupris,
3060 4929 3125 4966 an
3174 4916 3315 4970 illam
3364 4917 3429 4970 de

1905 5011 2011 5065 qua
2055 4995 2244 5050 dicitur
2274 5017 2285 5048 :
2318 4995 2597 5051 Perdidisti
2628 5014 2837 5053 omnem
2874 5003 2965 5068 qui
3012 5001 3300 5058 fornicatur
3332 5006 3429 5058 abs

1906 5095 1976 5141 te.
2016 5108 2033 5138 ι
2067 5087 2130 5139 Et
2174 5087 2329 5155 paulo
2377 5095 2532 5155 post:
2565 5107 2585 5140 ‹
2631 5089 2734 5144 Sed
2781 5100 3041 5158 quatenus
3093 5093 3426 5162 intelligenda

1905 5187 2063 5246 atque
2089 5176 2406 5231 eliminanda
2433 5177 2502 5231 sit
2530 5179 2643 5233 huic
2668 5180 2964 5245 fornicatio,
2993 5188 3047 5234 et
3072 5190 3246 5237 utrum
3267 5183 3428 5236 etiam

1901 5273 2117 5333 propter
2165 5266 2298 5318 hanc
2344 5264 2503 5320 liceat
2547 5261 2808 5322 dimittere
2833 5281 3071 5334 uxorem,
3123 5269 3425 5324 latebrosis-

1900 5353 2035 5407 sima
2063 5353 2280 5420 questio
2305 5357 2406 5408 est.
2441 5373 2463 5406 9
2501 5355 2699 5410 Tamen
2728 5355 2912 5411 Patres
2947 5357 3158 5412 concilii
3210 5358 3426 5412 Verme.

1905 5439 2115 5503 riensis,
2143 5453 2192 5493 c.
2225 5439 2279 5502 5,
2305 5441 2434 5494 dant
2462 5441 2577 5494 viro
2609 5443 2874 5496 licentiam
2896 5444 3106 5511 penitus
3133 5443 3427 5498 dimittendi

1907 5543 2121 5581 uxorein
2149 5537 2362 5598 propter
2408 5530 2684 5586 consilium
2735 5531 3026 5595 homicidii,
3067 5532 3213 5600 quod
3263 5532 3424 5587 dedit.

1914 5635 1931 5666 ‹
1969 5617 2022 5670 Si
2049 5632 2149 5685 qua
2177 5619 2362 5673 mulier
2385 5628 2611 5672 mortem
2634 5619 2828 5675 virisui
2851 5632 2972 5674 cum
2992 5620 3110 5676 aliis
3130 5618 3428 5675 hominibus

1905 5706 2219 5770 consiliarii,
2273 5714 2325 5762 et
2361 5707 2469 5774 ipse
2517 5707 2599 5762 vir
2638 5708 2800 5777 ipsius
2849 5708 3112 5762 hominem
3144 5722 3200 5762 se
3242 5705 3428 5763 defeus
