4010 6432
602 436 773 499 ΠΜ.

1650 442 1736 494 AD
1770 439 2289 494 POENITENTIALE
2326 437 2660 494 TIIEODORI

3590 430 3717 485 1153
3946 430 3947 495 ἶ

601 558 768 608 dendo
788 556 1055 620 occiderit,
1084 562 1137 608 et
1164 556 1262 608 hoc
1288 554 1517 622 probare
1536 558 1728 619 potest,
1784 551 1868 603 ille
1893 550 1970 601 vir
2016 565 2102 617 po-

2205 550 2321 620 τέρᾳ
2342 550 2543 618 γυναικὶ,
2572 547 2598 604 ἦ
2624 550 2746 617 γυνὴ
2767 544 2966 617 δευτέρᾳ
2992 541 3152 616 ἀνδρίξ
3186 545 3275 598 ὠκ
3290 544 3514 597 αἰτιᾶται
3537 540 3563 594 ὁ
3586 542 3719 601 Osis:

602 651 702 697 test
741 645 904 711 ipsam
929 656 1144 695 uxorem
1183 641 1476 711 dimittere;
1506 647 1560 692 et
1593 639 1638 692 si
1668 638 1915 698 voluerit,
1952 637 2107 688 aliam

601 731 837 797 accipiat.
1302 708 1313 729 I

664 816 766 868 Illa
795 830 927 877 vero,
957 816 1000 867 si
1042 813 1250 867 voluerit
1277 815 1534 882 paenitere,
1565 811 1723 863 alium
1769 809 1984 877 accipiat
2034 808 2109 860 ri-

597 919 726 955 rum.
751 901 1037 957 Concilium
1053 900 1404 962 Triburiense,
1429 913 1545 952 can.
1568 898 1635 960 Μ,
1663 911 1677 949 :
1714 914 1731 944 ι
1757 894 1809 948 Si
1834 895 1950 962 quis
1979 893 2106 961 legi-

597 991 775 1043 timam
802 988 1007 1041 duxerit
1051 988 1289 1049 uxorem,
1336 996 1390 1039 et
1436 985 1750 1052 impediente
1797 995 2109 1050 quacunque

595 1078 877 1131 domestica
924 1076 1225 1130 inﬁrmitate
1251 1115 1264 1140 ,
1304 1077 1548 1129 uxorium
1594 1089 1724 1143 opus
1770 1088 1872 1125 non
1930 1071 2110 1124 valens

588 1165 810 1232 .i-nplere
834 1180 951 1222 cum
976 1164 1060 1217 illa
1090 1179 1105 1216 :
1135 1162 1434 1217 fratervero
1453 1161 1853 1228 eius,suadente
1879 1159 2106 1218 diabolo,

596 1252 866 1305 adamatus
895 1252 961 1304 ab
989 1252 1119 1318 ipsa,
1147 1250 1440 1304 clanculum
1488 1264 1603 1301 eam
1630 1235 2004 1306 humiliaverit,
2056 1254 2110 1298 et

595 1338 839 1392 violatam
892 1338 1174 1390 reddiderit
1216 1336 1554 1390 :omnimodo
1600 1342 1929 1402 separentur,
1976 1341 2030 1384 et
2078 1348 2108 1386 a

590 1433 780 1479 neutro
816 1424 1035 1477 ulterius
1078 1424 1258 1477 eadem
1306 1423 1496 1476 mulier
1545 1423 1894 1488 contingatur.
1948 1419 2110 1487 Igitur

589 1511 905 1581 coniugium,
927 1512 1063 1581 quod
1076 1512 1507 1580 eratlegitimum,
1528 1510 1753 1562 fraterna
1771 1506 2112 1563 commacula-

589 1602 731 1653 tionc
756 1608 835 1652 est
880 1599 1129 1666 pollutum
1169 1616 1181 1650 :
1230 1598 1445 1666 etquod
1476 1608 1591 1650 erat
1616 1598 1835 1658 licitum,
1875 1595 2108 1647 illicitum

588 1697 673 1741 est
703 1687 895 1740 factum
922 1703 934 1739 :
958 1695 1011 1739 et
1034 1694 1092 1738 ut
1112 1685 1464 1754 Hieronymus
1480 1686 1552 1738 ait
1582 1703 1593 1737 :
1632 1703 1648 1734 ι
1684 1684 1867 1736 Mulier
1886 1682 2109 1743 duorum

600 1797 617 1828 ι
641 1778 858 1830 fratrum
890 1792 989 1829 non
1018 1777 1264 1830 ascendat
1309 1786 1479 1829 torum
1509 1795 1521 1827 :
1573 1778 1617 1828 si
1644 1782 1815 1828 autem
1852 1774 2104 1836 ascendit,

2205 637 2363 703 ).6-,o;.
2397 635 2620 686 Sanctus
2662 632 3009 700 Hieronymus
3048 630 3101 682 in
3144 626 3421 696 Epitapb'o
3450 625 3706 687 Fabiola:

2212 743 2230 772 ι
2263 722 2522 790 Quidquid
2549 720 2674 772 viris
2694 719 2925 785 iubetur,
2943 720 3040 771 hoc
3065 722 3447 784 consequenter
3466 713 3722 767 redundat

2207 810 2261 862 in
2297 810 2537 862 feminas.
2567 807 2742 874 Neque
2773 809 2912 859 enim
2951 805 3185 858 adultera
3228 818 3362 857 uxor
3408 802 3718 855 dimittenda

2206 906 2304 959 est,
2356 906 2410 950 et
2436 897 2519 948 vir
2563 896 2800 948 moechus
2847 894 3121 946 tenendus.
3152 930 3166 944 .
3206 930 3218 943 .
3245 891 3373 944 Alia:
3418 898 3541 942 sunt
3567 889 3722 966 leges

2205 984 2493 1046 Caesarum,
2521 982 2635 1035 alite
2654 981 2873 1044 Christi;
2905 982 3042 1033 aliud
3064 979 3401 1046 Papinianus,
3427 978 3566 1030 aliud
3587 976 3723 1029 Patr-

2205 1071 2286 1124 lus
2330 1078 2508 1123 uoster
2558 1068 2810 1137 praecipit.
2857 1067 3005 1133 Apud
3051 1067 3164 1118 illos
3209 1066 3338 1117 viris
3388 1063 3723 1131 impudicitia:

2206 1158 2353 1211 frena
2382 1157 2641 1208 laxantur.
2672 1194 2685 1207 .
2717 1193 2731 1207 .
2765 1154 2909 1222 Apud
2922 1168 3035 1215 nos,
3065 1152 3203 1219 quod
3219 1167 3322 1204 non
3351 1151 3466 1204 licet
3492 1150 3721 1211 feminis,

2204 1261 2351 1315 teque
2377 1245 2620 1298 non'licet
2643 1245 2787 1307 viris,
2818 1252 2867 1296 et
2895 1244 3078 1296 eadem
3119 1243 3345 1295 servitus
3380 1242 3489 1309 pari
3532 1240 3717 1293 condi-

2208 1335 2346 1387 tione
2371 1340 2631 1386 censetur.
2668 1351 2687 1382 ι
2727 1330 2792 1383 Et
2837 1340 3046 1383 sanctus
3086 1330 3401 1399 Augustinus
3445 1336 3720 1397 postquam

2204 1420 2339 1473 hanc
2361 1420 2701 1487 qnazstionem
2730 1418 2833 1471 late
2863 1418 3077 1484 fuseque
3114 1416 3382 1479 tractavit,
3412 1417 3486 1470 sic
3508 1415 3722 1468 emolu-

2205 1508 2282 1562 dit
2314 1509 2367 1561 in
2398 1508 2606 1560 libro-tt
2655 1508 2720 1559 de
2764 1506 3071 1558 adulterinis
3120 1503 3400 1570 Coniugiis,
3452 1518 3572 1571 cap.
3610 1502 3719 1556 20:

2210 1612 2228 1643 ι
2266 1594 2387 1647 Haec
2415 1602 2590 1647 autem
2616 1607 2698 1647 me
2722 1596 2785 1647 de
2819 1601 3041 1661 utroque
3057 1607 3181 1647 sexu
3202 1594 3503 1647 memineris
3524 1594 3722 1654 dicere,

2204 1681 2297 1736 sed
2323 1682 2544 1735 maxime
2572 1690 2785 1750 propter
2811 1682 2952 1734 viros
2982 1699 2993 1734 τ
3028 1682 3111 1748 qui
3133 1689 3405 1749 propterea
3429 1696 3486 1735 se
3516 1680 3723 1735 feminis

2205 1769 2501 1838 superiores
2530 1783 2649 1822 esse
2672 1769 3022 1832 arbitrantur,
3054 1785 3117 1822 ne
3146 1769 3392 1837 pudicitia
3420 1782 3578 1836 pares
3605 1780 3725 1822 esse

596 1867 944 1920 «adulterium
994 1866 1333 1933 perpetrahit.
1397 1865 1529 1927 Quia
1572 1878 1698 1915 vero
1735 1863 1962 1915 humana
2007 1860 2110 1913 fra-
2141 1854 2184 1912 Β
2210 1858 2511 1925 dignentur,
2531 1857 2588 1932 in
2609 1854 2712 1925 qua
2738 1857 2896 1909 etiam
2937 1858 3123 1924 praeire
3166 1858 3476 1921 debuerunt,
3525 1865 3585 1909 ut
3630 1869 3722 1909 eos

597 1955 811 2023 cgilitas
838 1953 1082 2021 proclivis
1126 1961 1209 2007 est
1253 1953 1319 2006 ad
1360 1952 1636 2006 labendum
1665 1991 1679 2015 ,
1728 1952 1902 2019 aliquo
1926 2024 1929 2029 i
1956 1949 2109 2003 modo

594 2059 612 2091 ι
639 2042 901 2095 muniatur
949 2042 1016 2095 ad
1066 2042 1328 2096 standum.
1382 2041 1587 2095 Idcirco
1645 2041 1937 2109 episcopus,
1982 2054 2111 2093 con-

595 2149 612 2181 ι
639 2127 866 2184 siderata
892 2132 1083 2185 mentis
1103 2132 1285 2185 eorum
1316 2129 1687 2193 imbecillitate,
1716 2137 1834 2197 post
1852 2129 2110 2196 pteniten-

591 2236 620 2287 ¢_
638 2220 761 2272 tiam
784 2233 879 2272 sua
906 2219 1234 2272 institutione
1251 2226 1541 2285 peractam,
1558 2217 1603 2269 si
1630 2230 1687 2269 se
1710 2217 1982 2269 continere
2006 2231 2107 2269 non

595 2327 614 2358 ι
635 2307 857 2377 possint,
885 2306 1118 2375 legitimo
1144 2305 1480 2358 consolentur
1502 2304 1835 2357 matrimonio
1854 2327 1865 2355 :
1884 2318 1968 2364 ne,
1988 2304 2109 2356 dum

598 2414 615 2445 ι
636 2399 915 2464 sperantur
940 2395 1003 2447 ad
1025 2394 1128 2446 alta
1159 2393 1438 2457 sublevari,
1466 2401 1713 2446 corruant
1737 2392 1789 2444 in
1815 2406 2044 2447 co‘num.
2086 2412 2102 2441 ι

591 2482 680 2534 Sic
700 2495 823 2534 vero
842 2480 1175 2533 Burchardus
1216 2492 1280 2534 ex
1310 2479 1532 2532 concilio
1578 2477 1929 2539 Triburiensi,
1977 2478 2110 2531 libro

589 2584 799 2633 mean.
836 2569 939 2622 ὧδε
977 2588 996 2619 ι
1046 2569 1138 2623 Vir
1162 2569 1206 2621 si
1231 2569 1440 2621 duxerit
1483 2580 1701 2621 uxorem
1751 2567 2110 2620 concumbere

586 2672 706 2711 cum
731 2670 793 2709 ea
816 2671 918 2710 non
946 2655 1148 2717 valens,
1179 2662 1233 2708 et
1265 2655 1426 2709 frater
1470 2655 1583 2724 ejus
1608 2654 1846 2709 clanculo
1891 2669 2009 2709 eam
2034 2656 2110 2708 vi-

588 2745 814 2809 tiaverit,
842 2753 897 2798 et
922 2743 1189 2813 gravidam
1220 2744 1523 2809 reddiderit,
1555 2755 1885 2815 separentur.
1926 2744 2130 2800 Consi—.

589 2836 769 2890 derata
795 2843 969 2889 autem
996 2835 1374 2899 imbecillitate,
1406 2836 1768 2889 misericordia
1794 2836 1872 2889 eis
1915 2836 2111 2903 impar-

591 2926 749 2978 tiatur
780 2924 844 2978 ad
885 2923 1183 2993 coniugium
1236 2932 1438 2976 tantum
1488 2923 1540 2975 in
1586 2923 1823 2975 Domino.
1862 2942 1881 2974 ι
1936 2924 2001 2976 Et
2043 2939 2108 2977 ex

587 3009 939 3064 Pmni’tentiali
968 3010 1203 3063 Romano
1244 3009 1600 3073 Burchardus,
1629 3010 1719 3064 lib.
1750 3026 1858 3075 χιχ,
1888 3025 2001 3079 cap.
2034 3011 2065 3063 4
2090 3029 2102 3062 :

593 3117 611 3150 ι
647 3098 704 3153 Si
732 3104 905 3153 autem
934 3115 1064 3152 uxor
1087 3108 1172 3152 tua
1203 3100 1302 3153 hoc
1328 3100 1552 3168 probare
1597 3101 1808 3170 poterit,
1832 3100 1971 3169 quod
2018 3109 2105 3153 tua

586 3188 738 3258 culpa
767 3197 821 3242 et
845 3198 935 3242 tuo
957 3186 1123 3254 iussu,
1154 3203 1210 3242 se
1238 3196 1490 3242 renuente
1515 3196 1569 3241 et
1608 3177 1930 3253 reluctante,
1954 3189 2104 3241 adul-

586 3286 753 3331 terata
799 3276 893 3337 sit;
914 3276 958 3329 si
987 3291 1043 3329 se
1068 3276 1340 3329 continere
1361 3289 1463 3328 non
1492 3282 1683 3343 potest,
1715 3277 1878 3329 nubat
1904 3276 1993 3344 qui
2024 3291 2109 3330 vo-

584 3362 758 3423 luerit,
791 3370 996 3415 tantum
1023 3361 1075 3413 in
1117 3360 1358 3414 Domino.
1397 3381 1415 3413 ι
1456 3360 1603 3426 Quod
1649 3376 1832 3417 omnes
1862 3361 1972 3417 fere
2016 3364 2106 3418 alii

586 3456 799 3517 negant,
856 3454 910 3499 et
962 3447 1169 3514 quidem
1212 3446 1394 3509 Patres
1421 3447 1629 3502 concilii
1678 3447 2105 3516 Compendiensis

552 3535 558 3541 ’
588 3550 707 3589 can.
737 3535 768 3587 8
797 3552 809 3586 :
848 3554 866 3584 ι
897 3533 952 3588 Si
990 3534 1106 3603 quis
1133 3536 1291 3588 homo
1316 3535 1473 3589 habet
1498 3534 1768 3588 mulierem
1796 3521 2100 3603 legitimam,

585 3634 641 3677 et
668 3622 829 3677 frater
853 3624 966 3691 eius
1001 3622 1312 3676 adulteravit
1356 3637 1474 3695 cum
1523 3637 1604 3687 ea,
1645 3623 1733 3677 ille
1785 3624 1967 3686 frater,
2019 3623 2103 3678 vel

584 3711 671 3766 illa
701 3711 915 3775 femina,
946 3712 1036 3780 qui
1070 3712 1379 3764 adulterium
1406 3720 1861 3780 perpetraverunt,
1889 3712 2099 3766 interim

581 3816 687 3870 quo
719 3801 897 3852 vivunt
922 3814 1186 3868 nunquam
1209 3799 1436 3852 habeant
1472 3799 1789 3868 coniugium.
1816 3799 1907 3853 Ille
1950 3800 2102 3868 cuius

583 3905 717 3944 uxor
739 3889 853 3952 fuit,
873 3890 915 3942 si
941 3888 1063 3948 vult,
1090 3897 1397 3957 potestatem
1424 3888 1585 3943 habet
1608 3890 1847 3958 accipere
1865 3890 2042 3944 aliam.
2074 3909 2093 3941 ι

652 3977 859 4032 Mulieri
887 3994 986 4030 non
1012 3977 1126 4029 licet
1150 3977 1311 4030 virum
1341 3979 1612 4041 dimittere,
1640 3979 1757 4033 licet
1780 3981 1846 4033 sit
1868 3981 2097 4049 [amica-

581 4078 679 4123 tor.
708 4061 1049 4121 Basilias‘hoc
1073 4066 1345 4132 judicavit.
1380 4065 1435 4116 In
1469 4066 1686 4133 epistola
1726 4068 1791 4120 ad
1831 4066 2101 4136 Amphilo-

581 4158 780 4219 chium,
805 4169 925 4208 can.
956 4154 989 4207 9
1022 4169 1034 4205 :
1072 4170 1090 4203 «
1123 4152 1215 4206 Sin
1242 4159 1419 4206 autem
1444 4153 1582 4220 quod
1616 4154 1728 4223 ipse
1747 4155 1887 4208 vivat
1916 4157 1969 4209 in
1995 4156 2101 4210 for-

581 4243 865 4306 nicatione,
893 4251 997 4295 non
1025 4242 1281 4294 habemus
1314 4241 1448 4295 banc
1482 4238 1909 4297 consuetudinem
1938 4244 1990 4297 in
2016 4256 2101 4299 ec-

580 4332 871 4390 clesiastica
926 4329 1317 4390 constitutione,
1365 4330 1459 4383 sed
1512 4331 1672 4383 etiam
1726 4330 1955 4385 infidelis
2000 4332 2097 4385 viri

575 4420 724 4487 iussa
745 4427 827 4471 est
851 4417 1037 4471 mulier
1058 4430 1162 4469 non
1193 4418 1448 4484 separari,
1464 4418 1555 4470 sed
1584 4431 1858 4473 remanere
1884 4427 2099 4487 propter

580 4504 1002 4560 incertitudinem
1028 4511 1269 4556 eventus.
1298 4502 1433 4568 Quid
1457 4505 1598 4558 enim
1632 4505 1754 4567 scis,
1783 4498 1993 4569 mulier,
2027 4521 2092 4559 an

577 4595 748 4646 virum
777 4605 880 4645 non
924 4590 998 4643 sis
1025 4591 1330 4643 servatura?
1353 4591 1526 4657 Quare
1557 4606 1674 4661 qum
1720 4592 1969 4660 relinquit
2012 4602 2094 4648 est

578 4681 840 4742 adultera,
862 4680 906 4733 si
938 4680 1001 4733 ad
1036 4680 1192 4732 alium
1223 4681 1390 4733 virum
1429 4682 1728 4737 accesserit.
1768 4680 1868 4747 Qui
1916 4691 2093 4737 autem

577 4768 921 4837 relinquitur,
971 4777 1050 4819 est
1104 4768 1288 4835 dignus
1339 4768 1509 4832 venia,
1555 4776 1609 4822 et
1642 4783 1760 4838 quae
1788 4770 1837 4825 ei
1879 4771 2094 4824 cohabi-

570 4865 673 4922 tat,
703 4871 807 4909 non
839 4855 955 4909 ideo
994 4856 1386 4909 condemnatur.
1440 4875 1458 4907 ι
1505 4856 1644 4910 Idem
1687 4866 1866 4912 censet
1908 4868 2093 4913 auctor

578 4950 715 5018 apud
763 4947 1097 5000 Ambrosium
1144 4945 1517 5000 Commentarii
1568 4947 1620 4999 in
1672 4948 1839 5016 Epist.
1878 4950 1943 5002 ad
1996 4947 2093 5001 Co-

579 5036 742 5091 rinth.
774 5047 888 5101 cap.
916 5048 1006 5085 vn.
1041 5031 1206 5096 Quam
1234 5033 1640 5101 inequalitatem
1667 5033 1983 5089 damnarunt
2001 5034 2089 5088 alii

578 5126 782 5187 Patres,
835 5129 894 5177 ut
945 5122 1227 5189 Gregorius
1279 5120 1641 5178 Nazianzenus
1692 5122 1745 5176 in
1795 5132 1931 5178 orat.
1973 5124 2034 5177 51
2074 5141 2088 5176 :

585 5231 602 5263 ι
630 5212 769 5278 Quid
784 5226 958 5266 causa:
988 5211 1107 5273 fuit,
1141 5224 1234 5263 cur
1276 5209 1548 5262 mulierem
1592 5219 1881 5275 coerceret,
1928 5212 2091 5266 mari-

578 5310 632 5355 to
645 5307 816 5352 autem
832 5298 1137 5364 indulgeret,
1151 5309 1374 5363 eumque
1394 5295 1612 5349 liberum
1628 5298 2085 5366 relinqueret,‘etc.

573 5388 723 5441 lianc
748 5386 913 5454 legem
950 5384 1351 5452 haudquaquam
1380 5385 1561 5453 probo,
1584 5384 1720 5438 hanc
1748 5384 2086 5439 consuetudi-

577 5489 696 5527 nem
744 5472 959 5526 minime
1011 5472 1167 5526 laudo
1202 5473 1342 5525 :viri
1394 5481 1545 5526 erant
1598 5474 1687 5540 qui
1739 5473 1875 5527 hanc
1920 5473 2088 5540 legem

576 5566 879 5611 sanxerunt.
934 5575 952 5607 ι
987 5557 1132 5611 Unde
1172 5566 1384 5611 sanctus
1410 5558 1729 5626 Epiphanius
1756 5558 1949 5610 nullam
1995 5558 2087 5609 ad-

580 5647 737 5698 mittit
761 5646 1164 5713 discrepantiam
1196 5646 1245 5700 in
1274 5648 1458 5701 hmresi
1495 5663 1578 5699 LIX
1606 5665 1617 5698 :
1649 5648 1945 5715 Συναφθέντα
1973 5644 2111 5713 διν-γ

2207 1945 2307 1998 illa:
2336 1954 2585 2014 tanquam
2612 1959 2705 1998 sua
2728 1945 2900 2012 capita
2926 1953 3289 2012 sequerentur.
3323 1964 3342 1993 ο

2278 2052 2294 2082 ι
2324 2033 2626 2101 Legitimum
2643 2032 2935 2099 conjugium
2959 2049 3055 2084 non
3079 2032 3194 2085 licet
3210 2048 3446 2097 separare
3476 2034 3589 2086 sine
3606 2048 3725 2087 cors-

2205 2139 2354 2175 scnsu
2382 2123 2661 2176 multorum.
2692 2123 2915 2177 Sanctus
2928 2123 3151 2177 Basilius
3169 2124 3299 2177 libro
3315 2123 3630 2193 Regnlarum
3645 2123 3724 2177 fu-

2206 2213 2315 2267 sius
2328 2212 2517 2280 disput.
2535 2212 2687 2266 aliter
2702 2213 2980 2281 respondet
2997 2213 3391 2279 interrogationi
3404 2226 3518 2280 qua:
3530 2213 3729 2282 siepro-

2205 2300 2748 2371 ponitur:Quomo.do
2792 2302 2951 2368 recipi
3000 2301 3225 2355 debeant
3260 2301 3349 2368 qui
3390 2300 3725 2354 matrimonio

2197 2390 2366 2458 iuncti
2413 2392 2566 2445 sunt?
2603 2391 2919 2459 Responsio:
2961 2392 3132 2459 Atque
3171 2390 3204 2443 ii
3234 2391 3390 2444 etiam
3420 2390 3509 2458 qui
3542 2390 3727 2443 matri-

2205 2481 2379 2535 monio
2406 2478 2695 2546 coniuncti,
2727 2480 2792 2533 ad
2814 2478 3263 2545 huiusmodivita:
3282 2492 3446 2548 genus
3470 2477 3728 2532 accedunt

2204 2565 2542 2634 percontandi
2595 2574 2717 2619 sunt
2778 2581 2901 2618 num
2961 2566 3315 2620 consentiente
3358 2564 3522 2617 altera
3568 2573 3719 2632 parte

2204 2640 2547 2716 hoc‘faciaut,
2572 2667 2633 2706 ex
2664 2661 2924 2722 percepto
2949 2651 3199 2721 Apostoli.
3252 2649 3338 2703 Vir
3363 2652 3526 2712 enim,
3558 2649 3728 2717 inquit

2206 2740 2313 2803 ille,
2344 2741 2425 2793 sui
2446 2741 2673 2809 corporis
2696 2748 2988 2808 potestatem
3020 2755 3120 2791 non
3156 2737 3477 2803 habet.,Etsi
3502 2738 3603 2791 hoc
3653 2738 3723 2791 ita

2204 2828 2270 2879 ab
2299 2828 2425 2896 ipsis
2445 2827 2558 2880 fieri
2581 2835 2906 2896 compertum
2927 2828 3026 2890 sit;
3057 2835 3162 2879 tum
3178 2827 3358 2882 multis
3378 2826 3631 2882 adhibitis
3645 2835 3724 2882 te-

2205 2914 2375 2968 stibus
2394 2914 2599 2967 admitti
2626 2914 2798 2977 debet,
2823 2914 2913 2982 qui
2938 2914 3177 2967 accedit:
3194 2913 3461 2983 Siquidem
3488 2914 3619 2968 nihil
3645 2921 3728 2968 est

2205 3002 2345 3070 quod
2368 3002 2459 3055 Dei
2486 3000 2648 3071 jussis
2677 3001 2853 3069 potius
2877 3001 3062 3054 haberi
3089 3002 3296 3055 debeat.
3326 3002 3382 3055 Si
3427 3016 3552 3058 vero
3577 3003 3728 3058 dissi-
3752 3027 3756 3032 -

2208 3087 2337 3142 dens
2354 3088 2519 3142 altera
2547 3103 2688 3156 pars,
2710 3096 2764 3142 et
2795 3089 3003 3142 assidue
3027 3104 3195 3155 usque
3226 3104 3288 3143 ex
3340 3090 3562 3146 adverso
3598 3106 3723 3146 cum

2208 3174 2375 3228 altera
2404 3177 2706 3238 contendat,
2734 3177 2871 3244 quod
2902 3176 3145 3231 videlicet
3174 3178 3345 3232 minus
3391 3177 3615 3233 sollicita
3659 3181 3724 3234 sit

2203 3264 2462 3333 quomodo
2483 3264 2690 3332 placeat
2719 3264 2865 3329 Deo;
2899 3266 2983 3319 hic
3025 3281 3087 3320 ea
3125 3268 3367 3321 convenit
3418 3270 3723 3325 meminisse

2203 3370 2318 3425 qua:
2341 3356 2480 3410 dicta
2511 3363 2634 3409 sunt
2659 3357 2725 3410 ab
2751 3357 3004 3426 Apostolo
3031 3375 3044 3410 :
3076 3356 3141 3410 In
3161 3374 3285 3426 pace
3313 3368 3482 3412 autem
3520 3360 3725 3414 vocavit

2204 3459 2293 3496 nos
2321 3442 2475 3496 Deus.
2507 3443 2573 3496 Et
2626 3445 2702 3498 sic
2742 3445 3030 3512 parendum
3081 3455 3339 3515 praecepto
3388 3446 3592 3503 Domini
3634 3450 3723 3517 qui

2203 3529 2369 3582 dixit:
2395 3527 2450 3582 Si
2477 3530 2591 3598 quis
2612 3530 2742 3583 venit
2773 3532 2839 3607 ad
2868 3548 2975 3595 me,
3003 3541 3049 3585 et
3077 3549 3177 3586 non
3202 3534 3306 3586 odit
3335 3544 3529 3603 patrem
3554 3553 3721 3600 suum,

2201 3626 2250 3671 et
2274 3625 2505 3683 matrem,
2535 3627 2581 3671 et
2603 3634 2834 3685 uxorem,
2863 3630 2911 3673 et
2955 3620 3091 3688 ﬁlios
3117 3632 3165 3675 et
3190 3623 3393 3691 fratres,
3425 3640 3525 3678 non
3565 3635 3724 3694 potest

2202 3723 2309 3761 esse
2330 3724 2469 3762 meus
2499 3709 2799 3777 discipulus».
2826 3709 3004 3779 Neque
3047 3713 3188 3766 enim
3230 3721 3312 3766 est
3352 3714 3492 3782 quod
3540 3715 3721 3769 haberi

2200 3798 2468 3864 antiquius
2496 3798 2685 3852 debeat
2707 3813 2865 3867 quam
2888 3809 2946 3852 ut
2965 3800 3057 3853 Dei
3078 3801 3242 3869 iussis
3268 3811 3535 3870 pareatur.
3568 3822 3586 3854 ι
3617 3802 3735 3857 Sed.

2196 3882 2519 3938 dissentiunt
2538 3884 2627 3938 alii
2651 3884 2856 3950 Patres,
2884 3895 2936 3940 et
2970 3900 3089 3940 cum
3126 3889 3204 3942 eis
3231 3888 3541 3943 Theodorus
3564 3892 3723 3945 sentit

2199 3972 2489 4043 legitimum
2515 3975 2817 4045 coniugium
2861 3978 3095 4045 separari
3120 3991 3224 4032 non
3251 3994 3406 4048 posse
3453 3981 3570 4034 sine
3594 3995 3721 4035 con-

2201 4075 2359 4115 sensu
2385 4062 2678 4116 amborum.
2711 4062 2938 4117 Sanctus
2969 4064 3292 4132 Angustinus
3330 4067 3382 4119 in
3412 4067 3571 4133 epist.
3603 4067 3672 4121 ιθ
3700 4081 3717 4119 :

2205 4164 2223 4197 ι
2260 4148 2503 4202 Vovenda
2530 4149 2655 4202 talia
2681 4165 2783 4204 non
2807 4159 2925 4204 sunt
2951 4166 2980 4204 a
3002 4151 3312 4221 coniugatis,
3339 4154 3440 4207 nisi
3482 4167 3549 4207 ex
3593 4169 3716 4208 con-

2198 4248 2355 4290 sensu
2369 4246 2423 4291 et
2447 4238 2712 4293 voluntate
2734 4242 3014 4295 communi.
3036 4243 3143 4296 Etsi
3173 4258 3501 4312 praepropere
3521 4243 3716 4299 factum

2196 4327 2376 4395 fuerit,
2407 4331 2574 4401 magis
2594 4339 2676 4386 est
2700 4332 3007 4399 corrigenda
3039 4333 3326 4396 temeritas,
3346 4348 3503 4400 quam
3518 4332 3717 4402 persol-
3790 4364 3796 4371 -

2198 4418 2365 4471 venda
2400 4419 2696 4487 promissio.
2720 4418 2898 4487 Neque
2925 4420 3066 4473 enim
3098 4419 3235 4473 Deus
3284 4420 3465 4489 exigit,
3510 4421 3557 4474 si
3598 4421 3714 4489 quis

2194 4519 2261 4556 ex
2280 4504 2452 4559 alieno
2475 4505 2671 4574 aliquid
2700 4505 2924 4570 voverit,
2955 4508 3047 4561 sed
3077 4509 3249 4576 potius
3293 4523 3550 4576 usurpare
3570 4518 3715 4563 vetat

2190 4592 2441 4651 alienum.
2468 4594 2696 4649 Sanetus
2713 4593 2997 4666 Gregorius
3021 4596 3236 4667 Magnus
3258 4597 3346 4651 lib.
3373 4609 3429 4650 ιι
3447 4637 3461 4661 ,
3489 4613 3573 4667 ep.
3600 4600 3668 4653 39
3695 4616 3708 4651 :

2195 4698 2216 4731 α
2260 4680 2491 4749 Sienim
2532 4683 2714 4737 dicunt
2749 4682 3012 4752 religionis
3050 4699 3204 4738 causa
3240 4682 3477 4753 coniugia
3524 4686 3714 4739 debere

2191 4767 2420 4831 dissolvi,
2449 4769 2714 4840 sciendum
2738 4775 2820 4821 est
2836 4768 2958 4836 quia
2978 4770 3079 4821 etsi
3105 4768 3187 4822 lex
3215 4769 3440 4822 humana
3468 4769 3567 4824 hoc
3590 4784 3712 4824 con-

2188 4856 2368 4919 cessit,
2411 4860 2496 4909 lex
2539 4854 2714 4908 divina
2756 4863 2929 4909 tamen
2956 4856 3237 4925 prohibuit.
3268 4856 3397 4910 Vide
3431 4857 3708 4926 Egbertnm

2188 4941 2571 4996 Eboracensem
2594 4940 2645 4995 in
2667 4941 2940 5011 Excerpt.,
2966 4956 3016 4994 c.
3042 4940 3167 5005 H9;
3197 4941 3471 4995 concilium
3502 4943 3711 4998 Verme-

2187 5031 2515 5093 riense,can.
2544 5029 2605 5092 4;
2627 5028 2824 5083 Concil.
2854 5028 3283 5097 Compendiense,
3306 5044 3424 5082 ean.
3454 5028 3524 5103 ὅς
3560 5048 3578 5080 ι
3609 5029 3710 5083 Mu-

2185 5116 2284 5169 lier
2311 5118 2355 5170 si
2379 5117 2493 5171 sine
2516 5122 2810 5171 commeatu
2833 5115 2935 5169 viri
2972 5115 3052 5170 sui
3080 5116 3249 5169 velum
3294 5117 3348 5169 in
3376 5125 3532 5185 caput
3556 5118 3710 5171 mise-

2186 5205 2273 5268 rit,
2300 5206 2346 5259 si
2371 5204 2484 5259 viro
2515 5203 2783 5271 placuerit,
2812 5201 3034 5273 recipiat
3066 5216 3182 5257 eam
3216 5203 3407 5258 iterum
3443 5205 3508 5258 ad
3533 5203 3709 5270 conju-

2185 5293 2346 5361 gium.
2384 5310 2402 5343 ι
2450 5290 2576 5356 Quae
2617 5291 2934 5353 conveniunt
2962 5306 3083 5344 cum
3111 5305 3174 5345 eo
3221 5293 3360 5359 quod
3402 5291 3706 5346 Theodorus

2184 5382 2314 5435 dicit
2336 5394 2449 5448 cap.
2479 5380 2543 5433 t8
2566 5396 2580 5431 :
2603 5396 2622 5428 ι
2643 5378 2775 5433 Vota
2799 5393 2916 5449 qua;
2938 5379 3157 5432 maritus
3178 5379 3303 5432 facit
3323 5379 3428 5432 Deo
3449 5379 3561 5432 sine
3583 5393 3705 5432 cono

2184 5483 2344 5522 sensu
2379 5467 2574 5529 uxoris,
2605 5468 2761 5521 stulta
2793 5481 2908 5521 esse
2940 5474 2994 5520 et
3027 5466 3393 5535 importabilia,
3430 5481 3544 5534 quae
3570 5466 3704 5521 fran-

2185 5556 2349 5625 geuda
2378 5563 2516 5608 sunt.
2551 5574 2570 5605 ι
2854 5550 2855 5557 “

2257 5644 2425 5697 Potest
2447 5632 2611 5698 tamen
2632 5643 2759 5696 alter
2779 5642 2925 5695 alteri
2955 5643 3206 5697 licentiam
3237 5640 3357 5695 dare
3383 5638 3697 5702 accederead
