4010 6446
204 478 338 535 1155

1317 480 1669 536 OBSERVA’l
1683 481 1878 536 ιυλεδ
1917 481 2002 536 ΕΤ
2039 484 2262 540 NOTAE.

3233 485 3366 539 1154

203 588 498 643 unitatem
519 586 621 642 Dei
644 588 1014 642 iumouasterio
1030 597 1078 641 et
1097 588 1192 642 sibi
1212 589 1413 642 nubere.
1435 592 1562 644 Vide
1579 591 1751 644 varias
1778 592 1821 649 Α
1849 592 1959 657 piat
1984 592 2184 657 virum,
2212 595 2320 661 ipsa
2350 593 2539 645 femina
2558 632 2571 657 ,
2598 594 2641 646 si
2673 593 2781 645 vult
2798 632 2812 656 ,
2842 595 3096 662 accipiat:
3126 594 3363 650 similiter

205 672 483 737 lectiones,
521 674 579 727 in
612 674 805 742 quibus
846 674 930 728 hic
951 674 1096 728 locus
1123 673 1345 729 refertur
1373 677 1564 730 citatus
1588 686 1638 730 et
1660 692 1755 730 ex-

206 763 407 830 positus
449 763 522 816 ab
559 762 796 832 Egberto
822 772 876 817 et
900 762 1186 831 Reginone.
1227 764 1499 833 Subiungit
1523 767 1758 820 Theodo-

208 865 316 913 ius,
347 859 402 902 et
440 859 631 904 tamen
657 866 762 905 non
794 862 875 905 est
910 854 1239 907 canonicum.
1271 853 1418 918 Quod
1445 862 1617 909 tamen
1651 871 1754 911 non

207 936 359 1005 longo
378 948 505 1006 post
535 946 779 1007 tempore
806 941 1163 1008 comprobavit
1192 942 1469 996 concilium
1500 941 1758 1011 Compen-

208 1025 408 1089 diense,
425 1028 663 1082 eam”:
684 1047 703 1080 ‹
724 1027 780 1082 Si
794 1028 912 1096 quis
926 1029 1005 1080 vir
1022 1029 1293 1082 mulierem
1314 1045 1460 1083 suam
1477 1030 1754 1093 dimiserit,

208 1123 262 1168 et
301 1114 519 1170 dederit
565 1126 921 1171 commeatum
965 1130 1060 1183 pro
1108 1118 1372 1185 religionis
1417 1133 1575 1173 causa
1618 1119 1755 1172 intra

208 1205 602 1259 monasterium
645 1206 926 1267 deservire,
964 1215 1055 1277 a‘ut
1097 1205 1237 1257 foras
1265 1207 1637 1277 monasterium
1664 1207 1756 1262 de-

209 1291 341 1345 derit
367 1293 652 1347 licentiam
679 1294 872 1355 velare,
906 1294 1042 1347 sicut
1069 1294 1317 1358 diximus,
1338 1304 1549 1363 propter
1568 1295 1750 1358 Deum,

208 1378 289 1430 vir
312 1379 453 1432 illius
484 1380 717 1446 accipiat
747 1380 1017 1433 mulierem
1051 1380 1331 1449 legitimam
1362 1402 1376 1434 ;
1423 1382 1663 1435 similiter
1701 1389 1755 1434 et

210 1468 396 1521 mulier
425 1452 599 1521 faciat
628 1486 641 1521 :
666 1468 922 1537 Georgius
944 1470 1227 1522 consensit.
1261 1488 1280 1519 ι

276 1555 500 1610 Diaconi
529 1567 708 1610 autem
732 1559 918 1611 relicta:
945 1574 1046 1613 non
1068 1558 1198 1613 licet.
1222 1557 1420 1612 Concil.
1442 1559 1751 1611 Toletanum

208 1663 250 1711 ι.
278 1662 396 1717 cap.
426 1648 496 1701 i8
527 1666 540 1701 :
584 1666 604 1698 ε
641 1648 698 1701 Si
720 1665 822 1719 qua
847 1651 1000 1704 vidua
1025 1651 1276 1719 episcopi,
1305 1652 1414 1704 sive
1439 1651 1748 1719 presbyteri,

210 1742 302 1786 aut
322 1734 558 1795 diaconi,
585 1736 831 1788 maritum
853 1738 1127 1803 acceperit,
1152 1736 1321 1789 nullus
1347 1737 1584 1800 clericus,
1611 1737 1750 1790 nulla

211 1818 453 1887 religiosa
477 1835 608 1873 cum
640 1835 704 1874 ea
732 1823 1028 1875 convivium
1067 1832 1256 1885 sumat,
1302 1838 1566 1890 nunquam
1608 1841 1750 1877 com-

1854 688 1908 732 et
1932 680 2032 734 vir.
2059 700 2079 733 ι
2110 680 2214 735 Sed
2258 697 2375 735 cum
2418 682 2708 749 Augustino
2750 682 2983 749 pluribus
3028 685 3079 736 in
3119 681 3282 747 locis,
3325 693 3377 734 et

1854 769 2082 821 maxime
2110 769 2203 822 lib.
2233 770 2297 822 de
2325 770 2467 822 Bono
2493 768 2749 837 coniugali
2781 785 2897 838 cap.
2937 770 3000 823 15
3036 779 3089 824 et
3121 770 3209 823 lib.
3236 787 3273 825 tt
3307 772 3375 826 de

1854 854 2162 910 adulterinis
2186 857 2473 927 Coniugiis,
2501 873 2618 925 cap.
2659 859 2741 909 ll.
2771 858 2955 911 Patres
2978 859 3183 911 concilii
3209 859 3375 911 Aure-

1853 937 2107 994 lianensis
2151 958 2188 995 ll
2234 944 2447 996 minime
2491 944 2775 1011 indulgent.
2827 942 2917 997 Sic
2949 945 3087 996 enim
3124 959 3236 997 can.
3272 945 3371 996 il:

1812 1066 1817 1069 .
1858 1043 1878 1076 ο
1906 1026 2190 1082 Contracta
2225 1030 2557 1082 matrimonia
2592 1032 2875 1083 accedente
2904 1033 3204 1086 inﬁrmitate
3235 1032 3376 1084 nulla

1852 1114 2136 1169 voluntatis
2179 1119 2552 1171 contrarietate
2597 1119 2880 1173 solvantur.
2930 1121 3078 1185 Quod
3110 1122 3151 1175 si
3188 1127 3275 1190 qui
3309 1137 3374 1176 ex

1852 1206 2161 1274 coniugibus
2202 1205 2447 1270 fecerint,
2489 1209 2728 1261 noverint
2771 1212 3133 1263 communione
3173 1213 3381 1279 privan-

1851 1294 1965 1347 dos.
1996 1312 2015 1344 ι

1922 1378 2112 1431 Mulier
2147 1398 2260 1448 qua:
2296 1383 2424 1433 vovit
2452 1393 2562 1450 post
2589 1394 2797 1436 mortem
2826 1384 2918 1437 riri
2935 1424 2948 1447 ,
2976 1385 3252 1455 iterumque
3279 1405 3376 1440 nu-

1850 1475 1955 1533 pta.
1993 1466 2214 1520 Sanctus
2244 1468 2464 1521 Basilius
2494 1478 2715 1523 testatur
2741 1472 2791 1523 in
2818 1474 3038 1538 epistola
3068 1475 3133 1526 ad
3159 1473 3378 1543 Amphi-

1855 1550 2079 1604 lochium
2101 1591 2114 1613 ,
2145 1568 2261 1605 can.
2298 1555 2359 1607 i8
2376 1595 2389 1616 ,
2419 1555 2601 1608 Patres
2628 1571 2752 1622 erga
2784 1559 2955 1624 lapsas
2981 1561 3208 1627 virgines
3227 1599 3240 1623 ,
3266 1572 3382 1629 qua;

1850 1637 2016 1690 vitam
2046 1640 2097 1691 in
2127 1639 2398 1693 honestate
2430 1642 2649 1695 Domino
2676 1646 2924 1711 professae
2951 1656 3130 1711 erant,
3160 1649 3383 1702 clemen-

1852 1735 1933 1781 ter
1958 1743 2015 1781 se
2040 1730 2281 1797 gessisse.
2317 1752 2333 1779 ι
2364 1731 2434 1782 De
2461 1732 2650 1798 lapsis.
2683 1733 2876 1801 inquit,
2907 1736 3196 1803 virginibus
3215 1777 3229 1797 ,
3258 1753 3376 1805 quas

1848 1816 2008 1868 vitam
2037 1817 2088 1869 in
2115 1817 2388 1871 honestate
2415 1818 2632 1872 Domino
2654 1821 2901 1887 professa:
2927 1833 3077 1886 sunt,
3110 1840 3202 1877 sua
3231 1833 3381 1892 pacta

210 1909 462 1972 municet,
512 1909 765 1963 morienti
812 1917 1011 1963 tantum
1053 1911 1100 1963 ei
1145 1920 1527 1963 sacramentum
1569 1914 1753 1966 sume.
1780 1901 1826 1961 Β
1851 1912 2103 1959 conventa
2137 1904 2496 1967 infirmarum,
2536 1908 2717 1961 Patres
2756 1910 2965 1977 quidem
3006 1911 3292 1965 clementer
3329 1921 3383 1966 et

211 1997 341 2051 niat.
378 2017 398 2049 ι
436 1998 645 2053 Concil.
672 1998 1045 2052 Aurelianense
1067 2014 1105 2060 ι,
1140 2014 1255 2065 cap.
1286 2000 1352 2052 l3
1383 2013 1397 2051 :
1431 2019 1447 2049 ι
1486 1998 1540 2054 Si
1568 2014 1622 2053 se
1648 2000 1758 2053 cui-

212 2099 420 2152 cunque
440 2085 637 2139 mulier
659 2084 850 2153 duplici
872 2082 1115 2152 coniugio
1139 2085 1427 2153 presbyteri
1449 2086 1530 2138 vel
1554 2086 1759 2141 diaconi

214 2171 396 2225 relicta
444 2171 804 2240 coniunxerit,
853 2178 944 2223 aut
988 2172 1226 2239 castigati
1272 2180 1618 2239 separentur,
1670 2182 1763 2225 aut

215 2266 377 2320 certe,
418 2259 467 2313 si
497 2260 552 2312 in
601 2258 880 2312 criminum
923 2258 1211 2312 intentione
1258 2258 1603 2324 perstiterint,
1647 2259 1761 2325 pari

215 2347 764 2401 exeommunicatione
796 2346 1107 2414 plectantur.
1143 2363 1160 2394 ι
1194 2343 1392 2398 Concil.
1432 2344 1757 2411 Epaonense,

217 2448 330 2488 eam
368 2434 479 2488 32:
514 2433 718 2489 Relicta
745 2433 1052 2502 presbyteri,
1082 2434 1191 2486 sive
1219 2433 1439 2492 diaconi,
1472 2432 1514 2486 si
1546 2433 1759 2487 cuicun—

217 2536 315 2589 que
341 2504 662 2590 renupserit,
681 2530 899 2574 eatenus
919 2521 986 2574 ab
1008 2521 1238 2574 Ecclesia
1260 2521 1566 2589 depellatur,
1595 2522 1761 2576 donec

219 2624 249 2662 a
272 2610 647 2678 coniunctione
667 2608 845 2662 illicita
874 2617 1147 2676 separetur
1170 2624 1183 2660 :
1212 2610 1400 2661 marito
1424 2625 1628 2676 quoque
1647 2608 1760 2675 eius

219 2696 374 2748 simili
394 2710 568 2763 usque
587 2694 654 2750 ad
678 2695 1052 2749 correctionem
1073 2696 1402 2748 severitatem
1419 2695 1711 2762 plectendo.
1734 2716 1751 2747 ι

218 2782 358 2841 idem
389 2784 552 2837 habet
582 2783 862 2838 concilium
892 2782 1339 2844 Antisiodorense,
1370 2798 1417 2835 c.
1449 2782 1543 2846 εἰς
1566 2784 1753 2838 concil.

222 2868 608 2923 Matisconense
627 2887 688 2934 tt,
710 2884 829 2923 can.
859 2869 943 2924 14.

291 2955 395 3009 Sed
421 2956 511 3009 ille
537 2957 858 3023 inﬁrmatus,
885 2972 975 3009 seu
997 2957 1089 3009 illa
1113 2958 1391 3024 inﬁrmata.
1423 2958 1477 3012 Si
1501 2974 1756 3014 consensu

226 3044 500 3097 amborum
535 3051 865 3113 separentur,
899 3044 987 3112 qui
1024 3058 1125 3096 non
1157 3053 1326 3111 potest
1361 3036 1416 3097 se
1452 3048 1753 3109 continere,

224 3131 346 3198 quid
369 3132 420 3185 ei
450 3132 748 3201 agendum?
775 3132 862 3185 Sic
890 3133 1165 3200 respondet
1195 3132 1477 3202 Gregorius
1504 3133 1572 3196 ll,
1598 3135 1749 3200 epist.

1857 1990 2048 2044 leniter
2077 1992 2129 2044 in
2166 2007 2346 2047 eorum
2380 1996 2467 2061 qui
2504 1993 2751 2048 labuntur
2784 1998 3173 2058 inﬁrmitatem,
3208 2014 3261 2052 se
3290 2014 3382 2066 ge-

1856 2085 2052 2141 rentes,
2073 2093 2193 2133 esse
2218 2079 2567 2133 admittendas
2586 2087 2904 2135 censuerunt
2924 2094 3043 2152 post
3067 2100 3257 2138 annum
3279 2125 3293 2147 ,
3320 2086 3384 2139 ad

1856 2167 2247 2221 similitudinem
2284 2166 2611 2235 digamorum
2644 2168 3004 2224 decernentes.
3037 2191 3054 2222 ι
3094 2172 3232 2225 Inter
3266 2172 3384 2228 illos

1857 2255 2067 2317 Patres,
2103 2255 2168 2307 de
2198 2256 2386 2322 quibus
2417 2265 2632 2310 sanctus
2668 2257 2888 2312 Basilius
2919 2258 3168 2326 loquitur,
3207 2275 3376 2314 annue

1854 2340 2133 2395 morandus
2161 2351 2242 2395 est
2268 2350 2480 2396 sanctus
2511 2343 2823 2412 Cyprianus,
2853 2348 2943 2414 qui
2974 2333 3045 2401 ita
3081 2349 3133 2401 in
3156 2350 3376 2416 epistola

1856 2430 1942 2494 62,
1966 2431 2033 2482 ad
2052 2430 2422 2497 Pomponium:
2446 2448 2463 2480 ι
2488 2430 2634 2495 Quod
2655 2434 2697 2484 si
2720 2448 2783 2485 ex
2808 2434 2909 2487 ﬁde
2931 2448 2986 2487 se
3004 2434 3212 2489 Christo
3234 2437 3378 2490 dica-

1855 2528 2042 2573 vcrunt
2061 2557 2075 2581 ,
2098 2518 2284 2587 pudice
2309 2526 2361 2572 et
2387 2526 2531 2571 caste
2555 2520 2669 2572 sine
2695 2520 2796 2572 ulla
2825 2520 2997 2574 fabula
3023 2532 3383 2588 perseverent,
3474 2548 3482 2557 ο

1857 2605 1930 2658 ita
1974 2604 2137 2659 fortes
2180 2613 2233 2658 ct
2271 2605 2487 2658 stabiles
2527 2607 2800 2673 prmmium
2843 2609 3158 2677 virginitatis
3198 2624 3387 2679 exspe-

1856 2702 2021 2746 ctent.
2063 2693 2118 2746 Si
2157 2702 2330 2745 autem
2367 2708 2711 2759 perseverare
2744 2696 2960 2760 nolunt,
2992 2697 3072 2750 vel
3119 2712 3220 2750 non
3265 2713 3387 2766 pos-

1855 2789 2004 2842 sunt,
2047 2781 2233 2834 melius
2261 2790 2342 2834 est
2378 2789 2433 2834 ut
2471 2782 2668 2834 nubant
2703 2799 2859 2851 quam
2893 2786 2945 2837 in
2981 2787 3148 2853 ignem
3182 2786 3386 2841 delictis

1854 2870 1964 2923 suis
1992 2869 2198 2922 cadant.
2224 2889 2241 2919 ι
2270 2868 2372 2921 Sed
2404 2869 2455 2919 in
2484 2870 2623 2923 hunc
2653 2886 2926 2923 numerum
2957 2873 3216 2924 recenseri
3247 2888 3383 2940 pra:-

1854 2958 2005 3026 cipue
2036 2958 2227 3010 debent
2258 2955 2439 3009 Patres
2484 2958 2692 3012 concilii
2726 2958 3014 3027 Ancyrani,
3054 2960 3119 3012 ad
3155 2974 3379 3027 quorum

1853 3046 2013 3099 verba
2055 3052 2269 3097 sanctus
2312 3044 2533 3097 Basilius
2575 3046 2778 3099 videtur
2813 3057 3091 3119 spectasse.
3131 3046 3218 3099 Sic
3252 3062 3380 3101 vero

1852 3146 1969 3185 can.
2004 3131 2067 3185 19
2093 3148 2105 3183 :
2140 3148 2158 3179 ι
2187 3129 2494 3196 Quicunque
2521 3131 2867 3198 virginitatem
2897 3132 3227 3205 profitentes,
3255 3147 3379 3200 pro-

231 3217 321 3280 13,
351 3218 417 3271 ad
445 3217 771 3272 Bonifacium
800 3218 1132 3286 episcopum,
1162 3233 1279 3271 can.
1313 3218 1382 3271 2:
1414 3237 1430 3268 ε
1460 3219 1588 3274 Nam
1615 3222 1753 3289 quod
1781 3215 1825 3273 C
1856 3217 2139 3271 fessionem
2167 3231 2315 3271 suam
2341 3215 2546 3270 irritam
2583 3218 2831 3279 reddunt,
2864 3218 2897 3270 ii
2936 3218 3262 3284 bigamorum
3290 3220 3382 3273 de-

227 3306 576 3374 proposuisti,
608 3304 749 3374 quod
775 3305 819 3359 si
846 3305 1037 3358 mulier
1062 3305 1367 3359 inﬁrmitate
1393 3316 1630 3375 correpta
1656 3323 1759 3362 non

230 3393 451 3450 valuerit
478 3396 713 3449 debitum
739 3395 853 3448 viro
882 3396 1128 3458 reddere,
1161 3395 1284 3462 quid
1310 3396 1424 3463 ejus
1449 3396 1607 3451 faciat
1634 3413 1761 3452 con-

228 3479 456 3549 iugalis?
480 3482 684 3536 Bonum
707 3491 847 3536 esset
870 3482 913 3536 si
941 3483 1020 3535 sic
1043 3492 1389 3550 permaneret,
1412 3493 1471 3537 ut
1488 3486 1758 3540 abstinen-

234 3567 315 3622 tiae
338 3581 574 3624 vacaret.
603 3569 707 3623 Sed
732 3571 855 3637 quia
885 3571 982 3623 hoc
1009 3584 1315 3637 magnorum
1344 3581 1449 3634 est,
1478 3573 1564 3626 ille
1589 3573 1676 3640 qui
1702 3588 1759 3628 se

236 3670 336 3711 non
375 3660 575 3725 poterit
618 3659 920 3720 continere,
971 3660 1134 3713 nubat
1178 3662 1380 3728 magis:
1431 3676 1534 3714 non
1584 3671 1757 3715 tamen

235 3758 437 3801 omnem
467 3747 684 3801 subsidii
711 3762 863 3814 opem
886 3747 1159 3802 subtrahat
1186 3750 1252 3801 ah
1278 3750 1396 3813 illa,
1424 3764 1578 3817 quam
1614 3752 1757 3803 inﬁr-

234 3834 386 3914 mitas
408 3836 664 3903 przepeilit
685 3873 699 3896 ,
729 3844 782 3887 et
811 3849 910 3888 non
939 3835 1268 3890 detestabilis
1286 3836 1436 3905 culpa
1461 3839 1706 3891 excludit.
1731 3860 1749 3890 ι

234 3918 485 3987 Egbertus
517 3924 861 3977 Eboracensis
899 3924 952 3976 in
990 3926 1326 3991 responsione
1366 3928 1431 3979 ad
1467 3928 1756 3996 interroga-

234 4007 420 4062 tionem
461 4009 526 4062 15
550 4027 562 4061 :
592 4027 610 4059 ι
639 4010 801 4063 Nemo
830 4019 1011 4063 contra
1038 4011 1371 4079 Evangelium
1396 4051 1412 4075 ,
1441 4028 1594 4066 nemo
1631 4029 1755 4068 con-

235 4100 313 4145 tra
353 4094 659 4164 Apostolum
696 4095 809 4149 sine
849 4097 1075 4150 vindicta
1118 4097 1282 4151 facit:
1314 4098 1509 4153 idcirco
1536 4115 1756 4154 consen-

237 4192 344 4233 sum
377 4183 592 4235 minime
619 4185 913 4250 praebemus
938 4184 1206 4238 adulteris.
1240 4185 1410 4239 Onera
1441 4195 1611 4241 tamen
1640 4203 1755 4256 qua:

235 4265 340 4319 sine
367 4268 601 4334 periculo
630 4269 830 4336 portari
867 4284 968 4322 non
1014 4258 1260 4337 possunt,
1297 4273 1489 4325 nemini
1528 4273 1751 4341 imponi-

236 4366 380 4415 mus;
410 4369 472 4407 ea
495 4368 624 4406 vero
647 4368 763 4420 qua:
790 4354 880 4406 Dei
908 4363 1032 4408 sunt
1055 4357 1302 4411 mandata
1329 4357 1650 4413 conﬁdenter
1674 4359 1754 4411 in-

236 4438 463 4495 dicimus.
490 4440 657 4505 Quem
683 4449 857 4496 autem
887 4442 1165 4498 inﬁrmitas
1191 4443 1438 4512 implendi
1467 4445 1716 4513 pricpedit
1733 4485 1747 4509 ,

1859 3307 2148 3360 ﬁnitionem
2176 3306 2443 3372 impleant.
2467 3326 2481 3357 ι
2501 3307 2568 3359 At
2594 3315 2805 3361 sanctus
2831 3308 3052 3361 Basilius
3076 3308 3230 3373 dicit,
3260 3324 3379 3363 cum

1858 3407 2111 3446 numerus
2133 3392 2393 3460 virginum
2434 3393 2541 3446 Deo
2572 3395 2860 3447 dicatarum
2891 3404 3185 3464 augeretur,
3212 3405 3265 3448 et
3291 3412 3382 3451 vo-

1858 3490 1965 3536 tum
1989 3481 2099 3549 iam
2137 3481 2371 3535 solemne
2403 3490 2545 3535 esset
2580 3490 2631 3534 et
2668 3482 2963 3551 publicum,
2991 3484 3125 3537 hanc
3152 3486 3377 3552 priorem

1856 3571 2187 3639 disciplinam
2216 3584 2334 3623 esse
2359 3569 2750 3623 immutandam.
2783 3572 3132 3636 Quamobrem
3158 3572 3295 3627 aliud
3320 3588 3377 3627 se

1854 3660 2083 3726 primum
2116 3659 2363 3711 statuisse
2401 3658 2470 3710 ita
2508 3658 2737 3711 declarat
2766 3675 2885 3712 can.
2924 3660 3019 3711 l8:
3051 3677 3069 3707 ι
3106 3658 3260 3721 Mihi,
3296 3662 3376 3713 in-

1854 3744 1999 3811 quit,
2040 3744 2248 3796 videtur
2285 3744 2423 3810 quod
2466 3745 2712 3811 quoniam
2756 3745 2845 3795 Dci
2889 3746 3052 3811 gratia
3088 3746 3375 3813 procedens

1855 3831 2089 3885 Eccle$ia
2110 3831 2169 3883 ﬁt
2193 3830 2615 3893 fortior,etordo
2630 3832 2884 3903 virginum
2915 3842 3151 3902 augetur,
3175 3843 3255 3887 est
3280 3836 3374 3889 ad-

1854 3919 2112 3973 hibendus
2133 3920 2339 3971 animus
2362 3921 2435 3971 rei
2456 3933 2570 3985 qua:
2590 3935 2684 3986 per
2704 3921 3093 3986 intelligentiam
3118 3924 3368 3983 cernitur,

1854 3994 1908 4063 et
1939 4010 2209 4064 sententiae
2235 4008 2517 4076 Scriptum:
2537 4049 2550 4071 ,
2574 4024 2690 4075 qua:
2718 4018 2887 4077 potest
2915 4025 2977 4063 ex
3004 4012 3375 4077 consequentia

1852 4098 2168 4153 inveniri....
2193 4098 2351 4165 Virgo
2377 4096 2623 4151 adultera:
2643 4096 2840 4163 iudicio
2866 4097 3157 4164 subiicitur,
3183 4097 3223 4150 si
3254 4112 3374 4150 euut

1851 4189 1941 4255 qui
1969 4202 2087 4240 cum
2115 4186 2283 4239 aliena
2308 4187 2527 4240 muliere
2553 4186 2816 4239 cohabitat
2834 4227 2846 4247 ,
2881 4188 3174 4239 adulterum
3204 4187 3374 4251 nomi-

1850 4290 2036 4328 namus
2054 4314 2069 4338 ,
2098 4288 2216 4327 eum
2254 4288 2356 4326 non
2384 4275 2529 4341 prius
2554 4276 2616 4327 ad
2642 4275 3060 4327 communionem
3091 4274 3371 4326 admitten-

1850 4369 1955 4424 tes,
1985 4376 2141 4428 quam
2179 4376 2207 4411 a
2245 4370 2461 4427 peccato
2497 4361 2817 4414 cessaverit:
2853 4361 2920 4410 ita
2959 4359 3202 4411 videlicet
3232 4368 3285 4411 et
3313 4359 3367 4411 in

1851 4465 1915 4505 eo
1938 4451 2028 4519 qui
2053 4451 2309 4519 virginem
2333 4451 2523 4512 habet,
2544 4449 2845 4503 afficientur.
2862 4468 2878 4499 ι
2905 4451 2967 4501 Et
2993 4448 3096 4515 iam
3121 4460 3371 4503 sanxerat

235 4540 331 4580 uno
356 4529 589 4596 profecto
614 4530 834 4585 multum
862 4546 1191 4584 reservamus
1218 4530 1416 4597 iudicio
1445 4533 1556 4585 Dei.
1589 4534 1752 4601 Igitur
1774 4529 1827 4588 1)
1850 4554 1965 4592 can.
2003 4537 2035 4589 6
2072 4537 2370 4603 huiusmodi
2416 4536 2807 4602 coniunctiones
2847 4552 2963 4587 esse
3003 4535 3373 4589 fornicationes

237 4628 295 4665 ne
339 4614 474 4672 forte
514 4618 786 4673 videamur
836 4618 1044 4672 silentio
1091 4619 1269 4672 fovere
1314 4620 1611 4681 adulteros,
1661 4632 1752 4675 aut

237 4699 461 4757 diabolus
491 4705 583 4771 qui
616 4704 806 4770 decipit
839 4704 1103 4758 adulteros
1131 4706 1193 4759 de
1219 4706 1468 4761 adulteris
1496 4710 1744 4771 exsultet,

239 4788 482 4843 ultoribus
512 4790 670 4843 audi:
703 4788 854 4853 Quod
877 4791 1015 4843 Deus
1043 4794 1339 4859 conjunxit,
1374 4795 1523 4847 homo
1552 4812 1650 4847 non
1673 4812 1751 4848 se-

238 4886 401 4939 paret,
425 4885 476 4930 cl
509 4878 631 4929 item
661 4894 673 4928 :
704 4875 803 4940 Qui
834 4886 992 4943 potest
1019 4894 1196 4944 capere
1222 4882 1406 4948 Capiet.
1436 4881 1580 4948 Saepe
1605 4897 1749 4935 nam-

239 4973 329 5023 que
356 4970 648 5029 temporum
675 4964 1058 5031 permutatione
1107 4967 1394 5023 necessitas
1420 4967 1581 5035 legem
1609 4969 1749 5022 fran-

239 5046 322 5109 git.
344 5048 477 5113 Quid
504 5050 646 5105 enim
674 5048 797 5104 fecit
820 5050 983 5105 David
1007 5054 1215 5120 quando
1242 5055 1461 5107 csuriit?
1485 5056 1550 5108 Et
1578 5064 1749 5111 tamen

241 5130 340 5185 sine
363 5143 584 5203 peccato
610 5144 709 5190 est.
749 5136 886 5205 Ergo
913 5137 966 5189 in
998 5141 1255 5208 ambiguis
1286 5156 1389 5195 non
1421 5151 1504 5196 est
1538 5143 1749 5198 ferenda

241 5225 522 5285 sententia,
567 5224 662 5278 sed
702 5226 919 5280 consilia
962 5241 1176 5282 necesse
1213 5239 1294 5283 est
1332 5232 1616 5298 periclitari
1655 5248 1750 5301 pro

243 5305 394 5362 salute
416 5309 644 5363 aliorum
665 5325 681 5374 ;
704 5310 804 5364 hac
827 5313 1124 5367 conditione
1148 5314 1452 5383 interposita
1473 5357 1487 5381 ,
1511 5327 1569 5371 ut
1593 5319 1638 5372 ei
1660 5321 1750 5387 qui

243 5413 293 5451 se
321 5403 656 5457 continentia:
690 5403 926 5481 devovit.
959 5407 1102 5462 nullo
1136 5408 1290 5461 modo
1319 5410 1635 5463 concedatur
1665 5425 1750 5464 se-

244 5492 427 5545 cundas
465 5493 602 5545 inire
620 5493 852 5561 nuptias,
873 5495 1083 5549 vivente
1111 5497 1304 5564 priore.
1333 5515 1350 5547 ι
1374 5496 1569 5550 Concil.
1597 5497 1747 5551 Com-

246 5584 541 5646 pendiense,
571 5596 691 5635 can.
724 5584 823 5637 {6:
854 5603 872 5634 σ
905 5585 962 5639 Si
986 5585 1069 5638 vir
1093 5585 1330 5653 leprosos
1357 5587 1624 5641 mulierem
1651 5589 1747 5641 ha-

245 5664 352 5724 beat
376 5684 594 5733 sanam,
624 5669 669 5723 si
699 5671 807 5724 vult
836 5672 883 5729 ei
917 5673 1112 5730 donare
1145 5684 1489 5729 commeatum
1522 5684 1577 5727 ut
1611 5676 1745 5727 acri-

1853 4640 1970 4692 qua:
1989 4663 2003 4686 ,
2032 4633 2092 4676 ut
2118 4625 2218 4685 ait,
2248 4638 2345 4691 pro
2372 4623 2703 4675 matrimonio
2734 4623 2961 4688 reputari
2993 4637 3092 4673 non
3117 4629 3370 4688 possunt,

1852 4721 2010 4779 atque
2049 4726 2142 4764 eas
2174 4711 2387 4764 omnino
2412 4723 2542 4761 esse
2585 4709 2923 4761 divellendas.
2965 4707 3058 4759 Cui
3101 4709 3372 4761 sententis

1852 4799 2204 4866 suffragantur
2227 4796 2408 4849 Patres
2432 4797 2635 4849 concilii
2663 4794 2916 4848 Valentini
2947 4810 2991 4853 ι,
3021 4809 3136 4846 ean.
3162 4794 3193 4846 Ξ
3217 4812 3230 4854 ς
3258 4794 3373 4845 Sta-

1852 4896 1962 4941 tuta
1990 4884 2236 4940 Ecclesia;
2261 4884 2470 4949 antiqua
2489 4921 2503 4938 ,
2529 4896 2643 4933 can.
2678 4880 2773 4930 105
2797 4896 2808 4928 :
2844 4897 2859 4925 ι
2895 4879 3023 4931 Nam
3052 4881 3093 4931 si
3123 4877 3369 4931 adultera:

1852 4974 2099 5041 coniuges
2126 4980 2272 5025 reatu
2301 4978 2421 5024 sunt
2446 4969 2574 5021 viris
2604 4969 2711 5020 suis
2737 4967 3003 5027 obnoxiae,
3033 4975 3229 5035 quanto
3256 4980 3369 5018 ma-

1852 5064 1930 5131 gis
1975 5062 2145 5114 vidua:
2177 5074 2291 5127 qua:
2325 5057 2713 5123 religiositatcm
2749 5065 3110 5116 mutaverunt,
3150 5054 3368 5108 crimine

1853 5149 2095 5203 adulterii
2148 5146 2485 5207 notabuntur,
2540 5146 2584 5198 si
2637 5145 3000 5204 devotionem,
3055 5158 3211 5209 quam
3260 5142 3368 5195 Deo

1851 5244 2037 5305 sponte
2062 5250 2167 5289 non
2190 5240 2368 5288 coacte
2388 5230 2723 5292 obtulerunt,
2746 5231 3019 5313 libidinosa
3040 5231 3367 5297 corruperint

1851 5324 2146 5393 voluptate,
2179 5330 2334 5388 atque
2361 5319 2426 5373 ad
2456 5321 2710 5373 secundas
2743 5317 2952 5384 nuptias
2983 5318 3258 5371 transitum
3287 5316 3363 5370 fe-

1850 5410 2049 5467 cerint!
2084 5428 2102 5460 ι
2129 5408 2419 5463 Concilium
2459 5407 2761 5461 Toletanum
2788 5422 2826 5467 ι,
2860 5420 2978 5459 ean.
3017 5405 3118 5467 i9;
3149 5404 3367 5460 Siricios

1850 5500 1901 5552 in
1935 5496 2151 5565 epistola
2186 5496 2251 5548 ad
2286 5494 2570 5557 [limerium
2605 5490 3045 5545 Tarraconenscm
3070 5528 3086 5552 ,
3129 5505 3246 5543 can.
3294 5491 3362 5553 6;

1849 5592 2060 5640 sanctus
2090 5582 2318 5637 Joannes
2345 5580 2748 5650 Chrysostomus
2772 5580 2823 5631 in
2854 5577 2943 5630 lib.
2976 5593 3011 5631 ιι
3039 5578 3104 5631 ad
3129 5576 3365 5631 Theodo-

1850 5676 2033 5729 dorum
2058 5671 2259 5738 lapsum
2288 5682 2406 5721 cum
2434 5668 2559 5720 dicit
2583 5684 2597 5720 :
2626 5686 2643 5716 ι
2670 5664 2770 5719 Sed
2799 5664 2889 5716 tibi
2914 5662 3018 5731 iam
3049 5679 3147 5717 non
3177 5674 3250 5715 est
3282 5664 3361 5714 in—
