3974 6422
549 473 687 530 1155

1616 472 1702 522 AD
1739 466 2264 523 PCENITENTIALE
2305 467 2640 523 THEODORI

3569 469 3697 519 1156

550 599 752 656 tegrum
772 582 1163 664 jura‘connubii
1201 594 1410 633 servare
1431 620 1444 644 ,
1475 581 1676 634 caelesti
1711 581 1849 633 enim
1884 593 2076 646 sponso
2103 580 2146 635 A
2177 581 2308 632 votis
2334 595 2456 632 vero
2478 577 2649 632 noiiis
2677 579 2745 630 ita
2769 587 2979 630 sanctus
3001 577 3307 630 Ambrosius
3329 577 3422 631 lib.
3454 593 3470 630 ι
3497 562 3700 632 Ofﬁcio;

554 675 711 732 semel
732 673 968 739 junctum
991 711 1004 733 ,
1035 671 1178 722 illum
1216 669 1540 734 relinquere,
1571 676 1626 720 et
1664 669 1842 720 uxoris
1877 666 2078 733 laqueis

555 761 844 829 implicari,
903 758 1147 810 adulterii
1185 757 1380 807 crimen
1422 755 1690 807 incurrere
1725 762 1806 807 est
1838 771 1850 806 :
1892 769 2077 820 quam-

557 853 634 904 vis
660 851 849 902 millies
887 849 984 899 hoc
1023 847 1192 912 ipsum
1229 845 1438 910 nuptias
1475 852 1657 903 vocet,
1689 857 1784 908 ego
1814 850 1988 892 tamen
2027 848 2080 892 et

558 937 814 991 adulterio
852 935 978 987 illud
1015 941 1157 985 tanto
1214 933 1363 999 pejus
1408 931 1606 983 afﬁrmo
1629 970 1642 991 ,
1687 938 1882 999 quanto
1918 929 2083 995 major

559 1038 622 1076 ac
657 1021 842 1074 melior
871 1019 1180 1072 mortalibus
1214 1018 1367 1069 Deus.
1401 1037 1417 1067 ι
1444 1017 1772 1071 Innocentius
1799 1015 1849 1076 ι,
1890 1016 1940 1066 in
1977 1017 2085 1084 epi—

559 1111 693 1162 stola
747 1109 812 1160 ad
865 1107 1168 1160 Victricium
1221 1105 1522 1172 episcopum
1574 1104 2082 1169 Rothomagensem,

564 1213 679 1264 cap.
715 1195 810 1257 η,
848 1202 997 1246 vocat
1031 1193 1241 1260 quidem
1278 1191 1542 1249 adulteras
1574 1205 1664 1242 eas
1698 1203 1812 1254 quae
1847 1204 1874 1238 a
1912 1203 2087 1240 sacer-

565 1286 684 1337 dote
715 1284 924 1336 fuerant
953 1283 1150 1335 velatm.
1184 1279 1284 1332 Sed
1325 1294 1439 1345 cap.
1475 1279 1538 1330 I3
1576 1284 1759 1328 statuit
1796 1284 1993 1327 tantum
2032 1283 2090 1327 ut

566 1390 683 1442 qua:
714 1375 764 1424 in
795 1371 1061 1439 proposito
1088 1368 1326 1434 virginali
1355 1381 1563 1432 semper
1596 1380 1804 1418 manere
1839 1365 2090 1431 promise—

569 1472 725 1523 runt,
757 1470 810 1513 et
837 1475 953 1526 qua:
983 1457 1202 1509 necdum
1231 1470 1382 1508 sacro
1409 1454 1665 1506 velamine
1694 1462 1842 1506 tectae
1869 1462 2018 1515 sunt,
2048 1454 2092 1504 si

574 1548 851 1616 nupserint
876 1586 888 1608 ,
911 1544 1269 1612 pmnitentiam
1306 1543 1570 1607 aliquanto
1613 1551 1844 1608 tempore
1873 1542 2095 1593 debeant

566 1648 837 1703 peragere.
861 1632 997 1683 Idem
1021 1638 1256 1687 statuunt
1275 1630 1473 1694 antiqui
1496 1643 1720 1681 canones
1743 1627 2094 1680 Romanorum

567 1742 701 1796 quos
743 1725 824 1777 vir
863 1725 930 1777 el.
971 1722 1017 1774 .I.
1063 1721 1372 1774 Sirmondus
1413 1722 1633 1788 subjecit
1673 1720 1903 1785 epistolis
1943 1719 2096 1769 Inno-

568 1816 728 1868 centii
767 1814 806 1864 I.
850 1813 976 1864 Vide
1016 1826 1135 1862 ean.
1170 1812 1193 1861 I
1245 1820 1298 1864 et
1341 1810 1393 1862 9.
1441 1810 1543 1861 Sed
1587 1812 1722 1862 hanc
1759 1810 2098 1874 quzestionem

2181 682 2315 728 rum,
2342 682 2455 733 cap.
2482 667 2582 718 50:
2622 685 2638 714 ι
2667 666 2758 718 Est
2782 665 2940 716 etiam
2982 673 3164 717 contra
3202 663 3424 716 ofﬁcium
3462 679 3699 717 nonnun-

2181 772 2333 822 quam
2365 757 2565 810 solvere
2594 755 2924 822 promissum,
2956 763 3336 808 sacramentum
3361 753 3623 807 custodire
3648 763 3702 805 ut

2183 846 2436 898 Herodes.
2469 865 2486 894 ι
2522 844 2650 894 Vide
2678 857 2852 910 supra.

2250 933 2386 999 Ergo
2426 932 2572 998 cujus
2613 948 2744 983 uxor
2778 931 3000 996 inﬁdelis
3027 939 3073 982 et
3109 912 3307 998 gentilis
3338 940 3383 982 et
3408 947 3507 982 non
3538 938 3702 997 potest

2185 1020 2427 1082 converti,
2461 1020 2763 1071 demutetur.
2802 1018 3024 1073 Sanctus
3057 1020 3393 1083 Ambrosius,
3415 1019 3505 1072 lib.
3530 1035 3621 1071 vm
3655 1021 3704 1072 in

2187 1109 2336 1169 Luc.,
2359 1121 2470 1174 cap.
2502 1108 2564 1158 16
2593 1126 2604 1159 :
2651 1126 2667 1155 ι
2695 1107 2928 1169 Creteris,
2967 1108 3151 1174 inquit,
3182 1123 3278 1175 ego
3306 1108 3442 1165 dico,
3475 1123 3577 1160 non
3611 1108 3709 1160 Do-

2190 1198 2392 1259 minus;
2423 1198 2466 1248 si
2503 1198 2619 1262 quis
2650 1195 2812 1248 frater
2853 1197 3111 1248 inﬁdelem
3142 1196 3298 1249 habet
3327 1211 3541 1248 uxorem
3564 1235 3578 1257 ,
3605 1206 3705 1248 etc.

2190 1285 2367 1351 Itaque
2396 1286 2483 1336 ubi
2514 1295 2594 1336 est
2618 1285 2783 1350 impar
2811 1285 3103 1351 conjugium
3131 1323 3145 1345 ,
3189 1285 3270 1337 lex
3299 1284 3391 1336 Dei
3420 1300 3522 1336 non
3554 1295 3650 1337 est.
3690 1305 3706 1336 ι

2193 1373 2258 1424 Et
2302 1373 2534 1425 addidit:
2571 1390 2588 1420 ι
2619 1371 2768 1434 Quod
2811 1373 2853 1424 si
2901 1373 3122 1425 infidelis
3161 1373 3410 1435 discedit,
3459 1373 3712 1432 discedat,

2195 1472 2295 1513 etc.
2328 1479 2344 1511 ι
2375 1462 2599 1515 Sanctus
2629 1461 2972 1528 Augustinus,
2995 1461 3084 1512 lib.
3112 1475 3130 1515 ι
3160 1463 3221 1514 dc
3243 1461 3550 1513 adulterinis
3583 1460 3715 1513 Cou-

2190 1549 2366 1617 jugiis,
2393 1565 2506 1616 cap.
2539 1550 2602 1601 15
2627 1567 2639 1600 :
2677 1567 2694 1597 ι
2721 1549 2850 1612 Quia
2879 1550 3015 1601 enim
3044 1549 3234 1614 conjux
3258 1548 3425 1602 ﬁdelis
3456 1549 3718 1616 relinque—

2202 1652 2256 1688 re
2292 1636 2562 1703 coniugem
2605 1636 2746 1688 Iicite
2787 1637 2958 1702 potuit
2984 1636 3242 1688 inﬁdelem
3270 1675 3283 1698 ,
3332 1638 3448 1688 ideo
3476 1636 3587 1688 ﬁeri
3623 1637 3720 1688 hoc

2201 1739 2302 1776 non
2343 1725 2590 1776 Dominus
2617 1763 2630 1785 ,
2679 1725 2769 1777 sed
2793 1723 3072 1791 Apostolus
3100 1724 3356 1791 prohibet.
3409 1723 3555 1787 Quod
3584 1724 3720 1776 enim

2145 1825 2151 1830 ‘
2202 1814 2450 1866 Dominus
2469 1813 2730 1879 prohibet,
2765 1813 2878 1864 ﬁeri
2913 1813 3125 1865 omnino
3149 1827 3250 1865 non
3276 1812 3419 1873 licet,
3451 1822 3551 1865 etc.
3607 1811 3720 1863 Tibi

577 1901 798 1954 miriﬁce
829 1906 1022 1950 tractat
1049 1907 1262 1949 sanctus
1294 1897 1616 1963 Augustinus
1641 1897 1730 1948 lib.
1761 1896 1824 1947 de
1854 1895 1994 1947 Bono
2025 1897 2101 1947 vi-
2130 1882 2176 1941 Β
2202 1910 2374 1955 autem
2408 1901 2614 1952 videtur
2659 1900 2892 1953 inﬁdeles
2932 1916 3141 1967 quoque
3179 1901 3368 1952 (limini
3405 1916 3433 1952 τι
3489 1899 3726 1951 ﬁdelibus

578 1990 821 2049 duitatis,
853 1987 933 2040 cui
976 1987 1184 2038 videtur
1214 2000 1315 2036 non
1367 1985 1492 2036 satis
1535 1992 1686 2036 acute
1724 1998 1785 2036 ac
1829 1983 2104 2050 diligenter

580 2076 916 2131 considerare
953 2072 1076 2139 quid
1118 2073 1325 2132 dicant,
1366 2072 1451 2137 qui
1496 2070 1592 2122 hoc
1630 2070 1916 2137 objicerent
1953 2085 2107 2137 argu-

583 2173 853 2217 mentum:
894 2180 911 2210 ι
946 2161 999 2214 Si
1042 2162 1154 2213 viro
1205 2175 1299 2213 suo
1338 2161 1485 2219 vivo,
1547 2174 1661 2226 qua:
1715 2159 1865 2210 alteri
1917 2159 2104 2220 nubit,

583 2255 819 2305 adultera
851 2260 960 2312 est,
995 2252 1129 2302 sicut
1157 2252 1265 2314 ipse
1298 2248 1546 2300 Dominus
1578 2248 1626 2298 in
1665 2247 1943 2314 Evangelio
1983 2247 2109 2300 deﬁ-

586 2340 701 2391 nit:
747 2338 875 2390 Vivo
918 2351 1041 2403 ergo
1081 2334 1312 2396 Christo,
1357 2335 1440 2387 cui
1487 2348 1626 2385 mors
1653 2334 1788 2384 ultra
1816 2349 1918 2385 non
1947 2333 2109 2386 domi-

587 2437 761 2490 natur,
790 2440 904 2492 qua:
932 2422 1226 2489 conjugium
1267 2422 1378 2488 ejus
1417 2421 1676 2488 elegerat,
1712 2421 1753 2472 si
1795 2421 1990 2473 homini
2021 2437 2112 2472 nu-

587 2517 692 2576 bit,
733 2514 971 2568 adultera
1024 2521 1124 2563 est.
1165 2511 1261 2575 Qui
1299 2511 1399 2562 hoc
1436 2508 1650 2566 dicunt,
1692 2507 1861 2573 inquit
1901 2519 2112 2558 sanctus

589 2604 939 2670 Augustinus,
992 2608 1143 2652 acute
1191 2598 1403 2664 quidem
1449 2603 1747 2655 moventur,
1795 2594 1886 2646 sed
1931 2609 2113 2662 parum

590 2692 866 2744 attendunt
917 2690 1052 2740 hanc
1099 2685 1602 2754 argumentationem
1632 2721 1644 2744 ,
1694 2690 1888 2750 quanta
1940 2695 2116 2734 rerum

591 2787 843 2847 sequatur
887 2774 1199 2830 absurditas.
1245 2773 1374 2826 Cum
1418 2773 1555 2825 enim
1601 2771 1929 2823 laudabiliter
1961 2770 2118 2822 etiam

593 2868 802 2920 vivente
839 2865 954 2917 viro
989 2878 1053 2916 ex
1093 2861 1208 2927 ejus
1236 2875 1492 2913 consensu
1523 2857 1897 2912 continentiam
1929 2855 2121 2906 femina

593 2954 809 3009 Christo
855 2957 1071 3012 voveat,
1113 2947 1224 3014 jam
1270 2946 1555 2998 secundum
1601 2945 1818 2995 istorum
1866 2941 2122 2992 rationem

598 3042 742 3095 nulla
784 3041 886 3091 hoc
925 3038 1097 3089 facere
1137 3033 1320 3093 debet,
1355 3045 1420 3084 ne
1448 3033 1615 3100 ipsum
1656 3029 1953 3089 Christum,
1985 3025 2125 3094 quod

597 3130 796 3183 sentire
822 3126 968 3179 nefas
993 3135 1072 3179 est
1087 3165 1108 3200 ,_
1130 3123 1423 3177 adulterum
1450 3121 1609 3176 faciat
1631 3160 1644 3184 ,
1672 3121 1755 3172 eui
1778 3119 1984 3170 vivente
2012 3118 2125 3168 viro

2197 2003 2300 2040 non
2330 1988 2486 2038 licere
2505 2025 2518 2046 ,
2565 1987 2686 2053 quia
2715 1989 2814 2039 hoc
2841 1979 2980 2040 vetat
3008 1987 3286 2054 Apostolus
3323 2005 3334 2038 :
3368 2002 3486 2044 eum
3519 2002 3616 2054 ego
3653 1987 3729 2038 di-

2201 2091 2317 2129 cam
2341 2075 2497 2128 licere
2514 2117 2526 2138 ,
2558 2077 2679 2143 quia
2707 2078 2805 2129 hoc
2829 2092 2929 2129 non
2951 2086 3092 2132 vetat
3118 2078 3368 2130 Dominus
3390 2095 3402 2128 :
3437 2093 3537 2129 non
3555 2086 3729 2130 tamen

2203 2165 2464 2230 expedire,
2493 2166 2612 2230 quia
2649 2166 2746 2218 hoc
2777 2175 2835 2218 ut
2856 2182 2958 2219 non
2988 2167 3076 2218 fiat
3099 2175 3274 2219 monet
3297 2165 3610 2233 Apostolus:
3643 2163 3731 2231 qui

2205 2253 2373 2306 reddit
2397 2255 2554 2305 etiam
2587 2254 2840 2306 rationem
2877 2270 2970 2306 cur
2995 2254 3108 2306 ﬁeri
3133 2270 3233 2306 non
3265 2255 3527 2320 expediat,
3549 2267 3732 2319 quam-

2205 2341 2283 2393 vis
2317 2342 2488 2393 liceat.
2521 2360 2537 2390 ι
2582 2339 2778 2391 Auctor
2813 2339 3165 2398 Commentar.
3193 2355 3276 2406 ep.
3303 2340 3321 2391 I
3348 2340 3412 2391 ad
3435 2339 3584 2399 Cor.,
3615 2351 3730 2404 cap.

2207 2445 2298 2490 vn,
2337 2430 2470 2494 apud
2496 2427 2864 2480 Ambrosium:
2909 2447 2926 2476 ι
2955 2427 3284 2496 Propositum
3329 2426 3596 2496 religionis
3641 2441 3733 2478 cu-

2211 2518 2368 2568 stodit
2390 2517 2738 2582 prcecipiendo
2759 2531 2824 2568 ne
2841 2516 3124 2569 Christiani
3147 2517 3442 2582 relinquant
3464 2513 3732 2584 conjugia:

2213 2607 2302 2660 sed
2345 2608 2386 2659 si
2428 2606 2648 2658 infidelis
2692 2606 2812 2716 οφ
2857 2606 2948 2659 Dei
2994 2605 3238 2666 discedit,
3292 2603 3458 2655 ﬁdelis
3500 2616 3603 2654 non
3639 2599 3740 2654 erit

2213 2710 2332 2716 ._-___
2367 2696 2591 2716 J!~__L_.!
2620 2704 2722 2716 Δ-.
2816 2696 2937 2716 .-.ΑΞ
2997 2702 3073 2716 Α.-
3145 2692 3256 2716 λῖη..
3298 2691 3433 2716 ιιι-ξηι-
3466 2698 3636 2716 -Λοιιννι
3663 2695 3738 2716 Δρ.

2213 2710 2335 2749 reus
2361 2696 2593 2749 dissoluti
2620 2704 2726 2747 mat
2765 2691 2960 2757 .‘monii,
2993 2702 3094 2747 etc.
3145 2692 3258 2744 Non
3295 2691 3435 2744 enim
3466 2698 3639 2742 ratum
3661 2695 3741 2742 est

2215 2784 2603 2836 matrimonium
2648 2783 2784 2848 quod
2827 2783 2939 2834 sine
2984 2782 3076 2833 Dei
3118 2781 3391 2833 devotione
3417 2785 3516 2840 est,
3566 2793 3627 2830 ac
3653 2790 3744 2844 per

2218 2871 2319 2922 hoc
2361 2885 2466 2922 non
2514 2879 2596 2921 est
2639 2877 2911 2935 peccatum
2969 2867 3016 2918 ei
3071 2867 3158 2934 qui
3204 2865 3483 2917 dimittitur
3533 2871 3744 2932 propter

2220 2956 2405 3019 Deum,
2438 2957 2481 3009 si
2512 2956 2597 3008 alii
2638 2969 2692 3008 se
2725 2955 2979 3022 junxerit.
3018 2952 3340 3006 Contumelia
3368 2953 3504 3005 enim
3532 2951 3745 3004 Creato-

2223 3045 2296 3097 ris
2315 3044 2469 3097 solvit
2493 3042 2579 3109 jus
2608 3043 2924 3095 matrimonii
2962 3041 3103 3092 cirea
3141 3055 3260 3092 eum
3291 3039 3379 3092 oui
3419 3037 3745 3104 relinquitur,

2227 3144 2292 3185 ne
2320 3139 2595 3183 accusetur
2624 3129 2710 3180 alii
2734 3128 3022 3194 copulatus.
3054 3146 3072 3177 ι

596 3220 777 3280 nubit,
824 3225 925 3268 etc.
959 3234 977 3266 ι
1010 3192 1140 3267 Vide
1185 3220 1302 3281 post
1349 3219 1586 3263 sanetum
1632 3205 1976 3274 Augustinum
2009 3219 2121 3256 san-

2298 3215 2357 3270 Si
2399 3218 2580 3268 mulier
2611 3215 2890 3269 discesserit
2926 3232 2955 3266 a
2986 3215 3089 3267 viro
3110 3230 3200 3266 suo
3215 3213 3494 3281 despiciens
3521 3228 3658 3274 eum,
3703 3222 3748 3264 et

599 3317 741 3361 ctum
761 3306 988 3357 Leonem
1019 3303 1069 3354 in
1102 3298 1528 3367 responsionibus
1556 3297 1621 3349 ad
1648 3294 2035 3361 inquisitionem
2063 3291 2126 3344 15

600 3393 802 3446 Rustici
833 3389 1212 3453 Narbonensis;
1238 3385 1513 3440 concilium
1535 3383 1913 3437 Arausicanum
1937 3397 1975 3444 ι,
2007 3395 2123 3433 can.

602 3481 799 3552 25-28;
836 3479 1089 3547 synodum
1119 3477 1284 3531 sancti
1310 3475 1547 3537 Patricii,
1579 3489 1697 3526 can.
1732 3473 1826 3535 I7;
1854 3473 2128 3525 concilium

604 3570 1025 3626 Chalcedonense
1052 3607 1064 3631 ,
1099 3582 1216 3620 can.
1262 3565 1355 3629 I6;
1403 3564 1680 3618 concilium
1719 3561 2024 3615 Arelatense
2071 3575 2129 3620 ιι,

609 3673 705 3711 can
731 3657 789 3709 51
814 3672 828 3719 ;
856 3655 1130 3709 concilium
1158 3653 1553 3722 Andegavense,
1593 3667 1711 3705 can.
1740 3651 1804 3715 5;
1855 3649 2131 3704 concilium

611 3746 926 3798 Turonieum
967 3761 1006 3808 ι,
1035 3761 1152 3798 can.
1182 3743 1245 3807 6,
1273 3757 1337 3795 ex
1367 3757 1413 3794 c.
1451 3743 1516 3805 7;
1567 3741 1775 3794 concilii
1815 3739 2135 3794 Arelatensis

612 3851 664 3892 iv
691 3835 826 3902 apud
860 3834 1068 3885 Ivonem
1090 3832 1221 3884 libro
1251 3847 1328 3890 ιιι,
1358 3839 1411 3882 et
1433 3829 1580 3882 Grat.
1617 3845 1780 3892 χχιιι,
1803 3845 1855 3896 q.
1892 3829 1951 3890 1;
1985 3828 2136 3896 Sym-

611 3920 857 3974 machum
898 3933 1083 3987 papam
1121 3919 1172 3970 in
1198 3916 1417 3984 epistola
1455 3916 1503 3980 7,
1534 3917 1596 3969 ad
1628 3915 1908 3969 Caesarium
1939 3915 2139 3982 episco-

612 4025 736 4078 pum
761 4010 1140 4070 Arelatensem,
1164 4023 1283 4061 can.
1317 4007 1350 4059 4
1378 4013 1431 4058 et
1455 4005 1517 4068 5;
1541 4005 1819 4059 concilium
1844 4004 2138 4056 Parisiense

615 4113 697 4159 ιιι,
723 4113 836 4150 can.
864 4098 923 4160 5;
967 4097 1247 4158 concilium
1275 4095 1581 4148 Turonense
1612 4111 1668 4157 ιι,
1717 4110 1836 4147 can.
1876 4093 1941 4144 I5
1967 4101 2021 4144 et
2049 4092 2136 4155 9.0,

617 4185 706 4240 ubi
731 4185 906 4252 plures
932 4199 1158 4236 canones
1180 4198 1336 4250 supra
1362 4184 1507 4235 citati
1531 4181 1846 4235 referuntur.

687 4271 825 4339 Ergo
852 4287 1004 4322 unam
1037 4271 1291 4322 licentiam
1327 4269 1465 4322 dedit
1493 4269 1803 4322 Theodorus.
1844 4269 1934 4322 Sic
1969 4269 2143 4322 Theo-

622 4359 779 4414 dorus
814 4375 868 4410 se
916 4359 1240 4426 ipsumcitat
1287 4373 1402 4425 cap.
1443 4352 1510 4410 12
1543 4374 1554 4408 :
1593 4375 1610 4406 (
1639 4357 1942 4411 Theodorus
1976 4359 2140 4412 dicit:

624 4445 729 4498 Nos
769 4459 896 4496 vero
933 4458 1028 4510 per
1066 4444 1496 4501 misericordiam.
1541 4452 1643 4497 etc.
1674 4463 1691 4497 ι
1746 4445 1810 4496 Ει
1851 4445 1902 4497 in
1925 4445 2144 4498 concilio

627 4530 1064 4596 Herutfordiensi,
1090 4531 1224 4597 apud
1253 4529 1445 4582 Bedam
1471 4531 1560 4583 lib.
1591 4531 1724 4583 Hist.
1756 4547 1829 4596 tv,
1860 4547 1976 4601 cap.
2012 4534 2064 4595 5,
2094 4542 2147 4584 et

631 4620 766 4686 apud
789 4617 1166 4680 Burehardum,
1195 4617 1285 4671 lib.
1313 4632 1440 4679 xvu,
1467 4632 1514 4670 c.
1544 4617 1630 4670 59.

702 4704 818 4770 Ipse
846 4706 1104 4772 episcopus
1148 4704 1293 4755 habet
1330 4713 1622 4770 potestatem
1664 4713 1876 4758 mutare.
1929 4705 2150 4762 Maxime

633 4790 679 4844 si
729 4797 904 4840 votum
949 4797 1030 4840 est
1077 4797 1167 4840 aut
1210 4789 1439 4856 ineptum
1467 4827 1480 4850 ,
1527 4798 1616 4841 aut
1657 4792 1888 4844 noxium.
1928 4791 2153 4845 Sanctus

634 4874 858 4935 Basilius
899 4873 962 4927 de
996 4875 1133 4927 votis
1164 4875 1354 4942 ineptis
1377 4914 1390 4937 ,
1443 4877 1494 4928 in
1531 4877 1709 4958 ep..ad
1735 4877 2153 4946 Amphilochium

639 4977 756 5016 can.
785 4962 888 5024 28:
931 4979 949 5010 ι
974 4961 1102 5024 Illud
1139 4961 1348 5029 quidem
1387 4963 1514 5015 mihi
1540 4964 1710 5016 visum
1742 4971 1821 5016 est
1859 4965 2152 5032 ridiculum,

639 5061 830 5102 vovere
861 5048 1084 5113 aliquem
1112 5063 1141 5099 a
1169 5049 1416 5111 carnibus
1441 5049 1606 5104 suillis
1635 5051 1917 5104 abstinere.
1965 5051 2156 5116 Quam-

641 5135 820 5192 obrem
845 5134 1060 5204 dignare
1086 5148 1177 5187 eos
1196 5135 1380 5189 dooere
1412 5146 1469 5196 ut
1497 5139 1562 5191 ab
1587 5138 1774 5206 ineptis
1797 5143 1931 5193 votis
1964 5148 2016 5193 et
2040 5154 2158 5207 pro-

646 5225 822 5282 missis
845 5225 1176 5286 abstineant,
1205 5239 1357 5280 usum
1387 5226 1595 5291 quidem
1636 5241 1752 5279 esse
1779 5226 2158 5282 indifferentem

646 5311 907 5379 permitte.
960 5310 1110 5364 Nulla
1152 5313 1289 5365 enim
1334 5311 1425 5375 Dei
1467 5321 1705 5365 creatura
1744 5324 1825 5366 est
1862 5315 2158 5382 rejicienda,

649 5416 763 5467 quae
785 5415 902 5453 cum
934 5403 1221 5468 gratiarum
1249 5403 1452 5455 actione
1483 5404 1754 5470 accipitur.
1791 5403 1963 5468 Quare
1986 5414 2161 5457 votum

651 5495 732 5538 est
757 5488 1052 5551 ridiculum,
1083 5489 1394 5544 abstinentia
1427 5506 1529 5543 non
1560 5500 1641 5543 est
1663 5495 1977 5546 necessaria.
2009 5513 2026 5544 ι
2076 5493 2164 5546 Sic

656 5581 869 5629 sanctus
906 5575 1130 5629 Basilius
1166 5577 1404 5630 hortatur
1422 5578 1836 5646 Amphilochium
1866 5583 2164 5648 episcopum

660 5669 716 5710 ut
743 5670 905 5720 mutet
938 5671 990 5714 et
1035 5663 1199 5716 solvat
1225 5671 1344 5715 vota
1381 5665 1476 5717 ista
1503 5665 1674 5733 inepta
1713 5675 1765 5718 et
1802 5666 2034 5720 ridicula.
2094 5668 2167 5721 De

2227 3304 2397 3358 nolens
2428 3315 2666 3358 revertere
2691 3343 2704 3356 .
2738 3343 2750 3355 .
2785 3342 2799 3357 .
2830 3303 2984 3356 aliam
3045 3306 3272 3371 accipere
3317 3303 3464 3354 liceat
3519 3317 3747 3355 uxorem.

2225 3392 2374 3459 Quod
2395 3395 2528 3447 idem
2556 3393 2752 3446 habent
2777 3392 3158 3458 Excerptiones
3193 3390 3403 3459 Egberti
3430 3389 3648 3441 Eborac.
3675 3403 3753 3439 ar-

2227 3482 2566 3550 chiepiscopi,
2583 3496 2629 3533 c.
2659 3481 2784 3542 I22;
2809 3481 3089 3533 concilium
3114 3479 3495 3539 Vermericnse,
3519 3494 3639 3532 can.
3657 3479 3710 3530 II
3735 3496 3747 3530 :

2236 3588 2253 3620 ι
2283 3569 2338 3622 Si
2364 3569 2481 3637 quis
2505 3570 2824 3621 necessitate
2853 3568 3141 3620 inevitabili
3164 3576 3381 3634 cogente
3404 3569 3455 3619 in
3480 3568 3638 3620 alium
3661 3567 3752 3618 du-

2231 3668 2403 3712 catum
2434 3671 2527 3711 seu
2552 3657 2875 3724 provinciam
2903 3656 3112 3726 fugerit,
3158 3665 3249 3708 aut
3276 3657 3537 3708 seniorem
3580 3669 3750 3717 suurn,

2232 3747 2315 3800 cui
2338 3745 2492 3798 ﬁdem
2516 3745 2724 3797 mentiri
2743 3759 2846 3801 non
2871 3753 3095 3811 poterat,
3122 3753 3331 3797 secutus
3361 3744 3534 3806 fuerit,
3551 3752 3605 3796 et
3627 3757 3757 3795 uxor

2234 3832 2369 3898 ejus,
2415 3846 2533 3884 cum
2563 3831 2701 3882 valet
2727 3839 2780 3883 et
2808 3839 2998 3898 potest,
3033 3847 3210 3884 amore
3237 3839 3514 3898 parentum
3548 3839 3640 3882 aut
3686 3845 3760 3882 rev

2233 3936 2350 3973 rum
2378 3933 2742 3985 suarum,eum
2774 3921 2920 3988 sequi
2939 3920 3308 3988 noluerit,ipsa
3334 3921 3476 3974 omni
3505 3930 3772 3988 tempore,.

2237 4009 2466 4076 quandiu
2489 4009 2569 4060 Vir
2593 4009 2726 4077 ejus,
2755 4024 2910 4080 quem
2953 4017 3132 4061 secuta
3163 4009 3403 4070 nonfuit,
3441 4008 3587 4070 vivit,
3627 4021 3764 4060 sem-

2237 4114 2331 4167 per
2373 4100 2588 4166 innupta
2613 4104 2937 4164 permaneat.
3001 4097 3129 4148 Nam
3163 4097 3246 4157 ille
3274 4098 3353 4148 vir
3394 4096 3507 4164 ejus
3536 4097 3625 4163 qui
3677 4109 3763 4149 ne-

2247 4185 2486 4239 cessitate
2518 4190 2732 4252 cogente
2762 4183 2814 4234 in
2845 4181 3001 4234 alium
3048 4182 3217 4234 locum
3242 4182 3390 4250 fugit,
3437 4183 3481 4234 si
3518 4197 3575 4235 se
3605 4181 3765 4234 absti-

2243 4285 2368 4325 nere
2390 4285 2492 4324 non
2522 4277 2712 4338 potest,
2741 4270 2895 4322 aliam
2939 4283 3156 4322 uxorem
3195 4284 3313 4322 cum
3337 4270 3646 4338 paenitentia
3675 4284 3767 4336 po-

2245 4367 2350 4414 test
2373 4358 2628 4424 accipere.
2670 4376 2687 4407 ι
2737 4356 2890 4409 Ratio
2918 4371 3074 4424 quam
3117 4355 3268 4408 affert
3290 4355 3546 4423 Egbertus
3571 4355 3767 4417 Ebora-

2245 4448 2419 4501 censis
2441 4461 2557 4500 can.
2574 4446 2910 4513 supracitato,
2939 4444 3024 4497 illa
3049 4452 3158 4497 est:
3189 4462 3206 4493 ι
3233 4443 3363 4496 Cum
3377 4457 3638 4495 consensu
3661 4443 3768 4510 epi-

2247 4536 2408 4602 scopi,
2450 4534 2635 4600 inquit,
2689 4534 2800 4600 ipse
2829 4533 2981 4584 aliam
3019 4518 3245 4598 accipiat
3266 4544 3502 4591 uxorem,
3537 4530 3581 4582 si
3603 4530 3770 4583 conti-

2249 4635 2378 4674 nens
2405 4634 2522 4673 esse
2544 4633 2647 4671 non
2688 4619 2895 4685 poterit,
2927 4627 2981 4672 et
3015 4619 3268 4686 poeniteat
3310 4624 3418 4669 tres
3457 4631 3646 4681 annos,
3688 4616 3770 4669 vel

2243 4711 2402 4762 etiam
2431 4708 2662 4776 quandiu
2686 4708 2897 4772 vixerit,
2919 4707 3039 4775 quia
3065 4705 3211 4778 juxta
3237 4705 3552 4760 sententiam
3566 4704 3771 4758 Domini

2249 4798 2486 4850 mmehus
2511 4795 2896 4862 comprobatur.
2942 4813 2959 4847 ι

2320 4883 2375 4938 Si
2401 4886 2456 4939 in
2480 4884 2767 4950 captivitate
2796 4897 2884 4950 per
2911 4883 3008 4934 vim
3031 4882 3184 4932 ducta
3218 4879 3394 4931 redimi
3442 4893 3542 4929 non
3591 4885 3766 4943 potest,

2250 4981 2359 5042 post
2394 4987 2583 5025 annum
2610 4969 2824 5025 alteram
2855 4969 3095 5036 accipere.
3152 4965 3298 5031 Quod
3341 4962 3773 5020 conﬁrmantEx-

2251 5060 2546 5128 cerptiones
2570 5057 2783 5124 Egberti
2805 5054 3165 5117 Eboracensis,
3185 5068 3303 5117 can.
3331 5051 3431 5104 I22
3448 5066 3460 5112 ;
3480 5050 3572 5104 sed
3598 5050 3665 5103 ab
3678 5051 3773 5104 hoc

2254 5145 2566 5198 dissentiunt
2588 5143 2760 5210 phfres
2785 5142 2984 5202 Patres.
3054 5141 3276 5195 Sanctus
3305 5139 3528 5192 Basilius
3575 5139 3629 5192 in
3669 5138 3770 5206 epi-

2255 5232 2386 5285 stola
2407 5231 2658 5284 canonica
2689 5229 2755 5282 ad
2789 5229 3225 5296 Amphilochium,
3246 5241 3294 5292 c.
3319 5227 3412 5290 δίς
3457 5223 3772 5292 TheOphilus

2256 5317 2634 5371 Alexandrinus
2662 5316 2714 5367 in
2736 5314 3079 5380 Responsion.
3112 5314 3176 5365 ad
3201 5313 3503 5380 interrogat.
3529 5311 3625 5374 15;
3649 5325 3757 5363 san-

2258 5414 2372 5457 ctus
2393 5402 2693 5470 Augustin.,
2714 5400 2802 5451 lib.
2829 5415 2867 5462 Il
2897 5400 2961 5452 de
2990 5399 3293 5455 adulterinis
3331 5397 3624 5466 Conjugiis;
3652 5412 3774 5452 cou-

2261 5491 2436 5543 cilium
2461 5488 2834 5540 Aurelianense
2861 5501 2924 5548 ιι,
2953 5501 3069 5539 ean.
3103 5487 3188 5536 11.

2333 5576 2668 5628 Posteriorem
2712 5575 2948 5627 dimittat.
3009 5571 3342 5626 Innocentius
3378 5571 3396 5626 I
3431 5572 3483 5624 in
3520 5572 3674 5638 epist.
3709 5569 3770 5622 ad

2262 5667 2520 5732 Probum:
2579 5683 2596 5714 ι
2629 5664 2755 5716 Cum
2786 5664 2945 5725 enim,
2992 5662 3177 5729 inquit,
3231 5663 3283 5713 in
3327 5661 3628 5726 captivitate
3646 5673 3767 5724 pra:-
