3974 6434
83 5 679 145 πη..-

177 468 303 530 lIS‘l
404 528 409 533 .

1317 477 1869 536 OBSERVATIONES
1908 478 1991 532 ET
2031 478 2256 533 NOTAE.

1949 0 1992 45 ,
2342 28 2347 29 ί
2800 9 3077 51 ππ
3204 8 3233 44 ί
3286 16 3305 23 -
3350 7 3563 47 -ε,

3204 479 3337 533 “58

175 586 307 638 dicta
337 585 472 639 Ursa
501 588 701 641 mulier
743 596 1023 654 teneretur,
1074 590 1211 644 aliud
1244 593 1545 661 coniugium
1586 606 1707 644 cum
1738 593 1779 646 Α
1808 590 2172 645 admistionem
2202 591 2423 660 proprie
2456 590 2710 658 conjugis,
2737 599 2791 644 et
2809 590 3003 644 lavacri
3024 590 3342 659 puriﬁcatio-

176 669 411 725 restituta
459 671 759 728 Fortunius
800 685 1122 732 memoratus
1168 678 1329 732 inisse
1361 680 1712 748 cognoscitur.

176 757 273 811 Sed
302 757 489 813 favore
516 759 758 825 Domini,
808 776 1021 816 reversa
1050 764 1181 818 Ursa
1202 779 1299 817 nos
1325 767 1473 830 adiit,
1502 775 1556 819 et
1576 765 1715 818 nullo

173 844 441 912 difﬁtente,
481 864 717 904 uxorem
739 866 797 905 se
818 854 1094 906 memorati
1120 870 1235 923 esse
1260 858 1547 924 perdocuit.
1603 858 1715 922 Qua

173 935 237 988 de
268 950 346 999 re,
375 937 599 991 domine
626 938 723 1001 ﬁli,
774 940 961 993 merito
988 936 1225 1006 illustris,
1284 945 1579 1006 statuimus,
1618 944 1717 997 fide

173 1021 426 1075 catholica
454 1021 812 1092 suffragante,
846 1024 969 1078 illud
997 1040 1113 1081 esse
1137 1029 1434 1097 coniugium
1458 1032 1595 1097 quod
1614 1031 1719 1097 pri-

174 1100 329 1161 mitus
342 1117 465 1163 erat
473 1111 658 1178 gratia
671 1112 847 1164 divina
870 1110 1141 1165 fundatum
1163 1131 1176 1165 :
1202 1125 1458 1168 conventu
1466 1131 1621 1183 mque
1635 1131 1719 1169 se-

174 1195 354 1249 cunda:
376 1195 649 1260 mulieris,
679 1198 853 1264 priore
888 1200 1190 1265 superstite,
1236 1215 1334 1253 nec
1358 1201 1583 1256 divortio
1609 1202 1718 1271 eie-

173 1288 275 1343 cta,
300 1282 447 1335 nullo
470 1291 639 1350 pacto
662 1298 818 1353 posse
843 1299 961 1337 esse
989 1284 1299 1353 legitimum.
1334 1306 1352 1338 ι
1384 1287 1477 1341 Cui
1501 1304 1718 1356 respon-

174 1366 302 1420 sioni
326 1367 473 1421 favet
488 1368 605 1424 Leo
627 1370 715 1423 lin
736 1371 888 1438 epist.
905 1371 971 1424 ad
981 1370 1219 1425 Nicetam
1242 1374 1542 1443 episcOpum
1562 1375 1718 1443 Aqui-

173 1451 439 1517 leiensetn,
471 1470 597 1523 cap.
635 1456 751 1509 1-4.

236 1538 301 1591 In
330 1542 484 1594 tertia
506 1543 888 1611 propinquitate
917 1545 1106 1597 carnis.
1155 1546 1306 1598 Hunc
1335 1546 1505 1601 locum
1534 1548 1713 1600 Raba-

172 1639 269 1678 aus
294 1625 349 1678 in
375 1627 611 1695 epistola
654 1629 720 1682 ad
747 1630 1090 1684 Humhertum
1139 1634 1438 1700 episcopum
1466 1635 1713 1711 praeclare

172 1714 383 1779 exponit
410 1715 499 1768 his
526 1716 707 1771 verbis
738 1732 753 1769 :
808 1736 826 1768 ι
862 1718 1114 1773 Similiter
1146 1732 1199 1774 et
1228 1724 1279 1774 in
1319 1723 1578 1777 Theodori
1631 1739 1714 1776 ar-

1816 690 1940 729 nem
1990 691 2253 747 quaerere,
2298 686 2351 730 et
2398 678 2463 730 ab
2514 678 2754 745 ingressu
2795 677 3031 731 ecclesia:
3072 679 3338 747 paululum

1815 776 2118 817 reverenter
2158 761 2422 819 abstinere
2457 780 2471 817 :
2532 780 2631 819 nec
2672 766 2785 820 hmo
2839 766 3071 819 dicentes
3119 767 3342 835 deputat

1815 863 1931 901 mus
1956 848 2160 916 culpam
2194 865 2312 905 esse
2354 851 2652 919 coniugium
2682 866 2695 903 :
2747 852 2836 904 sed
2885 853 3005 918 quia
3060 853 3171 918 ipsa
3199 852 3340 907 licita

1812 938 2114 992 commistio
2186 939 2461 1009 coniugum
2515 941 2630 994 sine
2693 941 2955 1009 voluptate
3000 942 3174 995 carnis
3228 941 3342 998 ﬁeri

1815 1039 1919 1078 non
1970 1033 2161 1091 potest,
2209 1041 2238 1078 a
2262 1027 2400 1080 sacri
2428 1026 2527 1079 loci
2569 1026 2808 1094 ingressu
2847 1027 3212 1082 abstinendum
3241 1037 3341 1091 est,

1813 1112 1935 1178 quia
1972 1113 2213 1179 voluptas
2240 1113 2351 1179 ipsa
2392 1128 2511 1167 esse
2557 1114 2672 1166 sine
2715 1114 2866 1180 culpa
2920 1115 3211 1170 nullatenus
3251 1131 3344 1184 po-

1816 1206 1937 1250 test.
1971 1217 1989 1248 ι

1882 1284 1949 1336 Et
1986 1293 2159 1353 postea
2205 1286 2388 1338 dixerit
2436 1286 2620 1339 mulier
2670 1288 2732 1339 de
2780 1289 2884 1340 viro
2935 1304 3153 1355 suonon
3177 1307 3340 1357 posse.

1814 1370 1942 1423 Vide
1955 1373 2234 1426 concilium
2252 1373 2635 1438 Vermcriense,
2648 1391 2762 1429 can.
2785 1376 2844 1428 t7
2864 1393 2877 1439 ;
2896 1378 3174 1431 concilium
3198 1378 3347 1432 Com-

1809 1460 2118 1526 pendiense,
2156 1478 2275 1517 can.
2310 1464 2403 1526 l7;
2446 1464 2719 1532 epistolam
2762 1464 2963 1518 Rabani
3003 1466 3067 1518 ad
3109 1466 3346 1520 Heribal-

1810 1550 1955 1612 dum,
1979 1566 2027 1603 c.
2050 1550 2116 1604 29
2143 1569 2155 1602 :
2210 1569 2225 1599 ι
2261 1552 2408 1616 Quod
2458 1564 2632 1607 autem
2680 1555 3014 1623 interrogasti
3059 1558 3121 1608 de
3142 1556 3223 1608 his
3253 1559 3342 1623 qui

1810 1638 2147 1692 matrimonio
2185 1638 2354 1704 juncti
2393 1649 2513 1696 sunt
2556 1650 2607 1691 et
2652 1643 2794 1695 coire
2838 1659 2940 1694 non
2986 1653 3228 1709 possunt,
3278 1661 3345 1698 an

1809 1725 1897 1778 ille
1936 1726 2094 1779 aliam
2121 1726 2202 1778 vel
2228 1725 2311 1778 illa
2349 1727 2506 1779 alium
2536 1729 2725 1781 ducere.
2754 1731 2936 1796 possit.
2990 1730 3187 1795 Quibits
3215 1734 3346 1786 scri—

173 1798 491 1868 chiepiscopi
510 1800 683 1871 gestis
702 1802 985 1872 Anglorum
1020 1807 1280 1873 capitulis,
1313 1823 1427 1875 qure
1446 1810 1510 1862 de
1530 1825 1711 1862 neces-
1750 1886 1753 1887 ν
1807 1821 1952 1877 ptum
1979 1821 2060 1866 est
2091 1831 2102 1865 :
2163 1812 2255 1865 Vir
2283 1822 2336 1866 et
2362 1815 2546 1868 mulier
2598 1817 2640 1868 si
2670 1831 2727 1869 se
2756 1817 3144 1883 coniunxerint,
3173 1829 3223 1872 et
3249 1836 3343 1887 po-

174 1887 324 1939 sariis
360 1890 691 1956 conscripsit
727 1892 904 1954 rebus,
951 1892 1244 1945 invenimus
1282 1895 1419 1960 quod
1455 1895 1507 1946 in
1556 1897 1709 1948 tertia
1746 1886 1782 1940 li
1810 1906 1922 1949 stea
1961 1898 2154 1952 dixerit
2199 1900 2385 1952 mulier
2413 1902 2476 1953 de
2526 1903 2640 1954 viro
2681 1904 2819 1969 quod
2847 1919 2948 1955 non
2998 1906 3162 1972 possit
3205 1909 3348 1960 coire

172 1974 568 2042 propinquitate
594 1977 773 2030 carnis
794 1980 1079 2031 secundum
1094 1979 1303 2034 Graecos
1328 1981 1478 2033 liceat
1501 1982 1714 2044 nubere,

175 2059 227 2112 in
254 2063 438 2128 quinta
470 2066 767 2118 secundum
795 2064 1079 2120 Romanos.
1151 2067 1249 2131 Qui
1280 2078 1452 2121 tamen
1475 2070 1717 2138 coniugia

176 2145 227 2198 in
249 2138 400 2199 tertia
423 2152 822 2217 propinquitate
846 2151 981 2205 facta
1004 2170 1106 2205 non
1141 2155 1419 2216 solverent,
1472 2160 1514 2209 si
1563 2166 1715 2210 antea

177 2237 240 2288 ab
262 2236 926 2305 inscientibuscomparata
955 2239 1191 2303 fuissent,
1208 2245 1579 2311 aequaliterque
1595 2262 1716 2298 eon-

170 2314 484 2394 iungeretur
526 2329 610 2381 vir
639 2328 690 2381 in
737 2331 1073 2384 matrimonio
1126 2332 1205 2384 bis
1245 2333 1333 2398 qui
1374 2333 1472 2384 sibi
1500 2347 1717 2384 consan~

177 2413 346 2480 guinei
384 2424 553 2480 sunt,
584 2424 638 2470 et
664 2419 842 2472 uxoris
872 2433 979 2471 sua:
1006 2420 1410 2486 consanguineis
1437 2427 1555 2485 post
1584 2434 1716 2471 mor-

177 2505 279 2551 tem
300 2504 508 2566 uxoris,
539 2511 646 2575 etc.
692 2505 855 2572 Igitur
884 2507 1007 2573 quia
1033 2521 1061 2558 a
1084 2522 1197 2559 mea
1220 2508 1479 2575 parvitate
1506 2508 1713 2561 voluisti

180 2588 302 2652 quid
327 2590 590 2645 sentirem
610 2591 674 2644 de
696 2591 795 2645 hac
824 2607 903 2655 re,
948 2592 1040 2645 tibi
1062 2594 1299 2655 rescribi,
1324 2604 1537 2661 propter
1558 2594 1709 2664 fragi-

180 2671 375 2730 litatem
396 2679 680 2746 presentis
710 2680 960 2747 temporis
988 2696 1108 2734 reor
1126 2681 1225 2733 hoc
1249 2683 1388 2748 quod
1411 2683 1715 2737 Theodorus

183 2762 468 2830 episcopus,
528 2766 670 2821 inter
695 2764 1004 2835 Gregorium
1032 2775 1085 2821 et
1106 2768 1358 2822 lsidorum
1409 2771 1609 2823 medius
1631 2772 1729 2827 in-,

182 2849 387 2912 cedens,
408 2852 464 2905 in
480 2853 596 2906 suis
638 2854 881 2920 capitulis
909 2853 1141 2907 definivit
1177 2857 1344 2923 magis
1370 2857 1711 2923 sequendum,

182 2942 239 2987 ut
262 2938 444 3004 quinta
475 2942 819 3008 generatione
856 2942 966 3008 iam
994 2944 1192 2997 licitum
1242 2945 1556 2998 connubium
1588 2947 1709 2999 fiat:

184 3020 300 3089 quia
324 3038 427 3078 non
451 3026 541 3079 lex
565 3026 741 3079 divina
778 3028 900 3081 huic
921 3030 1255 3093 contradicit,
1287 3047 1385 3083 nec
1412 3034 1571 3085 etiam
1594 3050 1715 3086 san-

184 3113 377 3163 ctorum
404 3109 630 3165 Patrum
650 3113 788 3167 dicta
812 3115 913 3169 hoc
946 3116 1245 3182 prohibent.
1283 3116 1352 3185 Si
1376 3126 1548 3171 autem
1578 3127 1630 3172 et
1657 3120 1710 3174 in

186 3193 357 3258 quinta
382 3199 449 3252 ab
481 3199 669 3252 insciis
695 3198 854 3253 fuerit
874 3201 1060 3270 copula
1099 3181 1330 3269 peracta,
1376 3204 1562 3259 melius
1583 3208 1710 3259 nuhi
1738 3181 1783 3241 θ

187 3280 406 3348 videtur,
432 3293 492 3337 ut
518 3296 639 3338 cum
663 3287 1409 3355 pmnitentitehumilitntione,
1438 3294 1480 3346 si
1511 3308 1567 3347 se
1588 3310 1713 3347 uxo-

189 3378 327 3425 ratus
352 3374 632 3428 continere
680 3380 783 3427 non
831 3375 961 3439 vult,
1011 3375 1120 3431 Deo
1160 3378 1467 3434 satisfaciat.
1512 3401 1530 3432 ι
1583 3384 1712 3436 Vide

182 3448 503 3523 Reginonem
526 3458 616 3514 lib.
640 3476 680 3515 ιι
726 3462 790 3516 de
824 3462 1198 3519 ecclesiasticis
1229 3465 1545 3535 Diseiplinis,
1593 3484 1707 3538 cap.

188 3541 300 3598 200.
344 3547 446 3603 Sed
467 3552 765 3619 praesertim
783 3553 998 3608 consule
1023 3553 1288 3625 Hugonem
1314 3559 1378 3612 de
1400 3560 1594 3615 Sancto
1619 3561 1710 3615 Υἱ-

190 3638 322 3687 ctore
348 3635 403 3689 in
427 3636 524 3691 lib.
540 3652 579 3692 ιι
607 3636 1069 3695 Sacramentorum
1099 3652 1248 3710 parte
1268 3660 1343 3709 xi,
1366 3648 1453 3700 ubi
1474 3650 1711 3703 eamdem

190 3723 522 3786 quaestionem
549 3725 738 3792 probat
759 3726 1000 3794 plurimis
1017 3728 1256 3794 Patrum,
1284 3734 1587 3801 pontificum
1606 3735 1712 3790 Ro-

190 3820 452 3866 manorum
472 3820 531 3867 et
560 3813 781 3869 aliorum
817 3816 1149 3882 testimoniis,
1178 3821 1368 3888 quibus
1396 3823 1517 3877 addi
1538 3833 1713 3893 potest

190 3895 322 3959 quod
354 3896 524 3953 doeet'
548 3899 605 3955 ia
640 3914 737 3955 suo
777 3899 1129 3957 Pmnitentiali
1159 3907 1408 3975 magister
1450 3908 1711 3965 Robertus

193 3981 252 4037 de
276 3983 631 4041 Flameshnre.

193 4089 879 4220 Exserptacathnitenziali
902 4105 1135 4222 ":abgtstri
1164 4103 1370 4161 Ποθεινιὶ
1386 4114 1449 4161 de
1476 4111 1711 4166 Flentes-

793 4184 902 4222 ure.
952 4186 967 4221 ι
1006 4208 1021 4222 .
1057 4187 1114 4222 ιι.

831 4184 902 4232 re,
932 4184 1021 4223 ua.
1057 4187 1114 4224 ιι.

760 4184 883 4225 Dure
932 4184 1021 4223 ιω.
1057 4187 1114 4224 ll.

251 4246 499 4319 Cogitatio
525 4252 744 4321 impedit
771 4262 824 4309 et
856 4208 1055 4310 dirimit
1081 4261 1496 4329 matrimonium,
1537 4268 1710 4324 nonin

192 4331 317 4389 linea
333 4342 651 4396 ascendente
670 4342 753 4396 vel
777 4343 1147 4407 descendente,
1196 4363 1313 4415 qua:
1340 4352 1521 4406 eadem
1550 4363 1635 4408 est
1656 4357 1709 4410 in

1814 1996 1935 2033 cum
1982 1996 2045 2036 eo
2073 2022 2086 2043 ,
2138 1985 2181 2036 si
2237 1993 2411 2051 potest
2445 1986 2667 2052 probare
2722 2003 2816 2055 per
2860 1988 3058 2054 justum
3095 1990 3346 2057 iudicium

1815 2068 1955 2134 quod
1990 2083 2169 2121 verum
2200 2072 2284 2133 sit,
2335 2073 2557 2139 accipiat
2596 2074 2773 2127 alium.
2812 2095 2830 2126 ι
2889 2077 3018 2129 Vide
3066 2068 3352 2144 Reginum,

1816 2154 1904 2207 lib.
1932 2170 1966 2205 ιι
2009 2156 2070 2207 de
2098 2156 2464 2210 ecclesiasticis
2512 2160 2825 2229 Diseiplinis,
2864 2178 2981 2231 cap.
3007 2164 3138 2228 ἓως
3172 2167 3261 2219 lib.
3295 2182 3345 2219 νι

1815 2238 2127 2307 Capitular.,
2159 2258 2207 2295 e.
2240 2243 2324 2295 55.
3161 2300 3169 2309 .

1885 2324 2119 2379 Puellam
2141 2330 2497 2396 desponsatam
2527 2351 2626 2387 non
2647 2340 2759 2388 licet
2774 2339 3068 2403 parentibus
3095 2343 3219 2395 dare
3253 2344 3345 2397 alii

1815 2414 1939 2466 viro.
1992 2414 2189 2468 Concil.
2222 2418 2616 2484 Eliberitanum,
2670 2438 2719 2476 e.
2753 2425 2847 2479 54:
2897 2446 2914 2477 ‹
2952 2427 3007 2481 Si
3036 2432 3123 2496 qui
3154 2447 3345 2499 paren—

1816 2510 1893 2553 tes
1910 2500 2061 2554 tidem
2079 2500 2327 2572 fregerint
2348 2508 2749 2574 sponsaliorum,
2771 2513 2980 2566 triennii
2999 2524 3229 2586 tempore
3251 2522 3347 2571 ah-

1815 2590 2126 2650 stineantur.
2200 2590 2255 2644 Si
2305 2601 2479 2648 tamen
2521 2596 2677 2649 iidem
2708 2613 2929 2665 sponsus
2958 2602 3036 2655 vel
3074 2619 3263 2671 sponsa
3294 2608 3345 2661 in

1814 2679 1960 2744 gravi
2008 2680 2226 2735 crimine
2270 2680 2463 2735 fuerint
2511 2684 2867 2753 deprehensi,
2909 2692 3139 2745 excusati
3191 2704 3348 2748 erunt

1812 2775 2090 2830 parentes:
2119 2768 2162 2819 si
2193 2768 2243 2819 in
2264 2769 2462 2822 eisdem
2486 2769 2644 2826 fuerit
2669 2776 2873 2839 vitium,
2903 2786 2956 2830 et
2978 2779 3345 2845 polluerintse,

1814 2854 2055 2920 superior
2078 2857 2337 2909 sententia
2362 2867 2619 2912 servetur;
2661 2881 2691 2913 ιν
2730 2862 2953 2919 Siricius
2972 2880 3105 2934 papa
3130 2869 3349 2937 huiusce

1814 2941 1890 2992 rei
1921 2942 2076 2994 istam
2111 2944 2367 2998 rationem
2402 2947 2603 3015 profert
2625 2936 2676 3003 in
2692 2965 2776 3019 ep.
2807 2954 2873 3005 ad
2900 2953 3187 3010 Himerinm
3206 2936 3359 3011 iTar-‘

1813 3038 2176 3100 raconensetn,
2232 3045 2348 3082 can.
2380 3031 2410 3083 4
2437 3051 2449 3084 ;
2521 3050 2538 3081 ι
2588 3033 2949 3107 De_coniugali
2979 3048 3155 3095 autem
3179 3044 3344 3097 viola-

1814 3110 1956 3164 tione
1978 3116 2262 3183 requisisti,
2314 3118 2356 3168 si
2393 3118 2763 3186 desponsatam
2815 3125 2903 3179 alti
2947 3128 3171 3194 puellam
3216 3131 3349 3185 alter

1813 3198 1866 3252 in
1896 3204 2283 3259 matrimonium
2311 3209 2475 3274 possit
2507 3212 2766 3278 accipere.
2826 3213 2936 3269 Hoc
2963 3232 3029 3269 ne
3058 3218 3150 3271 flat
3172 3223 3346 3275 omni»

1812 3287 1910 3342 bus
1933 3291 2101 3345 modis
2127 3293 2450 3349 inhibemus:
2484 3300 2607 3366 quia
2631 3300 2717 3353 illa
2744 3302 3038 3359 benedictio
3063 3322 3218 3374 quam
3250 3325 3346 3364 nu-

1811 3384 1977 3443 plura:
1994 3382 2237 3435 sacerdos
2264 3383 2505 3450 imponit.
2528 3391 2665 3455 apud
2692 3376 2869 3445 ﬁdeles
2885 3392 3151 3460 cujusdam
3178 3399 3344 3451 sacri-

1780 3489 1789 3496 ~
1812 3464 1932 3534 legii
1958 3467 2126 3520 instar
2149 3479 2253 3532 est,
2281 3472 2325 3523 si
2367 3473 2469 3526 ulla
2496 3479 2882 3543 trangressione
2906 3481 3145 3537 violetur.
3187 3505 3204 3537 ι

1888 3552 1991 3606 Illa
2016 3564 2181 3608 autem
2211 3559 2255 3609 si
2302 3575 2401 3612 non
2423 3560 2525 3613 vult
2548 3562 2780 3619 habitare
2807 3582 2919 3621 cum
2941 3584 2998 3621 eo
3027 3572 3133 3624 viro
3162 3574 3245 3625 cui
3273 3584 3344 3628 est

1811 3640 2137 3706 desponsata,
2168 3644 2415 3699 reddatur
2432 3650 2479 3701 ei
2508 3652 2721 3717 pecunia
2748 3669 2903 3721 quam
2921 3657 3081 3721 dedit,
3120 3668 3167 3712 et
3197 3663 3345 3716 tertia

1809 3742 1929 3791 pars
1956 3727 2196 3781 addatur.
2246 3730 2444 3785 Tamen
2469 3744 2682 3789 sanctus
2710 3737 2990 3807 Gregorius
3018 3742 3230 3811 Magnus
3255 3748 3347 3801 dc-

1812 3821 1898 3866 eet
1935 3813 2025 3868 lib.
2058 3832 2132 3879 v1,
2169 3832 2250 3886 ep.
2278 3819 2368 3883 20,
2400 3821 2767 3891 desponsatam
2798 3827 2849 3883 in
2884 3834 3203 3887 monasterio
3225 3851 3346 3889 con-

1810 3914 2015 3955 versant
2048 3904 2195 3988 nullo
2241 3907 2431 3961 damno
2482 3910 2824 3972 tnuluudam.
2872 3933 2891 3964 ι
2926 3917 3087 3981 Quia,
3142 3920 3343 3988 inquit,

1810 3987 2019 4042 decreta
2064 3983 2246 4059 legalia
2298 3993 2683 4061 desponsatam,
2725 4001 2769 4052 si
2814 4005 3053 4056 converti
3094 3983 3341 4070 voluerit,

1809 4077 1951 4132 nullo
1979 4081 2192 4135 omnino
2222 4094 2541 4145 censuerunt
2565 4088 2759 4143 damno
2788 4089 3001 4147 multari
3052 4093 3103 4146 in
3155 4097 3337 4151 codice

1809 4165 1875 4221 de
1900 4168 2162 4237 episcopis
2180 4176 2233 4223 et
2257 4168 2485 4233 clericis,
2516 4172 2631 4241 lege
2657 4174 2745 4239 36,
2801 4177 2929 4245 quid
2973 4188 3165 4234 nostrae
3194 4198 3342 4237 man-

1811 4246 2077 4309 suetudini
2107 4255 2375 4326 religionis
2395 4262 2717 4315 contrarium
2746 4277 2864 4318 esse
2888 4266 3058 4345 visum
3085 4276 3184 4322 est.
3215 4290 3233 4322 ι

1879 4339 2019 4395 Puer
2070 4361 2227 4413 usque
2254 4345 2323 4399 ad
2363 4347 2653 4425 quindecim
2702 4366 2864 4405 annos
2902 4354 2967 4406 sit
2999 4339 3048 4407 ,ί
3074 4393 3097 4407 ,ς
3123 4365 3243 4410 tunc
3288 4377 3342 4413 se

194 4420 458 4491 inﬁnitum,
507 4428 634 4496 quia
652 4429 698 4483 si
734 4430 888 4484 hodie
932 4434 1134 4487 viveret
1180 4433 1368 4499 Adam,
1420 4452 1539 4491 cum
1568 4441 1708 4497 nulla

1810 4430 1977 4500 ipsum
1998 4442 2160 4499 potest
2188 4436 2492 4490 monachum
2513 4420 2714 4505 facere:
2735 4440 2907 4507 puella
2925 4458 3039 4497 vero
3067 4446 3344 4513 sexdecim,

194 4521 355 4578 posset
372 4516 705 4571 contrahere.
746 4516 803 4571 In
832 4517 967 4571 linea
979 4532 1106 4573 vero
1128 4526 1446 4586 transversa,
1468 4526 1629 4583 etiam
1655 4528 1708 4585 in

193 4601 591 4671 Ieptimo'gradu
625 4604 889 4662 dirimitur
932 4606 1344 4662 matrimonium.
1404 4611 1706 4681 Dispensari

192 4689 562 4756 tamenpotess,
583 4689 677 4755 sed
717 4705 747 4743 a
768 4690 878 4743 solo
905 4705 1036 4758 papa
1064 4705 1079 4745 :
1133 4701 1187 4746 et
1216 4700 1418 4751 tantum
1443 4698 1581 4754 ultra
1600 4709 1707 4754 ter-

194 4768 309 4825 tium
323 4774 542 4842 gradum
564 4812 582 4839 ,
609 4775 737 4843 quia
782 4776 838 4829 in
858 4776 973 4845 lege
1004 4777 1269 4833 inhibetur
1317 4790 1619 4842 contractus
1652 4787 1735 4844 in'

192 4855 366 4941 primo,
394 4861 628 4915 secundo
647 4868 703 4915 et
735 4861 891 4916 tertio
915 4861 1100 4941 gradu:
1148 4861 1287 4931 Papa
1317 4876 1493 4921 autem
1520 4881 1703 4928 contra

192 4936 786 5020 legemetEvangeliunt,
805 4955 865 5003 ut
891 4936 1133 5016 superius
1148 4949 1348 5007 dictum
1373 4964 1471 5020 est,
1497 4957 1706 5028 dispen-

194 5042 417 5090 sarenon
428 5042 622 5104 potest.
1127 5095 1139 5110 ο

251 5117 483 5178 Leaenae
501 5130 774 5197 antequam
789 5124 947 5188 intres
972 5126 1029 5178 in
1056 5126 1341 5180 ecclesiam.
1388 5130 1668 5201 Gregorius
1686 5136 1703 5188 Ι

193 5199 239 5255 in
263 5209 681 5279 ηφοηιίοιιοιο
705 5211 772 5272 ad
791 5211 1257 5283 interrogationem
1277 5199 1525 5286 Augusti:
1559 5240 1577 5272 ι
1614 5225 1708 5278 vu-

195 5300 349 5378 aoten
361 5312 483 5359 eum
497 5300 713 5369 propria
729 5298 949 5368 continge
968 5300 1256 5367 dormiens,
1287 5305 1389 5359 nisi
1411 5306 1547 5365 lotus
1567 5325 1704 5378 aqua

194 5374 372 5440 tum.
396 5384 677 5445 ecclesiam
702 5401 809 5443 non
828 5387 1001 5457 debet,
1031 5386 1122 5444 sed
1142 5402 1314 5458 neque
1342 5389 1482 5448 lotus
1507 5374 1703 5452 intrare

195 5470 351 5526 statim
368 5474 546 5540 debet,
567 5481 671 5531 etc.
707 5492 728 5526 ι
776 5474 843 5533 Et
864 5475 1021 5546 paulo
1039 5485 1159 5546 post
1183 5476 1419 5535 declarat
1444 5481 1705 5540 Romano-

194 5564 291 5610 rum
316 5574 431 5614 esse
449 5576 605 5617 usuin
630 5562 698 5616 ab
721 5562 1104 5630 antiquioribus
1126 5575 1418 5635 acceptum.
1456 5589 1476 5630 ι
1508 5571 1705 5630 Roma.

193 5650 357 5701 eorum
386 5654 562 5702 tamen
586 5662 793 5718 semper
809 5648 876 5703 ab
891 5651 1278 5719 antiquioribus
1301 5670 1429 5711 usus
1448 5658 1569 5725 fuit,
1583 5673 1704 5731 post

1811 4518 1889 4572 vel
1909 4522 2281 4589 septemdecim.
2346 4523 2572 4579 Sanctus
2595 4525 2818 4582 Basilius
2844 4530 2897 4583 in
2921 4532 3071 4598 epist.
3118 4533 3183 4590 ad
3213 4535 3342 4590 Am-

1807 4606 2157 4674 philochium,
2204 4625 2323 4669 can.
2373 4612 2464 4665 18:
2533 4630 2553 4662 ι
2594 4600 2955 4672 Prefessiones
2975 4628 3147 4675 autem
3174 4624 3242 4679 ab
3276 4638 3342 4680 eo

1808 4701 2045 4763 tempore
2085 4687 2399 4763 iudicamus,
2440 4714 2544 4768 quo
2582 4708 2707 4755 aetas
2728 4704 2947 4761 rationis
2990 4710 3340 4776 complean

1808 4788 1921 4840 tum
1946 4783 2210 4839 habuerit.
2281 4785 2395 4841 Non
2422 4790 2563 4842 enim
2594 4790 2821 4857 pueriles
2844 4809 3000 4851 voces
3043 4799 3255 4856 omnino
3280 4801 3337 4862 in

1804 4867 1889 4931 his
1917 4882 2037 4926 esse
2062 4877 2205 4925 ratas
2247 4874 2549 4939 existimare
2574 4885 2811 4945 oportet:
2859 4882 2950 4936 sed
2976 4897 3094 4940 eam
3114 4897 3230 4952 qua!
3248 4903 3337 4947 su.

1804 4967 1900 5024 pra
1928 4957 2194 5040 sexdecim
2214 4957 2299 5017 vel
2345 4962 2719 5028 septemdecim
2770 4980 2939 5023 annos
2980 4978 3103 5025 nata
3153 4969 3333 5040 (inerit,

1805 5041 2128 5110 rationisque
2148 5041 2368 5113 'compos
2391 5047 2542 5102 etdiu
2562 5048 2864 5111 examinata
2878 5056 3201 5125 probataque
3215 5075 3336 5127 per.

1802 5132 2142 5197 severaverit,
2161 5141 2284 5190 etut
2310 5135 2617 5193 admittatur
2642 5141 2885 5209 precibus
2911 5148 3197 5211 contendit,
3219 5156 3332 5213 tuin

1801 5228 2009 5287 oportet
2046 5220 2100 5279 in
2146 5237 2417 5278 sacrarum
2466 5226 2727 5295 virginum
2784 5230 3079 5301 catalogus:
3123 5234 3329 5306 refeni,

1797 5310 2017 5378 eiusque
2055 5309 2441 5368 confessionem
2472 5314 2836 5382 comprobare,
2870 5327 2926 5377 et
2947 5318 3085 5379 illius
3105 5321 3333 5379 inﬁrma.

1800 5397 1999 5457 tionem
2051 5400 2450 5455 inexorabiliter
2496 5401 2704 5468 punire.
2751 5403 2941 5461 Multas
2957 5408 3098 5462 enim
3142 5424 3330 5478 paren-

1796 5494 1880 5541 tes
1915 5495 1968 5540 et
1987 5486 2181 5543 fratres
2196 5488 2440 5551 oderunt,
2463 5497 2518 5543 et
2563 5488 2775 5558 quidam
2799 5508 2980 5549 eorum
3006 5498 3094 5564 qui
3122 5513 3213 5554 eas
3241 5516 3330 5555 eos

1796 5575 2043 5645 gnatione
2066 5577 2348 5646 attingunt,
2392 5586 2517 5632 ante
2548 5586 2757 5653 aetatem
2790 5595 2893 5634 non
2911 5596 2978 5636 ex
3006 5599 3068 5639 se
3111 5587 3239 5656 ipsis
3257 5587 3327 5645 ad

1798 5661 2099 5719 delibatum
2144 5664 2408 5729 incitatas,
2455 5667 2546 5720 sed
2589 5665 2785 5732 aliquid
2831 5669 2969 5733 quod
3013 5670 3078 5724 ad
3131 5673 3266 5729 victv
