3974 6428
658 474 788 530 “59

1707 471 1793 525 Ab
1829 471 2349 526 i‘ClZNlTENTIALE
2387 471 2722 526 TIIEODORI

3619 104 3672 136 εκ,
3687 104 3913 204 Ἠ

3813 163 3822 172 ι

3813 163 3822 172 ι

3641 473 3765 535 H60

652 599 800 640 suum
820 582 1409 652 pertinetprocurantes,
1431 596 1561 648 quas
1582 597 1686 634 non
1714 582 1862 635 facile
1894 585 2166 636 admittere
2193 587 2237 641 Α
2267 582 2561 649 nuptiarum
2594 595 2694 647 cst,
2723 582 2831 650 jam
2881 595 3080 636 matura
3121 583 3183 636 ad
3211 599 3382 649 usum,
3445 585 3627 638 melius
3653 601 3768 639 esse

651 676 871 739 oportet,
911 666 1070 720 donec
1117 676 1294 734 aperte
1338 669 1602 735 propriam
1648 683 1790 720 suam
1843 671 2155 722 sententiam

650 757 957 827 perscrutati
1002 755 1270 809 fuerimus.
1301 776 1319 806 ι
1377 757 1475 820 Qui
1527 772 1688 810 canon
1715 759 1903 810 citatur
1929 774 1957 811 a
1986 761 2158 833 conci-

651 847 719 898 lio
749 844 1070 908 Quiuisexto,
1106 859 1223 896 can.
1256 844 1341 896 40.
1393 845 1615 899 Sanctus
1641 847 1965 909 Ambrosius,
1992 850 2079 901 lib.
2098 867 2155 904 ιιι

649 935 710 986 de
730 929 1075 998 Virginibus:
1132 947 1150 977 ι
1196 929 1356 983 Aiunt
1395 933 1551 984 etiam
1579 933 1812 1000 plerique
1859 938 2158 992 maturioris

647 1017 815 1068 inlatis
846 1017 1074 1084 virgines
1119 1029 1234 1069 esse
1271 1017 1532 1071 velandas.
1602 1019 1776 1086 Neque
1823 1036 1918 1090 ego
1942 1024 2006 1074 ab
2031 1039 2152 1087 uno,

649 1103 987 1158 sacerdotalis
1031 1118 1146 1157 esse
1186 1105 1441 1158 cautionis
1471 1106 1680 1168 debere,
1721 1116 1776 1160 ut
1808 1124 1910 1161 non
1965 1119 2157 1162 temere

644 1192 812 1258 puella
860 1192 1074 1245 veletur.
1129 1193 1338 1261 Spectet
1386 1194 1555 1263 plane,
1591 1205 1788 1264 spectet
1835 1207 2038 1266 aetatem
2067 1211 2154 1250 sa-

645 1282 846 1343 cerdos,
899 1280 987 1332 sed
1014 1282 1129 1334 ﬁdei
1159 1282 1239 1335 vel
1291 1283 1532 1350 pudoris;
1577 1293 1773 1352 spectet
1814 1291 1866 1337 et
1887 1285 2159 1337 maturita-

647 1376 749 1421 tem
779 1370 1132 1433 verecundim;
1177 1372 1438 1424 examinet
1459 1374 1725 1440 gravitatis
1753 1375 2016 1436 canitiem,
2047 1389 2157 1428 mo-

645 1466 760 1503 rum
798 1461 1076 1515 senectam,
1108 1454 1369 1521 pudicitiae
1400 1471 1581 1520 annos,
1637 1459 1837 1512 animos
1881 1462 2152 1514 castitatis.

642 1539 834 1592 Tamen
857 1541 1040 1594 deinde
1061 1543 1102 1594 si
1129 1543 1311 1596 matris
1350 1552 1457 1596 tuta
1484 1548 1739 1610 custodia,
1772 1549 2018 1600 comitum
2067 1564 2153 1601 so-

640 1624 753 1676 bria
804 1627 1086 1690 sedulitas;
1132 1629 1173 1682 si
1217 1630 1326 1683 lucc
1352 1639 1698 1697 prmstosunt,
1749 1649 1850 1687 non
1882 1635 2028 1687 deest
2051 1635 2157 1686 vir-

638 1713 740 1780 gini
788 1705 1013 1783 longaeva
1059 1717 1314 1780 canities;
1375 1719 1417 1772 si
1478 1719 1586 1772 hzec
1634 1721 1839 1784 desunt,
1886 1721 2157 1773 dilTeratur

637 1803 805 1868 puella
828 1805 998 1870 potius
1032 1805 1263 1858 moribus
1301 1820 1458 1873 quam
1497 1808 1665 1858 annis.
1729 1807 1841 1860 Non
1877 1822 2004 1875 ergo
2027 1816 2153 1861 tetas

2256 679 2314 722 ut
2341 672 2621 724 secumlum
2650 686 2948 724 concessam
2975 671 3138 737 legem
3178 671 3379 738 publice
3402 671 3584 732 nubat,
3610 687 3765 739 quam

2253 759 2452 810 occulte
2507 760 2728 824 turpiter
2778 767 2896 825 agat
2954 758 3122 817 istud,
3169 766 3220 809 et
3268 759 3608 812 ernbescntur
3657 758 3762 819 illa,

2252 851 2351 895 etc.
2387 863 2402 892 ι
2437 845 2503 894 Et
2539 844 2695 910 paulo
2721 853 2838 910 post
2868 861 2879 894 :
2915 860 2932 892 ι
2970 843 3074 896 lloc
3103 844 3248 906 dicit,
3274 851 3331 896 ut
3376 845 3463 911 qui
3509 845 3763 910 virginem

2255 932 2407 982 habet
2435 932 2516 983 cui
2558 931 2761 983 animus
2785 931 2850 984 ad
2898 931 3102 998 nuptias
3125 946 3228 982 non
3253 940 3355 993 est,
3385 940 3558 985 servet
3582 933 3722 984 illam
3747 950 3759 982 ε

2253 1033 2350 1069 nec
2397 1018 2470 1069 illi
2521 1020 2722 1087 ingerat
2781 1019 3008 1072 fomitem
3062 1021 3382 1087 nuptiarum,
3422 1034 3579 1086 quam
3629 1022 3768 1074 videt

2253 1105 2475 1164 nubendi
2521 1107 2832 1160 voluntatem
2859 1123 2960 1160 non
3013 1108 3223 1160 habere.
3275 1106 3529 1161 Beneﬁcia
3553 1109 3691 1161 enim
3719 1109 3762 1161 si

2253 1191 2539 1256 praestanda
2569 1202 2708 1255 sunt,
2737 1201 2929 1259 quanto
2957 1193 3119 1260 magis
3157 1193 3368 1246 minime
3394 1193 3698 1247 auferenda.
3736 1214 3754 1246 ι

2254 1275 2476 1330 Sanctus
2524 1278 2866 1347 Hieronymus
2891 1281 2941 1332 in
2985 1281 3166 1332 eadem
3209 1281 3410 1334 verba:
3448 1298 3466 1330 ι
3495 1281 3605 1335 Hoc
3655 1283 3767 1336 loco

2252 1379 2352 1416 non
2400 1373 2644 1432 parentes
2667 1367 2794 1419 dicit
2819 1367 3077 1435 virginum
3125 1367 3383 1421 filiarum:
3411 1384 3579 1438 neque
3625 1374 3763 1426 enim

2251 1452 2524 1517 potestatis
2578 1451 2781 1520 illorum
2831 1461 3001 1520 potest
3051 1468 3166 1507 esse
3219 1457 3538 1521 propositum
3585 1458 3766 1512 alienae

2253 1538 2589 1590 continentia:
2627 1556 2638 1590 :
2691 1540 2784 1592 sed
2833 1555 3252 1608 unumquemque
3300 1542 3493 1598 habere
3543 1545 3768 1612 propriae

2253 1627 2424 1678 carnis
2451 1627 2720 1678 arbitrium
2741 1642 2857 1679 eam
2881 1628 3229 1694 incorruptam
3258 1613 3489 1692 servare,
3527 1639 3654 1693 etc.,
3682 1631 3767 1684 ille

2253 1711 2434 1764 tirmus
2478 1714 2675 1774 statuit,
2723 1714 2868 1778 cujus
2914 1714 3098 1782 puellae
3143 1730 3428 1770 consensus
3476 1719 3642 1785 patris
3682 1718 3766 1772 lir-

2252 1798 2472 1849 maverit
2497 1799 2832 1851 voluntatem.
2871 1818 2888 1849 ι
2925 1799 3166 1869 Synodus
3185 1803 3356 1853 sancti
3383 1801 3617 1864 Patricii,
3643 1817 3758 1856 can.

638 1888 874 1954 rejicitur
893 1891 1176 1953 ﬂorentior,
1207 1893 1297 1947 sed
1320 1893 1524 1945 animus
1555 1894 1900 1948 examinatur.
1935 1915 1952 1945 ι
2017 1895 2154 1949 Con-

2253 1886 2310 1938 27
2345 1901 2358 1936 :
2389 1886 2533 1950 Quod
2557 1887 2665 1939 vult
2704 1897 2874 1954 pater,
2902 1868 3057 1940 faciat
3075 1889 3241 1954 virgo,
3261 1889 3382 1955 quia
3398 1898 3552 1957 caput
3581 1891 3765 1943 mulie-

636 1977 812 2030 cilium
834 1979 1372 2055 Ctesaraugustanum,
1422 1997 1468 2035 c.
1498 1984 1528 2036 8
1559 1998 1572 2034 :
1623 2001 1640 2032 ι
1671 1983 1796 2037 item
1835 1985 2022 2039 lectum
2051 1996 2150 2047 est,

637 2081 738 2118 non
768 2067 1013 2120 velandus
1041 2083 1156 2122 esse
1189 2068 1415 2138 virgines
1435 2085 1548 2143 quae
1572 2085 1627 2124 se
1648 2059 1753 2125 Deo
1769 2074 2026 2136 voverint,
2051 2075 2152 2127 nisi

642 2156 980 2224 quadraginta
1012 2171 1262 2210 annorum
1287 2159 1506 2224 probata
1532 2167 1701 2222 aetate,
1729 2174 1884 2225 quam
1913 2162 2153 2223 sacerdos

638 2248 1073 2312 comprobaverit.
1111 2247 1190 2301 Ab
1234 2250 1492 2302 universis
1531 2249 1789 2316 episcopis
1821 2249 2015 2302 dictum
2051 2261 2148 2313 est,

637 2329 830 2383 Placet.
855 2350 870 2380 ι
906 2333 1189 2385 Concilium
1215 2349 1267 2385 ιιι
1293 2332 1715 2401 Carthaginense,
1744 2349 1860 2387 can.
1889 2336 1948 2388 ὃς
1977 2353 1995 2384 ι
2026 2336 2152 2390 Item

641 2418 830 2485 placuit
861 2429 915 2471 ut
945 2429 1064 2474 ante
1079 2423 1501 2490 vigintiquinque
1526 2437 1688 2475 annos
1716 2439 1810 2476 nec
1831 2405 2034 2477 diaconi
2062 2440 2152 2479 or-

641 2505 902 2570 dinentur,
940 2522 1035 2560 nec
1065 2509 1290 2577 virgines
1315 2518 1706 2563 consecrentur.
1754 2530 1771 2560 ι
1828 2509 2027 2564 Concil.
2068 2513 2155 2565 illi-

640 2589 919 2644 levitanum
967 2609 1025 2656 ιι,
1063 2610 1109 2646 c.
1143 2594 1247 2646 26:
1306 2613 1322 2643 ι
1350 2596 1478 2648 Item
1521 2595 1715 2662 placuit
1755 2605 1812 2648 ut
1861 2581 2157 2666 quicunque

639 2674 1016 2741 episcoporum,
1056 2679 1366 2732 necessitate
1404 2680 1747 2747 periclitantis
1764 2681 2024 2752 pudicitia:
2051 2685 2154 2738 vir-

640 2760 824 2824 ginalis
871 2763 1009 2826 (cum
1035 2765 1114 2816 vel
1168 2766 1358 2832 petitor
1384 2775 1587 2834 potens,
1625 2768 1706 2820 vel
1751 2759 1929 2836 raptor
1963 2769 2153 2837 aliquis

643 2849 967 2916 formidatur,
1015 2855 1093 2907 vel
1117 2856 1158 2908 si
1186 2856 1344 2908 etiam
1368 2857 1540 2924 aliquo
1565 2858 1748 2909 mortis
1793 2859 2033 2925 scrupulo
2066 2874 2156 2927 pe-

639 2938 864 2992 riculoso
895 2949 1199 3007 compuncta
1236 2941 1410 3004 fuerit,
1446 2957 1511 2995 ne
1544 2957 1646 2994 non
1676 2943 1843 2995 velata
1879 2945 2149 3008 moriatur,

644 3035 732 3079 aut
765 3027 1088 3095 exigentibus
1124 3029 1440 3095 parentibus,
1498 3039 1586 3082 aut
1614 3032 1694 3083 his
1723 3032 1786 3082 ad
1816 3046 2036 3098 quorum
2063 3049 2154 3087 cu-

638 3128 752 3166 ram
782 3114 1044 3182 pertinct),
1074 3115 1320 3168 velavcrit
1339 3115 1611 3185 virginem,
1661 3132 1752 3170 seu
1782 3118 1972 3171 velavit
2018 3120 2152 3173 intra

640 3203 818 3270 viginti
849 3202 1071 3270 quinque
1094 3217 1255 3256 annos
1277 3204 1465 3264 aetatis,
1498 3219 1598 3256 non
1619 3204 1666 3256 ei
1690 3205 1827 3258 obsit
1851 3205 2144 3268 concilium,
2179 3169 2224 3232 α

638 3289 775 3356 quod
799 3288 861 3340 de
886 3289 986 3342 isto
1006 3304 1258 3341 annorum
1279 3302 1496 3342 numero
1515 3290 1851 3344 constitutum
1873 3300 1972 3344 est.
2002 3310 2019 3342 ι
2053 3292 2149 3357 Qui

639 3391 804 3429 canon
828 3375 1050 3428 refertur
1078 3377 1127 3427 in
1158 3378 1359 3441 integro
1403 3377 1581 3429 codice
1609 3377 1855 3431 Ecclesia:
1875 3378 2150 3443 Africanae,

638 3481 755 3517 can.
790 3463 903 3516 l26.
960 3463 1247 3516 Concilium
1271 3463 1585 3532 Agathense,
1615 3479 1732 3516 can.
1757 3464 1822 3518 l9
1849 3481 1863 3516 :
1904 3483 1921 3513 ι
1941 3463 2152 3519 Sancti-

638 3551 912 3612 moniales,
966 3550 1248 3618 quamlibet
1290 3551 1396 3604 vita
1424 3565 1603 3605 earum
1639 3559 1692 3604 et
1735 3567 1909 3606 mores
1949 3553 2152 3620 probati

644 3640 770 3700 sint,
803 3648 921 3690 ante
935 3653 1124 3690 annum
1151 3639 1315 3692 anatis
1340 3654 1446 3692 sua:
1466 3640 1918 3708 quadragesimum
1946 3655 2046 3694 non
2074 3656 2148 3694 vc-

563 3734 568 3738 ‘
641 3725 830 3775 lentur.
867 3744 882 3774 ι
919 3724 1136 3776 Sanctus
1159 3725 1440 3793 Gregorius
1467 3726 1518 3776 in
1543 3725 1725 3788 lib.m,
1757 3741 1836 3793 ep.
1864 3728 1955 3779 ll:
1986 3747 2004 3777 ι
2032 3727 2150 3780 Nul—

643 3809 748 3862 lam
775 3809 932 3876 igitur
964 3807 1258 3862 fraternitas
1281 3817 1387 3872 tua,
1431 3811 1532 3862 nisi
1571 3812 1959 3878 sexagenariam
1995 3813 2155 3880 virgi-

643 3909 782 3956 nem,
815 3894 962 3960 cujus
989 3902 1112 3947 :ctas
1151 3895 1249 3947 hoc
1276 3903 1430 3962 atque
1459 3911 1631 3949 mores
1670 3897 1957 3965 exegerint,
1995 3897 2154 3951 velari

597 3987 600 3990 ’
642 3981 922 4048 permittat.
961 3999 977 4029 ι
1014 3981 1088 4032 Es
1110 3982 1292 4046 quibus
1313 3982 1557 4035 omnibus
1574 3984 1846 4037 manifeste
1871 3985 2038 4052 colligi
2065 4002 2155 4053 po-

643 4073 743 4117 test
767 4064 830 4116 de
855 4063 1144 4130 hujusmodi
1171 4068 1322 4118 rebus
1349 4082 1442 4133 pro
1454 4068 1616 4121 variis
1640 4068 2048 4122 circumstantiis
2076 4086 2157 4124 re-

643 4151 824 4219 ligiose
860 4151 1354 4216 essejudicandum;
1417 4163 1470 4204 at
1494 4155 1717 4207 maxime
1757 4157 2042 4208 cavendum
2091 4172 2156 4210 nc

649 4241 911 4293 iufantulm
937 4242 1105 4293 :etatis
1140 4241 1373 4308 puellulae
1425 4244 1680 4321 velentur,
1737 4253 2012 4312 antequam
2057 4247 2156 4302 illa:

651 4329 842 4396 eligere
863 4329 1027 4381 sciant
1055 4331 1176 4396 quid
1202 4331 1376 4392 velint,
1405 4339 1462 4383 ut
1487 4331 1969 4398 praecipiuntCaroli
1985 4335 2152 4404 Magni

649 4415 1000 4466 ecclesiastica
1015 4414 1270 4480 Capitula,
1301 4431 1414 4481 cap.
1443 4416 1525 4477 H,
1548 4424 1598 4468 et
1626 4417 1868 4470 Ludovici
1888 4419 1963 4471 Pii
1995 4421 2155 4487 impe—

579 4498 581 4501 ’
660 4505 842 4555 ratoris
880 4504 1172 4570 Capitulare
1200 4505 1250 4565 l,
1287 4519 1400 4572 cap.
1437 4505 1521 4565 26,
1576 4507 1659 4557 ubi
1689 4507 1898 4572 quidam
1931 4524 2157 4563 canones

655 4602 809 4654 supra
831 4588 973 4638 citati
998 4587 1311 4640 referuntur.

720 4673 841 4724 Post
878 4682 1041 4724 autem
1082 4675 1209 4725 lianc
1263 4684 1458 4726 mtatcm
1505 4679 1636 4742 patri
1687 4694 1785 4730 non
1844 4679 1956 4731 licet
1996 4681 2155 4747 ﬁliam

651 4777 795 4814 suam
837 4769 1009 4811 contra
1057 4762 1164 4826 ejus
1194 4761 1491 4812 voluntatem
1520 4764 1569 4813 in
1608 4766 1982 4818 matrimonium
2014 4767 2155 4819 dare.

654 4847 788 4912 Ergo
827 4853 945 4898 ante
991 4846 1126 4897 hanc
1149 4854 1350 4898 :etatem
1378 4846 1582 4900 licebat.
1640 4849 1804 4912 Quam
1837 4853 2158 4920 disciplinam

654 4930 858 4981 videtur
895 4930 1124 4982 indicare
1175 4930 1548 4992 Theodorctus,
1601 4935 1690 5000 qui
1716 4935 1793 4988 sic
1815 4940 2029 5004 exponit
2074 4940 2160 4994 illa

654 5017 811 5067 verba
845 5016 1069 5082 epistolae
1096 5017 1200 5069 [ad
1221 5016 1450 5070 Corinth.
1483 5034 1495 5068 :
1531 5038 1548 5068 ι
1582 5020 1635 5073 Si
1672 5023 1789 5089 quis
1827 5032 1998 5077 autem
2048 5033 2158 5079 tur-

657 5117 772 5170 pem
815 5115 872 5154 se
921 5101 1084 5154 videri
1120 5105 1382 5156 existimat
1431 5118 1584 5170 super
1635 5108 1834 5176 virgine
1870 5125 1982 5172 sua,
2025 5113 2160 5178 quod

660 5191 725 5243 sit
779 5190 1123 5257 superadulta,
1176 5200 1229 5242 et
1261 5191 1336 5242 ita
1377 5199 1581 5258 oportet
1606 5193 1739 5256 fieri,
1780 5197 1916 5264 quod
1953 5198 2064 5251 vult
2087 5198 2164 5250 fa-

663 5276 767 5327 ciat
795 5292 808 5325 :
836 5289 941 5327 non
976 5284 1176 5342 peccat,
1199 5277 1240 5327 si
1284 5277 1462 5329 nubat.
1526 5279 1619 5342 Qui
1666 5295 1810 5345 vero,
1833 5285 2022 5352 inquit,
2067 5300 2172 5340 cm-

664 5360 875 5414 libatum
901 5360 1138 5414 dedecori
1195 5363 1352 5425 ducit,
1407 5373 1460 5416 et
1488 5379 1547 5416 ea
1589 5367 1653 5418 de
1675 5382 1829 5420 causa
1872 5371 1984 5424 vult
2008 5372 2167 5424 tiliam

665 5447 855 5502 marito
892 5447 1128 5518 iungere,
1178 5446 1332 5502 faciat
1367 5453 1503 5516 quod
1552 5454 1772 5506 videtur.
1823 5474 1840 5504 ι
1879 5456 1982 5510 Sed
2017 5459 2170 5511 aliter

667 5541 928 5600 exponunt
963 5535 1068 5587 alii.
1112 5534 1337 5589 Hilarius
1370 5539 1617 5593 diaconus
1671 5541 1722 5592 in
1774 5540 2053 5608 Epistolam
2102 5547 2168 5599 ad

668 5619 897 5676 Corinth.
922 5622 962 5685 1,
999 5638 1111 5688 cap.
1165 5640 1236 5676 vn
1262 5644 1272 5676 :
1303 5644 1319 5673 ε
1358 5625 1412 5677 Si
1443 5641 1566 5692 ergo
1608 5630 1777 5696 aliqua
1829 5631 1880 5680 in
1907 5631 2167 5688 desiderio

2252 1974 2325 2025 ris
2355 1974 2449 2025 vir.
2481 1973 2582 2026 Sed
2609 1975 2917 2040 requirenda
2939 1983 3019 2027 est
3043 1989 3072 2025 a
3097 1984 3244 2040 patre
3272 1974 3506 2027 voluntas
3529 1976 3764 2043 virginis,

2249 2063 2371 2115 dum
2399 2063 2532 2115 Deus
2554 2062 2780 2128 reliquit
2801 2061 3061 2116 hominem
3089 2063 3142 2116 in
3173 2077 3326 2116 manu
3350 2063 3552 2117 consilii
3578 2065 3680 2116 sui.
3741 2083 3758 2115 ι

2821 2168 3042 2223 CAPUT
3075 2169 3184 2223 XII.

2729 2237 2800 2289 De
2821 2240 2974 2290 servis
2997 2249 3042 2290 et
3073 2239 3290 2299 ancillis,

2322 2319 2497 2375 Sinon
2523 2332 2680 2391 potest
2725 2325 2905 2376 redimi
2946 2341 3060 2392 quin
3097 2326 3150 2376 in
3174 2327 3374 2377 servitia
3411 2334 3506 2388 est,
3528 2324 3681 2377 libero
3703 2325 3764 2376 lic

2251 2418 2325 2460 ret
2356 2411 2627 2476 ingenuam
2660 2411 2980 2477 conjungere.
3011 2411 3206 2465 Concil.
3239 2411 3621 2475 Vermeriense,
3647 2426 3760 2465 can.

2251 2498 2284 2548 6
2317 2516 2328 2547 :
2359 2514 2377 2545 ι
2422 2497 2478 2548 Si
2503 2497 2619 2563 quis
2655 2497 2910 2564 ingenuus
2949 2499 3105 2551 homo
3127 2499 3366 2552 ancillam
3415 2513 3632 2552 uxorem
3685 2513 3766 2552 ac-

2251 2585 2449 2652 ceperit
2486 2599 2581 2652 pro
2637 2586 2878 2653 ingenua,
2928 2586 2970 2640 si
3006 2587 3115 2653 ipsa
3163 2586 3354 2640 femina
3398 2595 3576 2654 postea
3613 2585 3767 2640 fuerit

2253 2672 2520 2732 inservita,
2575 2673 2616 2724 si
2660 2673 2843 2725 redimi
2873 2687 2975 2726 non
3016 2681 3206 2740 potest,
3251 2674 3295 2726 si
3319 2674 3389 2726 ita
3435 2672 3677 2732 voluerit,
3707 2671 3765 2724 ii-

2251 2765 2366 2810 ceat
2387 2759 2436 2810 ei
2484 2759 2638 2811 aliam
2689 2760 2940 2825 accipere.
2986 2759 3238 2813 Similiter
3280 2767 3335 2812 et
3383 2757 3568 2811 mulier
3615 2758 3756 2827 inge-

2251 2859 2354 2896 nua
2381 2844 2425 2897 si
2450 2860 2657 2898 servum
2683 2847 2902 2914 accipiat
2925 2863 3020 2914 pro
3058 2849 3302 2916 ingenuo,
3348 2856 3402 2901 et
3443 2859 3624 2916 postea
3669 2862 3763 2916 pro

2253 2931 2599 3000 qualicunque
2645 2948 2801 2986 causa
2829 2935 3108 2988 inscrvitus
3153 2934 3345 3000 fuerit;
3390 2936 3488 2990 nisi
3527 2951 3624 3004 pro
3652 2936 3765 2989 ino-

2250 3021 2353 3091 pia,
2388 3021 2522 3076 fame
2566 3033 2805 3091 cogente,
2855 3037 2911 3077 se
2937 3025 3246 3089 vendiderit,
3295 3035 3348 3077 et
3367 3026 3478 3094 ipsa
3524 3027 3625 3079 hoc
3648 3039 3767 3078 con—

2254 3105 2495 3174 senserit,
2531 3119 2584 3164 ct
2605 3112 2666 3164 de
2693 3111 2860 3177 pretio
2886 3111 2983 3164 viri
3010 3113 3090 3164 sui
3112 3127 3142 3163 a
3169 3111 3304 3164 fame
3333 3112 3549 3166 liberata
3575 3111 3761 3175 fuerit;

2253 3199 2300 3252 si
2325 3196 2573 3258 voluerit,
2610 3204 2780 3264 potest
2812 3208 2928 3248 eum
2959 3197 3239 3260 dimittere,
3269 3206 3322 3250 et
3353 3198 3397 3250 si
3420 3212 3478 3250 se
3502 3197 3768 3250 continere

2251 3301 2354 3339 non
2398 3291 2588 3353 potest,
2628 3284 2786 3336 alium
2822 3285 3029 3337 ducere.
3095 3283 3346 3338 Similiter
3373 3285 3514 3337 etde
3552 3285 3767 3338 muliere

2251 3373 2294 3423 si
2323 3385 2378 3424 se
2426 3369 2732 3431 vendiderit,
2791 3377 2844 3422 et
2870 3368 2949 3422 vir
2989 3367 3101 3434 ejus
3130 3370 3203 3422 ita
3256 3370 3601 3430 consenserit,
3651 3368 3764 3421 tali-

2253 3467 2335 3512 ter
2382 3465 2556 3526 potest
2615 3466 2774 3520 stare,
2825 3457 2867 3510 si
2916 3472 2973 3509 se
3029 3459 3401 3524 separaverint.
3459 3457 3766 3511 Paenitentia

2253 3554 2424 3598 tamen
2469 3545 2739 3598 amborum
2784 3545 3076 3597 necessaria
3103 3552 3199 3597 est.
3248 3542 3377 3596 Nam
3421 3545 3511 3612 qui
3561 3545 3627 3598 de
3655 3560 3767 3612 pre-

2251 3634 2327 3686 tio
2371 3633 2512 3700 paris
2561 3634 2640 3686 sui
2685 3632 2750 3684 de
2791 3631 2881 3684 tali
2928 3631 3239 3684 necessitate
3295 3631 3542 3685 liberatus
3586 3629 3763 3693 fuerit,

2254 3720 2304 3771 in
2341 3720 2427 3772 tali
2454 3720 2692 3787 conjugio
2719 3719 2872 3773 debet
2910 3733 3235 3787 permanere,
3257 3726 3313 3770 et
3354 3733 3456 3771 non
3511 3719 3764 3784 separari.

2252 3807 2449 3861 Concil.
2495 3808 2918 3873 Compendiense,
2953 3822 3067 3859 can.
3107 3806 3177 3859 5:
3205 3825 3224 3856 ι
3251 3807 3306 3859 Si
3330 3806 3562 3860 Francus
3609 3807 3764 3859 homo

2252 3897 2453 3964 accepit
2491 3895 2781 3958 mulierem,
2829 3903 2882 3947 et
2930 3902 3107 3962 sperat
3145 3893 3282 3960 quod
3336 3893 3558 3960 ingenua
3597 3894 3686 3955 sit,
3715 3901 3768 3945 et

2252 3994 2431 4052 postea
2458 3987 2655 4038 invenit
2681 3975 2830 4053 quod
2861 3999 2962 4039 non
2996 3992 3076 4039 est
3110 3985 3349 4052 ingenua,
3397 3983 3624 4037 dimittat
3650 4000 3764 4038 eam

2253 4073 2297 4124 si
2326 4072 2457 4134 vult,
2481 4082 2534 4124 et
2565 4072 2784 4138 accipiat
2804 4072 2974 4124 aliam.

2320 4157 2472 4210 Liber
2496 4167 2567 4210 est
2591 4175 2652 4210 ea:
2675 4175 2733 4210 ea
2758 4167 3043 4226 generatus.
3106 4157 3311 4210 Etenim
3334 4157 3482 4225 juxta
3507 4155 3759 4211 Iustinia-

2251 4246 2304 4299 ni
2350 4244 2518 4313 Instit.
2579 4245 2668 4297 lib.
2721 4261 2759 4307 ι,
2809 4244 2942 4297 titul.
2970 4243 3002 4296 4
3031 4261 3097 4307 ;-ι
3135 4243 3337 4298 Sullicit
3362 4245 3578 4297 liberam
3609 4245 3767 4298 fuisse

2252 4343 2474 4389 matrem
2523 4347 2586 4386 eo
2641 4341 2873 4399 tempore
2926 4347 3029 4400 quo
3074 4333 3322 4394 nascitur,
3387 4331 3509 4385 licet
3573 4331 3759 4384 ancilla

2253 4422 2569 4489 conceperit.
2606 4440 2624 4471 ι
2652 4420 2835 4488 Leges,
2863 4427 3113 4486 quantum
3151 4420 3261 4472 fieri
3313 4428 3502 4486 potest,
3543 4420 3652 4486 juri
3685 4434 3768 4471 na-

2262 4509 2411 4561 turali
2459 4507 2654 4572 favent,
2697 4508 2819 4577 quia
2849 4513 2908 4559 ut
2931 4507 3120 4560 dicitur
3139 4508 3290 4560 titulo
3334 4507 3386 4570 2,
3430 4525 3448 4556 ι
3476 4507 3597 4572 jure
3617 4517 3766 4561 natus

2259 4599 2354 4650 rali
2398 4612 2580 4651 omnes
2600 4599 2836 4652 homines
2861 4597 2928 4650 ab
2952 4597 3101 4650 initio
3143 4597 3290 4651 liberi
3335 4599 3700 4653 nascebantur.
3737 4619 3754 4651 ι

2261 4685 2324 4737 Ει
2350 4685 2497 4738 titulo
2523 4686 2556 4738 5
2607 4685 2677 4735 ita
2707 4685 2953 4738 deﬁnitur
2998 4685 3222 4738 servitus
3251 4704 3264 4738 :
3300 4703 3318 4735 ι
3350 4685 3443 4739 Est
3464 4688 3765 4741 constitutio

2255 4769 2390 4837 juris
2426 4772 2680 4842 gentium,
2737 4785 2836 4839 qua
2877 4771 2995 4839 quis
3041 4773 3252 4827 domino
3292 4781 3472 4826 contra
3527 4783 3765 4829 naturam

2263 4857 2551 4924 subjicitur.
2593 4876 2610 4907 ι
2636 4857 2787 4910 Unde
2828 4847 3149 4913 contrarium
3193 4874 3297 4913 non
3336 4868 3475 4914 recte
3496 4861 3686 4929 legitur
3718 4864 3765 4916 in

2261 4959 2377 5011 cap.
2398 4944 2464 4997 Ἠ
2517 4944 2655 5012 quod
2685 4945 2761 4998 sic
2785 4959 2815 4996 a
2844 4943 2909 4997 Β.
2942 4945 3004 4998 ι).
3024 4945 3163 4999 Luca
3186 4946 3625 5002 Acberioeditum
3651 4959 3763 5003 est:

2268 5047 2286 5079 ‹
2345 5030 2431 5096 qui
2461 5039 2739 5100 generatus
2773 5037 2874 5093 est,
2911 5045 3109 5084 servus.
3146 5049 3164 5081 ι

2558 5105 2566 5109 ’
2827 5115 3046 5171 CAPUT
3079 5119 3207 5173 XIII.

2639 5202 2712 5254 De
2750 5203 2955 5256 diversis
3001 5203 3387 5268 Quwstionibus.

2330 5288 2538 5355 Jejunia
2552 5287 2836 5355 legitima...
2852 5299 2968 5342 ante
2985 5290 3171 5343 Natale
3183 5289 3404 5344 Domini.
3421 5293 3548 5346 Vide
3557 5294 3765 5362 Egberti

2261 5374 2606 5428 Eboracensis
2637 5376 3012 5444 archiepiscopi
3035 5376 3321 5445 Dialogum,
3363 5379 3453 5445 qui
3476 5380 3528 5433 in
3559 5394 3767 5449 respon-

2257 5463 2401 5516 sione
2427 5464 2491 5516 ad
2519 5465 2976 5533 interrogationem
3023 5464 3088 5516 16
3145 5473 3368 5519 testatur
3386 5481 3415 5518 a
3445 5469 3764 5534 temporibus

2261 5548 2500 5603 Vitaliani
2555 5566 2698 5619 papae
2743 5561 2797 5604 et
2825 5548 3080 5605 Theodori
3122 5553 3394 5607 inolevisse
3444 5553 3496 5605 in
3541 5553 3764 5608 Ecclesia

2257 5634 2536 5704 Anglorum
2566 5638 2697 5691 hanc
2725 5639 3174 5693 consuetudinem.
3218 5659 3236 5689 ι
3289 5639 3415 5692 Nam
3444 5641 3576 5704 hac,
3604 5642 3765 5708 inquit
