3974 6422
47 122 342 174 ,τε

239 490 358 542 1161

1327 499 1874 555 ΟΒΞΕΠΥᾸΤΙΟΝΕὲ
1915 504 1998 556 ET
2037 505 2256 559 ΝΟΤᾸΞ.

3218 525 3348 575 “62

233 603 360 665 (Deo
397 605 616 674 gratias)
644 623 673 659 a
706 614 1020 676 temporibus
1048 614 1286 666 Vitaliani
1326 631 1469 682 papae
1503 627 1554 669 ct
1583 618 1742 669 Theo-
1769 618 1815 670 Λ
1843 604 1972 663 bella
2013 629 2128 666 cum
2166 618 2324 668 armis
2369 622 2736 683 processerint,
2782 625 2852 676 ita
2911 627 3352 704 tlcponattttii-,__pt

230 691 345 742 dori
394 693 801 752 Dorobernensis
848 700 1218 768 archiepiscopi
1254 703 1463 756 inolevit
1493 705 1542 755 in
1572 703 1746 756 Eccle-

231 779 311 828 sia
367 778 648 846 Anglorum
693 785 1030 846 consuetudo,
1071 797 1124 839 et
1175 791 1324 854 quasi
1379 791 1607 856 legitima
1669 800 1744 843 tc-

231 865 472 926 nebatur,
503 875 558 918 ιιι
599 883 699 920 non
729 870 893 923 solum
939 873 1113 925 clerici
1167 876 1219 926 in
1275 879 1622 939 monasteriis,
1653 880 1742 931 sed

230 952 391 1001 etiam
433 952 548 1006 laici
594 969 710 1007 cum
742 958 1046 1025 conjugibus
1073 969 1126 1011 et
1159 960 1366 1014 familiis
1408 966 1516 1017 suis
1538 966 1599 1017 ad
1622 980 1744 1017 con-

232 1036 458 1091 fcssores
495 1056 616 1094 suos
641 1047 994 1110 pervenirent,
1037 1058 1090 1100 et
1139 1065 1198 1103 se
1241 1051 1444 1105 ﬂetibus
1478 1068 1506 1104 a
1561 1068 1743 1105 eama-

229 1121 295 1174 lis
346 1128 778 1193 concupiscentia:
823 1136 1088 1186 consortio
1130 1137 1212 1190 his
1249 1139 1517 1192 duodecim
1563 1141 1743 1192 diebus

225 1224 350 1264 cum
381 1211 828 1284 eleemosynarum
879 1219 1150 1288 largitione
1187 1225 1524 1286 mundarent;
1565 1233 1743 1292 quate—

227 1313 328 1350 nus
379 1301 616 1364 puriores
651 1303 932 1360 Dominieae
959 1311 1336 1366 communionis
1361 1315 1742 1381 perceptionem

226 1387 279 1438 in
330 1388 511 1442 Natale
541 1391 743 1446 Domini
792 1397 1151 1466 perciperent;
1204 1410 1395 1467 ιιι-πίοι·
1445 1405 1556 1454 haec
1603 1419 1745 1454 nant-

223 1487 328 1539 que
359 1478 644 1532 constituta
693 1479 908 1546 jejunis,
953 1472 1143 1550 quarta
1191 1496 1242 1538 et
1276 1496 1420 1539 sexta
1451 1488 1578 1539 feria
1618 1503 1741 1554 pro-

221 1568 343 1622 pter
376 1562 669 1626 passionem
717 1565 927 1627 Christi,
982 1580 1035 1622 et
1076 1572 1312 1632 sabbato,
1353 1585 1563 1642 pr0pter
1603 1577 1744 1642 quod

221 1651 339 1714 ipso
369 1651 450 1701 die
470 1649 649 1728 jacu‘i_t_
675 1654 726 1705 in
773 1656 1008 1722 sepulcro
1053 1660 1685 1728 pleriquejejunavernnt.
1718 1683 1735 1712 ι

296 1735 456 1791 Servo
498 1739 590 1790 Dei
617 1741 901 1795 nullatenus
928 1744 1040 1797 licet
1067 1761 1310 1814 pugnare,
1363 1748 1634 1802 multorum
1683 1749 1742 1800 li-

219 1834 298 1876 cet
349 1827 412 1878 sit
451 1829 663 1880 consilio
708 1847 962 1883 servorum
1012 1834 1123 1885 Dei.
1179 1836 1391 1889 Rectius
1439 1854 1564 1891 sane
1584 1855 1740 1905 quam

218 1913 358 1976 quod
402 1915 557 1967 habet
607 1917 762 1984 capit.
824 1917 910 1979 42,
964 1935 992 1970 a
1032 1921 1094 1971 R.
1129 1921 1188 1972 D.
1223 1923 1361 1976 Luca
1414 1925 1638 1980 Aeherio
1663 1926 1740 1979 sic

217 1998 459 2050 editum:
499 2018 514 2047 ι
571 2000 784 2056 Οῐὲιίεἰε
834 2004 1126 2058 nullatenus
1173 2024 1404 2077 pugnare
1445 2011 1586 2073 licet,
1642 2015 1741 2065 nisi

217 2085 270 2136 in
312 2086 663 2152 multitudine,
707 2099 797 2141 aut
828 2091 1044 2146 consilio
1100 2108 1370 2147 servorum
1420 2096 1528 2149 Dei.
1570 2119 1587 2147 ι
1619 2097 1742 2161 Quae

217 2171 376 2225 lectio
430 2176 646 2228 omnino
673 2186 867 2245 pugnat
902 2179 1189 2233 canonibus
1231 2181 1586 2244 conciliorum,
1636 2194 1739 2236 tan

214 2274 331 2324 quae
370 2264 689 2329 przecedunt,
739 2280 1049 2332 quamqua!
1082 2270 1486 2336 subsequuntur.
1537 2273 1736 2327 Concil.

213 2347 658 2412 Chalcedonense,
700 2367 748 2405 c.
771 2354 801 2404 7
833 2371 845 2405 :
883 2373 899 2402 ι
958 2355 1060 2409 Eos
1110 2357 1198 2423 qui
1224 2359 1274 2410 in
1303 2359 1443 2411 clero
1471 2363 1627 2414 semel
1656 2379 1740 2413 or-

213 2435 376 2488 dinati
402 2446 545 2499 sunt,
596 2447 648 2491 et
674 2439 852 2493 itidem
898 2445 1199 2507 monachos,
1253 2447 1528 2499 statuimus
1555 2464 1648 2499 nec
1675 2448 1738 2498 ad

214 2520 494 2574 militarem
539 2526 944 2592 expeditionem,
995 2546 1090 2585 nec
1138 2533 1204 2584 ad
1250 2533 1738 2604 smenlaremdigni-

213 2617 373 2661 tatem
400 2626 556 2678 posse
585 2615 780 2667 venire.
822 2615 919 2679 Qui
945 2627 1120 2671 autem
1164 2620 1263 2674 hoc
1307 2621 1518 2685 audent,
1560 2636 1608 2677 et
1635 2642 1734 2676 non

209 2701 520 2764 pmnitentia
573 2701 712 2755 ducti
751 2705 816 2756 ad
848 2707 897 2758 id
943 2716 1298 2771 revertuntur,
1339 2713 1476 2777 quod
1522 2722 1736 2780 propter

212 2785 374 2839 Deum
425 2787 570 2856 prius
618 2789 900 2856 elegerant,
953 2795 1405 2848 anathematizari.
1463 2815 1481 2847 ι
1533 2800 1728 2852 Concil.

209 2876 606 2946 Andegavense,
659 2895 774 2933 can.
802 2881 867 2932 7:
907 2901 923 2931 ‹
960 2883 1145 2936 Clerici
1176 2899 1397 2952 quoque,
1443 2887 1530 2953 qui
1553 2885 1732 2940 relicto

207 2963 349 3016 clero
395 2979 452 3018 se
500 2967 563 3017 ad
591 2969 889 3020 saecularem
938 2971 1176 3023 militiam
1226 2981 1281 3025 et
1319 2973 1382 3025 ad
1409 2973 1570 3027 laicos
1602 2989 1730 3027 con-

211 3050 445 3113 tulerint,
488 3066 588 3104 non
621 3051 807 3118 injuste
829 3055 894 3106 ab
923 3056 1168 3117 Ecclesia,
1203 3074 1358 3125 quam
1384 3062 1727 3128 reliquerunt,
1757 3057 1772 3071 ’

208 3148 533 3192 amoventnr.
571 3160 588 3191 ι
621 3142 816 3195 Concil.
843 3143 1148 3198 'I‘oletanum
1189 3162 1259 3208 IV,
1292 3163 1337 3199 c.
1375 3149 1407 3199 4
1438 3163 1451 3200 :
1492 3168 1509 3199 ι
1541 3151 1726 3205 Clerici
1755 3184 1797 3241 ο

209 3224 259 3274 in
303 3240 616 3293 quacunque
654 3228 903 3280 seditione
937 3244 1082 3281 arma
1123 3232 1356 3285 volentes
1391 3237 1724 3303 sumpserint,

209 3309 288 3360 vel
314 3320 670 3376 sumpserunt,
721 3315 931 3379 reperti,
965 3318 1158 3370 amisso
1200 3320 1399 3373 ordinis
1453 3324 1530 3374 sui
1562 3327 1722 3391 grain

210 3398 260 3449 in
305 3401 680 3452 monasterium
704 3403 1021 3467 pmnitentiae
1049 3408 1442 3459 contradantur.
1474 3430 1489 3458 ι
1525 3410 1722 3465 Conc'J.

207 3483 572 3539 Germanicum
598 3503 635 3551 ι,
671 3503 718 3540 c.
748 3488 815 3540 9.:
851 3509 867 3538 ι
908 3489 1083 3544 Servis
1112 3491 1200 3544 Dei
1223 3509 1314 3560 per
1355 3497 1528 3547 omnia
1553 3511 1726 3548 arma-

206 3581 377 3626 turam
425 3584 656 3642 portare,
714 3578 792 3631 vel
839 3594 1084 3646 pugnare,
1133 3589 1222 3633 aut
1255 3584 1302 3634 in
1353 3587 1638 3638 exercitum
1669 3595 1718 3638 et

207 3663 257 3713 in
284 3664 487 3716 hostem
512 3680 731 3732 pergere
773 3669 986 3722 omnino
1021 3673 1399 3738 probilmimus.
1434 3695 1450 3724 ι
1487 3675 1726 3743 Synodus

207 3749 472 3813 Metensis,
495 3767 611 3804 can.
648 3754 710 3805 16
747 3772 758 3806 :
793 3772 810 3802 ι
850 3754 1074 3809 Utarma
1102 3759 1276 3811 clerici
1299 3777 1400 3812 non
1429 3772 1653 3827 portent.
1702 3785 1719 3814 ι

203 3837 372 3890 Caroli
422 3839 589 3907 Magni
633 3841 856 3908 capitula
897 3845 1270 3910 ecclesiastica,
1319 3863 1431 3916 cap.
1464 3849 1495 3900 4
1526 3868 1537 3901 ;
1574 3869 1591 3898 ι
1629 3852 1724 3904 Se—

204 3927 369 3977 cunda
426 3929 539 3980 vice
585 3937 798 3996 pr0pter
848 3931 1150 3999 ampliorem
1185 3935 1570 3988 observantiam
1605 3953 1728 4005 apo-

202 4014 380 4067 stolica
437 4018 766 4077 auctoritate,
802 4025 855 4067 et
905 4019 1184 4071 multorum
1225 4021 1586 4088 episcoporum
1635 4025 1730 4074 ad-

203 4103 486 4154 monitione
537 4103 796 4162 instructi,
841 4114 1241 4172 sanctorumque
1281 4122 1536 4160 canonum
1572 4123 1724 4178 regu-

202 4187 264 4240 lis
298 4190 490 4250 eo‘octi,
533 4190 770 4242 censultu
809 4191 1048 4244 videlicet
1083 4195 1314 4246 omnium
1351 4195 1602 4249 nobilium
1633 4212 1724 4249 no-

200 4284 445 4336 strorum,
496 4279 839 4345 nosmetipsos
866 4278 1208 4348 corrigentes,
1257 4285 1585 4350 posterisque
1627 4301 1720 4337 ro-

200 4364 319 4415 stris
344 4363 640 4430 exemplum
667 4368 866 4428 dantes,
919 4367 1154 4420 volumus
1181 4380 1235 4419 ut
1278 4371 1448 4423 nullus
1477 4375 1722 4426 sacerdos

1844 713 1939 748 nec
1987 699 2171 752 laicam
2233 707 2644 758 communionem
2694 709 2930 761 habeant.
2991 731 3009 760 ι
3059 701 3190 780 Ergo
3241 695 3350 782 legi

1845 787 1997 840 debet
2034 789 2169 847 sicut
2209 790 2399 844 habent
2426 792 2526 844 duo
2565 795 2768 848 codices
2793 797 3165 852 Pamitentialis
3185 800 3352 853 Theo-

1843 874 1955 925 dori
2004 893 2014 924 :
2071 892 2087 921 ι
2132 875 2294 928 Servo
2324 878 2409 930 Dei
2457 881 2748 936 nullatenus
2784 883 2905 936 licet
2934 901 3184 953 pugnam,
3215 889 3348 939 mul-

1845 968 2013 1012 torum
2043 961 2160 1012 licet
2191 965 2260 1014 sit
2299 965 2516 1017 consilio
2544 980 2807 1020 servorum
2838 971 2944 1024 Dei.
2980 989 2997 1020 ι

1910 1043 2167 1110 Infantem
2200 1063 2290 1113 pro
2315 1049 2504 1113 infante
2550 1061 2704 1118 potest
2746 1056 2861 1107 dari
2903 1058 2970 1108 ad
2992 1060 3348 1114 monasterium

1805 1156 1808 1158 η
1843 1129 1967 1182 Deo.
2013 1132 2239 1186 infantes
2281 1145 2542 1202 perpetua:
2570 1139 2850 1206 virginitati
2927 1144 3100 1197 dicare
3129 1147 3227 1198 hoc
3266 1161 3351 1198 sa-

1842 1218 1911 1270 tis
1955 1233 2069 1272 esse
2116 1223 2382 1289 antiquum
2425 1230 2477 1276 in
2526 1226 2752 1278 Ecclesia
2779 1228 3006 1282 declarat
3032 1233 3345 1300 exemplum,

1843 1306 1981 1370 quod
2027 1306 2280 1375 Sulpitius
2323 1309 2548 1364 Severus
2599 1313 2755 1364 refert
2813 1316 2862 1366 in
2901 1314 3127 1370 Historia
3179 1323 3346 1372 sancti

1845 1391 2068 1457 Martini,
2118 1411 2232 1463 cap.
2258 1397 2368 1448 20:
2406 1417 2424 1448 ι
2457 1399 2580 1463 Quae
2619 1417 2721 1463 res,
2770 1403 2953 1470 inquit,
3007 1409 3140 1472 apud
3180 1409 3347 1460 Arbo-

1845 1478 1977 1530 rium
2003 1481 2058 1533 in
2085 1491 2282 1534 tantum
2331 1485 2510 1547 valuit,
2549 1496 2604 1537 ut
2650 1490 2825 1541 statim
2857 1492 3076 1556 puellam
3102 1493 3208 1546 Deo
3255 1510 3347 1544 vo-

1841 1568 1997 1630 verit,
2047 1577 2099 1621 et
2154 1581 2416 1638 perpetuae
2462 1574 2744 1642 virginitati
2789 1578 2993 1640 dicarit,
3037 1589 3134 1633 etc.
3172 1601 3188 1630 ι
3217 1581 3352 1634 San-

1841 1662 1955 1705 ctus
2000 1656 2335 1724 Augustinus,
2382 1659 2471 1712 lib.
2520 1661 2583 1713 de
2634 1663 2930 1725 Quantitate
2981 1667 3182 1730 anime,
3233 1684 3347 1735 cap.

1841 1739 1907 1790 36
1937 1757 1950 1792 :
1980 1757 1996 1790 ‹
2046 1741 2160 1794 Jam
2213 1758 2337 1796 vero
2383 1747 2539 1798 etiam
2573 1764 2850 1816 puerorum
2903 1751 3175 1806 infantium
3221 1771 3348 1808 cou-

1843 1828 2162 1881 secrationes
2196 1839 2445 1895 quantum
2474 1833 2688 1899 prosint,
2727 1837 3094 1890 obscurissima
3132 1843 3350 1907 qumstio

1773 1897 1814 1952 Β
1841 1921 1942 1974 est,
1974 1915 2206 1965 nonnihil
2239 1925 2412 1970 tamen
2451 1921 2696 1984 prodesse
2727 1924 3035 1977 credendum
3075 1936 3169 1978 est.
3208 1927 3350 1980 Inve-

1839 2005 1947 2057 nict
2000 2006 2098 2058 hoc
2149 2006 2452 2068 ratio,‘cum
2501 2014 2661 2076 quazri
2700 2016 3027 2080 oportuerit:
3059 2031 3350 2082 quanquam

1836 2099 1889 2145 ct
1931 2090 2028 2142 alia
2077 2093 2361 2159 multajam
2400 2097 2484 2147 diu
2537 2101 2813 2163 qumrenda
2852 2103 2944 2153 tibi
2987 2104 3157 2170 potius
3193 2121 3347 2171 «piam

1837 2179 2195 2242 cognoscenda
2243 2182 2568 2247 protulerim.
2633 2186 2780 2249 Quod
2829 2189 2916 2241 ﬁet
2965 2191 3256 2253 utilissime,
3307 2196 3349 2244 si

1837 2262 1964 2314 duce
2005 2264 2194 2329 pietate
2223 2268 2570 2333 requirantur.
2607 2291 2624 2320 ι
2657 2271 2779 2324 Post
2823 2284 3058 2346 sanctum
3102 2278 3349 2332 Basiliam

1837 2347 2142 2403 Theodorus
2172 2352 2445 2418 judicabat
2483 2357 2773 2423 hujusmodi
2829 2365 3245 2417 consecrationcs
3282 2364 3349 2417 l'a-

1834 2434 1932 2484 cile
1976 2436 2124 2488 solvi.
2185 2437 2271 2490 Sic
2320 2442 2459 2492 enim
2518 2458 2632 2512 cap.
2687 2446 2788 2498 I20
2839 2447 3057 2502 Basilius
3097 2448 3350 2514 judicavit

1831 2523 2010 2588 pueris
2028 2523 2295 2578 licentiam
2326 2530 2519 2584 nubere
2541 2541 2659 2584 ante
2679 2535 2939 2588 sexdecim
2965 2554 3148 2602 annos,
3191 2542 3234 2594 si
3261 2544 3351 2595 ab-

1833 2612 2029 2666 stinere
2077 2629 2178 2667 non
2221 2619 2502 2682 potuerint,
2533 2624 2790 2688 -quamvis
2837 2628 3074 2679 monachi
3108 2629 3343 2682 fuissent.

1833 2700 1962 2753 Vide
2000 2719 2206 2771 quoque
2247 2709 2384 2773 quod
2423 2708 2690 2764 retulimus
2718 2728 2893 2781 supra.

1899 2786 2194 2841 Demortuo
2226 2801 2393 2844 autem
2420 2794 2513 2846 Dei
2560 2796 2716 2848 solius
2760 2811 2832 2851 est
2883 2805 3078 2855 notitia.
3124 2806 3350 2858 Anasta-

1831 2873 1939 2925 sius
1967 2873 2026 2938 II,
2053 2875 2106 2926 in
2128 2877 2279 2943 epist.
2300 2878 2351 2942 I,
2371 2881 2434 2932 ad
2454 2881 2786 2946 Anastasium
2811 2887 3114 2954 Angustum,
3131 2907 3243 2958 cap.
3275 2894 3306 2945 2
3330 2914 3342 2946 :

1836 2979 1854 3010 ι
1910 2964 2084 3031 Itaque
2129 2977 2374 3022 monente
2406 2986 2499 3024 nos
2543 2973 2843 3027 beatissimo
2900 2977 3054 3032 I’aulo
3093 2986 3342 3049 apostolo,

1830 3067 1896 3103 ne
1924 3057 2060 3119 quod
2090 3057 2159 3107 sit
2193 3056 2244 3108 in
2271 3057 2369 3112 hoc
2415 3059 2781 3116 oll'endiculum
2825 3067 2877 3118 in
2905 3068 3153 3133 Ecclesia,
3193 3074 3336 3135 dum,

1829 3142 1965 3208 quod
2008 3142 2182 3198 facere
2223 3159 2324 3198 non
2365 3161 2657 3215 possumus,
2689 3152 2752 3206 de
2784 3154 2866 3206 his
2897 3158 2983 3223 qui
3027 3156 3133 3223 jam
3167 3169 3338 3214 trans-

1830 3230 2022 3310 ierunt,
2053 3231 2289 3297 judicare
2341 3250 2610 3301 conemur,
2653 3242 3031 3297 observandum
3055 3262 3169 3301 esse
3199 3259 3338 3304 tran-

1828 3315 2060 3383 quillitas
2093 3330 2178 3373 tua
2212 3333 2504 3390 cognoscat.
2538 3324 2624 3379 Ait
2651 3329 2787 3382 enim
2843 3331 2906 3384 de
2927 3333 3007 3386 his
3033 3339 3120 3402 qui
3156 3338 3219 3390 de
3259 3354 3339 3393 re-

1827 3405 1924 3458 bus
1977 3407 2040 3459 ad
2085 3410 2244 3462 Deum
2284 3412 2447 3466 solum
2490 3417 2870 3481 pertinentibus
2914 3421 3146 3488 judicare
3199 3445 3332 3496 prat-

1827 3502 2038 3545 sumunt
2066 3512 2077 3544 :
2111 3495 2272 3547 Nemo
2300 3500 2431 3550 enim
2459 3511 2683 3553 nostrum
2704 3506 2799 3555 sibi
2827 3508 2964 3570 vivit,
3005 3521 3050 3562 ct
3072 3495 3213 3565 nemo
3241 3518 3337 3569 sibi

1825 3581 2058 3641 mor-itur,
2087 3590 2186 3634 etc.
2223 3599 2241 3632 ι
2274 3584 2386 3637 Alia
2437 3584 2647 3640 Patrum
2701 3594 2994 3649 testimonia
3046 3599 3108 3652 de
3143 3601 3241 3656 hac
3278 3618 3338 3657 re

1825 3665 1997 3732 legere
2041 3677 2120 3722 est
2175 3670 2226 3722 in
2266 3674 2546 3729 constituto
2600 3677 2774 3746 Vigilii
2797 3696 2941 3750 papae
2961 3686 3022 3738 de
3050 3689 3215 3741 tribus
3240 3690 3338 3742 Ca-

1824 3754 2018 3816 pitulis.
2071 3753 2171 3809 Sed
2202 3758 2266 3810 de
2311 3761 2491 3812 eadem
2544 3767 2829 3830 quaestione
2877 3771 3154 3836 plurimum
3184 3791 3213 3827 a
3239 3777 3334 3830 Pa-

1825 3838 1986 3892 tribus
2032 3844 2213 3910 synodi
2240 3844 2818 3916 Coustantinopolitauze
2859 3871 2895 3909 ιι
2925 3859 3174 3913 discussa.
3208 3865 3333 3917 Vide

1823 3929 2095 3992 epistolam
2122 3932 2449 3999 imperatoris
2473 3935 2746 3998 Iustiniani
2777 3943 2840 3996 ad
2866 3947 3111 4012 synodum
3142 3965 3175 3999 ιι
3205 3949 3334 4002 Cou-

1822 4017 2332 4082 stauthmpolitanam
2362 4036 2375 4081 ;
2430 4021 2606 4090 Cyrilli
2633 4026 2786 4090 epist.
2837 4029 2900 4079 ad
2933 4041 3163 4083 sanctum
3205 4035 3331 4088 Pro-

1823 4101 1995 4166 clum;
2047 4104 2215 4159 Procli
2261 4110 2411 4175 epist.
2473 4113 2537 4164 ad
2592 4111 2842 4168 Joannem
2905 4119 3323 4187 Antiochenutn;

1820 4190 2158 4246 Collationem
2186 4210 2277 4247 vm
2307 4197 2510 4250 concilii
2545 4198 3097 4272 Cnnstantinopolitani
3123 4225 3195 4273 tt;
3223 4210 3319 4262 Pe-

1819 4278 1940 4343 lagii
1982 4279 2022 4330 II
2061 4281 2332 4347 epistolam
2381 4286 2444 4338 ad
2478 4286 2642 4340 Ellam
2683 4290 3068 4357 Aquileiensem
3097 4306 3148 4348 et
3196 4299 3324 4353 alios

1818 4367 1982 4418 Istriae
2015 4372 2304 4438 episcopos,
2349 4383 2402 4426 et
2425 4373 2696 4428 Iustiniani
2728 4380 3056 4444 imperatoris
3103 4384 3327 4440 edictum

202 4449 250 4500 in
277 4449 478 4502 hostem
516 4460 715 4518 pergat,
765 4463 866 4505 etc.
908 4473 924 4502 ι
967 4454 1029 4506 Ει
1079 4455 1231 4521 paulo
1265 4467 1418 4524 post:
1455 4477 1471 4507 ‹
1509 4459 1570 4514 [1i
1593 4477 1719 4514 vero
1750 4477 1796 4533 ι)
1821 4454 2067 4507 adversus
2093 4458 2190 4508 tria
2235 4457 2487 4525 Capitula.

200 4551 294 4590 nec
323 4553 472 4590 arma
504 4537 690 4599 ferant,
723 4554 817 4592 nec
844 4542 906 4592 ad
929 4555 1152 4609 pugnam
1177 4553 1411 4611 pergant,
1465 4562 1558 4600 nec
1589 4548 1717 4601 cliu-

199 4637 344 4678 sores
370 4627 701 4694 sanguinem,
758 4628 835 4680 vel
890 4630 1169 4698 agitatores
1197 4631 1321 4684 (iam
1376 4635 1480 4689 'sed
1521 4643 1719 4688 tantum

200 4721 500 4766 sanctorum
535 4713 751 4780 pignora
797 4723 850 4767 et
895 4731 1044 4769 sacra
1093 4719 1721 4776 ministeria-.teraothet

197 4800 523 4852 orationibus
567 4815 661 4867 pro
704 4802 901 4855 viribus
955 4805 1216 4867 insistant,
1277 4816 1326 4857 ut
1364 4816 1718 4874 pooutns'out

200 4900 432 4954 pugnare
471 4885 646 4946 debet,
691 4888 973 4942 auxiliante
1020 4891 1258 4953 Domino,
1301 4891 1473 4945 victor
1507 4895 1715 4958 existat,

201 4980 380 5024 etnon
437 4973 507 5024 sit
556 4973 798 5026 sacerdos
850 4975 986 5028 sicut
1005 4987 1078 5033 et,
1108 4965 1352 5045 populus:
1380 4980 1407 5029 ι’
1425 4979 1477 5031 Si
1503 4981 1720 5036 Carolus

203 5057 414 5126 Magnus
433 5059 574 5111 dicat
615 5074 671 5113 se
701 5077 955 5142 rangnum
983 5065 1176 5132 regulis
1198 5067 1439 5119 edoctum
1489 5069 1716 5135 seipsum

202 5145 462 5212 corrigere
501 5146 638 5210 quod
670 5145 912 5211 iussisset
962 5162 1144 5204 contra
1189 5153 1349 5220 ipsos,
1395 5166 1451 5206 ut
1478 5157 1720 5206 sacerdo-

203 5237 274 5279 tes
317 5237 627 5299 pugnarent,
673 5235 930 5297 quomodo
983 5236 1309 5308 Theodorus,
1350 5255 1603 5292 canonum
1633 5257 1717 5294 rc—

187 5313 330 5388 gulis
377 5316 784 5378 addictissimus,
833 5330 1086 5385 potuisset
1114 5332 1342 5376 statuere
1393 5327 1553 5379 licere
1610 5329 1716 5382 cle-

203 5400 319 5452 ricis
347 5415 581 5469 pugnare
607 5417 724 5455 cum
756 5405 969 5460 consilio
997 5409 1276 5462 multorum
1303 5425 1570 5465 servorum
1602 5414 1712 5466 Dei.

203 5484 429 5552 Denique
453 5503 518 5538 ex
545 5490 788 5555 capitulis
810 5491 1015 5544 Heraldi
1044 5493 1363 5550 Turonensis
1385 5498 1715 5552 manifestum

201 5579 294 5629 est,
338 5571 409 5622 ita
456 5573 668 5638 deponi,
708 5584 761 5626 ut
793 5593 886 5629 nec
924 5575 1106 5631 laicain
1165 5586 1579 5657 communionem
1626 5589 1715 5639 ha-

203 5655 374 5722 beant,
426 5674 473 5711 c.
507 5655 578 5712 50
630 5679 640 5712 :
682 5680 699 5710 ι
758 5663 823 5716 Ut
860 5669 1147 5734 presbyteri
1186 5678 1238 5722 et
1285 5655 1507 5738 diacoiii,
1559 5675 1600 5726 si
1663 5678 1712 5728 in

514 5770 776 5827 Farne!"
837 5772 1050 5832 XCIX.

2415 4546 2630 4602 CAPUT
2665 4551 2794 4606 XIV.

2316 4632 2390 4685 De
2434 4637 2851 4692 reconciliatione.

1894 4717 2106 4769 Romani
2133 4721 2456 4772 reconcilient
2489 4723 2736 4776 hominm
2764 4727 2898 4780 intra
2924 4730 3164 4784 absidem.
3194 4734 3328 4790 Con-

1817 4804 1992 4854 cilium
2049 4805 2292 4873 Carthag.
2345 4825 2404 4871 ιι,
2444 4828 2558 4865 can.
2609 4814 2712 4867 32:
2753 4833 2769 4864 ι
2814 4816 3176 4887 Cujuscunque
3223 4839 3320 4875 au-

1817 4899 1918 4943 tem
1957 4894 2257 4958 paenitentis
2294 4897 2553 4963 publicum
2595 4909 2647 4952 et
2691 4903 3096 4969 vulgatissimum
3119 4909 3311 4962 crimen
3367 4911 3374 4918 ’

1814 4989 1910 5041 est,
1936 4983 2085 5047 quod
2123 4983 2362 5037 universa
2387 4986 2613 5039 Ecclesia
2661 4991 2880 5053 noverit,
2930 5001 3051 5046 ante
3088 4996 3316 5050 absidem

1816 5081 1999 5119 manus
2043 5070 2088 5120 ei
2121 5066 2434 5135 imponatur.
2473 5092 2491 5122 ι
2515 5072 2643 5126 Cum
2683 5075 2987 5132 Theodorus
3007 5081 3161 5144 dicat,
3189 5086 3323 5135 intra

1798 5157 2056 5216 obsident,
2101 5171 2311 5211 necesse
2343 5171 2418 5212 cst
2453 5163 2682 5216 absidem
2723 5182 2822 5216 non
2871 5168 3033 5219 solum
3072 5171 3324 5237 interpre-

1815 5243 1909 5292 tari
1944 5244 2004 5294 dc
2035 5244 2154 5295 sede.
2174 5253 2227 5295 et
2256 5246 2441 5300 throno
2461 5249 2704 5316 episcopi,
2755 5251 2842 5302 sed
2873 5254 3042 5319 potius
3071 5257 3133 5308 de
3157 5259 3324 5324 spatio

1814 5329 1901 5380 illo
1928 5329 2063 5396 quod
2079 5333 2423 5398 propinquum
2439 5343 2632 5387 estarae
2658 5337 2860 5404 majori,
2896 5348 2947 5392 et
2973 5342 3214 5396 cancellis
3241 5360 3323 5397 se-

1813 5428 2048 5487 paratum
2075 5406 2156 5473 est
2207 5437 2235 5473 a
2260 5423 2455 5490 reliqua
2509 5423 2730 5478 ecclesia
2766 5443 2778 5478 :
2807 5428 2942 5480 sicut
2972 5431 3174 5483 erudite
3207 5435 3316 5485 ani-

1814 5507 2088 5559 madvertit
2117 5507 2410 5576 Stephanus
2457 5509 2694 5567 Baluzius
2720 5514 2770 5565 in
2814 5515 2921 5566 suis
2966 5517 3103 5569 notis
3124 5516 3186 5569 ad
3216 5518 3315 5571 Re-

1813 5595 2071 5662 ginoncm.
2117 5606 2169 5648 et
2215 5599 2397 5662 prohat
2455 5600 2746 5652 testimonio
2794 5602 3058 5655 Anastasii
3105 5603 3154 5656 in
3204 5603 3318 5660 Vita

1814 5681 1996 5734 Leonis
2049 5682 2127 5734 111.

2789 5795 2859 5851 37
