3974 6418
597 426 727 483 1ῑ6⁴5

1698 567 1980 582 ﬂ

596 578 1268 596 .“w..-”

1140 414 1466 470 TllI-IODOlil
1508 411 1808 464 .‘tlitlllllﬂl’.
1848 409 2177 460 t;.\.\'l'L.‘sil.
2224 405 2553 460 ItOC'l'lilNA
2597 406 2678 458 illi
2717 404 3142 460 ΡΟΕΜΤΕΝΤΙᾹ

3575 407 3704 458 “(id

1677 685 2582 834 annonam

967 895 1445 974 SANCTISSIMI'
1481 893 1578 953 AC
1622 889 2063 950 DOCTISSIMI
2107 887 2686 947 ARCHIEPISCOPI
2727 885 3335 950 CANTUARIENSIS

1468 1041 1966 1118 DOCTBINA
2019 1041 2148 1114 DE
2189 1038 2824 1117 PGENITENTIA

1599 1194 1671 1244 Ab
1713 1192 1850 1245 omni
1881 1183 2115 1244 novitati:
2147 1191 2434 1258 suspicione
2461 1189 2734 1244 vindicata.

658 1429 900 1497 Joannes’
919 1436 1166 1495 Morinos,
1217 1434 1294 1485 vir
1334 1429 1683 1490 doctissimus,
1715 1425 1804 1478 lib.
1853 1440 1886 1477 ι
1927 1422 2100 1476 Pwni-
2129 1427 2172 1478 Α
2197 1419 2277 1472 vel
2301 1428 2422 1473 tres.
2464 1421 2634 1485 Quare
2660 1423 2806 1485 duos,
2835 1423 2915 1475 vel
2945 1423 3096 1476 tres?
3137 1422 3192 1476 In
3217 1439 3310 1478 ore
3335 1409 3494 1492 enim,
3527 1432 3714 1498 inquit,

597 1529 786 1589 tentia,
839 1541 954 1593 cap.
1009 1523 1090 1582 l7,
1140 1519 1467 1572 Theodorum
1510 1524 1757 1581 tanquam
1798 1519 2098 1562 novatorem

593 1613 958 1669 ecclesiastica:
997 1608 1278 1674 disciplina:
1306 1606 1368 1658 de
1407 1601 1708 1670 pinnitcntia
1751 1599 1827 1651 sic
1849 1598 2097 1651 exhibet:

600 1722 617 1750 ε
651 1702 758 1755 Iloc
783 1713 1050 1758 concesso,
1102 1695 1282 1761 inquit,
1327 1693 1492 1758 prima
1536 1689 1684 1742 istius
1710 1689 1868 1740 moris
1918 1684 2102 1736 fomla-

596 1797 764 1842 menta
787 1787 926 1852 jaeta
955 1791 1078 1846 sunt
1105 1783 1156 1832 in
1197 1778 1378 1846 Anglia
1407 1789 1588 1828 versus
1615 1788 1806 1826 annum
1831 1774 1956 1828 080,
1997 1771 2109 1820 illo-

597 1889 697 1940 que
722 1870 1046 1931 Theodorus,
1095 1869 1250 1920 homo
1289 1863 1520 1922 Gut-cus,
1565 1861 1652 1926 qui
1685 1859 1895 1925 primus
1935 1863 2108 1923 aperte

599 1973 795 2010 morem
825 1954 1032 2009 sustulit
1059 1951 1262 2020 publice
1289 1949 1348 2000 de
1373 1945 1680 2001 criminibus
1705 1943 1920 1996 occultis
1946 1941 2110 2009 poeni-

601 2043 758 2104 tendi,
782 2051 883 2094 etc.
919 2061 936 2090 ι
981 2038 1142 2102 Quem
1181 2049 1376 2088 morem
1419 2046 1573 2101 quam
1601 2029 1838 2097 plurimis
1861 2027 2107 2082 concilio-

600 2145 714 2182 rum
743 2128 1026 2181 canonibus
1049 2113 1300 2178 san-citum
1343 2135 1458 2173 esse
1489 2118 1758 2186 profitetur
1795 2116 1883 2168 lib.
1913 2131 1964 2176 v,
1995 2128 2108 2180 cap.

599 2217 653 2277 9,
685 2215 766 2267 his
789 2213 964 2266 verbis
997 2228 1008 2261 :
1065 2227 1081 2258 ι
1119 2210 1216 2260 Tot
1240 2213 1359 2259 sunt
1386 2203 1540 2270 hujus
1575 2202 1800 2268 antiqua:
1823 2201 2001 2267 praxis
2026 2214 2112 2252 ar-

600 2306 843 2366 gumenta
862 2335 876 2357 ,
904 2304 1031 2362 quot
1058 2294 1165 2346 fere
1192 2307 1418 2344 canones
1440 2297 1558 2342 ante
1583 2289 1721 2340 mille
1743 2301 1908 2340 annos
1935 2287 1985 2338 in
2009 2287 2114 2339 cri-

603 2387 798 2441 minum
824 2399 942 2437 reos
983 2382 1196 2436 conditi.
1235 2400 1252 2431 ι
1297 2382 1436 2431 Idem
1473 2377 1691 2430 atlirmat
1735 2377 1844 2443 ipse
1885 2375 2116 2428 Morinus

603 2471 909 2541 quibusdam
951 2469 1064 2522 aliis
1089 2467 1426 2536 argumentis.
1473 2479 1587 2530 quae
1629 2478 1725 2515 suo
1763 2463 1877 2516 loco
1911 2461 2114 2514 exami-

552 2561 570 2585 "
602 2559 770 2612 nanda
799 2564 938 2609 sunt.
985 2553 1088 2606 Sed
1127 2553 1190 2621 ad
1219 2551 1543 2618 probandum
1576 2547 1850 2614 ncquidem
1885 2563 1914 2599 a
1944 2547 2116 2599 Theo-

603 2646 730 2697 doro
755 2643 984 2709 potuisse
1020 2639 1192 2692 hacin
1229 2652 1284 2688 rc
1307 2637 1498 2702 aliquid
1525 2635 1642 2687 novi
1671 2643 1851 2687 contra
1887 2647 2116 2687 canones

2199 1505 2415 1558 duorum
2471 1509 2548 1559 vel
2596 1509 2753 1561 trium
2801 1511 3010 1561 testium
3059 1511 3219 1562 stabit
3265 1527 3418 1566 omne
3469 1518 3708 1570 verbum.

2200 1593 2454 1656 Quoniam
2520 1596 2726 1661 quidem
2769 1597 2922 1648 tertio
2977 1599 3358 1664 correptionem
3401 1603 3610 1656 mandat
3655 1604 3720 1656 ad

2200 1680 2482 1732 Ecclesium
2508 1681 2862 1743 deferendam,
2904 1683 3131 1737 secundo
3160 1685 3265 1737 vult
3291 1685 3440 1749 duos,
3487 1689 3569 1740 vel
3613 1698 3722 1742 tres

2206 1773 2361 1818 testes
2405 1765 2675 1818 adhileri:
2725 1767 2912 1832 quibus
2950 1771 3298 1836 praesentibus
3334 1781 3628 1840 correptus,
3675 1774 3719 1827 si

2204 1851 2477 1904 emendare
2508 1867 2563 1904 sc
2605 1869 2708 1906 non
2752 1853 2881 1916 vult,
2927 1869 3046 1907 cum
3071 1855 3136 1908 ad
3175 1855 3457 1910 Ecclesiam
3495 1859 3722 1912 delatum

2203 1939 2362 1991 fuerit
2388 1937 2500 2004 ejus
2526 1948 2816 2006 peccatum.
2862 1942 3027 2007 possit
3068 1943 3268 1996 duobus
3311 1945 3554 1999 adhibitis
3581 1948 3726 2000 testi-

2208 2027 2305 2078 bus
2336 2013 2614 2078 confutari.
2654 2043 2671 2074 ι
2707 2025 2842 2088 Quot
2863 2025 3122 2094 dogmata,
3151 2036 3229 2082 tot
3255 2039 3576 2096 argumenta,
3603 2033 3723 2097 qni-

2207 2112 2304 2164 bus
2341 2111 2592 2178 Origenes
2639 2119 2818 2178 aperte
2865 2120 3021 2180 negat
3062 2128 3259 2168 morem
3291 2115 3458 2188 fuisse
3483 2117 3730 2172 Ecclesia:

2211 2199 2413 2267 publice
2442 2199 2506 2252 de
2549 2201 2774 2267 peccatis
2801 2201 3020 2254 occultis
3041 2203 3348 2268 paenitendi.
3378 2205 3425 2256 1.
3458 2203 3730 2270 Evangeli-

2210 2302 2328 2341 cnm
2355 2297 2671 2355 praeceptum
2714 2288 2838 2340 dicit
2880 2288 2931 2340 in
2957 2303 3022 2342 eo
3063 2288 3342 2356 perfectius
3379 2290 3556 2344 datum
3594 2305 3725 2352 esse,

2212 2376 2354 2445 quod
2399 2375 2656 2428 indicandi
2713 2385 2988 2442 peccatum
3037 2377 3251 2431 modum
3303 2379 3732 2448 disciplinamque

2213 2463 2500 2517 constituit.
2528 2462 2685 2530 Atqui
2710 2461 2890 2530 liquet,
2933 2463 3071 2516 hunc
3093 2463 3302 2517 modum
3324 2464 3584 2522 indicandi
3611 2480 3728 2533 pec-

2215 2558 2334 2603 cata
2374 2549 2805 2618 disciplinamque
2845 2565 3058 2618 prorsus
3104 2559 3338 2605 evertere
3374 2553 3728 2618 ptenitentiam

2215 2636 2472 2704 publicam
2494 2650 2590 2703 pro
2613 2635 2843 2704 peccatis
2864 2635 3118 2700 occultis;
3148 2636 3201 2688 2.
3231 2635 3450 2690 atlirmat
3469 2637 3733 2690 Christum

604 2701 880 2790 introduci,
911 2728 1006 2779 tria
1043 2726 1185 2792 prius
1227 2701 1526 2777 ostendam:
1561 2723 1606 2774 l.
1639 2722 1818 2774 Patres
1844 2721 1994 2788 plane
2025 2735 2114 2773 ne-
2144 2701 2188 2758 Β
2215 2722 2514 2793 evangelico
2545 2729 2806 2790 praecepto
2850 2721 3128 2790 prohibere
3161 2737 3228 2776 ne
3259 2722 3591 2791 divulgcntur
3617 2739 3735 2793 pec-

605 2835 747 2887 gare,
778 2815 915 2872 hunc
941 2829 1138 2869 morem
1164 2812 1322 2866 fuisse
1344 2812 1587 2865 Ecclesia:
1611 2811 1818 2863 decreto
1840 2807 2114 2868 sancitum,

604 2906 808 2973 publice
845 2905 908 2956 de
948 2901 1174 2970 peccatis
1205 2899 1422 2953 occultis
1457 2895 1774 2964 pmnitcndi;
1815 2894 1866 2946 2.
1908 2893 2117 2946 eosdem

607 2993 872 3046 afﬁrmare
898 2991 960 3044 de
979 2988 1204 3056 peccatis
1229 2985 1444 3038 occultis
1470 2998 1665 3036 morem
1691 2981 1934 3054 Ecclesiae
1961 2979 2118 3034 fuisse

607 3091 808 3133 secreto
840 3077 1160 3146 pmnitendi;
1221 3075 1272 3126 5.
1322 3072 1678 3139 ναιιιίιυιιιίεηιι
1721 3068 1978 3137 publicam
2025 3080 2120 3132 pro

609 3167 824 3234 publicis
849 3174 1046 3219 tantum
1081 3163 1386 3217 criminibus
1413 3161 1475 3212 ab
1505 3159 1733 3211 Ecclesia
1765 3154 1922 3208 fuisse
1952 3161 2117 3206 statu-

611 3262 734 3304 tam.

1105 3351 1319 3405 CAPUT-
1350 3349 1624 3403 PRIMUM.

614 3480 790 3534 Patres
823 3491 1002 3548 negant
1044 3495 1229 3548 morem
1257 3479 1410 3548 fuisse
1449 3477 1687 3548 Ecciesim
1723 3475 2120 3548 dcrri-Iosnnri-

781 3540 974 3599 tum'dc
992 3545 1205 3613 peccatis
1226 3540 1430 3596 occultis
1450 3541 1642 3606 publice
1663 3540 1950 3608 pzcnitcndi.

1859 3683 1877 3713 ι
1917 3665 2004 3718 Vis
2031 3680 2122 3717 au-

614 3772 718 3812 tem
739 3763 870 3810 scire
887 3761 1005 3824 quia
1024 3757 1346 3810 consentiant
1367 3755 1474 3806 haec
1488 3754 1644 3805 etiam
1669 3753 1980 3820 evangelicis
1999 3767 2126 3820 prm-

614 3845 821 3911 rcpzis?
867 3843 979 3910 Ipse
1021 3841 1266 3894 Dominus
1306 3839 1430 3891 dicit
1465 3856 1476 3889 :
1529 3855 1548 3887 ε
1583 3837 1636 3889 Si
1679 3838 1869 3889 videris
1911 3837 2124 3892 fratrem

617 3941 760 3982 tuum
790 3943 1022 3996 peccare,
1047 3943 1202 3994 argue
1222 3941 1334 3978 eum
1362 3927 1492 3978 inter
1519 3934 1566 3977 te
1589 3935 1633 3978 et
1661 3926 1822 3992 ipsum
1850 3926 2031 3978 solum.
2065 3927 2124 3978 Si

616 4027 662 4067 te
696 4015 930 4074 audierit,
966 4013 1188 4065 lucratus
1213 4029 1264 4063 es
1291 4011 1498 4078 fratrem
1520 4021 1678 4063 trium.
1709 4011 1854 4074 Quod
1885 4011 1928 4061 si
1955 4019 2004 4062 te
2023 4025 2124 4062 non

617 4103 856 4162 audierit,
901 4101 1086 4154 adhibe
1126 4109 1295 4152 tecum
1337 4099 1466 4152 alios
1493 4099 1646 4158 duos.
1685 4098 1764 4149 vcl
1807 4107 1951 4149 tres-
1980 4096 2126 4160 Quod

617 4188 660 4238 si
686 4203 772 4239 nec
799 4187 929 4254 ipso:
957 4183 1190 4252 audierit,
1217 4182 1297 4234 dic
1325 4181 1582 4235 Ecclesiw.
1625 4181 1680 4232 Si
1706 4198 1816 4234 raro
1843 4199 1928 4234 nec
1957 4181 2130 4234 Eccle-

616 4275 744 4326 sium
791 4269 1038 4330 audierit,
1061 4270 1127 4322 sit
1162 4268 1251 4320 tibi
1283 4268 1408 4320 sicut
1436 4255 1660 4321 ethnicus
1690 4278 1736 4321 ct
1777 4267 2138 4337 publicanus.»-

621 4357 722 4409 Scd
746 4355 1097 4422 evangelicum
1127 4362 1437 4418 pneccptum
1479 4355 1529 4405 in
1553 4367 1615 4406 eo
1639 4353 1916 4421 perfectius
1947 4357 2124 4410 datum

621 4451 723 4505 est.
769 4443 904 4510 quod
932 4441 1188 4493 indicandi
1227 4449 1497 4507 peccatum
1543 4443 1752 4495 modum
1780 4443 2128 4510 disciplinam-

621 4542 722 4598 que
745 4528 1024 4581 constituit.
1065 4526 1174 4578 Non
1204 4525 1314 4579 vult
1342 4527 1478 4578 enim
1521 4536 1588 4586 te,
1621 4527 1662 4578 si
1690 4526 1820 4579 forte
1861 4539 2127 4594 peccatum

620 4615 814 4668 videris
859 4613 1032 4664 fratris
1060 4613 1155 4674 tui,
1199 4612 1442 4664 continuo
1485 4613 1689 4665 evolare
1735 4614 1798 4664 ad
1843 4614 2122 4682 publicum,

622 4709 674 4752 et
697 4698 1016 4768 proclamare
1049 4697 1258 4764 passim,
1288 4711 1347 4748 ac
1391 4697 1653 4764 divulgare
1682 4699 1846 4750 aliena
1877 4708 2086 4766 peccata
2113 4719 2125 4753 :

625 4785 760 4851 quod
801 4792 940 4836 esset
963 4784 1139 4849 utique
1166 4796 1266 4834 non
1295 4783 1619 4850 corrigentis,
1670 4785 1759 4835 sed
1801 4787 1971 4853 potius
1999 4787 2132 4838 infa-

625 4871 835 4922 mantis.
881 4867 1052 4931 Solus,
1095 4870 1289 4936 inquit,
1321 4863 1454 4922 inter
1476 4862 1602 4921 teet
1628 4871 1793 4938 ipsum
1821 4873 1986 4924 solum
2018 4889 2131 4925 cor-

624 4957 738 5024 ripe
761 4969 898 5007 eum.
946 4953 1044 5008 Ubi
1069 4955 1207 5006 enim
1233 4969 1442 5008 servare
1467 4956 1564 5008 sibi
1604 4959 1904 5024 mysterium
1945 4960 2132 5013 viderit

625 5040 712 5094 ille
753 5041 840 5109 qui
883 5039 1204 5108 peccaverit,
1246 5041 1471 5092 servabit
1515 5050 1568 5093 et
1610 5044 1718 5109 ipse
1757 5046 2132 5101 cmenlationis

628 5127 895 5192 pudorem.
925 5123 981 5176 Si
1009 5139 1131 5178 vero
1153 5123 1406 5177 diffamari
1435 5139 1491 5178 se
1519 5127 1707 5188 videat,
1734 5128 1870 5180 illico
1890 5130 1955 5182 ad
1979 5131 2132 5182 dene-

627 5213 781 5280 gandi
824 5205 1190 5279 impudentiam
1223 5219 1587 5264 convertetur:
1634 5221 1686 5264 et
1711 5228 1811 5266 non
1838 5215 2004 5269 solum
2028 5232 2132 5269 non

628 5297 982 5351 emendaveris
1017 5304 1284 5364 peccatum
1302 5336 1316 5360 ,
1362 5299 1452 5351 sed
1491 5305 1545 5349 et
1571 5299 1930 5365 duplicaveris.
1987 5303 2135 5357 Disce

628 5400 640 5428 ι
663 5397 750 5450 rgo
777 5397 840 5435 ex
865 5382 1150 5451 Evangeliis
1174 5384 1426 5436 ordinem.
1457 5384 1649 5447 Primo,
1680 5386 2034 5453 inquit,'solus
2058 5391 2156 5442 in—_

633 5477 711 5522 ter
746 5480 796 5524 te
818 5480 871 5524 et
896 5471 1060 5538 ipsum
1087 5488 1101 5533 ;
1150 5473 1376 5525 secundo
1418 5473 1602 5525 adhibe
1632 5482 1798 5526 tecum
1829 5476 1957 5530 alios
1982 5478 2130 5543 duos,

681 3672 928 3740 Origenes
955 3673 1004 3724 in
1039 3670 1252 3722 chitic.
1281 3682 1394 3734 cap.
1425 3683 1503 3728 ιιι,
1531 3666 1710 3718 homil.
1741 3666 1773 3716 5
1797 3682 1808 3716 :

2217 2790 2591 2861 cata‘occulta;
2641 2806 2774 2872 Quid
2807 2823 2928 2862 vero
2956 2809 3121 2877 magis
3162 2809 3386 2878 evulgat.
3410 2790 3634 2878 peccata
3649 2828 3735 2866 oc-

2217 2894 2372 2957 cnlta,
2403 2908 2556 2962 quam
2579 2897 2881 2963 pmoitentia
2906 2897 3132 2964 publica,
3161 2913 3277 2965 quae
3299 2900 3492 2952 idcirco
3519 2916 3548 2953 a
3572 2901 3737 2954 Patri-

2215 2983 2312 3035 bus
2337 2981 2711 3050 exomologesis
2732 2985 2989 3037 vocatur?
3024 2984 3274 3049 Quamvis
3309 2986 3447 3039 enim
3477 3002 3506 3038 a
3533 2987 3737 3041 confes-

2218 3069 2362 3122 sione
2382 3068 2587 3135 publica
2611 3067 2932 3137 distinguant
2956 3073 3308 3138 paenitentiam
3336 3073 3594 3140 publicam
3619 3093 3631 3127 :
3652 3077 3736 3127 illa

2217 3149 2468 3202 tamenin
2515 3148 2940 3214 publicunradeo
2966 3151 3265 3218 proferebat
3309 3169 3492 3217 reum;
3539 3165 3598 3209 ut
3621 3165 3737 3209 tunc

2219 3234 2468 3302 temporis
2509 3236 2697 3302 cuique
2728 3234 2906 3288 liceret
2941 3234 3175 3302 judicare
3214 3249 3304 3291 aut
3345 3240 3608 3295 homicidii
3651 3253 3741 3295 aut

2220 3320 2458 3375 adulterii
2490 3329 2578 3372 aut
2621 3321 2924 3376 idololatria:
2967 3323 3082 3377 labe
3108 3325 3358 3393 pollutum
3383 3341 3534 3390 esse;
3579 3328 3632 3382 3.
3658 3343 3740 3384 as-

2221 3407 2347 3460 serit
2374 3407 2473 3459 hoc
2496 3421 2614 3460 esse
2639 3409 2818 3474 utique
2844 3424 2944 3462 non
2971 3410 3296 3479 corrigentis,
3337 3415 3426 3468 sed
3450 3417 3622 3481 potius
3657 3417 3739 3475 in-

2219 3493 2499 3555 famautis;
2553 3494 2643 3546 sed
2678 3495 2794 3562 quis
2857 3498 3096 3551 crederet
3141 3501 3461 3568 temporibus
3502 3503 3742 3573 Origeais

2223 3593 2420 3634 morem
2450 3579 2608 3634 fuisse
2635 3579 2898 3645 Ecclesiae,
2944 3599 3046 3636 non
3089 3586 3378 3655 corrigendi
3421 3599 3738 3656 peccatores,

2223 3669 2312 3722 sed
2349 3669 2522 3736 potius
2565 3669 2887 3723 infamandi:
2917 3681 3023 3740 aut
3065 3673 3250 3727 saltem
3292 3676 3416 3730 illud
3460 3680 3742 3741 credidisse

2223 3754 2539 3822 Origencm?
2582 3755 2634 3806 4.
2671 3773 2688 3803 ι
2723 3755 2840 3817 Ubi,
2886 3757 3054 3825 inquit
3080 3761 3356 3829 Origenes,
3397 3779 3606 3819 servare
3645 3767 3741 3819 sibi

2224 3841 2530 3910 mysterium
2571 3841 2769 3901 viderit
2799 3843 2884 3896 ille
2923 3845 3010 3912 qui
3054 3849 3378 3914 peccaverit,
3425 3851 3652 3904 servabit
3692 3861 3743 3905 ct

2227 3930 2337 3999 ipse
2365 3929 2740 3984 emendationis
2761 3931 3010 3998 pudorem
3039 3950 3052 3984 :
3081 3948 3237 4001 porro
3262 3936 3471 3989 ubinam
3493 3937 3616 3990 illud
3637 3953 3743 4006 my-

2151 3989 2197 4050 C
2225 4018 2441 4070 sterium
2469 4021 2844 4085 peccatorum?
2871 4020 3118 4085 Quisnam
3155 4026 3532 4078 emendationis
3560 4027 3741 4094 pudor,

2223 4119 2377 4172 quem
2404 4113 2575 4158 servat
2603 4109 2910 4174 pmnitentia
2937 4111 3184 4177 publica?
3210 4131 3228 4164 ι
3261 4113 3311 4165 5.
3343 4111 3592 4183 Origenes
3627 4132 3742 4184 pro-

2231 4191 2446 4256 ﬁtetur,
2491 4208 2592 4246 non
2633 4205 2841 4250 servato
2884 4199 3132 4266 mysterio
3167 4210 3532 4268 peccatorum,
3579 4220 3744 4271 neque

2228 4281 2607 4334 emendationis
2630 4283 2844 4350 pudore,
2881 4285 2946 4338 ad
2977 4286 3345 4354 impudentiam
3371 4293 3600 4343 converti
3628 4308 3745 4358 pec-

2227 4376 2494 4422 catorem:
2527 4369 2636 4424 lloc
2657 4372 2813 4439 igitur
2841 4374 2996 4426 modo
3031 4391 3048 4423 ι
3080 4390 3180 4428 non
3205 4375 3396 4438 solum,
3426 4377 3610 4446 inquit.
3645 4395 3743 4431 non

2226 4453 2585 4508 emendaveris
2610 4465 2901 4522 peccatum,
2931 4459 3020 4511 sed
3047 4467 3100 4511 et
3123 4459 3486 4528 duplicaveris.
3523 4483 3540 4513 ι
3567 4463 3620 4516 6.
3652 4465 3744 4517 De-

2225 4554 2381 4607 nique
2409 4542 2649 4610 proponit
2666 4543 2902 4596 ordinem
2927 4545 3199 4600 charitatis
3224 4563 3252 4600 a
3275 4549 3483 4602 Christo
3508 4549 3561 4602 in
3583 4550 3746 4603 Evan-

2225 4629 2372 4697 geliis
2397 4631 2776 4699 praescriptum,
2807 4641 2860 4684 ut
2888 4634 2975 4699 qui
2999 4634 3064 4686 de
3090 4634 3304 4702 peccato
3325 4636 3528 4690 occulto
3552 4638 3617 4690 ab
3644 4652 3745 4690 uno

2225 4725 2496 4783 correptus
2523 4731 2578 4769 se
2600 4718 2863 4780 emendat,
2887 4735 2916 4770 a
2939 4721 3140 4776 duobus
3166 4737 3268 4775 non
3303 4725 3488 4776 debeat
3513 4724 3705 4790 corripi
3728 4743 3740 4775 :

2227 4801 2316 4864 sia
2343 4801 2560 4862 duobus,
2577 4803 2858 4870 etquidem
2887 4822 2914 4857 a
2948 4807 3113 4860 tribus
3138 4817 3406 4876 correptus
3425 4821 3540 4862 sese
3566 4823 3743 4863 emen-

2227 4884 2332 4946 det,
2363 4901 2464 4936 non
2489 4885 2640 4939 debet
2665 4890 2799 4954 apud
2840 4891 3427 4975 Ect‘lcsiantoaceusari,
3470 4909 3638 4963 neque
3683 4897 3746 4950 ab

2183 5013 2193 5021 .
2227 4971 2445 5024 ecclesia
2484 4974 2620 5040 ejici,
2646 4991 2746 5030 nec
2778 4979 2990 5043 proinde
3015 4971 3319 5044 pestilentia
3343 4981 3547 5048 publica
3569 4982 3740 5050 plecti.

2233 5055 2378 5107 Unde
2411 5066 2616 5110 constat
2640 5054 2914 5128 Origenem
2958 5065 3193 5132 pluribds
3214 5071 3532 5136 argumentis
3555 5083 3743 5138 negare

2229 5156 2429 5194 morem
2460 5142 2618 5210 fuisse
2648 5146 2890 5202 Ecclesia:
2931 5153 3134 5218 publice
3163 5155 3228 5207 de
3255 5156 3485 5224 peccatis
3527 5156 3744 5211 occultis

2231 5228 2545 5281 Dtenitendi.
3035 5255 3040 5257 -

2231 5228 2546 5292 poenitendi..
3035 5255 3040 5257 -

2297 5310 2564 5378 Origenes,
2593 5315 2642 5368 in
2671 5317 2958 5374 Comment.
2990 5322 3196 5386 Matth.,
3225 5327 3351 5379 edit.
3393 5326 3570 5392 Πυθίη
3615 5337 3739 5384 tom.

2297 5415 2348 5465 p.
2375 5399 2493 5451 555.
2532 5418 2549 5449 ε
2577 5401 2856 5473 Postquam
2886 5411 3043 5462 verba
3070 5412 3216 5465 hinc:
3247 5411 3493 5484 Luci-atus
3521 5417 3622 5469 eris
3647 5405 3745 5482 {rae

2226 5496 2240 5530 t
2283 5502 2378 5550 em,
2413 5487 2474 5538 ad
2497 5502 2615 5541 eum
2642 5492 2963 5556 solummodo
2985 5499 3074 5564 qui
3093 5499 3469 5566 obtemperavit
3488 5503 3742 5571 pertinere
