  <div class='ocr_page' id='page_1' title='image "/cluster/home/n/w/nwhite01/storage/ocr_20150623/99-100/uc1.31175006946845/592.png"; bbox 0 0 3974 6454; ppageno 0'>
   <div class='ocr_carea' id='block_1_1' title="bbox 2948 0 3853 25">
    <p class='ocr_par' dir='ltr' id='par_1_1' title="bbox 2948 0 3853 25">
     <span class='ocr_line' id='line_1_1' title="bbox 2948 0 3853 25; baseline -0.002 0"><span class='ocrx_word' id='word_1_1' title='bbox 2948 4 3041 9; x_wconf 30' lang='grc' dir='ltr'><strong>*νβ</strong></span> <span class='ocrx_word' id='word_1_2' title='bbox 3154 0 3853 25; x_wconf 30' lang='grc' dir='ltr'><strong>ἐμῌᾙ-...ῌζ-ηέ</strong></span> 
     </span>
    </p>
   </div>
   <div class='ocr_carea' id='block_1_2' title="bbox 266 521 391 573">
    <p class='ocr_par' dir='ltr' id='par_1_2' title="bbox 266 521 391 573">
     <span class='ocr_line' id='line_1_2' title="bbox 266 521 391 573; baseline -0.032 0"><span class='ocrx_word' id='word_1_3' title='bbox 266 521 391 573; x_wconf 68' lang='grc'><strong>1165</strong></span> 
     </span>
    </p>
   </div>
   <div class='ocr_carea' id='block_1_3' title="bbox 1076 516 2573 576">
    <p class='ocr_par' dir='ltr' id='par_1_3' title="bbox 1076 516 2573 576">
     <span class='ocr_line' id='line_1_3' title="bbox 1076 516 2573 576; baseline -0.001 -3"><span class='ocrx_word' id='word_1_4' title='bbox 1076 521 1160 575; x_wconf 64' lang='grc' dir='ltr'>ΑΒ</span> <span class='ocrx_word' id='word_1_5' title='bbox 1197 520 1357 576; x_wconf 69' lang='grc' dir='ltr'><strong>οΜΝΙ</strong></span> <span class='ocrx_word' id='word_1_6' title='bbox 1395 518 1748 574; x_wconf 59' lang='lat' dir='ltr'><strong>NOVSTATIS</strong></span> <span class='ocrx_word' id='word_1_7' title='bbox 1788 516 2171 573; x_wconf 66' lang='lat' dir='ltr'><strong>Sl&#39;Si’lClONl-l</strong></span> <span class='ocrx_word' id='word_1_8' title='bbox 2208 521 2573 573; x_wconf 61' lang='lat' dir='ltr'><strong>\&#39;lNDl(J.\&#39;l‘.-\.</strong></span> 
     </span>
    </p>
   </div>
   <div class='ocr_carea' id='block_1_4' title="bbox 3247 526 3380 583">
    <p class='ocr_par' dir='ltr' id='par_1_4' title="bbox 3247 526 3380 583">
     <span class='ocr_line' id='line_1_4' title="bbox 3247 526 3380 583; baseline 0.03 -4"><span class='ocrx_word' id='word_1_9' title='bbox 3247 526 3380 583; x_wconf 69' lang='grc'><strong>1166</strong></span> 
     </span>
    </p>
   </div>
   <div class='ocr_carea' id='block_1_5' title="bbox 260 627 3386 706">
    <p class='ocr_par' dir='ltr' id='par_1_5' title="bbox 260 627 3386 706">
     <span class='ocr_line' id='line_1_5' title="bbox 260 627 3386 706; baseline 0.004 -29"><span class='ocrx_word' id='word_1_10' title='bbox 260 627 560 689; x_wconf 74' lang='lat' dir='ltr'><strong>declaravit,</strong></span> <span class='ocrx_word' id='word_1_11' title='bbox 583 628 795 677; x_wconf 71' lang='lat' dir='ltr'><strong>verbum</strong></span> <span class='ocrx_word' id='word_1_12' title='bbox 825 642 924 676; x_wconf 82' lang='lat' dir='ltr'><strong>non</strong></span> <span class='ocrx_word' id='word_1_13' title='bbox 947 627 1203 694; x_wconf 73' lang='lat' dir='ltr'><strong>idernpro</strong></span> <span class='ocrx_word' id='word_1_14' title='bbox 1228 643 1290 681; x_wconf 91' lang='lat' dir='ltr'><strong>eo</strong></span> <span class='ocrx_word' id='word_1_15' title='bbox 1319 630 1539 696; x_wconf 85' lang='lat' dir='ltr'><strong>amplius</strong></span> <span class='ocrx_word' id='word_1_16' title='bbox 1566 627 1769 693; x_wconf 81' lang='lat' dir='ltr'><strong>repetiit</strong></span> <span class='ocrx_word' id='word_1_17' title='bbox 1800 630 1838 683; x_wconf 73' lang='grc' dir='ltr'>Α</span> <span class='ocrx_word' id='word_1_18' title='bbox 1870 628 1982 677; x_wconf 76' lang='lat' dir='ltr'><strong>istis</strong></span> <span class='ocrx_word' id='word_1_19' title='bbox 2008 635 2060 679; x_wconf 91' lang='lat' dir='ltr'><strong>ut</strong></span> <span class='ocrx_word' id='word_1_20' title='bbox 2089 644 2303 695; x_wconf 86' lang='lat' dir='ltr'><strong>peccare</strong></span> <span class='ocrx_word' id='word_1_21' title='bbox 2332 631 2607 691; x_wconf 82' lang='lat' dir='ltr'><strong>desineret,</strong></span> <span class='ocrx_word' id='word_1_22' title='bbox 2640 643 2922 688; x_wconf 77' lang='lat' dir='ltr'><strong>conventus</strong></span> <span class='ocrx_word' id='word_1_23' title='bbox 2946 645 3043 689; x_wconf 86' lang='lat' dir='ltr'><strong>est.</strong></span> <span class='ocrx_word' id='word_1_24' title='bbox 3076 638 3247 691; x_wconf 81' lang='lat' dir='ltr'><strong>Tertio</strong></span> <span class='ocrx_word' id='word_1_25' title='bbox 3276 641 3386 706; x_wconf 81' lang='lat' dir='ltr'><strong>ipso</strong></span> 
     </span>
    </p>
   </div>
   <div class='ocr_carea' id='block_1_6' title="bbox 261 704 1776 780">
    <p class='ocr_par' dir='ltr' id='par_1_6' title="bbox 261 704 1776 780">
     <span class='ocr_line' id='line_1_6' title="bbox 261 704 1776 780; baseline -0.001 -14"><span class='ocrx_word' id='word_1_26' title='bbox 261 715 347 780; x_wconf 87' lang='lat' dir='ltr'><strong>qui</strong></span> <span class='ocrx_word' id='word_1_27' title='bbox 386 712 468 766; x_wconf 87' lang='lat' dir='ltr'><strong>bis</strong></span> <span class='ocrx_word' id='word_1_28' title='bbox 510 704 653 765; x_wconf 74' lang='lat' dir='ltr'><strong>terve</strong></span> <span class='ocrx_word' id='word_1_29' title='bbox 691 714 994 780; x_wconf 77' lang='lat' dir='ltr'><strong>objurgatus</strong></span> <span class='ocrx_word' id='word_1_30' title='bbox 1041 714 1212 777; x_wconf 86' lang='lat' dir='ltr'><strong>fuerit,</strong></span> <span class='ocrx_word' id='word_1_31' title='bbox 1260 724 1362 768; x_wconf 90' lang='lat' dir='ltr'><strong>ctc.</strong></span> <span class='ocrx_word' id='word_1_32' title='bbox 1406 734 1422 764; x_wconf 77' lang='grc' dir='ltr'>ι</span> <span class='ocrx_word' id='word_1_33' title='bbox 1453 714 1508 767; x_wconf 84' lang='lat' dir='ltr'><strong>Si</strong></span> <span class='ocrx_word' id='word_1_34' title='bbox 1533 725 1700 766; x_wconf 75' lang='lat' dir='ltr'><strong>autem</strong></span> <span class='ocrx_word' id='word_1_35' title='bbox 1732 725 1776 764; x_wconf 87' lang='lat' dir='ltr'><strong>te</strong></span> 
     </span>
    </p>
   </div>
   <div class='ocr_carea' id='block_1_7' title="bbox 262 799 1775 864">
    <p class='ocr_par' dir='ltr' id='par_1_7' title="bbox 262 799 1775 864">
     <span class='ocr_line' id='line_1_7' title="bbox 262 799 1775 864; baseline 0.001 -14"><span class='ocrx_word' id='word_1_36' title='bbox 262 816 359 851; x_wconf 84' lang='lat' dir='ltr'><strong>non</strong></span> <span class='ocrx_word' id='word_1_37' title='bbox 404 799 644 860; x_wconf 76' lang='lat' dir='ltr'><strong>audierit,</strong></span> <span class='ocrx_word' id='word_1_38' title='bbox 681 799 861 851; x_wconf 81' lang='lat' dir='ltr'><strong>adhibe</strong></span> <span class='ocrx_word' id='word_1_39' title='bbox 901 810 1065 852; x_wconf 82' lang='lat' dir='ltr'><strong>tecum</strong></span> <span class='ocrx_word' id='word_1_40' title='bbox 1103 802 1268 854; x_wconf 74' lang='lat' dir='ltr'><strong>adhuc</strong></span> <span class='ocrx_word' id='word_1_41' title='bbox 1312 818 1489 864; x_wconf 77' lang='lat' dir='ltr'><strong>unum,</strong></span> <span class='ocrx_word' id='word_1_42' title='bbox 1521 802 1594 854; x_wconf 80' lang='lat' dir='ltr'><strong>vel</strong></span> <span class='ocrx_word' id='word_1_43' title='bbox 1629 803 1775 861; x_wconf 85' lang='lat' dir='ltr'><strong>duos,</strong></span> 
     </span>
    </p>
   </div>
   <div class='ocr_carea' id='block_1_8' title="bbox 260 884 1776 941">
    <p class='ocr_par' dir='ltr' id='par_1_8' title="bbox 260 884 1776 941">
     <span class='ocr_line' id='line_1_8' title="bbox 260 884 1776 941; baseline 0.001 -6"><span class='ocrx_word' id='word_1_44' title='bbox 260 894 313 935; x_wconf 84' lang='lat' dir='ltr'><strong>ut</strong></span> <span class='ocrx_word' id='word_1_45' title='bbox 343 885 396 937; x_wconf 79' lang='lat' dir='ltr'><strong>in</strong></span> <span class='ocrx_word' id='word_1_46' title='bbox 431 900 518 936; x_wconf 86' lang='lat' dir='ltr'><strong>ore</strong></span> <span class='ocrx_word' id='word_1_47' title='bbox 545 884 761 936; x_wconf 84' lang='lat' dir='ltr'><strong>duorum</strong></span> <span class='ocrx_word' id='word_1_48' title='bbox 784 884 855 937; x_wconf 79' lang='lat' dir='ltr'><strong>rel</strong></span> <span class='ocrx_word' id='word_1_49' title='bbox 874 887 1027 938; x_wconf 83' lang='lat' dir='ltr'><strong>trium</strong></span> <span class='ocrx_word' id='word_1_50' title='bbox 1050 888 1247 940; x_wconf 82' lang='lat' dir='ltr'><strong>testium</strong></span> <span class='ocrx_word' id='word_1_51' title='bbox 1267 898 1360 940; x_wconf 83' lang='lat' dir='ltr'><strong>stet</strong></span> <span class='ocrx_word' id='word_1_52' title='bbox 1388 903 1531 941; x_wconf 83' lang='lat' dir='ltr'><strong>omne</strong></span> <span class='ocrx_word' id='word_1_53' title='bbox 1554 889 1776 940; x_wconf 80' lang='lat' dir='ltr'><strong>verbum.</strong></span> 
     </span>
    </p>
   </div>
   <div class='ocr_carea' id='block_1_9' title="bbox 260 970 1782 1042">
    <p class='ocr_par' dir='ltr' id='par_1_9' title="bbox 260 970 1782 1042">
     <span class='ocr_line' id='line_1_9' title="bbox 260 970 1782 1042; baseline 0.001 -19"><span class='ocrx_word' id='word_1_54' title='bbox 260 970 396 1035; x_wconf 90' lang='lat' dir='ltr'><strong>Quid</strong></span> <span class='ocrx_word' id='word_1_55' title='bbox 431 984 558 1039; x_wconf 85' lang='lat' dir='ltr'><strong>ergo</strong></span> <span class='ocrx_word' id='word_1_56' title='bbox 580 971 661 1025; x_wconf 88' lang='lat' dir='ltr'><strong>bis</strong></span> <span class='ocrx_word' id='word_1_57' title='bbox 681 970 952 1040; x_wconf 79' lang='lat' dir='ltr'><strong>objurgato</strong></span> <span class='ocrx_word' id='word_1_58' title='bbox 990 974 1274 1042; x_wconf 81' lang='lat' dir='ltr'><strong>continget,</strong></span> <span class='ocrx_word' id='word_1_59' title='bbox 1306 983 1580 1041; x_wconf 82' lang='lat' dir='ltr'><strong>postquam</strong></span> <span class='ocrx_word' id='word_1_60' title='bbox 1608 975 1660 1027; x_wconf 95' lang='lat' dir='ltr'><strong>in</strong></span> <span class='ocrx_word' id='word_1_61' title='bbox 1689 989 1782 1026; x_wconf 85' lang='lat' dir='ltr'><strong>ore</strong></span> 
     </span>
    </p>
   </div>
   <div class='ocr_carea' id='block_1_10' title="bbox 263 1058 1777 1123">
    <p class='ocr_par' dir='ltr' id='par_1_10' title="bbox 263 1058 1777 1123">
     <span class='ocr_line' id='line_1_10' title="bbox 263 1058 1777 1123; baseline 0.002 -12"><span class='ocrx_word' id='word_1_62' title='bbox 263 1058 504 1123; x_wconf 87' lang='lat' dir='ltr'><strong>duorum,</strong></span> <span class='ocrx_word' id='word_1_63' title='bbox 547 1058 628 1112; x_wconf 87' lang='lat' dir='ltr'><strong>vel</strong></span> <span class='ocrx_word' id='word_1_64' title='bbox 657 1060 815 1112; x_wconf 89' lang='lat' dir='ltr'><strong>trium</strong></span> <span class='ocrx_word' id='word_1_65' title='bbox 857 1061 1066 1113; x_wconf 84' lang='lat' dir='ltr'><strong>testium</strong></span> <span class='ocrx_word' id='word_1_66' title='bbox 1106 1063 1314 1115; x_wconf 83' lang='lat' dir='ltr'><strong>steterit</strong></span> <span class='ocrx_word' id='word_1_67' title='bbox 1351 1075 1505 1115; x_wconf 90' lang='lat' dir='ltr'><strong>omne</strong></span> <span class='ocrx_word' id='word_1_68' title='bbox 1545 1062 1777 1123; x_wconf 77' lang='lat' dir='ltr'><strong>verbum,</strong></span> 
     </span>
    </p>
   </div>
   <div class='ocr_carea' id='block_1_11' title="bbox 263 1147 1781 1217">
    <p class='ocr_par' dir='ltr' id='par_1_11' title="bbox 263 1147 1781 1217">
     <span class='ocr_line' id='line_1_11' title="bbox 263 1147 1781 1217; baseline 0.001 -17"><span class='ocrx_word' id='word_1_69' title='bbox 263 1148 413 1202; x_wconf 87' lang='lat' dir='ltr'><strong>nobis</strong></span> <span class='ocrx_word' id='word_1_70' title='bbox 460 1147 790 1217; x_wconf 84' lang='lat' dir='ltr'><strong>cogitandum</strong></span> <span class='ocrx_word' id='word_1_71' title='bbox 831 1147 1112 1217; x_wconf 76' lang='lat' dir='ltr'><strong>relinquit:</strong></span> <span class='ocrx_word' id='word_1_72' title='bbox 1155 1159 1208 1203; x_wconf 90' lang='lat' dir='ltr'><strong>et</strong></span> <span class='ocrx_word' id='word_1_73' title='bbox 1250 1166 1498 1205; x_wconf 80' lang='lat' dir='ltr'><strong>rursum:</strong></span> <span class='ocrx_word' id='word_1_74' title='bbox 1547 1151 1694 1215; x_wconf 76' lang='lat' dir='ltr'><strong>Quod</strong></span> <span class='ocrx_word' id='word_1_75' title='bbox 1738 1152 1781 1203; x_wconf 82' lang='lat' dir='ltr'><strong>si</strong></span> 
     </span>
    </p>
   </div>
   <div class='ocr_carea' id='block_1_12' title="bbox 264 1233 1779 1300">
    <p class='ocr_par' dir='ltr' id='par_1_12' title="bbox 264 1233 1779 1300">
     <span class='ocr_line' id='line_1_12' title="bbox 264 1233 1779 1300; baseline 0.001 -15"><span class='ocrx_word' id='word_1_76' title='bbox 264 1248 364 1286; x_wconf 81' lang='lat' dir='ltr'><strong>non</strong></span> <span class='ocrx_word' id='word_1_77' title='bbox 388 1233 611 1286; x_wconf 79' lang='lat' dir='ltr'><strong>audierit</strong></span> <span class='ocrx_word' id='word_1_78' title='bbox 633 1249 738 1296; x_wconf 75' lang='lat' dir='ltr'><strong>eos,</strong></span> <span class='ocrx_word' id='word_1_79' title='bbox 769 1242 929 1288; x_wconf 85' lang='lat' dir='ltr'><strong>testes</strong></span> <span class='ocrx_word' id='word_1_80' title='bbox 957 1236 1197 1291; x_wconf 79' lang='lat' dir='ltr'><strong>videlicet</strong></span> <span class='ocrx_word' id='word_1_81' title='bbox 1231 1246 1353 1291; x_wconf 88' lang='lat' dir='ltr'><strong>ante</strong></span> <span class='ocrx_word' id='word_1_82' title='bbox 1373 1238 1653 1300; x_wconf 80' lang='lat' dir='ltr'><strong>adhibitos,</strong></span> <span class='ocrx_word' id='word_1_83' title='bbox 1680 1239 1779 1298; x_wconf 82' lang='lat' dir='ltr'><strong>dic,</strong></span> 
     </span>
    </p>
   </div>
   <div class='ocr_carea' id='block_1_13' title="bbox 265 1320 1784 1392">
    <p class='ocr_par' dir='ltr' id='par_1_13' title="bbox 265 1320 1784 1392">
     <span class='ocr_line' id='line_1_13' title="bbox 265 1320 1784 1392; baseline 0.002 -19"><span class='ocrx_word' id='word_1_84' title='bbox 265 1322 454 1389; x_wconf 86' lang='lat' dir='ltr'><strong>inquit,</strong></span> <span class='ocrx_word' id='word_1_85' title='bbox 497 1320 739 1375; x_wconf 80' lang='lat' dir='ltr'><strong>Ecclesia:</strong></span> <span class='ocrx_word' id='word_1_86' title='bbox 760 1336 780 1373; x_wconf 89' lang='lat'><strong>:</strong></span> <span class='ocrx_word' id='word_1_87' title='bbox 824 1337 920 1376; x_wconf 89' lang='lat' dir='ltr'><strong>nec</strong></span> <span class='ocrx_word' id='word_1_88' title='bbox 945 1323 1136 1391; x_wconf 82' lang='lat' dir='ltr'><strong>adjecit</strong></span> <span class='ocrx_word' id='word_1_89' title='bbox 1158 1325 1283 1392; x_wconf 90' lang='lat' dir='ltr'><strong>quid</strong></span> <span class='ocrx_word' id='word_1_90' title='bbox 1313 1325 1400 1378; x_wconf 83' lang='lat' dir='ltr'><strong>fiet</strong></span> <span class='ocrx_word' id='word_1_91' title='bbox 1423 1325 1466 1378; x_wconf 91' lang='lat' dir='ltr'><strong>si</strong></span> <span class='ocrx_word' id='word_1_92' title='bbox 1499 1325 1784 1377; x_wconf 86' lang='lat' dir='ltr'><strong>Ecclesiam</strong></span> 
     </span>
    </p>
   </div>
   <div class='ocr_carea' id='block_1_14' title="bbox 264 1409 1786 1478">
    <p class='ocr_par' dir='ltr' id='par_1_14' title="bbox 264 1409 1786 1478">
     <span class='ocr_line' id='line_1_14' title="bbox 264 1409 1786 1478; baseline 0.001 -17"><span class='ocrx_word' id='word_1_93' title='bbox 264 1424 364 1462; x_wconf 92' lang='lat' dir='ltr'><strong>non</strong></span> <span class='ocrx_word' id='word_1_94' title='bbox 392 1409 636 1474; x_wconf 86' lang='lat' dir='ltr'><strong>audierit,</strong></span> <span class='ocrx_word' id='word_1_95' title='bbox 688 1409 780 1462; x_wconf 87' lang='lat' dir='ltr'><strong>sed</strong></span> <span class='ocrx_word' id='word_1_96' title='bbox 806 1410 981 1462; x_wconf 92' lang='lat' dir='ltr'><strong>docuit</strong></span> <span class='ocrx_word' id='word_1_97' title='bbox 1008 1425 1103 1478; x_wconf 91' lang='lat' dir='ltr'><strong>pro</strong></span> <span class='ocrx_word' id='word_1_98' title='bbox 1126 1412 1336 1465; x_wconf 88' lang='lat' dir='ltr'><strong>ethnico</strong></span> <span class='ocrx_word' id='word_1_99' title='bbox 1364 1411 1501 1464; x_wconf 90' lang='lat' dir='ltr'><strong>hunc</strong></span> <span class='ocrx_word' id='word_1_100' title='bbox 1542 1412 1786 1476; x_wconf 85' lang='lat' dir='ltr'><strong>deinceps</strong></span> 
     </span>
    </p>
   </div>
   <div class='ocr_carea' id='block_1_15' title="bbox 262 1494 1787 1563">
    <p class='ocr_par' dir='ltr' id='par_1_15' title="bbox 262 1494 1787 1563">
     <span class='ocr_line' id='line_1_15' title="bbox 262 1494 1787 1563; baseline 0.001 -16"><span class='ocrx_word' id='word_1_101' title='bbox 262 1503 314 1547; x_wconf 90' lang='lat' dir='ltr'><strong>et</strong></span> <span class='ocrx_word' id='word_1_102' title='bbox 339 1494 617 1563; x_wconf 77' lang='lat' dir='ltr'><strong>publicam</strong></span> <span class='ocrx_word' id='word_1_103' title='bbox 652 1494 718 1546; x_wconf 87' lang='lat' dir='ltr'><strong>ab</strong></span> <span class='ocrx_word' id='word_1_104' title='bbox 739 1508 804 1547; x_wconf 90' lang='lat' dir='ltr'><strong>eo</strong></span> <span class='ocrx_word' id='word_1_105' title='bbox 844 1495 1136 1549; x_wconf 85' lang='lat' dir='ltr'><strong>habendum</strong></span> <span class='ocrx_word' id='word_1_106' title='bbox 1174 1510 1289 1549; x_wconf 89' lang='lat' dir='ltr'><strong>esse</strong></span> <span class='ocrx_word' id='word_1_107' title='bbox 1314 1497 1405 1563; x_wconf 86' lang='lat' dir='ltr'><strong>qui</strong></span> <span class='ocrx_word' id='word_1_108' title='bbox 1434 1504 1512 1549; x_wconf 90' lang='lat' dir='ltr'><strong>ter</strong></span> <span class='ocrx_word' id='word_1_109' title='bbox 1536 1497 1679 1548; x_wconf 88' lang='lat' dir='ltr'><strong>illum</strong></span> <span class='ocrx_word' id='word_1_110' title='bbox 1702 1511 1787 1548; x_wconf 88' lang='lat' dir='ltr'><strong>ar-</strong></span> 
     </span>
    </p>
   </div>
   <div class='ocr_carea' id='block_1_16' title="bbox 263 1582 1787 1649">
    <p class='ocr_par' dir='ltr' id='par_1_16' title="bbox 263 1582 1787 1649">
     <span class='ocr_line' id='line_1_16' title="bbox 263 1582 1787 1649; baseline 0.001 -14"><span class='ocrx_word' id='word_1_111' title='bbox 263 1583 449 1649; x_wconf 82' lang='lat' dir='ltr'><strong>guerit,</strong></span> <span class='ocrx_word' id='word_1_112' title='bbox 499 1597 596 1636; x_wconf 90' lang='lat' dir='ltr'><strong>nec</strong></span> <span class='ocrx_word' id='word_1_113' title='bbox 618 1582 775 1635; x_wconf 85' lang='lat' dir='ltr'><strong>fuerit</strong></span> <span class='ocrx_word' id='word_1_114' title='bbox 799 1583 1024 1644; x_wconf 86' lang='lat' dir='ltr'><strong>auditus,</strong></span> <span class='ocrx_word' id='word_1_115' title='bbox 1068 1584 1113 1636; x_wconf 92' lang='lat' dir='ltr'><strong>si</strong></span> <span class='ocrx_word' id='word_1_116' title='bbox 1151 1584 1397 1636; x_wconf 73' lang='lat' dir='ltr'><strong>Ecclesiae</strong></span> <span class='ocrx_word' id='word_1_117' title='bbox 1435 1598 1632 1636; x_wconf 91' lang='lat' dir='ltr'><strong>morem</strong></span> <span class='ocrx_word' id='word_1_118' title='bbox 1683 1598 1787 1636; x_wconf 91' lang='lat' dir='ltr'><strong>non</strong></span> 
     </span>
    </p>
   </div>
   <div class='ocr_carea' id='block_1_17' title="bbox 264 1668 1787 1738">
    <p class='ocr_par' dir='ltr' id='par_1_17' title="bbox 264 1668 1787 1738">
     <span class='ocr_line' id='line_1_17' title="bbox 264 1668 1787 1738; baseline -0.003 -15"><span class='ocrx_word' id='word_1_119' title='bbox 264 1669 502 1738; x_wconf 74' lang='lat' dir='ltr'><strong>gesserit.</strong></span> <span class='ocrx_word' id='word_1_120' title='bbox 539 1689 557 1720; x_wconf 73' lang='grc' dir='ltr'><strong>ι</strong></span> <span class='ocrx_word' id='word_1_121' title='bbox 594 1668 650 1723; x_wconf 89' lang='lat' dir='ltr'><strong>Si</strong></span> <span class='ocrx_word' id='word_1_122' title='bbox 684 1669 795 1723; x_wconf 69' lang='lat' dir='ltr'><strong>lucc</strong></span> <span class='ocrx_word' id='word_1_123' title='bbox 835 1669 1023 1731; x_wconf 85' lang='lat' dir='ltr'><strong>verba,</strong></span> <span class='ocrx_word' id='word_1_124' title='bbox 1066 1668 1293 1721; x_wconf 83' lang='lat' dir='ltr'><strong>lucratus</strong></span> <span class='ocrx_word' id='word_1_125' title='bbox 1314 1669 1431 1722; x_wconf 77' lang='lat' dir='ltr'><strong>‘eris</strong></span> <span class='ocrx_word' id='word_1_126' title='bbox 1460 1670 1687 1737; x_wconf 77' lang='lat' dir='ltr'><strong>fratrem,</strong></span> <span class='ocrx_word' id='word_1_127' title='bbox 1722 1668 1787 1720; x_wconf 88' lang='lat' dir='ltr'><strong>ad</strong></span> 
     </span>
    </p>
   </div>
   <div class='ocr_carea' id='block_1_18' title="bbox 265 1755 1789 1825">
    <p class='ocr_par' dir='ltr' id='par_1_18' title="bbox 265 1755 1789 1825">
     <span class='ocr_line' id='line_1_18' title="bbox 265 1755 1789 1825; baseline -0.001 -17"><span class='ocrx_word' id='word_1_128' title='bbox 265 1771 381 1809; x_wconf 91' lang='lat' dir='ltr'><strong>eum</strong></span> <span class='ocrx_word' id='word_1_129' title='bbox 426 1759 726 1825; x_wconf 83' lang='lat' dir='ltr'><strong>pertineant</strong></span> <span class='ocrx_word' id='word_1_130' title='bbox 757 1756 846 1824; x_wconf 88' lang='lat' dir='ltr'><strong>qui</strong></span> <span class='ocrx_word' id='word_1_131' title='bbox 886 1756 1300 1824; x_wconf 81' lang='lat' dir='ltr'><strong>obtemperavit;</strong></span> <span class='ocrx_word' id='word_1_132' title='bbox 1338 1770 1435 1808; x_wconf 91' lang='lat' dir='ltr'><strong>nec</strong></span> <span class='ocrx_word' id='word_1_133' title='bbox 1478 1755 1563 1808; x_wconf 90' lang='lat' dir='ltr'><strong>ille</strong></span> <span class='ocrx_word' id='word_1_134' title='bbox 1604 1756 1789 1808; x_wconf 76' lang='lat' dir='ltr'><strong>debeat</strong></span> 
     </span>
    </p>
   </div>
   <div class='ocr_carea' id='block_1_19' title="bbox 266 1834 1783 1908">
    <p class='ocr_par' dir='ltr' id='par_1_19' title="bbox 266 1834 1783 1908">
     <span class='ocr_line' id='line_1_19' title="bbox 266 1834 1783 1908; baseline -0.001 -16"><span class='ocrx_word' id='word_1_135' title='bbox 266 1842 399 1908; x_wconf 83' lang='lat' dir='ltr'><strong>apud</strong></span> <span class='ocrx_word' id='word_1_136' title='bbox 425 1841 711 1894; x_wconf 79' lang='lat' dir='ltr'><strong>Ecclesium</strong></span> <span class='ocrx_word' id='word_1_137' title='bbox 752 1840 1007 1900; x_wconf 89' lang='lat' dir='ltr'><strong>accusari,</strong></span> <span class='ocrx_word' id='word_1_138' title='bbox 1059 1854 1227 1907; x_wconf 89' lang='lat' dir='ltr'><strong>neque</strong></span> <span class='ocrx_word' id='word_1_139' title='bbox 1261 1841 1327 1893; x_wconf 89' lang='lat' dir='ltr'><strong>ab</strong></span> <span class='ocrx_word' id='word_1_140' title='bbox 1353 1839 1583 1892; x_wconf 87' lang='lat' dir='ltr'><strong>Ecclesia</strong></span> <span class='ocrx_word' id='word_1_141' title='bbox 1626 1834 1783 1908; x_wconf 83' lang='lat' dir='ltr'><strong>ejici:</strong></span> 
     </span>
    </p>
   </div>
   <div class='ocr_carea' id='block_1_20' title="bbox 1878 712 3387 791">
    <p class='ocr_par' dir='ltr' id='par_1_20' title="bbox 1878 712 3387 791">
     <span class='ocr_line' id='line_1_20' title="bbox 1878 712 3387 791; baseline 0.01 -29"><span class='ocrx_word' id='word_1_142' title='bbox 1878 712 2080 765; x_wconf 91' lang='lat' dir='ltr'><strong>Domini</strong></span> <span class='ocrx_word' id='word_1_143' title='bbox 2116 715 2360 776; x_wconf 83' lang='lat' dir='ltr'><strong>adventu,</strong></span> <span class='ocrx_word' id='word_1_144' title='bbox 2396 726 2638 783; x_wconf 85' lang='lat' dir='ltr'><strong>tanquam</strong></span> <span class='ocrx_word' id='word_1_145' title='bbox 2666 728 2801 771; x_wconf 57' lang='lat' dir='ltr'><strong>cortu</strong></span> <span class='ocrx_word' id='word_1_146' title='bbox 2828 720 3069 774; x_wconf 78' lang='lat' dir='ltr'><strong>Ecclesia:</strong></span> <span class='ocrx_word' id='word_1_147' title='bbox 3093 724 3206 791; x_wconf 88' lang='lat' dir='ltr'><strong>insp</strong></span> <span class='ocrx_word' id='word_1_148' title='bbox 3226 735 3387 777; x_wconf 85' lang='lat' dir='ltr'><strong>ctan-</strong></span> 
     </span>
    </p>
   </div>
   <div class='ocr_carea' id='block_1_21' title="bbox 1878 799 3385 877">
    <p class='ocr_par' dir='ltr' id='par_1_21' title="bbox 1878 799 3385 877">
     <span class='ocr_line' id='line_1_21' title="bbox 1878 799 3385 877; baseline 0.01 -28"><span class='ocrx_word' id='word_1_149' title='bbox 1878 799 1944 851; x_wconf 90' lang='lat' dir='ltr'><strong>tis</strong></span> <span class='ocrx_word' id='word_1_150' title='bbox 1969 800 2261 854; x_wconf 83' lang='lat' dir='ltr'><strong>admonitus</strong></span> <span class='ocrx_word' id='word_1_151' title='bbox 2287 812 2364 854; x_wconf 89' lang='lat' dir='ltr'><strong>est</strong></span> <span class='ocrx_word' id='word_1_152' title='bbox 2391 821 2402 853; x_wconf 91' lang='lat'><strong>:</strong></span> <span class='ocrx_word' id='word_1_153' title='bbox 2431 803 2724 873; x_wconf 79' lang='lat' dir='ltr'><strong>frustraque</strong></span> <span class='ocrx_word' id='word_1_154' title='bbox 2753 807 2940 862; x_wconf 88' lang='lat' dir='ltr'><strong>habitis</strong></span> <span class='ocrx_word' id='word_1_155' title='bbox 2964 809 3043 862; x_wconf 91' lang='lat' dir='ltr'><strong>his</strong></span> <span class='ocrx_word' id='word_1_156' title='bbox 3066 810 3385 877; x_wconf 77' lang='lat' dir='ltr'><strong>objurgatio-</strong></span> 
     </span>
    </p>
   </div>
   <div class='ocr_carea' id='block_1_22' title="bbox 1877 885 3389 964">
    <p class='ocr_par' dir='ltr' id='par_1_22' title="bbox 1877 885 3389 964">
     <span class='ocr_line' id='line_1_22' title="bbox 1877 885 3389 964; baseline 0.011 -29"><span class='ocrx_word' id='word_1_157' title='bbox 1877 885 2049 947; x_wconf 91' lang='lat' dir='ltr'><strong>nibus,</strong></span> <span class='ocrx_word' id='word_1_158' title='bbox 2093 888 2350 953; x_wconf 87' lang='lat' dir='ltr'><strong>publicani</strong></span> <span class='ocrx_word' id='word_1_159' title='bbox 2386 897 2473 942; x_wconf 89' lang='lat' dir='ltr'><strong>aut</strong></span> <span class='ocrx_word' id='word_1_160' title='bbox 2504 893 2698 945; x_wconf 90' lang='lat' dir='ltr'><strong>ethnici</strong></span> <span class='ocrx_word' id='word_1_161' title='bbox 2738 893 2934 947; x_wconf 77' lang='lat' dir='ltr'><strong>vilitate</strong></span> <span class='ocrx_word' id='word_1_162' title='bbox 2976 897 3266 964; x_wconf 78' lang='lat' dir='ltr'><strong>negligitur.</strong></span> <span class='ocrx_word' id='word_1_163' title='bbox 3311 899 3389 951; x_wconf 78' lang='lat' dir='ltr'><strong>Ad</strong></span> 
     </span>
    </p>
   </div>
   <div class='ocr_carea' id='block_1_23' title="bbox 1878 980 3387 1051">
    <p class='ocr_par' dir='ltr' id='par_1_23' title="bbox 1878 980 3387 1051">
     <span class='ocr_line' id='line_1_23' title="bbox 1878 980 3387 1051; baseline 0.012 -29"><span class='ocrx_word' id='word_1_164' title='bbox 1878 980 2128 1027; x_wconf 85' lang='lat' dir='ltr'><strong>terrorem</strong></span> <span class='ocrx_word' id='word_1_165' title='bbox 2154 985 2324 1029; x_wconf 89' lang='lat' dir='ltr'><strong>autem</strong></span> <span class='ocrx_word' id='word_1_166' title='bbox 2353 985 2520 1030; x_wconf 90' lang='lat' dir='ltr'><strong>metus</strong></span> <span class='ocrx_word' id='word_1_167' title='bbox 2542 980 2774 1044; x_wconf 77' lang='lat' dir='ltr'><strong>maximi,</strong></span> <span class='ocrx_word' id='word_1_168' title='bbox 2817 996 2920 1048; x_wconf 90' lang='lat' dir='ltr'><strong>quo</strong></span> <span class='ocrx_word' id='word_1_169' title='bbox 2948 984 2997 1035; x_wconf 91' lang='lat' dir='ltr'><strong>in</strong></span> <span class='ocrx_word' id='word_1_170' title='bbox 3026 999 3252 1051; x_wconf 70' lang='lat' dir='ltr'><strong>praesens</strong></span> <span class='ocrx_word' id='word_1_171' title='bbox 3277 1001 3387 1039; x_wconf 84' lang='lat' dir='ltr'><strong>om-</strong></span> 
     </span>
    </p>
   </div>
   <div class='ocr_carea' id='block_1_24' title="bbox 1879 1060 3391 1138">
    <p class='ocr_par' dir='ltr' id='par_1_24' title="bbox 1879 1060 3391 1138">
     <span class='ocr_line' id='line_1_24' title="bbox 1879 1060 3391 1138; baseline 0.01 -29"><span class='ocrx_word' id='word_1_172' title='bbox 1879 1070 1972 1109; x_wconf 86' lang='lat' dir='ltr'><strong>nes</strong></span> <span class='ocrx_word' id='word_1_173' title='bbox 2009 1060 2419 1125; x_wconf 88' lang='lat' dir='ltr'><strong>continerentur,</strong></span> <span class='ocrx_word' id='word_1_174' title='bbox 2465 1064 2726 1117; x_wconf 87' lang='lat' dir='ltr'><strong>immobile</strong></span> <span class='ocrx_word' id='word_1_175' title='bbox 2770 1070 3061 1123; x_wconf 83' lang='lat' dir='ltr'><strong>severitatis</strong></span> <span class='ocrx_word' id='word_1_176' title='bbox 3098 1071 3391 1138; x_wconf 75' lang='lat' dir='ltr'><strong>apostolica:</strong></span> 
     </span>
    </p>
   </div>
   <div class='ocr_carea' id='block_1_25' title="bbox 1871 1141 3391 1223">
    <p class='ocr_par' dir='ltr' id='par_1_25' title="bbox 1871 1141 3391 1223">
     <span class='ocr_line' id='line_1_25' title="bbox 1871 1141 3391 1223; baseline 0.011 -30"><span class='ocrx_word' id='word_1_177' title='bbox 1871 1141 2124 1209; x_wconf 84' lang='lat' dir='ltr'><strong>judicium</strong></span> <span class='ocrx_word' id='word_1_178' title='bbox 2161 1148 2445 1212; x_wconf 76' lang='lat' dir='ltr'><strong>prmmisit:</strong></span> <span class='ocrx_word' id='word_1_179' title='bbox 2476 1158 2534 1202; x_wconf 91' lang='lat' dir='ltr'><strong>ut</strong></span> <span class='ocrx_word' id='word_1_180' title='bbox 2576 1165 2704 1217; x_wconf 83' lang='lat' dir='ltr'><strong>quos</strong></span> <span class='ocrx_word' id='word_1_181' title='bbox 2736 1152 2788 1204; x_wconf 93' lang='lat' dir='ltr'><strong>in</strong></span> <span class='ocrx_word' id='word_1_182' title='bbox 2816 1154 2969 1207; x_wconf 89' lang='lat' dir='ltr'><strong>terris</strong></span> <span class='ocrx_word' id='word_1_183' title='bbox 3004 1156 3293 1223; x_wconf 85' lang='lat' dir='ltr'><strong>ligaverint,</strong></span> <span class='ocrx_word' id='word_1_184' title='bbox 3339 1158 3391 1210; x_wconf 89' lang='lat' dir='ltr'><strong>id</strong></span> 
     </span>
    </p>
   </div>
   <div class='ocr_carea' id='block_1_26' title="bbox 1877 1235 3392 1313">
    <p class='ocr_par' dir='ltr' id='par_1_26' title="bbox 1877 1235 3392 1313">
     <span class='ocr_line' id='line_1_26' title="bbox 1877 1235 3392 1313; baseline 0.012 -34"><span class='ocrx_word' id='word_1_185' title='bbox 1877 1237 1980 1289; x_wconf 84' lang='lat' dir='ltr'><strong>est,</strong></span> <span class='ocrx_word' id='word_1_186' title='bbox 2022 1240 2357 1295; x_wconf 89' lang='lat' dir='ltr'><strong>peccatorum</strong></span> <span class='ocrx_word' id='word_1_187' title='bbox 2382 1235 2530 1288; x_wconf 88' lang='lat' dir='ltr'><strong>nodis</strong></span> <span class='ocrx_word' id='word_1_188' title='bbox 2573 1237 2788 1291; x_wconf 73' lang='lat' dir='ltr'><strong>innexos</strong></span> <span class='ocrx_word' id='word_1_189' title='bbox 2812 1239 3132 1307; x_wconf 84' lang='lat' dir='ltr'><strong>reliquerint,</strong></span> <span class='ocrx_word' id='word_1_190' title='bbox 3176 1251 3229 1296; x_wconf 89' lang='lat' dir='ltr'><strong>et</strong></span> <span class='ocrx_word' id='word_1_191' title='bbox 3261 1258 3392 1313; x_wconf 89' lang='lat' dir='ltr'><strong>quos</strong></span> 
     </span>
    </p>
   </div>
   <div class='ocr_carea' id='block_1_27' title="bbox 1880 1314 3391 1397">
    <p class='ocr_par' dir='ltr' id='par_1_27' title="bbox 1880 1314 3391 1397">
     <span class='ocr_line' id='line_1_27' title="bbox 1880 1314 3391 1397; baseline 0.013 -30"><span class='ocrx_word' id='word_1_192' title='bbox 1880 1314 2146 1379; x_wconf 83' lang='lat' dir='ltr'><strong>solverint,</strong></span> <span class='ocrx_word' id='word_1_193' title='bbox 2195 1318 2520 1375; x_wconf 76' lang='lat' dir='ltr'><strong>confessione</strong></span> <span class='ocrx_word' id='word_1_194' title='bbox 2542 1323 2780 1379; x_wconf 87' lang='lat' dir='ltr'><strong>videlicet</strong></span> <span class='ocrx_word' id='word_1_195' title='bbox 2814 1327 2994 1390; x_wconf 63' lang='lat' dir='ltr'><strong>veniae,</strong></span> <span class='ocrx_word' id='word_1_196' title='bbox 3024 1331 3315 1397; x_wconf 87' lang='lat' dir='ltr'><strong>receperint</strong></span> <span class='ocrx_word' id='word_1_197' title='bbox 3339 1332 3391 1385; x_wconf 92' lang='lat' dir='ltr'><strong>in</strong></span> 
     </span>
    </p>
   </div>
   <div class='ocr_carea' id='block_1_28' title="bbox 1881 1402 3393 1473">
    <p class='ocr_par' dir='ltr' id='par_1_28' title="bbox 1881 1402 3393 1473">
     <span class='ocr_line' id='line_1_28' title="bbox 1881 1402 3393 1473; baseline 0.013 -20"><span class='ocrx_word' id='word_1_198' title='bbox 1881 1402 2119 1456; x_wconf 83' lang='lat' dir='ltr'><strong>salutem.</strong></span> <span class='ocrx_word' id='word_1_199' title='bbox 2149 1422 2167 1454; x_wconf 79' lang='grc' dir='ltr'>ι</span> <span class='ocrx_word' id='word_1_200' title='bbox 2208 1404 2427 1460; x_wconf 90' lang='lat' dir='ltr'><strong>Sanctus</strong></span> <span class='ocrx_word' id='word_1_201' title='bbox 2456 1408 2679 1465; x_wconf 83' lang='lat' dir='ltr'><strong>Hilarius</strong></span> <span class='ocrx_word' id='word_1_202' title='bbox 2714 1412 2939 1467; x_wconf 85' lang='lat' dir='ltr'><strong>aftirmat</strong></span> <span class='ocrx_word' id='word_1_203' title='bbox 2962 1430 3079 1467; x_wconf 88' lang='lat' dir='ltr'><strong>cum</strong></span> <span class='ocrx_word' id='word_1_204' title='bbox 3116 1431 3230 1471; x_wconf 88' lang='lat' dir='ltr'><strong>esse</strong></span> <span class='ocrx_word' id='word_1_205' title='bbox 3254 1419 3393 1473; x_wconf 90' lang='lat' dir='ltr'><strong>ordi-</strong></span> 
     </span>
    </p>
   </div>
   <div class='ocr_carea' id='block_1_29' title="bbox 1882 1493 3394 1574">
    <p class='ocr_par' dir='ltr' id='par_1_29' title="bbox 1882 1493 3394 1574">
     <span class='ocr_line' id='line_1_29' title="bbox 1882 1493 3394 1574; baseline 0.013 -33"><span class='ocrx_word' id='word_1_206' title='bbox 1882 1504 1999 1542; x_wconf 85' lang='lat' dir='ltr'><strong>nem</strong></span> <span class='ocrx_word' id='word_1_207' title='bbox 2029 1493 2301 1546; x_wconf 87' lang='lat' dir='ltr'><strong>charitatis</strong></span> <span class='ocrx_word' id='word_1_208' title='bbox 2341 1497 2682 1561; x_wconf 72' lang='lat' dir='ltr'><strong>continendm,</strong></span> <span class='ocrx_word' id='word_1_209' title='bbox 2719 1514 2870 1566; x_wconf 88' lang='lat' dir='ltr'><strong>quem</strong></span> <span class='ocrx_word' id='word_1_210' title='bbox 2913 1503 3050 1557; x_wconf 88' lang='lat' dir='ltr'><strong>Deus</strong></span> <span class='ocrx_word' id='word_1_211' title='bbox 3088 1518 3209 1573; x_wconf 72' lang='lat' dir='ltr'><strong>erga</strong></span> <span class='ocrx_word' id='word_1_212' title='bbox 3234 1521 3394 1574; x_wconf 90' lang='lat' dir='ltr'><strong>popu-</strong></span> 
     </span>
    </p>
   </div>
   <div class='ocr_carea' id='block_1_30' title="bbox 1882 1576 3392 1660">
    <p class='ocr_par' dir='ltr' id='par_1_30' title="bbox 1882 1576 3392 1660">
     <span class='ocr_line' id='line_1_30' title="bbox 1882 1576 3392 1660; baseline 0.011 -33"><span class='ocrx_word' id='word_1_213' title='bbox 1882 1576 1989 1628; x_wconf 90' lang='lat' dir='ltr'><strong>lum</strong></span> <span class='ocrx_word' id='word_1_214' title='bbox 2011 1578 2169 1631; x_wconf 89' lang='lat' dir='ltr'><strong>lsraei</strong></span> <span class='ocrx_word' id='word_1_215' title='bbox 2198 1582 2384 1643; x_wconf 84' lang='lat' dir='ltr'><strong>tenuit,</strong></span> <span class='ocrx_word' id='word_1_216' title='bbox 2412 1592 2466 1636; x_wconf 92' lang='lat' dir='ltr'><strong>ct</strong></span> <span class='ocrx_word' id='word_1_217' title='bbox 2486 1582 2723 1638; x_wconf 88' lang='lat' dir='ltr'><strong>Christus</strong></span> <span class='ocrx_word' id='word_1_218' title='bbox 2755 1586 2805 1639; x_wconf 87' lang='lat' dir='ltr'><strong>in</strong></span> <span class='ocrx_word' id='word_1_219' title='bbox 2832 1585 3105 1655; x_wconf 76' lang='lat' dir='ltr'><strong>Evangelia</strong></span> <span class='ocrx_word' id='word_1_220' title='bbox 3131 1594 3392 1660; x_wconf 69' lang='lat' dir='ltr'><strong>prtecepit,</strong></span> 
     </span>
    </p>
   </div>
   <div class='ocr_carea' id='block_1_31' title="bbox 1883 1671 3397 1740">
    <p class='ocr_par' dir='ltr' id='par_1_31' title="bbox 1883 1671 3397 1740">
     <span class='ocr_line' id='line_1_31' title="bbox 1883 1671 3397 1740; baseline 0.01 -24"><span class='ocrx_word' id='word_1_221' title='bbox 1883 1671 1941 1716; x_wconf 91' lang='lat' dir='ltr'><strong>ut</strong></span> <span class='ocrx_word' id='word_1_222' title='bbox 1960 1673 2264 1731; x_wconf 87' lang='lat' dir='ltr'><strong>peccatores</strong></span> <span class='ocrx_word' id='word_1_223' title='bbox 2290 1682 2523 1723; x_wconf 87' lang='lat' dir='ltr'><strong>seorsum</strong></span> <span class='ocrx_word' id='word_1_224' title='bbox 2545 1672 2924 1740; x_wconf 88' lang='lat' dir='ltr'><strong>corripiantur;</strong></span> <span class='ocrx_word' id='word_1_225' title='bbox 2956 1675 3139 1728; x_wconf 88' lang='lat' dir='ltr'><strong>deinde</strong></span> <span class='ocrx_word' id='word_1_226' title='bbox 3163 1677 3258 1730; x_wconf 88' lang='lat' dir='ltr'><strong>sub</strong></span> <span class='ocrx_word' id='word_1_227' title='bbox 3273 1679 3397 1731; x_wconf 88' lang='lat' dir='ltr'><strong>duc-</strong></span> 
     </span>
    </p>
   </div>
   <div class='ocr_carea' id='block_1_32' title="bbox 1884 1753 3393 1831">
    <p class='ocr_par' dir='ltr' id='par_1_32' title="bbox 1884 1753 3393 1831">
     <span class='ocr_line' id='line_1_32' title="bbox 1884 1753 3393 1831; baseline 0.009 -27"><span class='ocrx_word' id='word_1_228' title='bbox 1884 1753 1979 1805; x_wconf 87' lang='lat' dir='ltr'><strong>bus</strong></span> <span class='ocrx_word' id='word_1_229' title='bbox 2000 1762 2090 1806; x_wconf 88' lang='lat' dir='ltr'><strong>aut</strong></span> <span class='ocrx_word' id='word_1_230' title='bbox 2130 1755 2295 1816; x_wconf 83' lang='lat' dir='ltr'><strong>tribus</strong></span> <span class='ocrx_word' id='word_1_231' title='bbox 2321 1758 2574 1810; x_wconf 87' lang='lat' dir='ltr'><strong>testibus:</strong></span> <span class='ocrx_word' id='word_1_232' title='bbox 2612 1774 2709 1813; x_wconf 89' lang='lat' dir='ltr'><strong>nec</strong></span> <span class='ocrx_word' id='word_1_233' title='bbox 2734 1761 2952 1814; x_wconf 87' lang='lat' dir='ltr'><strong>debeant</strong></span> <span class='ocrx_word' id='word_1_234' title='bbox 2983 1753 3185 1830; x_wconf 83' lang='lat' dir='ltr'><strong>publice</strong></span> <span class='ocrx_word' id='word_1_235' title='bbox 3217 1764 3393 1831; x_wconf 81' lang='lat' dir='ltr'><strong>objur-</strong></span> 
     </span>
    </p>
   </div>
   <div class='ocr_carea' id='block_1_33' title="bbox 1886 1842 3395 1910">
    <p class='ocr_par' dir='ltr' id='par_1_33' title="bbox 1886 1842 3395 1910">
     <span class='ocr_line' id='line_1_33' title="bbox 1886 1842 3395 1910; baseline 0.01 -18"><span class='ocrx_word' id='word_1_236' title='bbox 1886 1842 2019 1909; x_wconf 79' lang='lat' dir='ltr'><strong>gari,</strong></span> <span class='ocrx_word' id='word_1_237' title='bbox 2049 1843 2147 1895; x_wconf 90' lang='lat' dir='ltr'><strong>nisi</strong></span> <span class='ocrx_word' id='word_1_238' title='bbox 2173 1845 2461 1910; x_wconf 88' lang='lat' dir='ltr'><strong>pertinaces</strong></span> <span class='ocrx_word' id='word_1_239' title='bbox 2496 1846 2548 1899; x_wconf 90' lang='lat' dir='ltr'><strong>in</strong></span> <span class='ocrx_word' id='word_1_240' title='bbox 2577 1857 2715 1901; x_wconf 72' lang='lat' dir='ltr'><strong>cmtu</strong></span> <span class='ocrx_word' id='word_1_241' title='bbox 2744 1849 2988 1903; x_wconf 74' lang='lat' dir='ltr'><strong>Ecclesia:</strong></span> <span class='ocrx_word' id='word_1_242' title='bbox 3021 1854 3249 1906; x_wconf 89' lang='lat' dir='ltr'><strong>accusati</strong></span> <span class='ocrx_word' id='word_1_243' title='bbox 3274 1869 3395 1907; x_wconf 91' lang='lat' dir='ltr'><strong>con-</strong></span> 
     </span>
    </p>
   </div>
   <div class='ocr_carea' id='block_1_34' title="bbox 267 1904 3397 2002">
    <p class='ocr_par' dir='ltr' id='par_1_34' title="bbox 267 1904 3397 2002">
     <span class='ocr_line' id='line_1_34' title="bbox 267 1904 3397 2002; baseline 0.003 -20"><span class='ocrx_word' id='word_1_244' title='bbox 267 1904 597 1983; x_wconf 84' lang='lat' dir='ltr'><strong>manifestum</strong></span> <span class='ocrx_word' id='word_1_245' title='bbox 632 1936 713 1982; x_wconf 88' lang='lat' dir='ltr'><strong>est</strong></span> <span class='ocrx_word' id='word_1_246' title='bbox 750 1916 1028 1997; x_wconf 78' lang='lat' dir='ltr'><strong>Origencm</strong></span> <span class='ocrx_word' id='word_1_247' title='bbox 1075 1904 1174 1980; x_wconf 78' lang='lat' dir='ltr'><strong>hac</strong></span> <span class='ocrx_word' id='word_1_248' title='bbox 1214 1928 1537 1994; x_wconf 87' lang='lat' dir='ltr'><strong>expositione</strong></span> <span class='ocrx_word' id='word_1_249' title='bbox 1581 1904 1785 1994; x_wconf 84' lang='lat' dir='ltr'><strong>penitus</strong></span> <span class='ocrx_word' id='word_1_250' title='bbox 1819 1904 1859 1961; x_wconf 70' lang='grc' dir='ltr'><strong><em>Β</em></strong></span> <span class='ocrx_word' id='word_1_251' title='bbox 1885 1904 2210 1982; x_wconf 76' lang='lat' dir='ltr'><strong>demnentur.</strong></span> <span class='ocrx_word' id='word_1_252' title='bbox 2237 1929 2407 1995; x_wconf 83' lang='lat' dir='ltr'><strong>Quare</strong></span> <span class='ocrx_word' id='word_1_253' title='bbox 2428 1932 2578 2000; x_wconf 89' lang='lat' dir='ltr'><strong>plane</strong></span> <span class='ocrx_word' id='word_1_254' title='bbox 2598 1944 2751 2002; x_wconf 82' lang='lat' dir='ltr'><strong>negat</strong></span> <span class='ocrx_word' id='word_1_255' title='bbox 2774 1930 2998 1990; x_wconf 89' lang='lat' dir='ltr'><strong>llilarius</strong></span> <span class='ocrx_word' id='word_1_256' title='bbox 3017 1904 3397 1992; x_wconf 72' lang='lat' dir='ltr'><strong>morcmfuisse</strong></span> 
     </span>
    </p>
   </div>
   <div class='ocr_carea' id='block_1_35' title="bbox 267 2012 1786 2084">
    <p class='ocr_par' dir='ltr' id='par_1_35' title="bbox 267 2012 1786 2084">
     <span class='ocr_line' id='line_1_35' title="bbox 267 2012 1786 2084; baseline -0.002 -16"><span class='ocrx_word' id='word_1_257' title='bbox 267 2031 454 2084; x_wconf 78' lang='lat' dir='ltr'><strong>negare</strong></span> <span class='ocrx_word' id='word_1_258' title='bbox 489 2029 687 2068; x_wconf 86' lang='lat' dir='ltr'><strong>morem</strong></span> <span class='ocrx_word' id='word_1_259' title='bbox 734 2013 892 2067; x_wconf 87' lang='lat' dir='ltr'><strong>fuisse</strong></span> <span class='ocrx_word' id='word_1_260' title='bbox 939 2013 1183 2067; x_wconf 63' lang='lat' dir='ltr'><strong>Ecclesiae</strong></span> <span class='ocrx_word' id='word_1_261' title='bbox 1218 2012 1425 2080; x_wconf 83' lang='lat' dir='ltr'><strong>publice</strong></span> <span class='ocrx_word' id='word_1_262' title='bbox 1457 2014 1520 2063; x_wconf 85' lang='lat' dir='ltr'><strong>de</strong></span> <span class='ocrx_word' id='word_1_263' title='bbox 1558 2014 1786 2079; x_wconf 84' lang='lat' dir='ltr'><strong>peccatis</strong></span> 
     </span>
    </p>
   </div>
   <div class='ocr_carea' id='block_1_36' title="bbox 268 2102 1625 2170">
    <p class='ocr_par' dir='ltr' id='par_1_36' title="bbox 268 2102 1625 2170">
     <span class='ocr_line' id='line_1_36' title="bbox 268 2102 1625 2170; baseline -0.002 -13"><span class='ocrx_word' id='word_1_264' title='bbox 268 2103 486 2157; x_wconf 86' lang='lat' dir='ltr'><strong>occultis</strong></span> <span class='ocrx_word' id='word_1_265' title='bbox 512 2102 817 2170; x_wconf 67' lang='lat' dir='ltr'><strong>paenitendi.</strong></span> <span class='ocrx_word' id='word_1_266' title='bbox 1618 2103 1625 2107; x_wconf 84' lang='grc'><em>’</em></span> 
     </span>
    </p>
   </div>
   <div class='ocr_carea' id='block_1_37' title="bbox 335 2189 1788 2259">
    <p class='ocr_par' dir='ltr' id='par_1_37' title="bbox 335 2189 1788 2259">
     <span class='ocr_line' id='line_1_37' title="bbox 335 2189 1788 2259; baseline -0.001 -14"><span class='ocrx_word' id='word_1_267' title='bbox 335 2192 498 2245; x_wconf 81' lang='lat' dir='ltr'><strong>Vetus</strong></span> <span class='ocrx_word' id='word_1_268' title='bbox 520 2199 704 2244; x_wconf 84' lang='lat' dir='ltr'><strong>auctor</strong></span> <span class='ocrx_word' id='word_1_269' title='bbox 729 2189 1170 2245; x_wconf 87' lang='lat' dir='ltr'><strong>Constitutionum</strong></span> <span class='ocrx_word' id='word_1_270' title='bbox 1197 2191 1621 2258; x_wconf 85' lang='lat' dir='ltr'><strong>apostolicarum,</strong></span> <span class='ocrx_word' id='word_1_271' title='bbox 1662 2207 1788 2259; x_wconf 85' lang='lat' dir='ltr'><strong>qua-</strong></span> 
     </span>
    </p>
   </div>
   <div class='ocr_carea' id='block_1_38' title="bbox 269 2276 1784 2349">
    <p class='ocr_par' dir='ltr' id='par_1_38' title="bbox 269 2276 1784 2349">
     <span class='ocr_line' id='line_1_38' title="bbox 269 2276 1784 2349; baseline 0.001 -19"><span class='ocrx_word' id='word_1_272' title='bbox 269 2294 381 2332; x_wconf 91' lang='lat' dir='ltr'><strong>rum</strong></span> <span class='ocrx_word' id='word_1_273' title='bbox 408 2278 665 2332; x_wconf 84' lang='lat' dir='ltr'><strong>Eusebius</strong></span> <span class='ocrx_word' id='word_1_274' title='bbox 689 2277 923 2349; x_wconf 84' lang='lat' dir='ltr'><strong>meminit</strong></span> <span class='ocrx_word' id='word_1_275' title='bbox 947 2277 1037 2330; x_wconf 90' lang='lat' dir='ltr'><strong>lib.</strong></span> <span class='ocrx_word' id='word_1_276' title='bbox 1068 2290 1125 2330; x_wconf 83' lang='lat' dir='ltr'><strong>nt</strong></span> <span class='ocrx_word' id='word_1_277' title='bbox 1154 2276 1287 2331; x_wconf 82' lang='lat' dir='ltr'><strong>Hist.</strong></span> <span class='ocrx_word' id='word_1_278' title='bbox 1318 2279 1528 2341; x_wconf 88' lang='lat' dir='ltr'><strong>cceles.,</strong></span> <span class='ocrx_word' id='word_1_279' title='bbox 1558 2295 1670 2347; x_wconf 86' lang='lat' dir='ltr'><strong>cap.</strong></span> <span class='ocrx_word' id='word_1_280' title='bbox 1700 2281 1784 2341; x_wconf 67' lang='grc' dir='ltr'><strong>εδ,</strong></span> 
     </span>
    </p>
   </div>
   <div class='ocr_carea' id='block_1_39' title="bbox 266 2363 1790 2434">
    <p class='ocr_par' dir='ltr' id='par_1_39' title="bbox 266 2363 1790 2434">
     <span class='ocr_line' id='line_1_39' title="bbox 266 2363 1790 2434; baseline 0.001 -16"><span class='ocrx_word' id='word_1_281' title='bbox 266 2367 592 2434; x_wconf 88' lang='lat' dir='ltr'><strong>disciplinam</strong></span> <span class='ocrx_word' id='word_1_282' title='bbox 622 2364 866 2420; x_wconf 63' lang='lat' dir='ltr'><strong>Ecclesiae</strong></span> <span class='ocrx_word' id='word_1_283' title='bbox 886 2379 916 2417; x_wconf 89' lang='lat' dir='ltr'><strong>a</strong></span> <span class='ocrx_word' id='word_1_284' title='bbox 947 2363 1156 2418; x_wconf 87' lang='lat' dir='ltr'><strong>Christo</strong></span> <span class='ocrx_word' id='word_1_285' title='bbox 1195 2365 1487 2419; x_wconf 84' lang='lat' dir='ltr'><strong>institutam</strong></span> <span class='ocrx_word' id='word_1_286' title='bbox 1514 2368 1589 2420; x_wconf 89' lang='lat' dir='ltr'><strong>sic</strong></span> <span class='ocrx_word' id='word_1_287' title='bbox 1632 2366 1790 2419; x_wconf 81' lang='lat' dir='ltr'><strong>refert</strong></span> 
     </span>
    </p>
   </div>
   <div class='ocr_carea' id='block_1_40' title="bbox 268 2453 1791 2523">
    <p class='ocr_par' dir='ltr' id='par_1_40' title="bbox 268 2453 1791 2523">
     <span class='ocr_line' id='line_1_40' title="bbox 268 2453 1791 2523; baseline 0.002 -16"><span class='ocrx_word' id='word_1_288' title='bbox 268 2456 356 2508; x_wconf 87' lang='lat' dir='ltr'><strong>lib.</strong></span> <span class='ocrx_word' id='word_1_289' title='bbox 386 2472 445 2518; x_wconf 85' lang='grc' dir='ltr'><strong>ιι,</strong></span> <span class='ocrx_word' id='word_1_290' title='bbox 471 2470 589 2522; x_wconf 89' lang='lat' dir='ltr'><strong>cap.</strong></span> <span class='ocrx_word' id='word_1_291' title='bbox 617 2455 682 2506; x_wconf 80' lang='lat'><strong>57</strong></span> <span class='ocrx_word' id='word_1_292' title='bbox 710 2472 721 2506; x_wconf 94' lang='lat'><strong>:</strong></span> <span class='ocrx_word' id='word_1_293' title='bbox 755 2472 773 2503; x_wconf 77' lang='grc' dir='ltr'>ι</span> <span class='ocrx_word' id='word_1_294' title='bbox 806 2453 881 2506; x_wconf 83' lang='lat' dir='ltr'><strong>Tu</strong></span> <span class='ocrx_word' id='word_1_295' title='bbox 908 2454 1064 2523; x_wconf 77' lang='lat' dir='ltr'><strong>igitur</strong></span> <span class='ocrx_word' id='word_1_296' title='bbox 1086 2453 1356 2508; x_wconf 87' lang='lat' dir='ltr'><strong>considera</strong></span> <span class='ocrx_word' id='word_1_297' title='bbox 1384 2469 1502 2508; x_wconf 88' lang='lat' dir='ltr'><strong>eum</strong></span> <span class='ocrx_word' id='word_1_298' title='bbox 1527 2457 1615 2522; x_wconf 90' lang='lat' dir='ltr'><strong>qui</strong></span> <span class='ocrx_word' id='word_1_299' title='bbox 1642 2471 1791 2510; x_wconf 90' lang='lat' dir='ltr'><strong>accu-</strong></span> 
     </span>
    </p>
   </div>
   <div class='ocr_carea' id='block_1_41' title="bbox 270 2540 1788 2608">
    <p class='ocr_par' dir='ltr' id='par_1_41' title="bbox 270 2540 1788 2608">
     <span class='ocr_line' id='line_1_41' title="bbox 270 2540 1788 2608; baseline 0 -15"><span class='ocrx_word' id='word_1_300' title='bbox 270 2550 411 2593; x_wconf 82' lang='lat' dir='ltr'><strong>satus</strong></span> <span class='ocrx_word' id='word_1_301' title='bbox 437 2548 537 2602; x_wconf 87' lang='lat' dir='ltr'><strong>est,</strong></span> <span class='ocrx_word' id='word_1_302' title='bbox 582 2540 844 2608; x_wconf 87' lang='lat' dir='ltr'><strong>sapienter</strong></span> <span class='ocrx_word' id='word_1_303' title='bbox 865 2540 1285 2594; x_wconf 85' lang='lat' dir='ltr'><strong>animadvertens</strong></span> <span class='ocrx_word' id='word_1_304' title='bbox 1304 2555 1420 2607; x_wconf 71' lang='lat' dir='ltr'><strong>quae</strong></span> <span class='ocrx_word' id='word_1_305' title='bbox 1440 2540 1552 2607; x_wconf 83' lang='lat' dir='ltr'><strong>ejus</strong></span> <span class='ocrx_word' id='word_1_306' title='bbox 1576 2542 1682 2595; x_wconf 87' lang='lat' dir='ltr'><strong>vita</strong></span> <span class='ocrx_word' id='word_1_307' title='bbox 1702 2543 1788 2606; x_wconf 88' lang='lat' dir='ltr'><strong>sit,</strong></span> 
     </span>
    </p>
   </div>
   <div class='ocr_carea' id='block_1_42' title="bbox 270 2627 1789 2695">
    <p class='ocr_par' dir='ltr' id='par_1_42' title="bbox 270 2627 1789 2695">
     <span class='ocr_line' id='line_1_42' title="bbox 270 2627 1789 2695; baseline 0.002 -15"><span class='ocrx_word' id='word_1_308' title='bbox 270 2635 322 2680; x_wconf 84' lang='lat' dir='ltr'><strong>et</strong></span> <span class='ocrx_word' id='word_1_309' title='bbox 341 2627 530 2695; x_wconf 87' lang='lat' dir='ltr'><strong>qualis.</strong></span> <span class='ocrx_word' id='word_1_310' title='bbox 572 2635 627 2681; x_wconf 87' lang='lat' dir='ltr'><strong>et</strong></span> <span class='ocrx_word' id='word_1_311' title='bbox 650 2627 694 2679; x_wconf 90' lang='lat' dir='ltr'><strong>si</strong></span> <span class='ocrx_word' id='word_1_312' title='bbox 722 2628 981 2695; x_wconf 74' lang='lat' dir='ltr'><strong>repeteris</strong></span> <span class='ocrx_word' id='word_1_313' title='bbox 1003 2636 1363 2681; x_wconf 87' lang='lat' dir='ltr'><strong>accusatorem</strong></span> <span class='ocrx_word' id='word_1_314' title='bbox 1390 2628 1565 2683; x_wconf 84' lang='lat' dir='ltr'><strong>dicere</strong></span> <span class='ocrx_word' id='word_1_315' title='bbox 1587 2645 1789 2693; x_wconf 86' lang='lat' dir='ltr'><strong>verum,</strong></span> 
     </span>
    </p>
   </div>
   <div class='ocr_carea' id='block_1_43' title="bbox 271 2715 1795 2778">
    <p class='ocr_par' dir='ltr' id='par_1_43' title="bbox 271 2715 1795 2778">
     <span class='ocr_line' id='line_1_43' title="bbox 271 2715 1795 2778; baseline 0 -10"><span class='ocrx_word' id='word_1_316' title='bbox 271 2716 352 2771; x_wconf 73' lang='lat' dir='ltr'><strong>{ac</strong></span> <span class='ocrx_word' id='word_1_317' title='bbox 378 2725 435 2770; x_wconf 90' lang='lat' dir='ltr'><strong>ut</strong></span> <span class='ocrx_word' id='word_1_318' title='bbox 455 2716 705 2770; x_wconf 83' lang='lat' dir='ltr'><strong>Dominus</strong></span> <span class='ocrx_word' id='word_1_319' title='bbox 730 2715 1020 2771; x_wconf 85' lang='lat' dir='ltr'><strong>faciendum</strong></span> <span class='ocrx_word' id='word_1_320' title='bbox 1046 2716 1375 2778; x_wconf 36' lang='lat' dir='ltr'><strong>esse‘docuit,</strong></span> <span class='ocrx_word' id='word_1_321' title='bbox 1401 2718 1618 2769; x_wconf 89' lang='lat' dir='ltr'><strong>conveni</strong></span> <span class='ocrx_word' id='word_1_322' title='bbox 1642 2731 1795 2770; x_wconf 84' lang='lat' dir='ltr'><strong>accu—</strong></span> 
     </span>
    </p>
   </div>
   <div class='ocr_carea' id='block_1_44' title="bbox 274 2804 1797 2873">
    <p class='ocr_par' dir='ltr' id='par_1_44' title="bbox 274 2804 1797 2873">
     <span class='ocr_line' id='line_1_44' title="bbox 274 2804 1797 2873; baseline 0.002 -17"><span class='ocrx_word' id='word_1_323' title='bbox 274 2814 445 2857; x_wconf 88' lang='lat' dir='ltr'><strong>satum</strong></span> <span class='ocrx_word' id='word_1_324' title='bbox 494 2818 748 2867; x_wconf 84' lang='lat' dir='ltr'><strong>seorsum,</strong></span> <span class='ocrx_word' id='word_1_325' title='bbox 779 2812 834 2857; x_wconf 88' lang='lat' dir='ltr'><strong>et</strong></span> <span class='ocrx_word' id='word_1_326' title='bbox 857 2818 1016 2872; x_wconf 88' lang='lat' dir='ltr'><strong>argue</strong></span> <span class='ocrx_word' id='word_1_327' title='bbox 1060 2816 1179 2857; x_wconf 83' lang='lat' dir='ltr'><strong>cum</strong></span> <span class='ocrx_word' id='word_1_328' title='bbox 1203 2804 1410 2858; x_wconf 85' lang='lat' dir='ltr'><strong>nemine</strong></span> <span class='ocrx_word' id='word_1_329' title='bbox 1437 2815 1715 2873; x_wconf 57' lang='lat' dir='ltr'><strong>prasente,</strong></span> <span class='ocrx_word' id='word_1_330' title='bbox 1736 2815 1797 2859; x_wconf 88' lang='lat' dir='ltr'><strong>ut</strong></span> 
     </span>
    </p>
   </div>
   <div class='ocr_carea' id='block_1_45' title="bbox 275 2891 1797 2960">
    <p class='ocr_par' dir='ltr' id='par_1_45' title="bbox 275 2891 1797 2960">
     <span class='ocr_line' id='line_1_45' title="bbox 275 2891 1797 2960; baseline 0.001 -17"><span class='ocrx_word' id='word_1_331' title='bbox 275 2906 391 2944; x_wconf 71' lang='lat' dir='ltr'><strong>enim</strong></span> <span class='ocrx_word' id='word_1_332' title='bbox 427 2892 716 2960; x_wconf 68' lang='lat' dir='ltr'><strong>poeniteat:</strong></span> <span class='ocrx_word' id='word_1_333' title='bbox 754 2891 799 2944; x_wconf 88' lang='lat' dir='ltr'><strong>si</strong></span> <span class='ocrx_word' id='word_1_334' title='bbox 824 2899 999 2945; x_wconf 85' lang='lat' dir='ltr'><strong>autem</strong></span> <span class='ocrx_word' id='word_1_335' title='bbox 1026 2905 1129 2944; x_wconf 89' lang='lat' dir='ltr'><strong>non</strong></span> <span class='ocrx_word' id='word_1_336' title='bbox 1151 2891 1404 2959; x_wconf 84' lang='lat' dir='ltr'><strong>paruerit,</strong></span> <span class='ocrx_word' id='word_1_337' title='bbox 1433 2892 1669 2944; x_wconf 89' lang='lat' dir='ltr'><strong>adhibito</strong></span> <span class='ocrx_word' id='word_1_338' title='bbox 1692 2905 1797 2945; x_wconf 90' lang='lat' dir='ltr'><strong>uno</strong></span> 
     </span>
    </p>
   </div>
   <div class='ocr_carea' id='block_1_46' title="bbox 278 2978 1798 3042">
    <p class='ocr_par' dir='ltr' id='par_1_46' title="bbox 278 2978 1798 3042">
     <span class='ocr_line' id='line_1_46' title="bbox 278 2978 1798 3042; baseline 0.001 -12"><span class='ocrx_word' id='word_1_339' title='bbox 278 2988 363 3031; x_wconf 86' lang='lat' dir='ltr'><strong>aut</strong></span> <span class='ocrx_word' id='word_1_340' title='bbox 389 2980 574 3042; x_wconf 89' lang='lat' dir='ltr'><strong>altero,</strong></span> <span class='ocrx_word' id='word_1_341' title='bbox 612 2979 782 3032; x_wconf 86' lang='lat' dir='ltr'><strong>indica</strong></span> <span class='ocrx_word' id='word_1_342' title='bbox 805 2980 853 3032; x_wconf 91' lang='lat' dir='ltr'><strong>ei</strong></span> <span class='ocrx_word' id='word_1_343' title='bbox 881 2989 1132 3042; x_wconf 88' lang='lat' dir='ltr'><strong>erratum,</strong></span> <span class='ocrx_word' id='word_1_344' title='bbox 1177 2986 1393 3033; x_wconf 79' lang='lat' dir='ltr'><strong>moneris</strong></span> <span class='ocrx_word' id='word_1_345' title='bbox 1412 2993 1532 3032; x_wconf 89' lang='lat' dir='ltr'><strong>eum</strong></span> <span class='ocrx_word' id='word_1_346' title='bbox 1552 2978 1798 3031; x_wconf 86' lang='lat' dir='ltr'><strong>adhibitis</strong></span> 
     </span>
    </p>
   </div>
   <div class='ocr_carea' id='block_1_47' title="bbox 280 3063 1797 3132">
    <p class='ocr_par' dir='ltr' id='par_1_47' title="bbox 280 3063 1797 3132">
     <span class='ocr_line' id='line_1_47' title="bbox 280 3063 1797 3132; baseline 0.001 -17"><span class='ocrx_word' id='word_1_347' title='bbox 280 3063 672 3118; x_wconf 82' lang='lat' dir='ltr'><strong>mansuetudine</strong></span> <span class='ocrx_word' id='word_1_348' title='bbox 694 3073 747 3117; x_wconf 88' lang='lat' dir='ltr'><strong>et</strong></span> <span class='ocrx_word' id='word_1_349' title='bbox 768 3064 1056 3132; x_wconf 83' lang='lat' dir='ltr'><strong>disciplina,</strong></span> <span class='ocrx_word' id='word_1_350' title='bbox 1102 3064 1347 3131; x_wconf 84' lang='lat' dir='ltr'><strong>quoniam</strong></span> <span class='ocrx_word' id='word_1_351' title='bbox 1385 3064 1436 3117; x_wconf 92' lang='lat' dir='ltr'><strong>in</strong></span> <span class='ocrx_word' id='word_1_352' title='bbox 1480 3065 1638 3129; x_wconf 74' lang='lat' dir='ltr'><strong>corde</strong></span> <span class='ocrx_word' id='word_1_353' title='bbox 1659 3066 1797 3118; x_wconf 92' lang='lat' dir='ltr'><strong>bono</strong></span> 
     </span>
    </p>
   </div>
   <div class='ocr_carea' id='block_1_48' title="bbox 282 3152 1795 3231">
    <p class='ocr_par' dir='ltr' id='par_1_48' title="bbox 282 3152 1795 3231">
     <span class='ocr_line' id='line_1_48' title="bbox 282 3152 1795 3231; baseline 0.001 -26"><span class='ocrx_word' id='word_1_354' title='bbox 282 3154 559 3221; x_wconf 83' lang='lat' dir='ltr'><strong>requiescit</strong></span> <span class='ocrx_word' id='word_1_355' title='bbox 592 3152 843 3221; x_wconf 88' lang='lat' dir='ltr'><strong>sapientia</strong></span> <span class='ocrx_word' id='word_1_356' title='bbox 868 3194 882 3215; x_wconf 96' lang='lat'><strong>,</strong></span> <span class='ocrx_word' id='word_1_357' title='bbox 934 3154 985 3206; x_wconf 91' lang='lat' dir='ltr'><strong>in</strong></span> <span class='ocrx_word' id='word_1_358' title='bbox 1028 3153 1184 3207; x_wconf 92' lang='lat' dir='ltr'><strong>corde</strong></span> <span class='ocrx_word' id='word_1_359' title='bbox 1224 3161 1400 3207; x_wconf 88' lang='lat' dir='ltr'><strong>autem</strong></span> <span class='ocrx_word' id='word_1_360' title='bbox 1442 3153 1795 3231; x_wconf 78' lang='lat' dir='ltr'><strong>insipientium</strong></span> 
     </span>
    </p>
   </div>
   <div class='ocr_carea' id='block_1_49' title="bbox 1823 3197 1870 3256">
    <p class='ocr_par' dir='ltr' id='par_1_49' title="bbox 1823 3197 1870 3256">
     <span class='ocr_line' id='line_1_49' title="bbox 1823 3197 1870 3256; baseline 0 0"><span class='ocrx_word' id='word_1_361' title='bbox 1823 3197 1870 3256; x_wconf 92' lang='lat' dir='ltr'><strong>C</strong></span> 
     </span>
    </p>
   </div>
   <div class='ocr_carea' id='block_1_50' title="bbox 1882 2015 3417 2091">
    <p class='ocr_par' dir='ltr' id='par_1_50' title="bbox 1882 2015 3417 2091">
     <span class='ocr_line' id='line_1_50' title="bbox 1882 2015 3417 2091; baseline 0.008 -25"><span class='ocrx_word' id='word_1_362' title='bbox 1882 2015 2124 2069; x_wconf 65' lang='lat' dir='ltr'><strong>Ecclesia:</strong></span> <span class='ocrx_word' id='word_1_363' title='bbox 2148 2016 2357 2071; x_wconf 89' lang='lat' dir='ltr'><strong>decreto</strong></span> <span class='ocrx_word' id='word_1_364' title='bbox 2384 2021 2638 2073; x_wconf 89' lang='lat' dir='ltr'><strong>sancitum</strong></span> <span class='ocrx_word' id='word_1_365' title='bbox 2659 2022 2863 2090; x_wconf 89' lang='lat' dir='ltr'><strong>publice</strong></span> <span class='ocrx_word' id='word_1_366' title='bbox 2887 2023 2951 2076; x_wconf 90' lang='lat' dir='ltr'><strong>de</strong></span> <span class='ocrx_word' id='word_1_367' title='bbox 2976 2026 3202 2091; x_wconf 85' lang='lat' dir='ltr'><strong>peccatis</strong></span> <span class='ocrx_word' id='word_1_368' title='bbox 3228 2026 3417 2083; x_wconf 83' lang='lat' dir='ltr'><strong>occul-‘</strong></span> 
     </span>
    </p>
   </div>
   <div class='ocr_carea' id='block_1_51' title="bbox 1883 2102 3125 2169">
    <p class='ocr_par' dir='ltr' id='par_1_51' title="bbox 1883 2102 3125 2169">
     <span class='ocr_line' id='line_1_51' title="bbox 1883 2102 3125 2169; baseline 0.01 -16"><span class='ocrx_word' id='word_1_369' title='bbox 1883 2102 1951 2155; x_wconf 90' lang='lat' dir='ltr'><strong>tis</strong></span> <span class='ocrx_word' id='word_1_370' title='bbox 1976 2104 2278 2169; x_wconf 76' lang='lat' dir='ltr'><strong>pmnitendi.</strong></span> <span class='ocrx_word' id='word_1_371' title='bbox 3120 2161 3125 2166; x_wconf 78' lang='lat'><strong>.</strong></span> 
     </span>
    </p>
   </div>
   <div class='ocr_carea' id='block_1_52' title="bbox 1950 2188 3393 2270">
    <p class='ocr_par' dir='ltr' id='par_1_52' title="bbox 1950 2188 3393 2270">
     <span class='ocr_line' id='line_1_52' title="bbox 1950 2188 3393 2270; baseline 0.01 -28"><span class='ocrx_word' id='word_1_372' title='bbox 1950 2188 2175 2245; x_wconf 77' lang='lat' dir='ltr'><strong>Joannes</strong></span> <span class='ocrx_word' id='word_1_373' title='bbox 2203 2191 2604 2261; x_wconf 87' lang='lat' dir='ltr'><strong>Chrysostomus</strong></span> <span class='ocrx_word' id='word_1_374' title='bbox 2631 2195 2683 2249; x_wconf 88' lang='lat' dir='ltr'><strong>in</strong></span> <span class='ocrx_word' id='word_1_375' title='bbox 2709 2196 2920 2250; x_wconf 89' lang='lat' dir='ltr'><strong>homilia</strong></span> <span class='ocrx_word' id='word_1_376' title='bbox 2943 2199 3029 2264; x_wconf 77' lang='lat'><strong>6!,</strong></span> <span class='ocrx_word' id='word_1_377' title='bbox 3046 2201 3098 2252; x_wconf 90' lang='lat' dir='ltr'><strong>in</strong></span> <span class='ocrx_word' id='word_1_378' title='bbox 3124 2215 3236 2270; x_wconf 86' lang='lat' dir='ltr'><strong>cap.</strong></span> <span class='ocrx_word' id='word_1_379' title='bbox 3268 2217 3393 2257; x_wconf 77' lang='lat' dir='ltr'><strong>xvm</strong></span> 
     </span>
    </p>
   </div>
   <div class='ocr_carea' id='block_1_53' title="bbox 1886 2277 3397 2354">
    <p class='ocr_par' dir='ltr' id='par_1_53' title="bbox 1886 2277 3397 2354">
     <span class='ocr_line' id='line_1_53' title="bbox 1886 2277 3397 2354; baseline 0.01 -25"><span class='ocrx_word' id='word_1_380' title='bbox 1886 2277 2113 2332; x_wconf 61' lang='grc' dir='ltr'><strong>Βιδιαιωί</strong></span> <span class='ocrx_word' id='word_1_381' title='bbox 2139 2297 2151 2331; x_wconf 89' lang='lat'><strong>:</strong></span> <span class='ocrx_word' id='word_1_382' title='bbox 2189 2298 2205 2329; x_wconf 77' lang='grc' dir='ltr'>ι</span> <span class='ocrx_word' id='word_1_383' title='bbox 2228 2279 2284 2334; x_wconf 89' lang='lat' dir='ltr'><strong>Si</strong></span> <span class='ocrx_word' id='word_1_384' title='bbox 2306 2293 2471 2335; x_wconf 84' lang='lat' dir='ltr'><strong>autem</strong></span> <span class='ocrx_word' id='word_1_385' title='bbox 2496 2286 2768 2351; x_wconf 75' lang='lat' dir='ltr'><strong>peccaverit</strong></span> <span class='ocrx_word' id='word_1_386' title='bbox 2794 2286 2907 2339; x_wconf 80' lang='lat' dir='ltr'><strong>inte</strong></span> <span class='ocrx_word' id='word_1_387' title='bbox 2926 2287 3085 2354; x_wconf 86' lang='lat' dir='ltr'><strong>frater</strong></span> <span class='ocrx_word' id='word_1_388' title='bbox 3109 2299 3244 2352; x_wconf 83' lang='lat' dir='ltr'><strong>tuus,</strong></span> <span class='ocrx_word' id='word_1_389' title='bbox 3274 2291 3397 2344; x_wconf 80' lang='lat' dir='ltr'><strong>vade</strong></span> 
     </span>
    </p>
   </div>
   <div class='ocr_carea' id='block_1_54' title="bbox 1885 2366 3397 2440">
    <p class='ocr_par' dir='ltr' id='par_1_54' title="bbox 1885 2366 3397 2440">
     <span class='ocr_line' id='line_1_54' title="bbox 1885 2366 3397 2440; baseline 0.011 -25"><span class='ocrx_word' id='word_1_390' title='bbox 1885 2373 1929 2415; x_wconf 85' lang='lat' dir='ltr'><strong>et</strong></span> <span class='ocrx_word' id='word_1_391' title='bbox 1956 2366 2149 2432; x_wconf 84' lang='lat' dir='ltr'><strong>corripe</strong></span> <span class='ocrx_word' id='word_1_392' title='bbox 2177 2382 2290 2418; x_wconf 82' lang='lat' dir='ltr'><strong>eum</strong></span> <span class='ocrx_word' id='word_1_393' title='bbox 2319 2368 2450 2421; x_wconf 80' lang='lat' dir='ltr'><strong>inter</strong></span> <span class='ocrx_word' id='word_1_394' title='bbox 2475 2379 2522 2422; x_wconf 85' lang='lat' dir='ltr'><strong>te</strong></span> <span class='ocrx_word' id='word_1_395' title='bbox 2544 2380 2590 2422; x_wconf 86' lang='lat' dir='ltr'><strong>et</strong></span> <span class='ocrx_word' id='word_1_396' title='bbox 2614 2371 2776 2437; x_wconf 83' lang='lat' dir='ltr'><strong>ipsum</strong></span> <span class='ocrx_word' id='word_1_397' title='bbox 2796 2372 2957 2425; x_wconf 79' lang='lat' dir='ltr'><strong>solum</strong></span> <span class='ocrx_word' id='word_1_398' title='bbox 2978 2395 2995 2436; x_wconf 83' lang='lat'><strong>,-</strong></span> <span class='ocrx_word' id='word_1_399' title='bbox 3020 2377 3065 2428; x_wconf 78' lang='lat' dir='ltr'><strong>si</strong></span> <span class='ocrx_word' id='word_1_400' title='bbox 3090 2385 3136 2428; x_wconf 80' lang='lat' dir='ltr'><strong>te</strong></span> <span class='ocrx_word' id='word_1_401' title='bbox 3158 2378 3397 2440; x_wconf 78' lang='lat' dir='ltr'><strong>audierit,</strong></span> 
     </span>
    </p>
   </div>
   <div class='ocr_carea' id='block_1_55' title="bbox 1886 2448 3402 2522">
    <p class='ocr_par' dir='ltr' id='par_1_55' title="bbox 1886 2448 3402 2522">
     <span class='ocr_line' id='line_1_55' title="bbox 1886 2448 3402 2522; baseline 0.013 -23"><span class='ocrx_word' id='word_1_402' title='bbox 1886 2448 2114 2503; x_wconf 77' lang='lat' dir='ltr'><strong>lucratus</strong></span> <span class='ocrx_word' id='word_1_403' title='bbox 2150 2454 2250 2505; x_wconf 82' lang='lat' dir='ltr'><strong>eris</strong></span> <span class='ocrx_word' id='word_1_404' title='bbox 2296 2455 2504 2519; x_wconf 76' lang='lat' dir='ltr'><strong>fratrem</strong></span> <span class='ocrx_word' id='word_1_405' title='bbox 2532 2466 2693 2509; x_wconf 84' lang='lat' dir='ltr'><strong>tuum.</strong></span> <span class='ocrx_word' id='word_1_406' title='bbox 2739 2457 2990 2522; x_wconf 86' lang='lat' dir='ltr'><strong>Quoniam</strong></span> <span class='ocrx_word' id='word_1_407' title='bbox 3013 2464 3121 2516; x_wconf 88' lang='lat' dir='ltr'><strong>acri</strong></span> <span class='ocrx_word' id='word_1_408' title='bbox 3165 2465 3402 2519; x_wconf 83' lang='lat' dir='ltr'><strong>oratione</strong></span> 
     </span>
    </p>
   </div>
   <div class='ocr_carea' id='block_1_56' title="bbox 1889 2536 3402 2617">
    <p class='ocr_par' dir='ltr' id='par_1_56' title="bbox 1889 2536 3402 2617">
     <span class='ocr_line' id='line_1_56' title="bbox 1889 2536 3402 2617; baseline 0.01 -28"><span class='ocrx_word' id='word_1_409' title='bbox 1889 2536 2137 2591; x_wconf 86' lang='lat' dir='ltr'><strong>adversus</strong></span> <span class='ocrx_word' id='word_1_410' title='bbox 2165 2541 2578 2595; x_wconf 84' lang='lat' dir='ltr'><strong>scandalizantes</strong></span> <span class='ocrx_word' id='word_1_411' title='bbox 2619 2558 2763 2607; x_wconf 90' lang='lat' dir='ltr'><strong>usus,</strong></span> <span class='ocrx_word' id='word_1_412' title='bbox 2803 2544 2978 2599; x_wconf 83' lang='lat' dir='ltr'><strong>multis</strong></span> <span class='ocrx_word' id='word_1_413' title='bbox 3016 2561 3107 2601; x_wconf 87' lang='lat' dir='ltr'><strong>eos</strong></span> <span class='ocrx_word' id='word_1_414' title='bbox 3133 2564 3402 2617; x_wconf 76' lang='lat' dir='ltr'><strong>argumen-</strong></span> 
     </span>
    </p>
   </div>
   <div class='ocr_carea' id='block_1_57' title="bbox 1890 2625 3403 2699">
    <p class='ocr_par' dir='ltr' id='par_1_57' title="bbox 1890 2625 3403 2699">
     <span class='ocr_line' id='line_1_57' title="bbox 1890 2625 3403 2699; baseline 0.012 -23"><span class='ocrx_word' id='word_1_415' title='bbox 1890 2625 1959 2680; x_wconf 89' lang='lat' dir='ltr'><strong>tis</strong></span> <span class='ocrx_word' id='word_1_416' title='bbox 1979 2628 2183 2688; x_wconf 89' lang='lat' dir='ltr'><strong>tcrruit,</strong></span> <span class='ocrx_word' id='word_1_417' title='bbox 2206 2643 2294 2699; x_wconf 16' lang='lat' dir='ltr'><strong>Anc</strong></span> <span class='ocrx_word' id='word_1_418' title='bbox 2333 2631 2500 2697; x_wconf 90' lang='lat' dir='ltr'><strong>supini</strong></span> <span class='ocrx_word' id='word_1_419' title='bbox 2526 2638 2680 2698; x_wconf 88' lang='lat' dir='ltr'><strong>atque</strong></span> <span class='ocrx_word' id='word_1_420' title='bbox 2708 2633 2909 2688; x_wconf 89' lang='lat' dir='ltr'><strong>desides</strong></span> <span class='ocrx_word' id='word_1_421' title='bbox 2933 2636 3029 2691; x_wconf 90' lang='lat' dir='ltr'><strong>hac</strong></span> <span class='ocrx_word' id='word_1_422' title='bbox 3044 2639 3255 2693; x_wconf 83' lang='lat' dir='ltr'><strong>ratione</strong></span> <span class='ocrx_word' id='word_1_423' title='bbox 3278 2640 3403 2694; x_wconf 82' lang='lat' dir='ltr'><strong>ﬁant</strong></span> 
     </span>
    </p>
   </div>
   <div class='ocr_carea' id='block_1_58' title="bbox 1891 2712 3403 2794">
    <p class='ocr_par' dir='ltr' id='par_1_58' title="bbox 1891 2712 3403 2794">
     <span class='ocr_line' id='line_1_58' title="bbox 1891 2712 3403 2794; baseline 0.013 -32"><span class='ocrx_word' id='word_1_424' title='bbox 1891 2712 1945 2764; x_wconf 90' lang='lat' dir='ltr'><strong>hi</strong></span> <span class='ocrx_word' id='word_1_425' title='bbox 2005 2712 2191 2779; x_wconf 88' lang='lat' dir='ltr'><strong>quibus</strong></span> <span class='ocrx_word' id='word_1_426' title='bbox 2241 2716 2484 2768; x_wconf 84' lang='lat' dir='ltr'><strong>scandala</strong></span> <span class='ocrx_word' id='word_1_427' title='bbox 2536 2717 2870 2785; x_wconf 85' lang='lat' dir='ltr'><strong>inferuntur;</strong></span> <span class='ocrx_word' id='word_1_428' title='bbox 2930 2731 2982 2775; x_wconf 89' lang='lat' dir='ltr'><strong>et</strong></span> <span class='ocrx_word' id='word_1_429' title='bbox 3044 2740 3109 2778; x_wconf 91' lang='lat' dir='ltr'><strong>ne</strong></span> <span class='ocrx_word' id='word_1_430' title='bbox 3160 2735 3403 2794; x_wconf 83' lang='lat' dir='ltr'><strong>putantes</strong></span> 
     </span>
    </p>
   </div>
   <div class='ocr_carea' id='block_1_59' title="bbox 1893 2800 3403 2873">
    <p class='ocr_par' dir='ltr' id='par_1_59' title="bbox 1893 2800 3403 2873">
     <span class='ocr_line' id='line_1_59' title="bbox 1893 2800 3403 2873; baseline 0.013 -23"><span class='ocrx_word' id='word_1_431' title='bbox 1893 2806 2054 2852; x_wconf 88' lang='lat' dir='ltr'><strong>totam</strong></span> <span class='ocrx_word' id='word_1_432' title='bbox 2084 2800 2137 2852; x_wconf 91' lang='lat' dir='ltr'><strong>in</strong></span> <span class='ocrx_word' id='word_1_433' title='bbox 2182 2800 2313 2854; x_wconf 90' lang='lat' dir='ltr'><strong>alios</strong></span> <span class='ocrx_word' id='word_1_434' title='bbox 2354 2803 2556 2870; x_wconf 80' lang='lat' dir='ltr'><strong>culpam</strong></span> <span class='ocrx_word' id='word_1_435' title='bbox 2588 2820 2703 2859; x_wconf 89' lang='lat' dir='ltr'><strong>esse</strong></span> <span class='ocrx_word' id='word_1_436' title='bbox 2751 2807 3014 2873; x_wconf 70' lang='lat' dir='ltr'><strong>reiectam,</strong></span> <span class='ocrx_word' id='word_1_437' title='bbox 3057 2814 3123 2865; x_wconf 88' lang='lat' dir='ltr'><strong>ad</strong></span> <span class='ocrx_word' id='word_1_438' title='bbox 3168 2816 3403 2869; x_wconf 89' lang='lat' dir='ltr'><strong>mollitiei</strong></span> 
     </span>
    </p>
   </div>
   <div class='ocr_carea' id='block_1_60' title="bbox 1894 2883 3404 2969">
    <p class='ocr_par' dir='ltr' id='par_1_60' title="bbox 1894 2883 3404 2969">
     <span class='ocr_line' id='line_1_60' title="bbox 1894 2883 3404 2969; baseline 0.013 -35"><span class='ocrx_word' id='word_1_439' title='bbox 1894 2883 2077 2937; x_wconf 85' lang='lat' dir='ltr'><strong>vitium</strong></span> <span class='ocrx_word' id='word_1_440' title='bbox 2104 2885 2434 2950; x_wconf 78' lang='lat' dir='ltr'><strong>delabantur,</strong></span> <span class='ocrx_word' id='word_1_441' title='bbox 2482 2899 2535 2942; x_wconf 91' lang='lat' dir='ltr'><strong>et</strong></span> <span class='ocrx_word' id='word_1_442' title='bbox 2576 2892 2723 2958; x_wconf 90' lang='lat' dir='ltr'><strong>quasi</strong></span> <span class='ocrx_word' id='word_1_443' title='bbox 2773 2890 2914 2946; x_wconf 88' lang='lat' dir='ltr'><strong>omni</strong></span> <span class='ocrx_word' id='word_1_444' title='bbox 2963 2893 3143 2951; x_wconf 81' lang='lat' dir='ltr'><strong>favore</strong></span> <span class='ocrx_word' id='word_1_445' title='bbox 3185 2900 3322 2969; x_wconf 89' lang='lat' dir='ltr'><strong>digni</strong></span> <span class='ocrx_word' id='word_1_446' title='bbox 3350 2902 3404 2954; x_wconf 93' lang='lat' dir='ltr'><strong>in</strong></span> 
     </span>
    </p>
   </div>
   <div class='ocr_carea' id='block_1_61' title="bbox 1894 2975 3403 3052">
    <p class='ocr_par' dir='ltr' id='par_1_61' title="bbox 1894 2975 3403 3052">
     <span class='ocr_line' id='line_1_61' title="bbox 1894 2975 3403 3052; baseline 0.013 -29"><span class='ocrx_word' id='word_1_447' title='bbox 1894 2975 2247 3041; x_wconf 75' lang='lat' dir='ltr'><strong>arrogantiam</strong></span> <span class='ocrx_word' id='word_1_448' title='bbox 2272 2977 2530 3031; x_wconf 89' lang='lat' dir='ltr'><strong>incidant:</strong></span> <span class='ocrx_word' id='word_1_449' title='bbox 2559 2980 2794 3047; x_wconf 87' lang='lat' dir='ltr'><strong>perspice</strong></span> <span class='ocrx_word' id='word_1_450' title='bbox 2811 2984 3068 3049; x_wconf 90' lang='lat' dir='ltr'><strong>quomodo</strong></span> <span class='ocrx_word' id='word_1_451' title='bbox 3088 2985 3226 3052; x_wconf 84' lang='lat' dir='ltr'><strong>ipsos</strong></span> <span class='ocrx_word' id='word_1_452' title='bbox 3246 2989 3403 3042; x_wconf 86' lang='lat' dir='ltr'><strong>etiam</strong></span> 
     </span>
    </p>
   </div>
   <div class='ocr_carea' id='block_1_62' title="bbox 1895 3060 3405 3131">
    <p class='ocr_par' dir='ltr' id='par_1_62' title="bbox 1895 3060 3405 3131">
     <span class='ocr_line' id='line_1_62' title="bbox 1895 3060 3405 3131; baseline 0.013 -20"><span class='ocrx_word' id='word_1_453' title='bbox 1895 3060 2191 3127; x_wconf 82' lang='lat' dir='ltr'><strong>comprimit</strong></span> <span class='ocrx_word' id='word_1_454' title='bbox 2216 3071 2370 3131; x_wconf 86' lang='lat' dir='ltr'><strong>atque</strong></span> <span class='ocrx_word' id='word_1_455' title='bbox 2396 3075 2621 3130; x_wconf 83' lang='lat' dir='ltr'><strong>coercet,</strong></span> <span class='ocrx_word' id='word_1_456' title='bbox 2665 3077 2718 3120; x_wconf 89' lang='lat' dir='ltr'><strong>et</strong></span> <span class='ocrx_word' id='word_1_457' title='bbox 2761 3070 2894 3123; x_wconf 89' lang='lat' dir='ltr'><strong>inter</strong></span> <span class='ocrx_word' id='word_1_458' title='bbox 2933 3071 3061 3125; x_wconf 88' lang='lat' dir='ltr'><strong>duos</strong></span> <span class='ocrx_word' id='word_1_459' title='bbox 3087 3074 3405 3131; x_wconf 88' lang='lat' dir='ltr'><strong>solummodo</strong></span> 
     </span>
    </p>
   </div>
   <div class='ocr_carea' id='block_1_63' title="bbox 1898 3146 3407 3218">
    <p class='ocr_par' dir='ltr' id='par_1_63' title="bbox 1898 3146 3407 3218">
     <span class='ocr_line' id='line_1_63' title="bbox 1898 3146 3407 3218; baseline 0.015 -22"><span class='ocrx_word' id='word_1_460' title='bbox 1898 3146 2312 3215; x_wconf 88' lang='lat' dir='ltr'><strong>redargutionem</strong></span> <span class='ocrx_word' id='word_1_461' title='bbox 2339 3149 2449 3203; x_wconf 81' lang='lat' dir='ltr'><strong>ﬁeri</strong></span> <span class='ocrx_word' id='word_1_462' title='bbox 2468 3150 2634 3218; x_wconf 79' lang='lat' dir='ltr'><strong>jubet,</strong></span> <span class='ocrx_word' id='word_1_463' title='bbox 2664 3167 2730 3205; x_wconf 85' lang='lat' dir='ltr'><strong>ne</strong></span> <span class='ocrx_word' id='word_1_464' title='bbox 2748 3155 2942 3209; x_wconf 78' lang='lat' dir='ltr'><strong>scilicet</strong></span> <span class='ocrx_word' id='word_1_465' title='bbox 2966 3159 3259 3215; x_wconf 87' lang='lat' dir='ltr'><strong>testimonio</strong></span> <span class='ocrx_word' id='word_1_466' title='bbox 3280 3164 3407 3217; x_wconf 85' lang='lat' dir='ltr'><strong>mul-</strong></span> 
     </span>
    </p>
   </div>
   <div class='ocr_carea' id='block_1_64' title="bbox 282 3233 3403 3314">
    <p class='ocr_par' dir='ltr' id='par_1_64' title="bbox 282 3233 3403 3314">
     <span class='ocr_line' id='line_1_64' title="bbox 282 3233 3403 3314; baseline 0.003 -19"><span class='ocrx_word' id='word_1_467' title='bbox 282 3242 648 3310; x_wconf 63' lang='lat' dir='ltr'><strong>dignoscitur.»</strong></span> <span class='ocrx_word' id='word_1_468' title='bbox 678 3241 743 3292; x_wconf 88' lang='lat' dir='ltr'><strong>Et</strong></span> <span class='ocrx_word' id='word_1_469' title='bbox 764 3255 877 3309; x_wconf 91' lang='lat' dir='ltr'><strong>cap.</strong></span> <span class='ocrx_word' id='word_1_470' title='bbox 907 3240 972 3293; x_wconf 80' lang='lat'><strong>‘58</strong></span> <span class='ocrx_word' id='word_1_471' title='bbox 996 3257 1009 3291; x_wconf 90' lang='lat'><strong>:</strong></span> <span class='ocrx_word' id='word_1_472' title='bbox 1030 3239 1115 3293; x_wconf 66' lang='lat' dir='ltr'><strong>«Si</strong></span> <span class='ocrx_word' id='word_1_473' title='bbox 1141 3240 1300 3309; x_wconf 74' lang='lat' dir='ltr'><strong>igitur</strong></span> <span class='ocrx_word' id='word_1_474' title='bbox 1325 3240 1473 3294; x_wconf 86' lang='lat' dir='ltr'><strong>vobis</strong></span> <span class='ocrx_word' id='word_1_475' title='bbox 1496 3240 1663 3293; x_wconf 79' lang='lat' dir='ltr'><strong>tribus</strong></span> <span class='ocrx_word' id='word_1_476' title='bbox 1687 3254 1801 3293; x_wconf 79' lang='lat' dir='ltr'><strong>cre-</strong></span> <span class='ocrx_word' id='word_1_477' title='bbox 1823 3233 1870 3256; x_wconf 71' lang='grc' dir='ltr'><strong>ν</strong></span> <span class='ocrx_word' id='word_1_478' title='bbox 1898 3233 2135 3287; x_wconf 87' lang='lat' dir='ltr'><strong>titudinis</strong></span> <span class='ocrx_word' id='word_1_479' title='bbox 2159 3236 2399 3302; x_wconf 80' lang='lat' dir='ltr'><strong>graviore</strong></span> <span class='ocrx_word' id='word_1_480' title='bbox 2425 3239 2752 3293; x_wconf 87' lang='lat' dir='ltr'><strong>accusatione</strong></span> <span class='ocrx_word' id='word_1_481' title='bbox 2800 3242 2929 3304; x_wconf 76' lang='lat' dir='ltr'><strong>visa,</strong></span> <span class='ocrx_word' id='word_1_482' title='bbox 2977 3244 3279 3314; x_wconf 81' lang='lat' dir='ltr'><strong>dedignatus</strong></span> <span class='ocrx_word' id='word_1_483' title='bbox 3317 3250 3403 3305; x_wconf 87' lang='lat' dir='ltr'><strong>ille</strong></span> 
     </span>
    </p>
   </div>
   <div class='ocr_carea' id='block_1_65' title="bbox 283 3330 1803 3396">
    <p class='ocr_par' dir='ltr' id='par_1_65' title="bbox 283 3330 1803 3396">
     <span class='ocr_line' id='line_1_65' title="bbox 283 3330 1803 3396; baseline -0.003 -11"><span class='ocrx_word' id='word_1_484' title='bbox 283 3332 490 3395; x_wconf 87' lang='lat' dir='ltr'><strong>diderit,</strong></span> <span class='ocrx_word' id='word_1_485' title='bbox 519 3331 650 3384; x_wconf 87' lang='lat' dir='ltr'><strong>bene</strong></span> <span class='ocrx_word' id='word_1_486' title='bbox 672 3330 855 3389; x_wconf 87' lang='lat' dir='ltr'><strong>habet;</strong></span> <span class='ocrx_word' id='word_1_487' title='bbox 887 3331 966 3383; x_wconf 87' lang='lat' dir='ltr'><strong>sin</strong></span> <span class='ocrx_word' id='word_1_488' title='bbox 994 3330 1185 3396; x_wconf 86' lang='lat' dir='ltr'><strong>aliquis</strong></span> <span class='ocrx_word' id='word_1_489' title='bbox 1204 3332 1385 3383; x_wconf 15' lang='lat' dir='ltr'><strong>adurus</strong></span> <span class='ocrx_word' id='word_1_490' title='bbox 1411 3330 1803 3394; x_wconf 80' lang='lat' dir='ltr'><strong>obstinatosque</strong></span> 
     </span>
    </p>
   </div>
   <div class='ocr_carea' id='block_1_66' title="bbox 283 3417 1804 3486">
    <p class='ocr_par' dir='ltr' id='par_1_66' title="bbox 283 3417 1804 3486">
     <span class='ocr_line' id='line_1_66' title="bbox 283 3417 1804 3486; baseline -0.005 -11"><span class='ocrx_word' id='word_1_491' title='bbox 283 3423 404 3485; x_wconf 88' lang='lat' dir='ltr'><strong>erit,</strong></span> <span class='ocrx_word' id='word_1_492' title='bbox 438 3422 523 3475; x_wconf 90' lang='lat' dir='ltr'><strong>dic</strong></span> <span class='ocrx_word' id='word_1_493' title='bbox 546 3419 790 3474; x_wconf 75' lang='lat' dir='ltr'><strong>Ecclesia:</strong></span> <span class='ocrx_word' id='word_1_494' title='bbox 814 3437 828 3471; x_wconf 91' lang='lat'><strong>:</strong></span> <span class='ocrx_word' id='word_1_495' title='bbox 864 3420 997 3472; x_wconf 87' lang='lat' dir='ltr'><strong>hanc</strong></span> <span class='ocrx_word' id='word_1_496' title='bbox 1022 3419 1066 3472; x_wconf 88' lang='lat' dir='ltr'><strong>si</strong></span> <span class='ocrx_word' id='word_1_497' title='bbox 1100 3417 1489 3486; x_wconf 89' lang='lat' dir='ltr'><strong>contempserit,</strong></span> <span class='ocrx_word' id='word_1_498' title='bbox 1517 3431 1687 3484; x_wconf 85' lang='lat' dir='ltr'><strong>neque</strong></span> <span class='ocrx_word' id='word_1_499' title='bbox 1714 3430 1804 3467; x_wconf 85' lang='lat' dir='ltr'><strong>au-</strong></span> 
     </span>
    </p>
   </div>
   <div class='ocr_carea' id='block_1_67' title="bbox 283 3505 1806 3572">
    <p class='ocr_par' dir='ltr' id='par_1_67' title="bbox 283 3505 1806 3572">
     <span class='ocr_line' id='line_1_67' title="bbox 283 3505 1806 3572; baseline -0.007 -8"><span class='ocrx_word' id='word_1_500' title='bbox 283 3511 392 3564; x_wconf 87' lang='lat' dir='ltr'><strong>dire</strong></span> <span class='ocrx_word' id='word_1_501' title='bbox 417 3508 659 3571; x_wconf 88' lang='lat' dir='ltr'><strong>voluerit,</strong></span> <span class='ocrx_word' id='word_1_502' title='bbox 707 3508 775 3561; x_wconf 87' lang='lat' dir='ltr'><strong>sit</strong></span> <span class='ocrx_word' id='word_1_503' title='bbox 800 3507 892 3561; x_wconf 90' lang='lat' dir='ltr'><strong>tibi</strong></span> <span class='ocrx_word' id='word_1_504' title='bbox 917 3517 975 3559; x_wconf 89' lang='lat' dir='ltr'><strong>ut</strong></span> <span class='ocrx_word' id='word_1_505' title='bbox 1013 3506 1252 3560; x_wconf 86' lang='lat' dir='ltr'><strong>ethnicus</strong></span> <span class='ocrx_word' id='word_1_506' title='bbox 1278 3514 1334 3559; x_wconf 93' lang='lat' dir='ltr'><strong>et</strong></span> <span class='ocrx_word' id='word_1_507' title='bbox 1371 3505 1707 3572; x_wconf 87' lang='lat' dir='ltr'><strong>publicanus,</strong></span> <span class='ocrx_word' id='word_1_508' title='bbox 1751 3511 1806 3555; x_wconf 88' lang='lat' dir='ltr'><strong>et</strong></span> 
     </span>
    </p>
   </div>
   <div class='ocr_carea' id='block_1_68' title="bbox 284 3579 1805 3660">
    <p class='ocr_par' dir='ltr' id='par_1_68' title="bbox 284 3579 1805 3660">
     <span class='ocr_line' id='line_1_68' title="bbox 284 3579 1805 3660; baseline -0.007 -9"><span class='ocrx_word' id='word_1_509' title='bbox 284 3614 349 3652; x_wconf 89' lang='lat' dir='ltr'><strong>ne</strong></span> <span class='ocrx_word' id='word_1_510' title='bbox 378 3579 500 3650; x_wconf 83' lang='lat' dir='ltr'><strong>eum</strong></span> <span class='ocrx_word' id='word_1_511' title='bbox 536 3595 602 3648; x_wconf 91' lang='lat' dir='ltr'><strong>ad</strong></span> <span class='ocrx_word' id='word_1_512' title='bbox 642 3593 925 3649; x_wconf 77' lang='lat' dir='ltr'><strong>Ecclesium</strong></span> <span class='ocrx_word' id='word_1_513' title='bbox 969 3601 1213 3660; x_wconf 85' lang='lat' dir='ltr'><strong>tanquam</strong></span> <span class='ocrx_word' id='word_1_514' title='bbox 1238 3591 1594 3647; x_wconf 85' lang='lat' dir='ltr'><strong>Christianum</strong></span> <span class='ocrx_word' id='word_1_515' title='bbox 1617 3589 1805 3641; x_wconf 82' lang='lat' dir='ltr'><strong>admit-</strong></span> 
     </span>
    </p>
   </div>
   <div class='ocr_carea' id='block_1_69' title="bbox 285 3676 1804 3750">
    <p class='ocr_par' dir='ltr' id='par_1_69' title="bbox 285 3676 1804 3750">
     <span class='ocr_line' id='line_1_69' title="bbox 285 3676 1804 3750; baseline -0.007 -12"><span class='ocrx_word' id='word_1_516' title='bbox 285 3695 381 3747; x_wconf 85' lang='lat' dir='ltr'><strong>tas,</strong></span> <span class='ocrx_word' id='word_1_517' title='bbox 407 3685 513 3737; x_wconf 89' lang='lat' dir='ltr'><strong>imo</strong></span> <span class='ocrx_word' id='word_1_518' title='bbox 537 3692 783 3750; x_wconf 83' lang='lat' dir='ltr'><strong>tanquam</strong></span> <span class='ocrx_word' id='word_1_519' title='bbox 811 3680 1143 3747; x_wconf 87' lang='lat' dir='ltr'><strong>publicanum</strong></span> <span class='ocrx_word' id='word_1_520' title='bbox 1171 3679 1362 3731; x_wconf 86' lang='lat' dir='ltr'><strong>devita.</strong></span> <span class='ocrx_word' id='word_1_521' title='bbox 1396 3698 1414 3729; x_wconf 74' lang='grc' dir='ltr'><strong><em>ι</em></strong></span> <span class='ocrx_word' id='word_1_522' title='bbox 1464 3677 1716 3730; x_wconf 87' lang='lat' dir='ltr'><strong>Peccator</strong></span> <span class='ocrx_word' id='word_1_523' title='bbox 1737 3676 1804 3727; x_wconf 89' lang='lat' dir='ltr'><strong>ab</strong></span> 
     </span>
    </p>
   </div>
   <div class='ocr_carea' id='block_1_70' title="bbox 284 3767 1798 3838">
    <p class='ocr_par' dir='ltr' id='par_1_70' title="bbox 284 3767 1798 3838">
     <span class='ocr_line' id='line_1_70' title="bbox 284 3767 1798 3838; baseline -0.007 -13"><span class='ocrx_word' id='word_1_524' title='bbox 284 3790 387 3825; x_wconf 88' lang='lat' dir='ltr'><strong>uno</strong></span> <span class='ocrx_word' id='word_1_525' title='bbox 405 3786 641 3827; x_wconf 81' lang='lat' dir='ltr'><strong>seorsum</strong></span> <span class='ocrx_word' id='word_1_526' title='bbox 651 3768 1006 3838; x_wconf 86' lang='lat' dir='ltr'><strong>corripiendus</strong></span> <span class='ocrx_word' id='word_1_527' title='bbox 1028 3776 1129 3827; x_wconf 86' lang='lat' dir='ltr'><strong>est,</strong></span> <span class='ocrx_word' id='word_1_528' title='bbox 1151 3768 1360 3822; x_wconf 88' lang='lat' dir='ltr'><strong>nemine</strong></span> <span class='ocrx_word' id='word_1_529' title='bbox 1379 3767 1483 3820; x_wconf 89' lang='lat' dir='ltr'><strong>alio</strong></span> <span class='ocrx_word' id='word_1_530' title='bbox 1507 3773 1761 3835; x_wconf 69' lang='lat' dir='ltr'><strong>praesente</strong></span> <span class='ocrx_word' id='word_1_531' title='bbox 1787 3782 1798 3815; x_wconf 87' lang='lat'><strong>:</strong></span> 
     </span>
    </p>
   </div>
   <div class='ocr_carea' id='block_1_71' title="bbox 284 3846 1806 3927">
    <p class='ocr_par' dir='ltr' id='par_1_71' title="bbox 284 3846 1806 3927">
     <span class='ocr_line' id='line_1_71' title="bbox 284 3846 1806 3927; baseline -0.007 -13"><span class='ocrx_word' id='word_1_532' title='bbox 284 3872 337 3913; x_wconf 90' lang='lat' dir='ltr'><strong>et</strong></span> <span class='ocrx_word' id='word_1_533' title='bbox 366 3862 410 3914; x_wconf 92' lang='lat' dir='ltr'><strong>si</strong></span> <span class='ocrx_word' id='word_1_534' title='bbox 436 3875 542 3913; x_wconf 86' lang='lat' dir='ltr'><strong>non</strong></span> <span class='ocrx_word' id='word_1_535' title='bbox 574 3857 825 3927; x_wconf 87' lang='lat' dir='ltr'><strong>paruerit,</strong></span> <span class='ocrx_word' id='word_1_536' title='bbox 862 3857 1175 3910; x_wconf 87' lang='lat' dir='ltr'><strong>adhibentur</strong></span> <span class='ocrx_word' id='word_1_537' title='bbox 1212 3858 1314 3910; x_wconf 88' lang='lat' dir='ltr'><strong>duo</strong></span> <span class='ocrx_word' id='word_1_538' title='bbox 1338 3861 1429 3907; x_wconf 91' lang='lat' dir='ltr'><strong>aut</strong></span> <span class='ocrx_word' id='word_1_539' title='bbox 1452 3863 1590 3916; x_wconf 87' lang='lat' dir='ltr'><strong>tres,</strong></span> <span class='ocrx_word' id='word_1_540' title='bbox 1617 3846 1806 3920; x_wconf 83' lang='lat' dir='ltr'><strong>quibus</strong></span> 
     </span>
    </p>
   </div>
   <div class='ocr_carea' id='block_1_72' title="bbox 286 3944 1805 4016">
    <p class='ocr_par' dir='ltr' id='par_1_72' title="bbox 286 3944 1805 4016">
     <span class='ocr_line' id='line_1_72' title="bbox 286 3944 1805 4016; baseline -0.01 -10"><span class='ocrx_word' id='word_1_541' title='bbox 286 3952 328 4006; x_wconf 88' lang='lat' dir='ltr'><strong>si</strong></span> <span class='ocrx_word' id='word_1_542' title='bbox 356 3948 669 4016; x_wconf 67' lang='lat' dir='ltr'><strong>crediderit,</strong></span> <span class='ocrx_word' id='word_1_543' title='bbox 715 3960 800 4000; x_wconf 84' lang='lat' dir='ltr'><strong>res</strong></span> <span class='ocrx_word' id='word_1_544' title='bbox 840 3947 970 3999; x_wconf 87' lang='lat' dir='ltr'><strong>bene</strong></span> <span class='ocrx_word' id='word_1_545' title='bbox 996 3959 1053 3998; x_wconf 88' lang='lat' dir='ltr'><strong>se</strong></span> <span class='ocrx_word' id='word_1_546' title='bbox 1084 3944 1276 4007; x_wconf 83' lang='lat' dir='ltr'><strong>habet;</strong></span> <span class='ocrx_word' id='word_1_547' title='bbox 1322 3956 1425 3994; x_wconf 92' lang='lat' dir='ltr'><strong>non</strong></span> <span class='ocrx_word' id='word_1_548' title='bbox 1471 3953 1684 3993; x_wconf 84' lang='lat' dir='ltr'><strong>necesse</strong></span> <span class='ocrx_word' id='word_1_549' title='bbox 1723 3946 1805 3993; x_wconf 87' lang='lat' dir='ltr'><strong>est</strong></span> 
     </span>
    </p>
   </div>
   <div class='ocr_carea' id='block_1_73' title="bbox 286 4026 1805 4106">
    <p class='ocr_par' dir='ltr' id='par_1_73' title="bbox 286 4026 1805 4106">
     <span class='ocr_line' id='line_1_73' title="bbox 286 4026 1805 4106; baseline -0.01 -12"><span class='ocrx_word' id='word_1_550' title='bbox 286 4041 427 4094; x_wconf 89' lang='lat' dir='ltr'><strong>illum</strong></span> <span class='ocrx_word' id='word_1_551' title='bbox 464 4036 600 4106; x_wconf 82' lang='lat' dir='ltr'><strong>apud</strong></span> <span class='ocrx_word' id='word_1_552' title='bbox 626 4034 909 4089; x_wconf 79' lang='lat' dir='ltr'><strong>Ecclesiam</strong></span> <span class='ocrx_word' id='word_1_553' title='bbox 936 4043 1222 4094; x_wconf 81' lang='lat' dir='ltr'><strong>accusare,</strong></span> <span class='ocrx_word' id='word_1_554' title='bbox 1266 4040 1435 4096; x_wconf 88' lang='lat' dir='ltr'><strong>neque</strong></span> <span class='ocrx_word' id='word_1_555' title='bbox 1471 4030 1537 4082; x_wconf 91' lang='lat' dir='ltr'><strong>ab</strong></span> <span class='ocrx_word' id='word_1_556' title='bbox 1574 4026 1805 4080; x_wconf 86' lang='lat' dir='ltr'><strong>Ecclesia</strong></span> 
     </span>
    </p>
   </div>
   <div class='ocr_carea' id='block_1_74' title="bbox 285 4115 1807 4197">
    <p class='ocr_par' dir='ltr' id='par_1_74' title="bbox 285 4115 1807 4197">
     <span class='ocr_line' id='line_1_74' title="bbox 285 4115 1807 4197; baseline -0.01 -16"><span class='ocrx_word' id='word_1_557' title='bbox 285 4130 495 4197; x_wconf 80' lang='lat' dir='ltr'><strong>ejicere,</strong></span> <span class='ocrx_word' id='word_1_558' title='bbox 534 4124 635 4178; x_wconf 88' lang='lat' dir='ltr'><strong>nisi</strong></span> <span class='ocrx_word' id='word_1_559' title='bbox 661 4130 837 4192; x_wconf 87' lang='lat' dir='ltr'><strong>postea</strong></span> <span class='ocrx_word' id='word_1_560' title='bbox 862 4122 1025 4175; x_wconf 88' lang='lat' dir='ltr'><strong>durus</strong></span> <span class='ocrx_word' id='word_1_561' title='bbox 1047 4127 1100 4173; x_wconf 90' lang='lat' dir='ltr'><strong>et</strong></span> <span class='ocrx_word' id='word_1_562' title='bbox 1137 4118 1430 4172; x_wconf 86' lang='lat' dir='ltr'><strong>obstinatus</strong></span> <span class='ocrx_word' id='word_1_563' title='bbox 1452 4115 1668 4170; x_wconf 83' lang='lat' dir='ltr'><strong>ell‘ectus</strong></span> <span class='ocrx_word' id='word_1_564' title='bbox 1704 4115 1807 4169; x_wconf 91' lang='lat' dir='ltr'><strong>cri-</strong></span> 
     </span>
    </p>
   </div>
   <div class='ocr_carea' id='block_1_75' title="bbox 287 4202 1803 4284">
    <p class='ocr_par' dir='ltr' id='par_1_75' title="bbox 287 4202 1803 4284">
     <span class='ocr_line' id='line_1_75' title="bbox 287 4202 1803 4284; baseline -0.011 -13"><span class='ocrx_word' id='word_1_565' title='bbox 287 4232 403 4271; x_wconf 86' lang='lat' dir='ltr'><strong>men</strong></span> <span class='ocrx_word' id='word_1_566' title='bbox 444 4214 708 4284; x_wconf 83' lang='lat' dir='ltr'><strong>publicum</strong></span> <span class='ocrx_word' id='word_1_567' title='bbox 751 4210 952 4265; x_wconf 88' lang='lat' dir='ltr'><strong>reddat.</strong></span> <span class='ocrx_word' id='word_1_568' title='bbox 998 4207 1086 4261; x_wconf 91' lang='lat' dir='ltr'><strong>llla</strong></span> <span class='ocrx_word' id='word_1_569' title='bbox 1115 4216 1197 4261; x_wconf 88' lang='lat' dir='ltr'><strong>est</strong></span> <span class='ocrx_word' id='word_1_570' title='bbox 1221 4202 1467 4260; x_wconf 74' lang='lat' dir='ltr'><strong>Ecclesia:</strong></span> <span class='ocrx_word' id='word_1_571' title='bbox 1510 4203 1803 4271; x_wconf 89' lang='lat' dir='ltr'><strong>disciplina,</strong></span> 
     </span>
    </p>
   </div>
   <div class='ocr_carea' id='block_1_76' title="bbox 287 4290 1807 4371">
    <p class='ocr_par' dir='ltr' id='par_1_76' title="bbox 287 4290 1807 4371">
     <span class='ocr_line' id='line_1_76' title="bbox 287 4290 1807 4371; baseline -0.011 -15"><span class='ocrx_word' id='word_1_572' title='bbox 287 4317 440 4370; x_wconf 82' lang='lat' dir='ltr'><strong>quam</strong></span> <span class='ocrx_word' id='word_1_573' title='bbox 462 4300 581 4368; x_wconf 83' lang='lat' dir='ltr'><strong>quis</strong></span> <span class='ocrx_word' id='word_1_574' title='bbox 607 4312 707 4351; x_wconf 92' lang='lat' dir='ltr'><strong>non</strong></span> <span class='ocrx_word' id='word_1_575' title='bbox 729 4302 901 4364; x_wconf 86' lang='lat' dir='ltr'><strong>potest</strong></span> <span class='ocrx_word' id='word_1_576' title='bbox 926 4295 997 4348; x_wconf 88' lang='lat' dir='ltr'><strong>ita</strong></span> <span class='ocrx_word' id='word_1_577' title='bbox 1014 4306 1333 4371; x_wconf 78' lang='lat' dir='ltr'><strong>proponere,</strong></span> <span class='ocrx_word' id='word_1_578' title='bbox 1363 4290 1487 4358; x_wconf 91' lang='lat' dir='ltr'><strong>quin</strong></span> <span class='ocrx_word' id='word_1_579' title='bbox 1512 4298 1691 4357; x_wconf 84' lang='lat' dir='ltr'><strong>aperte</strong></span> <span class='ocrx_word' id='word_1_580' title='bbox 1715 4303 1807 4341; x_wconf 87' lang='lat' dir='ltr'><strong>nc-</strong></span> 
     </span>
    </p>
   </div>
   <div class='ocr_carea' id='block_1_77' title="bbox 288 4375 1807 4458">
    <p class='ocr_par' dir='ltr' id='par_1_77' title="bbox 288 4375 1807 4458">
     <span class='ocr_line' id='line_1_77' title="bbox 288 4375 1807 4458; baseline -0.011 -17"><span class='ocrx_word' id='word_1_581' title='bbox 288 4397 371 4458; x_wconf 82' lang='lat' dir='ltr'><strong>get</strong></span> <span class='ocrx_word' id='word_1_582' title='bbox 391 4399 591 4440; x_wconf 88' lang='lat' dir='ltr'><strong>morem</strong></span> <span class='ocrx_word' id='word_1_583' title='bbox 610 4383 770 4436; x_wconf 85' lang='lat' dir='ltr'><strong>fuisse</strong></span> <span class='ocrx_word' id='word_1_584' title='bbox 795 4380 1037 4435; x_wconf 68' lang='lat' dir='ltr'><strong>Ecclesiae</strong></span> <span class='ocrx_word' id='word_1_585' title='bbox 1062 4378 1267 4446; x_wconf 88' lang='lat' dir='ltr'><strong>publice</strong></span> <span class='ocrx_word' id='word_1_586' title='bbox 1289 4377 1354 4430; x_wconf 88' lang='lat' dir='ltr'><strong>de</strong></span> <span class='ocrx_word' id='word_1_587' title='bbox 1381 4377 1609 4444; x_wconf 87' lang='lat' dir='ltr'><strong>peccatis</strong></span> <span class='ocrx_word' id='word_1_588' title='bbox 1631 4375 1807 4427; x_wconf 87' lang='lat' dir='ltr'><strong>occul-</strong></span> 
     </span>
    </p>
   </div>
   <div class='ocr_carea' id='block_1_78' title="bbox 288 4472 1601 4544">
    <p class='ocr_par' dir='ltr' id='par_1_78' title="bbox 288 4472 1601 4544">
     <span class='ocr_line' id='line_1_78' title="bbox 288 4472 1601 4544; baseline -0.004 -15"><span class='ocrx_word' id='word_1_589' title='bbox 288 4476 355 4529; x_wconf 87' lang='lat' dir='ltr'><strong>tis</strong></span> <span class='ocrx_word' id='word_1_590' title='bbox 377 4472 679 4544; x_wconf 68' lang='lat' dir='ltr'><strong>patnilendi.</strong></span> <span class='ocrx_word' id='word_1_591' title='bbox 1592 4528 1601 4537; x_wconf 38' lang='grc' dir='ltr'>ε</span> 
     </span>
    </p>
   </div>
   <div class='ocr_carea' id='block_1_79' title="bbox 353 4550 1809 4637">
    <p class='ocr_par' dir='ltr' id='par_1_79' title="bbox 353 4550 1809 4637">
     <span class='ocr_line' id='line_1_79' title="bbox 353 4550 1809 4637; baseline -0.008 -21"><span class='ocrx_word' id='word_1_592' title='bbox 353 4560 920 4637; x_wconf 80' lang='lat' dir='ltr'><strong>llilariusPictavornm</strong></span> <span class='ocrx_word' id='word_1_593' title='bbox 935 4556 1208 4625; x_wconf 88' lang='lat' dir='ltr'><strong>episcopus</strong></span> <span class='ocrx_word' id='word_1_594' title='bbox 1224 4554 1276 4606; x_wconf 90' lang='lat' dir='ltr'><strong>in</strong></span> <span class='ocrx_word' id='word_1_595' title='bbox 1294 4550 1584 4607; x_wconf 89' lang='lat' dir='ltr'><strong>Comment.</strong></span> <span class='ocrx_word' id='word_1_596' title='bbox 1603 4551 1809 4623; x_wconf 46' lang='lat' dir='ltr'><strong>Matth.’</strong></span> 
     </span>
    </p>
   </div>
   <div class='ocr_carea' id='block_1_80' title="bbox 288 4639 1808 4709">
    <p class='ocr_par' dir='ltr' id='par_1_80' title="bbox 288 4639 1808 4709">
     <span class='ocr_line' id='line_1_80' title="bbox 288 4639 1808 4709; baseline -0.009 -5"><span class='ocrx_word' id='word_1_597' title='bbox 288 4664 486 4703; x_wconf 75' lang='lat' dir='ltr'><strong>canone</strong></span> <span class='ocrx_word' id='word_1_598' title='bbox 510 4648 611 4701; x_wconf 72' lang='lat' dir='ltr'><strong>i8:</strong></span> <span class='ocrx_word' id='word_1_599' title='bbox 662 4665 679 4696; x_wconf 73' lang='grc' dir='ltr'><strong>ε</strong></span> <span class='ocrx_word' id='word_1_600' title='bbox 713 4644 862 4709; x_wconf 81' lang='lat' dir='ltr'><strong>Quod</strong></span> <span class='ocrx_word' id='word_1_601' title='bbox 891 4643 936 4697; x_wconf 75' lang='lat' dir='ltr'><strong>si</strong></span> <span class='ocrx_word' id='word_1_602' title='bbox 981 4640 1255 4709; x_wconf 77' lang='lat' dir='ltr'><strong>peccaverit</strong></span> <span class='ocrx_word' id='word_1_603' title='bbox 1294 4639 1346 4691; x_wconf 81' lang='lat' dir='ltr'><strong>in</strong></span> <span class='ocrx_word' id='word_1_604' title='bbox 1386 4647 1433 4690; x_wconf 83' lang='lat' dir='ltr'><strong>te</strong></span> <span class='ocrx_word' id='word_1_605' title='bbox 1472 4639 1808 4705; x_wconf 79' lang='lat' dir='ltr'><strong>frater-tuus,</strong></span> 
     </span>
    </p>
   </div>
   <div class='ocr_carea' id='block_1_81' title="bbox 292 4725 1811 4800">
    <p class='ocr_par' dir='ltr' id='par_1_81' title="bbox 292 4725 1811 4800">
     <span class='ocr_line' id='line_1_81' title="bbox 292 4725 1811 4800; baseline -0.008 -11"><span class='ocrx_word' id='word_1_606' title='bbox 292 4738 415 4789; x_wconf 79' lang='lat' dir='ltr'><strong>rode</strong></span> <span class='ocrx_word' id='word_1_607' title='bbox 440 4744 488 4788; x_wconf 83' lang='lat' dir='ltr'><strong>et</strong></span> <span class='ocrx_word' id='word_1_608' title='bbox 511 4733 709 4800; x_wconf 77' lang='lat' dir='ltr'><strong>corripe</strong></span> <span class='ocrx_word' id='word_1_609' title='bbox 734 4746 870 4793; x_wconf 77' lang='lat' dir='ltr'><strong>eum,</strong></span> <span class='ocrx_word' id='word_1_610' title='bbox 895 4738 998 4783; x_wconf 89' lang='lat' dir='ltr'><strong>etc.</strong></span> <span class='ocrx_word' id='word_1_611' title='bbox 1048 4727 1178 4780; x_wconf 87' lang='lat' dir='ltr'><strong>Eum</strong></span> <span class='ocrx_word' id='word_1_612' title='bbox 1208 4726 1444 4779; x_wconf 84' lang='lat' dir='ltr'><strong>ordinem</strong></span> <span class='ocrx_word' id='word_1_613' title='bbox 1486 4725 1811 4777; x_wconf 66' lang='lat' dir='ltr'><strong>continendae</strong></span> 
     </span>
    </p>
   </div>
   <div class='ocr_carea' id='block_1_82' title="bbox 291 4810 1807 4881">
    <p class='ocr_par' dir='ltr' id='par_1_82' title="bbox 291 4810 1807 4881">
     <span class='ocr_line' id='line_1_82' title="bbox 291 4810 1807 4881; baseline -0.012 -3"><span class='ocrx_word' id='word_1_614' title='bbox 291 4823 565 4878; x_wconf 83' lang='lat' dir='ltr'><strong>charitatis</strong></span> <span class='ocrx_word' id='word_1_615' title='bbox 609 4819 760 4873; x_wconf 88' lang='lat' dir='ltr'><strong>nobis</strong></span> <span class='ocrx_word' id='word_1_616' title='bbox 803 4817 1053 4870; x_wconf 88' lang='lat' dir='ltr'><strong>Dominus</strong></span> <span class='ocrx_word' id='word_1_617' title='bbox 1096 4812 1359 4881; x_wconf 89' lang='lat' dir='ltr'><strong>imposuit,</strong></span> <span class='ocrx_word' id='word_1_618' title='bbox 1405 4825 1560 4878; x_wconf 91' lang='lat' dir='ltr'><strong>quem</strong></span> <span class='ocrx_word' id='word_1_619' title='bbox 1604 4810 1712 4878; x_wconf 84' lang='lat' dir='ltr'><strong>ipse</strong></span> <span class='ocrx_word' id='word_1_620' title='bbox 1756 4811 1807 4861; x_wconf 90' lang='lat' dir='ltr'><strong>in</strong></span> 
     </span>
    </p>
   </div>
   <div class='ocr_carea' id='block_1_83' title="bbox 292 4900 1807 4979">
    <p class='ocr_par' dir='ltr' id='par_1_83' title="bbox 292 4900 1807 4979">
     <span class='ocr_line' id='line_1_83' title="bbox 292 4900 1807 4979; baseline -0.012 -11"><span class='ocrx_word' id='word_1_621' title='bbox 292 4908 645 4967; x_wconf 85' lang='lat' dir='ltr'><strong>conservando</strong></span> <span class='ocrx_word' id='word_1_622' title='bbox 667 4906 824 4962; x_wconf 83' lang='lat' dir='ltr'><strong>Israel</strong></span> <span class='ocrx_word' id='word_1_623' title='bbox 847 4911 1124 4979; x_wconf 55' lang='lat' dir='ltr'><strong>tenuerat;</strong></span> <span class='ocrx_word' id='word_1_624' title='bbox 1168 4900 1323 4955; x_wconf 70' lang='lat' dir='ltr'><strong>lubet</strong></span> <span class='ocrx_word' id='word_1_625' title='bbox 1344 4901 1483 4954; x_wconf 90' lang='lat' dir='ltr'><strong>enim</strong></span> <span class='ocrx_word' id='word_1_626' title='bbox 1506 4909 1807 4968; x_wconf 75' lang='lat' dir='ltr'><strong>peccantem</strong></span> 
     </span>
    </p>
   </div>
   <div class='ocr_carea' id='block_1_84' title="bbox 296 4989 1810 5059">
    <p class='ocr_par' dir='ltr' id='par_1_84' title="bbox 296 4989 1810 5059">
     <span class='ocr_line' id='line_1_84' title="bbox 296 4989 1810 5059; baseline -0.009 -6"><span class='ocrx_word' id='word_1_627' title='bbox 296 5000 505 5053; x_wconf 81' lang='lat' dir='ltr'><strong>fratrem</strong></span> <span class='ocrx_word' id='word_1_628' title='bbox 529 4998 597 5051; x_wconf 85' lang='lat' dir='ltr'><strong>ab</strong></span> <span class='ocrx_word' id='word_1_629' title='bbox 620 5010 684 5051; x_wconf 90' lang='lat' dir='ltr'><strong>eo</strong></span> <span class='ocrx_word' id='word_1_630' title='bbox 702 4994 812 5049; x_wconf 90' lang='lat' dir='ltr'><strong>solo</strong></span> <span class='ocrx_word' id='word_1_631' title='bbox 841 4993 893 5046; x_wconf 92' lang='lat' dir='ltr'><strong>in</strong></span> <span class='ocrx_word' id='word_1_632' title='bbox 913 5005 1067 5059; x_wconf 88' lang='lat' dir='ltr'><strong>quem</strong></span> <span class='ocrx_word' id='word_1_633' title='bbox 1095 4990 1408 5058; x_wconf 85' lang='lat' dir='ltr'><strong>peccaverit,</strong></span> <span class='ocrx_word' id='word_1_634' title='bbox 1433 4989 1623 5054; x_wconf 89' lang='lat' dir='ltr'><strong>corripi</strong></span> <span class='ocrx_word' id='word_1_635' title='bbox 1652 4996 1810 5054; x_wconf 87' lang='lat' dir='ltr'><strong>atque</strong></span> 
     </span>
    </p>
   </div>
   <div class='ocr_carea' id='block_1_85' title="bbox 294 5073 1812 5155">
    <p class='ocr_par' dir='ltr' id='par_1_85' title="bbox 294 5073 1812 5155">
     <span class='ocr_line' id='line_1_85' title="bbox 294 5073 1812 5155; baseline -0.013 -14"><span class='ocrx_word' id='word_1_636' title='bbox 294 5084 573 5155; x_wconf 76' lang='lat' dir='ltr'><strong>obiurgari.</strong></span> <span class='ocrx_word' id='word_1_637' title='bbox 602 5082 715 5150; x_wconf 87' lang='lat' dir='ltr'><strong>ipse</strong></span> <span class='ocrx_word' id='word_1_638' title='bbox 739 5082 879 5135; x_wconf 87' lang='lat' dir='ltr'><strong>enim</strong></span> <span class='ocrx_word' id='word_1_639' title='bbox 906 5077 1289 5132; x_wconf 78' lang='lat' dir='ltr'><strong>sacrificantem</strong></span> <span class='ocrx_word' id='word_1_640' title='bbox 1316 5074 1418 5127; x_wconf 87' lang='lat' dir='ltr'><strong>diis</strong></span> <span class='ocrx_word' id='word_1_641' title='bbox 1443 5073 1626 5127; x_wconf 88' lang='lat' dir='ltr'><strong>alienis</strong></span> <span class='ocrx_word' id='word_1_642' title='bbox 1652 5088 1812 5140; x_wconf 80' lang='lat' dir='ltr'><strong>popu—</strong></span> 
     </span>
    </p>
   </div>
   <div class='ocr_carea' id='block_1_86' title="bbox 299 5166 1812 5241">
    <p class='ocr_par' dir='ltr' id='par_1_86' title="bbox 299 5166 1812 5241">
     <span class='ocr_line' id='line_1_86' title="bbox 299 5166 1812 5241; baseline -0.01 -14"><span class='ocrx_word' id='word_1_643' title='bbox 299 5176 401 5227; x_wconf 81' lang='lat' dir='ltr'><strong>lum</strong></span> <span class='ocrx_word' id='word_1_644' title='bbox 424 5171 717 5229; x_wconf 69' lang='lat' dir='ltr'><strong>Iudaicum,</strong></span> <span class='ocrx_word' id='word_1_645' title='bbox 757 5167 1044 5234; x_wconf 76' lang='lat' dir='ltr'><strong>maiestatis</strong></span> <span class='ocrx_word' id='word_1_646' title='bbox 1068 5180 1175 5219; x_wconf 69' lang='lat' dir='ltr'><strong>sua:</strong></span> <span class='ocrx_word' id='word_1_647' title='bbox 1198 5166 1449 5241; x_wconf 78' lang='lat' dir='ltr'><strong>adventu,</strong></span> <span class='ocrx_word' id='word_1_648' title='bbox 1467 5171 1521 5218; x_wconf 90' lang='lat' dir='ltr'><strong>et</strong></span> <span class='ocrx_word' id='word_1_649' title='bbox 1546 5169 1655 5238; x_wconf 83' lang='lat' dir='ltr'><strong>toto</strong></span> <span class='ocrx_word' id='word_1_650' title='bbox 1681 5177 1812 5229; x_wconf 75' lang='lat' dir='ltr'><strong>pra:-</strong></span> 
     </span>
    </p>
   </div>
   <div class='ocr_carea' id='block_1_87' title="bbox 300 5248 1809 5326">
    <p class='ocr_par' dir='ltr' id='par_1_87' title="bbox 300 5248 1809 5326">
     <span class='ocr_line' id='line_1_87' title="bbox 300 5248 1809 5326; baseline -0.011 -12"><span class='ocrx_word' id='word_1_651' title='bbox 300 5261 457 5315; x_wconf 79' lang='lat' dir='ltr'><strong>sentis</strong></span> <span class='ocrx_word' id='word_1_652' title='bbox 497 5254 768 5326; x_wconf 82' lang='lat' dir='ltr'><strong>potestatis</strong></span> <span class='ocrx_word' id='word_1_653' title='bbox 808 5262 1008 5307; x_wconf 86' lang='lat' dir='ltr'><strong>terrore</strong></span> <span class='ocrx_word' id='word_1_654' title='bbox 1051 5251 1335 5318; x_wconf 86' lang='lat' dir='ltr'><strong>corripuit:</strong></span> <span class='ocrx_word' id='word_1_655' title='bbox 1380 5257 1488 5301; x_wconf 91' lang='lat' dir='ltr'><strong>tum</strong></span> <span class='ocrx_word' id='word_1_656' title='bbox 1522 5263 1638 5302; x_wconf 89' lang='lat' dir='ltr'><strong>cum</strong></span> <span class='ocrx_word' id='word_1_657' title='bbox 1677 5248 1809 5300; x_wconf 62' lang='lat' dir='ltr'><strong>idem</strong></span> 
     </span>
    </p>
   </div>
   <div class='ocr_carea' id='block_1_88' title="bbox 299 5339 1812 5414">
    <p class='ocr_par' dir='ltr' id='par_1_88' title="bbox 299 5339 1812 5414">
     <span class='ocr_line' id='line_1_88' title="bbox 299 5339 1812 5414; baseline -0.01 -15"><span class='ocrx_word' id='word_1_658' title='bbox 299 5347 513 5414; x_wconf 86' lang='lat' dir='ltr'><strong>populus</strong></span> <span class='ocrx_word' id='word_1_659' title='bbox 540 5343 632 5396; x_wconf 86' lang='lat' dir='ltr'><strong>Dei</strong></span> <span class='ocrx_word' id='word_1_660' title='bbox 658 5340 1046 5409; x_wconf 86' lang='lat' dir='ltr'><strong>propinquantis</strong></span> <span class='ocrx_word' id='word_1_661' title='bbox 1071 5339 1368 5398; x_wconf 82' lang='lat' dir='ltr'><strong>adventum,</strong></span> <span class='ocrx_word' id='word_1_662' title='bbox 1408 5343 1555 5389; x_wconf 76' lang='lat' dir='ltr'><strong>extra</strong></span> <span class='ocrx_word' id='word_1_663' title='bbox 1584 5344 1812 5391; x_wconf 88' lang='lat' dir='ltr'><strong>montem</strong></span> 
     </span>
    </p>
   </div>
   <div class='ocr_carea' id='block_1_89' title="bbox 301 5424 1814 5500">
    <p class='ocr_par' dir='ltr' id='par_1_89' title="bbox 301 5424 1814 5500">
     <span class='ocr_line' id='line_1_89' title="bbox 301 5424 1814 5500; baseline -0.009 -14"><span class='ocrx_word' id='word_1_664' title='bbox 301 5434 417 5488; x_wconf 87' lang='lat' dir='ltr'><strong>licet</strong></span> <span class='ocrx_word' id='word_1_665' title='bbox 440 5432 659 5500; x_wconf 80' lang='lat' dir='ltr'><strong>positus,</strong></span> <span class='ocrx_word' id='word_1_666' title='bbox 690 5428 824 5482; x_wconf 86' lang='lat' dir='ltr'><strong>ferre</strong></span> <span class='ocrx_word' id='word_1_667' title='bbox 852 5442 952 5483; x_wconf 86' lang='lat' dir='ltr'><strong>non</strong></span> <span class='ocrx_word' id='word_1_668' title='bbox 976 5427 1146 5495; x_wconf 89' lang='lat' dir='ltr'><strong>potuit</strong></span> <span class='ocrx_word' id='word_1_669' title='bbox 1183 5427 1233 5479; x_wconf 92' lang='lat' dir='ltr'><strong>in</strong></span> <span class='ocrx_word' id='word_1_670' title='bbox 1256 5424 1625 5485; x_wconf 87' lang='lat' dir='ltr'><strong>obedientiam,</strong></span> <span class='ocrx_word' id='word_1_671' title='bbox 1656 5437 1814 5473; x_wconf 88' lang='lat' dir='ltr'><strong>unum</strong></span> 
     </span>
    </p>
   </div>
   <div class='ocr_carea' id='block_1_90' title="bbox 302 5510 1816 5588">
    <p class='ocr_par' dir='ltr' id='par_1_90' title="bbox 302 5510 1816 5588">
     <span class='ocr_line' id='line_1_90' title="bbox 302 5510 1816 5588; baseline -0.009 -15"><span class='ocrx_word' id='word_1_672' title='bbox 302 5532 454 5588; x_wconf 83' lang='lat' dir='ltr'><strong>atque</strong></span> <span class='ocrx_word' id='word_1_673' title='bbox 481 5519 613 5571; x_wconf 88' lang='lat' dir='ltr'><strong>duos</strong></span> <span class='ocrx_word' id='word_1_674' title='bbox 631 5516 787 5583; x_wconf 80' lang='lat' dir='ltr'><strong>jussit</strong></span> <span class='ocrx_word' id='word_1_675' title='bbox 824 5512 1057 5567; x_wconf 84' lang='lat' dir='ltr'><strong>adhiberi</strong></span> <span class='ocrx_word' id='word_1_676' title='bbox 1082 5552 1095 5574; x_wconf 90' lang='lat'><strong>,</strong></span> <span class='ocrx_word' id='word_1_677' title='bbox 1135 5520 1192 5564; x_wconf 91' lang='lat' dir='ltr'><strong>ut</strong></span> <span class='ocrx_word' id='word_1_678' title='bbox 1218 5513 1270 5565; x_wconf 88' lang='lat' dir='ltr'><strong>in</strong></span> <span class='ocrx_word' id='word_1_679' title='bbox 1310 5525 1400 5564; x_wconf 88' lang='lat' dir='ltr'><strong>ore</strong></span> <span class='ocrx_word' id='word_1_680' title='bbox 1424 5511 1579 5563; x_wconf 91' lang='lat' dir='ltr'><strong>duum</strong></span> <span class='ocrx_word' id='word_1_681' title='bbox 1611 5510 1816 5560; x_wconf 83' lang='lat' dir='ltr'><strong>testium</strong></span> 
     </span>
    </p>
   </div>
   <div class='ocr_carea' id='block_1_91' title="bbox 1900 3321 3403 3401">
    <p class='ocr_par' dir='ltr' id='par_1_91' title="bbox 1900 3321 3403 3401">
     <span class='ocr_line' id='line_1_91' title="bbox 1900 3321 3403 3401; baseline 0.012 -28"><span class='ocrx_word' id='word_1_682' title='bbox 1900 3321 2161 3375; x_wconf 89' lang='lat' dir='ltr'><strong>duriorem</strong></span> <span class='ocrx_word' id='word_1_683' title='bbox 2211 3338 2266 3376; x_wconf 90' lang='lat' dir='ltr'><strong>se</strong></span> <span class='ocrx_word' id='word_1_684' title='bbox 2305 3326 2373 3377; x_wconf 89' lang='lat' dir='ltr'><strong>ad</strong></span> <span class='ocrx_word' id='word_1_685' title='bbox 2411 3327 2772 3396; x_wconf 85' lang='lat' dir='ltr'><strong>corrigendum</strong></span> <span class='ocrx_word' id='word_1_686' title='bbox 2814 3330 3075 3397; x_wconf 63' lang='lat' dir='ltr'><strong>praebeat:</strong></span> <span class='ocrx_word' id='word_1_687' title='bbox 3118 3335 3236 3389; x_wconf 89' lang='lat' dir='ltr'><strong>ideo</strong></span> <span class='ocrx_word' id='word_1_688' title='bbox 3261 3337 3403 3401; x_wconf 89' lang='lat' dir='ltr'><strong>dicit,</strong></span> 
     </span>
    </p>
   </div>
   <div class='ocr_carea' id='block_1_92' title="bbox 1899 3411 3408 3486">
    <p class='ocr_par' dir='ltr' id='par_1_92' title="bbox 1899 3411 3408 3486">
     <span class='ocr_line' id='line_1_92' title="bbox 1899 3411 3408 3486; baseline 0.01 -25"><span class='ocrx_word' id='word_1_689' title='bbox 1899 3411 2028 3463; x_wconf 84' lang='lat' dir='ltr'><strong>inter</strong></span> <span class='ocrx_word' id='word_1_690' title='bbox 2050 3419 2097 3464; x_wconf 81' lang='lat' dir='ltr'><strong>te</strong></span> <span class='ocrx_word' id='word_1_691' title='bbox 2128 3421 2173 3463; x_wconf 84' lang='lat' dir='ltr'><strong>et</strong></span> <span class='ocrx_word' id='word_1_692' title='bbox 2198 3413 2360 3480; x_wconf 80' lang='lat' dir='ltr'><strong>ipsum</strong></span> <span class='ocrx_word' id='word_1_693' title='bbox 2401 3414 2582 3477; x_wconf 76' lang='lat' dir='ltr'><strong>solum,</strong></span> <span class='ocrx_word' id='word_1_694' title='bbox 2613 3424 2660 3467; x_wconf 81' lang='lat' dir='ltr'><strong>ct</strong></span> <span class='ocrx_word' id='word_1_695' title='bbox 2680 3420 2724 3468; x_wconf 79' lang='lat' dir='ltr'><strong>si</strong></span> <span class='ocrx_word' id='word_1_696' title='bbox 2751 3419 2956 3483; x_wconf 85' lang='lat' dir='ltr'><strong>quidem</strong></span> <span class='ocrx_word' id='word_1_697' title='bbox 2996 3430 3041 3471; x_wconf 82' lang='lat' dir='ltr'><strong>te</strong></span> <span class='ocrx_word' id='word_1_698' title='bbox 3065 3424 3300 3486; x_wconf 81' lang='lat' dir='ltr'><strong>audierit,</strong></span> <span class='ocrx_word' id='word_1_699' title='bbox 3329 3426 3408 3476; x_wconf 85' lang='lat' dir='ltr'><strong>lu-</strong></span> 
     </span>
    </p>
   </div>
   <div class='ocr_carea' id='block_1_93' title="bbox 1900 3501 3405 3568">
    <p class='ocr_par' dir='ltr' id='par_1_93' title="bbox 1900 3501 3405 3568">
     <span class='ocr_line' id='line_1_93' title="bbox 1900 3501 3405 3568; baseline 0.007 -15"><span class='ocrx_word' id='word_1_700' title='bbox 1900 3511 2071 3554; x_wconf 78' lang='lat' dir='ltr'><strong>cratus</strong></span> <span class='ocrx_word' id='word_1_701' title='bbox 2095 3514 2152 3554; x_wconf 88' lang='lat' dir='ltr'><strong>es</strong></span> <span class='ocrx_word' id='word_1_702' title='bbox 2181 3501 2389 3567; x_wconf 85' lang='lat' dir='ltr'><strong>fratrem</strong></span> <span class='ocrx_word' id='word_1_703' title='bbox 2418 3513 2577 3555; x_wconf 82' lang='lat' dir='ltr'><strong>tuum.</strong></span> <span class='ocrx_word' id='word_1_704' title='bbox 2601 3501 2733 3568; x_wconf 87' lang='lat' dir='ltr'><strong>Quid</strong></span> <span class='ocrx_word' id='word_1_705' title='bbox 2759 3512 2862 3568; x_wconf 89' lang='lat' dir='ltr'><strong>est,</strong></span> <span class='ocrx_word' id='word_1_706' title='bbox 2888 3506 2932 3557; x_wconf 81' lang='lat' dir='ltr'><strong>si</strong></span> <span class='ocrx_word' id='word_1_707' title='bbox 2976 3515 3022 3558; x_wconf 84' lang='lat' dir='ltr'><strong>te</strong></span> <span class='ocrx_word' id='word_1_708' title='bbox 3051 3508 3310 3561; x_wconf 80' lang='lat' dir='ltr'><strong>audierit?</strong></span> <span class='ocrx_word' id='word_1_709' title='bbox 3350 3510 3405 3564; x_wconf 88' lang='lat' dir='ltr'><strong>Si</strong></span> 
     </span>
    </p>
   </div>
   <div class='ocr_carea' id='block_1_94' title="bbox 1899 3588 3404 3662">
    <p class='ocr_par' dir='ltr' id='par_1_94' title="bbox 1899 3588 3404 3662">
     <span class='ocr_line' id='line_1_94' title="bbox 1899 3588 3404 3662; baseline 0.008 -23"><span class='ocrx_word' id='word_1_710' title='bbox 1899 3603 2181 3655; x_wconf 87' lang='lat' dir='ltr'><strong>persuasus</strong></span> <span class='ocrx_word' id='word_1_711' title='bbox 2204 3588 2445 3642; x_wconf 77' lang='lat' dir='ltr'><strong>videlicet</strong></span> <span class='ocrx_word' id='word_1_712' title='bbox 2481 3590 2573 3643; x_wconf 88' lang='lat' dir='ltr'><strong>abs</strong></span> <span class='ocrx_word' id='word_1_713' title='bbox 2603 3600 2669 3653; x_wconf 89' lang='lat' dir='ltr'><strong>te,</strong></span> <span class='ocrx_word' id='word_1_714' title='bbox 2698 3592 2893 3657; x_wconf 88' lang='lat' dir='ltr'><strong>peccati</strong></span> <span class='ocrx_word' id='word_1_715' title='bbox 2928 3606 2984 3645; x_wconf 89' lang='lat' dir='ltr'><strong>se</strong></span> <span class='ocrx_word' id='word_1_716' title='bbox 3026 3594 3404 3662; x_wconf 82' lang='lat' dir='ltr'><strong>condemnabit,</strong></span> 
     </span>
    </p>
   </div>
   <div class='ocr_carea' id='block_1_95' title="bbox 1900 3672 3405 3750">
    <p class='ocr_par' dir='ltr' id='par_1_95' title="bbox 1900 3672 3405 3750">
     <span class='ocr_line' id='line_1_95' title="bbox 1900 3672 3405 3750; baseline 0.009 -27"><span class='ocrx_word' id='word_1_717' title='bbox 1900 3672 2126 3725; x_wconf 79' lang='lat' dir='ltr'><strong>lucratus</strong></span> <span class='ocrx_word' id='word_1_718' title='bbox 2150 3687 2209 3726; x_wconf 90' lang='lat' dir='ltr'><strong>es</strong></span> <span class='ocrx_word' id='word_1_719' title='bbox 2234 3674 2443 3740; x_wconf 80' lang='lat' dir='ltr'><strong>fratrem</strong></span> <span class='ocrx_word' id='word_1_720' title='bbox 2475 3684 2634 3736; x_wconf 80' lang='lat' dir='ltr'><strong>trutm,</strong></span> <span class='ocrx_word' id='word_1_721' title='bbox 2660 3684 2761 3727; x_wconf 91' lang='lat' dir='ltr'><strong>etc.</strong></span> <span class='ocrx_word' id='word_1_722' title='bbox 2807 3675 2939 3741; x_wconf 90' lang='lat' dir='ltr'><strong>Quid</strong></span> <span class='ocrx_word' id='word_1_723' title='bbox 2969 3679 3141 3746; x_wconf 79' lang='lat' dir='ltr'><strong>igitur,</strong></span> <span class='ocrx_word' id='word_1_724' title='bbox 3185 3682 3405 3750; x_wconf 86' lang='lat' dir='ltr'><strong>inquies,</strong></span> 
     </span>
    </p>
   </div>
   <div class='ocr_carea' id='block_1_96' title="bbox 1901 3758 3405 3833">
    <p class='ocr_par' dir='ltr' id='par_1_96' title="bbox 1901 3758 3405 3833">
     <span class='ocr_line' id='line_1_96' title="bbox 1901 3758 3405 3833; baseline 0.007 -22"><span class='ocrx_word' id='word_1_725' title='bbox 1901 3758 2087 3811; x_wconf 83' lang='lat' dir='ltr'><strong>faciam</strong></span> <span class='ocrx_word' id='word_1_726' title='bbox 2116 3760 2160 3812; x_wconf 90' lang='lat' dir='ltr'><strong>si</strong></span> <span class='ocrx_word' id='word_1_727' title='bbox 2198 3761 2357 3813; x_wconf 88' lang='lat' dir='ltr'><strong>durus</strong></span> <span class='ocrx_word' id='word_1_728' title='bbox 2381 3775 2443 3813; x_wconf 88' lang='lat' dir='ltr'><strong>ac</strong></span> <span class='ocrx_word' id='word_1_729' title='bbox 2468 3762 2698 3828; x_wconf 75' lang='lat' dir='ltr'><strong>pertinax</strong></span> <span class='ocrx_word' id='word_1_730' title='bbox 2730 3759 2922 3815; x_wconf 80' lang='lat' dir='ltr'><strong>fuerit?</strong></span> <span class='ocrx_word' id='word_1_731' title='bbox 2968 3764 3185 3818; x_wconf 78' lang='lat' dir='ltr'><strong>Assume</strong></span> <span class='ocrx_word' id='word_1_732' title='bbox 3223 3776 3405 3833; x_wconf 81' lang='lat' dir='ltr'><strong>tecum,</strong></span> 
     </span>
    </p>
   </div>
   <div class='ocr_carea' id='block_1_97' title="bbox 1901 3844 3408 3922">
    <p class='ocr_par' dir='ltr' id='par_1_97' title="bbox 1901 3844 3408 3922">
     <span class='ocr_line' id='line_1_97' title="bbox 1901 3844 3408 3922; baseline 0.003 -23"><span class='ocrx_word' id='word_1_733' title='bbox 1901 3847 2086 3914; x_wconf 89' lang='lat' dir='ltr'><strong>inquit,</strong></span> <span class='ocrx_word' id='word_1_734' title='bbox 2115 3862 2269 3898; x_wconf 83' lang='lat' dir='ltr'><strong>unum</strong></span> <span class='ocrx_word' id='word_1_735' title='bbox 2293 3857 2380 3898; x_wconf 83' lang='lat' dir='ltr'><strong>aut</strong></span> <span class='ocrx_word' id='word_1_736' title='bbox 2412 3846 2538 3901; x_wconf 71' lang='lat' dir='ltr'><strong>duo:</strong></span> <span class='ocrx_word' id='word_1_737' title='bbox 2559 3862 2578 3901; x_wconf 89' lang='lat'><strong>:</strong></span> <span class='ocrx_word' id='word_1_738' title='bbox 2611 3858 2665 3901; x_wconf 82' lang='lat' dir='ltr'><strong>tu</strong></span> <span class='ocrx_word' id='word_1_739' title='bbox 2696 3849 2861 3922; x_wconf 84' lang='lat' dir='ltr'><strong>inore</strong></span> <span class='ocrx_word' id='word_1_740' title='bbox 2885 3844 3099 3901; x_wconf 76' lang='lat' dir='ltr'><strong>duorum</strong></span> <span class='ocrx_word' id='word_1_741' title='bbox 3134 3862 3222 3904; x_wconf 85' lang='lat' dir='ltr'><strong>aut</strong></span> <span class='ocrx_word' id='word_1_742' title='bbox 3257 3854 3408 3905; x_wconf 81' lang='lat' dir='ltr'><strong>trium</strong></span> 
     </span>
    </p>
   </div>
   <div class='ocr_carea' id='block_1_98' title="bbox 1901 3933 3467 4007">
    <p class='ocr_par' dir='ltr' id='par_1_98' title="bbox 1901 3933 3467 4007">
     <span class='ocr_line' id='line_1_98' title="bbox 1901 3933 3467 4007; baseline 0.004 -20"><span class='ocrx_word' id='word_1_743' title='bbox 1901 3936 2100 3987; x_wconf 77' lang='lat' dir='ltr'><strong>testium</strong></span> <span class='ocrx_word' id='word_1_744' title='bbox 2127 3944 2221 3985; x_wconf 83' lang='lat' dir='ltr'><strong>stet</strong></span> <span class='ocrx_word' id='word_1_745' title='bbox 2244 3935 2628 3987; x_wconf 70' lang='lat' dir='ltr'><strong>omne-verbum.</strong></span> <span class='ocrx_word' id='word_1_746' title='bbox 2658 3933 2788 3986; x_wconf 85' lang='lat' dir='ltr'><strong>Nam</strong></span> <span class='ocrx_word' id='word_1_747' title='bbox 2817 3944 3008 4001; x_wconf 87' lang='lat' dir='ltr'><strong>quanto</strong></span> <span class='ocrx_word' id='word_1_748' title='bbox 3037 3936 3118 3988; x_wconf 87' lang='lat' dir='ltr'><strong>ille</strong></span> <span class='ocrx_word' id='word_1_749' title='bbox 3145 3938 3409 4007; x_wconf 89' lang='lat' dir='ltr'><strong>impndcn-</strong></span> <span class='ocrx_word' id='word_1_750' title='bbox 3464 3966 3467 3967; x_wconf 52' lang='grc' dir='ltr'><em>ν</em></span> 
     </span>
    </p>
   </div>
   <div class='ocr_carea' id='block_1_99' title="bbox 1902 4022 3409 4091">
    <p class='ocr_par' dir='ltr' id='par_1_99' title="bbox 1902 4022 3409 4091">
     <span class='ocr_line' id='line_1_99' title="bbox 1902 4022 3409 4091; baseline 0.003 -16"><span class='ocrx_word' id='word_1_751' title='bbox 1902 4024 2021 4083; x_wconf 89' lang='lat' dir='ltr'><strong>tior,</strong></span> <span class='ocrx_word' id='word_1_752' title='bbox 2052 4031 2209 4091; x_wconf 88' lang='lat' dir='ltr'><strong>atque</strong></span> <span class='ocrx_word' id='word_1_753' title='bbox 2235 4023 2549 4089; x_wconf 86' lang='lat' dir='ltr'><strong>pertinacior</strong></span> <span class='ocrx_word' id='word_1_754' title='bbox 2570 4022 2745 4083; x_wconf 86' lang='lat' dir='ltr'><strong>fuerit,</strong></span> <span class='ocrx_word' id='word_1_755' title='bbox 2779 4031 2921 4075; x_wconf 85' lang='lat' dir='ltr'><strong>tanto</strong></span> <span class='ocrx_word' id='word_1_756' title='bbox 2957 4024 3119 4089; x_wconf 76' lang='lat' dir='ltr'><strong>magis</strong></span> <span class='ocrx_word' id='word_1_757' title='bbox 3144 4026 3222 4079; x_wconf 89' lang='lat' dir='ltr'><strong>ad’</strong></span> <span class='ocrx_word' id='word_1_758' title='bbox 3235 4041 3409 4080; x_wconf 87' lang='lat' dir='ltr'><strong>emcn-</strong></span> 
     </span>
    </p>
   </div>
   <div class='ocr_carea' id='block_1_100' title="bbox 1903 4108 3407 4175">
    <p class='ocr_par' dir='ltr' id='par_1_100' title="bbox 1903 4108 3407 4175">
     <span class='ocr_line' id='line_1_100' title="bbox 1903 4108 3407 4175; baseline 0.005 -13"><span class='ocrx_word' id='word_1_759' title='bbox 1903 4110 2163 4162; x_wconf 88' lang='lat' dir='ltr'><strong>dationem</strong></span> <span class='ocrx_word' id='word_1_760' title='bbox 2190 4108 2300 4173; x_wconf 83' lang='lat' dir='ltr'><strong>ejus</strong></span> <span class='ocrx_word' id='word_1_761' title='bbox 2326 4110 2519 4175; x_wconf 87' lang='lat' dir='ltr'><strong>absque</strong></span> <span class='ocrx_word' id='word_1_762' title='bbox 2566 4110 2642 4161; x_wconf 89' lang='lat' dir='ltr'><strong>ira</strong></span> <span class='ocrx_word' id='word_1_763' title='bbox 2682 4118 2731 4161; x_wconf 89' lang='lat' dir='ltr'><strong>et</strong></span> <span class='ocrx_word' id='word_1_764' title='bbox 2759 4108 2995 4162; x_wconf 88' lang='lat' dir='ltr'><strong>molestia</strong></span> <span class='ocrx_word' id='word_1_765' title='bbox 3024 4113 3173 4165; x_wconf 88' lang='lat' dir='ltr'><strong>nobis</strong></span> <span class='ocrx_word' id='word_1_766' title='bbox 3197 4116 3407 4169; x_wconf 78' lang='lat' dir='ltr'><strong>studen—</strong></span> 
     </span>
    </p>
   </div>
   <div class='ocr_carea' id='block_1_101' title="bbox 1904 4193 3415 4263">
    <p class='ocr_par' dir='ltr' id='par_1_101' title="bbox 1904 4193 3415 4263">
     <span class='ocr_line' id='line_1_101' title="bbox 1904 4193 3415 4263; baseline 0.004 -14"><span class='ocrx_word' id='word_1_767' title='bbox 1904 4196 2025 4249; x_wconf 91' lang='lat' dir='ltr'><strong>dum</strong></span> <span class='ocrx_word' id='word_1_768' title='bbox 2051 4204 2151 4249; x_wconf 90' lang='lat' dir='ltr'><strong>est.</strong></span> <span class='ocrx_word' id='word_1_769' title='bbox 2200 4193 2328 4247; x_wconf 83' lang='lat' dir='ltr'><strong>Nam</strong></span> <span class='ocrx_word' id='word_1_770' title='bbox 2355 4203 2408 4246; x_wconf 91' lang='lat' dir='ltr'><strong>ct</strong></span> <span class='ocrx_word' id='word_1_771' title='bbox 2454 4195 2685 4248; x_wconf 85' lang='lat' dir='ltr'><strong>medicus</strong></span> <span class='ocrx_word' id='word_1_772' title='bbox 2733 4210 2848 4248; x_wconf 90' lang='lat' dir='ltr'><strong>cum</strong></span> <span class='ocrx_word' id='word_1_773' title='bbox 2892 4198 3182 4263; x_wconf 80' lang='lat' dir='ltr'><strong>graviorem</strong></span> <span class='ocrx_word' id='word_1_774' title='bbox 3226 4200 3415 4255; x_wconf 88' lang='lat' dir='ltr'><strong>viderit</strong></span> 
     </span>
    </p>
   </div>
   <div class='ocr_carea' id='block_1_102' title="bbox 1903 4284 3413 4357">
    <p class='ocr_par' dir='ltr' id='par_1_102' title="bbox 1903 4284 3413 4357">
     <span class='ocr_line' id='line_1_102' title="bbox 1903 4284 3413 4357; baseline 0.002 -19"><span class='ocrx_word' id='word_1_775' title='bbox 1903 4286 2161 4346; x_wconf 89' lang='lat' dir='ltr'><strong>morbum,</strong></span> <span class='ocrx_word' id='word_1_776' title='bbox 2194 4299 2295 4357; x_wconf 89' lang='lat' dir='ltr'><strong>non</strong></span> <span class='ocrx_word' id='word_1_777' title='bbox 2322 4284 2544 4345; x_wconf 86' lang='lat' dir='ltr'><strong>desistit,</strong></span> <span class='ocrx_word' id='word_1_778' title='bbox 2570 4298 2665 4336; x_wconf 89' lang='lat' dir='ltr'><strong>nec</strong></span> <span class='ocrx_word' id='word_1_779' title='bbox 2712 4284 2945 4336; x_wconf 87' lang='lat' dir='ltr'><strong>molestia</strong></span> <span class='ocrx_word' id='word_1_780' title='bbox 2986 4295 3263 4350; x_wconf 85' lang='lat' dir='ltr'><strong>oppressus</strong></span> <span class='ocrx_word' id='word_1_781' title='bbox 3288 4287 3413 4340; x_wconf 87' lang='lat' dir='ltr'><strong>deli-</strong></span> 
     </span>
    </p>
   </div>
   <div class='ocr_carea' id='block_1_103' title="bbox 1904 4361 3410 4444">
    <p class='ocr_par' dir='ltr' id='par_1_103' title="bbox 1904 4361 3410 4444">
     <span class='ocr_line' id='line_1_103' title="bbox 1904 4361 3410 4444; baseline 0.003 -22"><span class='ocrx_word' id='word_1_782' title='bbox 1904 4372 1997 4435; x_wconf 91' lang='lat' dir='ltr'><strong>cit,</strong></span> <span class='ocrx_word' id='word_1_783' title='bbox 2029 4371 2121 4423; x_wconf 90' lang='lat' dir='ltr'><strong>sed</strong></span> <span class='ocrx_word' id='word_1_784' title='bbox 2146 4370 2212 4422; x_wconf 89' lang='lat' dir='ltr'><strong>ad</strong></span> <span class='ocrx_word' id='word_1_785' title='bbox 2240 4370 2448 4423; x_wconf 84' lang='lat' dir='ltr'><strong>ferenda</strong></span> <span class='ocrx_word' id='word_1_786' title='bbox 2491 4369 2717 4421; x_wconf 81' lang='lat' dir='ltr'><strong>remedia</strong></span> <span class='ocrx_word' id='word_1_787' title='bbox 2743 4361 3044 4438; x_wconf 73' lang='lat' dir='ltr'><strong>diligcn&#39;tius</strong></span> <span class='ocrx_word' id='word_1_788' title='bbox 3083 4384 3140 4425; x_wconf 89' lang='lat' dir='ltr'><strong>sc</strong></span> <span class='ocrx_word' id='word_1_789' title='bbox 3165 4372 3410 4444; x_wconf 87' lang='lat' dir='ltr'><strong>accingit,</strong></span> 
     </span>
    </p>
   </div>
   <div class='ocr_carea' id='block_1_104' title="bbox 1830 4454 3409 4549">
    <p class='ocr_par' dir='ltr' id='par_1_104' title="bbox 1830 4454 3409 4549">
     <span class='ocr_line' id='line_1_104' title="bbox 1830 4454 3409 4549; baseline 0.004 -42"><span class='ocrx_word' id='word_1_790' title='bbox 1830 4491 1882 4549; x_wconf 65' lang='grc' dir='ltr'><strong><em>Β</em></strong></span> <span class='ocrx_word' id='word_1_791' title='bbox 1906 4457 2044 4523; x_wconf 89' lang='lat' dir='ltr'><strong>quod</strong></span> <span class='ocrx_word' id='word_1_792' title='bbox 2072 4469 2169 4508; x_wconf 91' lang='lat' dir='ltr'><strong>nos</strong></span> <span class='ocrx_word' id='word_1_793' title='bbox 2200 4470 2406 4523; x_wconf 89' lang='lat' dir='ltr'><strong>quoque</strong></span> <span class='ocrx_word' id='word_1_794' title='bbox 2431 4455 2601 4509; x_wconf 85' lang='lat' dir='ltr'><strong>facere</strong></span> <span class='ocrx_word' id='word_1_795' title='bbox 2635 4454 2801 4521; x_wconf 81' lang='lat' dir='ltr'><strong>jubet,</strong></span> <span class='ocrx_word' id='word_1_796' title='bbox 2826 4464 2927 4509; x_wconf 90' lang='lat' dir='ltr'><strong>etc.</strong></span> <span class='ocrx_word' id='word_1_797' title='bbox 2958 4456 3021 4508; x_wconf 87' lang='lat' dir='ltr'><strong>Et</strong></span> <span class='ocrx_word' id='word_1_798' title='bbox 3055 4458 3098 4511; x_wconf 89' lang='lat' dir='ltr'><strong>si</strong></span> <span class='ocrx_word' id='word_1_799' title='bbox 3126 4460 3409 4527; x_wconf 86' lang='lat' dir='ltr'><strong>pertinacia</strong></span> 
     </span>
    </p>
   </div>
   <div class='ocr_carea' id='block_1_105' title="bbox 1914 4543 3411 4612">
    <p class='ocr_par' dir='ltr' id='par_1_105' title="bbox 1914 4543 3411 4612">
     <span class='ocr_line' id='line_1_105' title="bbox 1914 4543 3411 4612; baseline 0.001 -14"><span class='ocrx_word' id='word_1_800' title='bbox 1914 4546 2199 4599; x_wconf 57' lang='lat' dir='ltr'><strong>obduratus</strong></span> <span class='ocrx_word' id='word_1_801' title='bbox 2225 4553 2319 4603; x_wconf 88' lang='lat' dir='ltr'><strong>est,</strong></span> <span class='ocrx_word' id='word_1_802' title='bbox 2351 4544 2506 4596; x_wconf 89' lang='lat' dir='ltr'><strong>etiam</strong></span> <span class='ocrx_word' id='word_1_803' title='bbox 2553 4543 2833 4596; x_wconf 79' lang='lat' dir='ltr'><strong>Ecclesium</strong></span> <span class='ocrx_word' id='word_1_804' title='bbox 2881 4543 2945 4595; x_wconf 85' lang='lat' dir='ltr'><strong>ad</strong></span> <span class='ocrx_word' id='word_1_805' title='bbox 2990 4545 3126 4598; x_wconf 89' lang='lat' dir='ltr'><strong>hunc</strong></span> <span class='ocrx_word' id='word_1_806' title='bbox 3164 4554 3411 4612; x_wconf 62' lang='lat' dir='ltr'><strong>aegrotum</strong></span> 
     </span>
    </p>
   </div>
   <div class='ocr_carea' id='block_1_106' title="bbox 1914 4629 3413 4700">
    <p class='ocr_par' dir='ltr' id='par_1_106' title="bbox 1914 4629 3413 4700">
     <span class='ocr_line' id='line_1_106' title="bbox 1914 4629 3413 4700; baseline 0.001 -16"><span class='ocrx_word' id='word_1_807' title='bbox 1914 4635 2171 4687; x_wconf 84' lang='lat' dir='ltr'><strong>adducat:</strong></span> <span class='ocrx_word' id='word_1_808' title='bbox 2219 4631 2313 4684; x_wconf 87' lang='lat' dir='ltr'><strong>Dic</strong></span> <span class='ocrx_word' id='word_1_809' title='bbox 2340 4631 2476 4682; x_wconf 91' lang='lat' dir='ltr'><strong>enim</strong></span> <span class='ocrx_word' id='word_1_810' title='bbox 2527 4629 2778 4689; x_wconf 64' lang='lat' dir='ltr'><strong>Ecclesiae.</strong></span> <span class='ocrx_word' id='word_1_811' title='bbox 2824 4636 2925 4681; x_wconf 90' lang='lat' dir='ltr'><strong>etc.</strong></span> <span class='ocrx_word' id='word_1_812' title='bbox 2972 4630 3125 4684; x_wconf 78' lang='lat' dir='ltr'><strong>Vides</strong></span> <span class='ocrx_word' id='word_1_813' title='bbox 3162 4644 3262 4685; x_wconf 91' lang='lat' dir='ltr'><strong>non</strong></span> <span class='ocrx_word' id='word_1_814' title='bbox 3290 4647 3413 4700; x_wconf 86' lang='lat' dir='ltr'><strong>sup-</strong></span> 
     </span>
    </p>
   </div>
   <div class='ocr_carea' id='block_1_107' title="bbox 1912 4714 3412 4786">
    <p class='ocr_par' dir='ltr' id='par_1_107' title="bbox 1912 4714 3412 4786">
     <span class='ocr_line' id='line_1_107' title="bbox 1912 4714 3412 4786; baseline -0.001 -16"><span class='ocrx_word' id='word_1_815' title='bbox 1912 4720 2072 4786; x_wconf 90' lang='lat' dir='ltr'><strong>plicii,</strong></span> <span class='ocrx_word' id='word_1_816' title='bbox 2101 4718 2192 4771; x_wconf 87' lang='lat' dir='ltr'><strong>sed</strong></span> <span class='ocrx_word' id='word_1_817' title='bbox 2228 4716 2603 4771; x_wconf 86' lang='lat' dir='ltr'><strong>emendationis</strong></span> <span class='ocrx_word' id='word_1_818' title='bbox 2645 4715 2810 4781; x_wconf 80' lang='lat' dir='ltr'><strong>gratia</strong></span> <span class='ocrx_word' id='word_1_819' title='bbox 2858 4715 2906 4767; x_wconf 91' lang='lat' dir='ltr'><strong>id</strong></span> <span class='ocrx_word' id='word_1_820' title='bbox 2949 4714 3095 4781; x_wconf 82' lang='lat' dir='ltr'><strong>fieri;</strong></span> <span class='ocrx_word' id='word_1_821' title='bbox 3141 4725 3412 4784; x_wconf 87' lang='lat' dir='ltr'><strong>propterea</strong></span> 
     </span>
    </p>
   </div>
   <div class='ocr_carea' id='block_1_108' title="bbox 1910 4804 3411 4874">
    <p class='ocr_par' dir='ltr' id='par_1_108' title="bbox 1910 4804 3411 4874">
     <span class='ocr_line' id='line_1_108' title="bbox 1910 4804 3411 4874; baseline -0.003 -14"><span class='ocrx_word' id='word_1_822' title='bbox 1910 4808 2079 4861; x_wconf 90' lang='lat' dir='ltr'><strong>nullos</strong></span> <span class='ocrx_word' id='word_1_823' title='bbox 2101 4808 2198 4860; x_wconf 89' lang='lat' dir='ltr'><strong>sibi</strong></span> <span class='ocrx_word' id='word_1_824' title='bbox 2230 4806 2377 4859; x_wconf 89' lang='lat' dir='ltr'><strong>initio</strong></span> <span class='ocrx_word' id='word_1_825' title='bbox 2402 4804 2615 4874; x_wconf 67' lang='lat' dir='ltr'><strong>praebet,</strong></span> <span class='ocrx_word' id='word_1_826' title='bbox 2645 4805 2732 4857; x_wconf 90' lang='lat' dir='ltr'><strong>sed</strong></span> <span class='ocrx_word' id='word_1_827' title='bbox 2756 4817 2871 4857; x_wconf 91' lang='lat' dir='ltr'><strong>cum</strong></span> <span class='ocrx_word' id='word_1_828' title='bbox 2917 4806 3026 4871; x_wconf 89' lang='lat' dir='ltr'><strong>ipse</strong></span> <span class='ocrx_word' id='word_1_829' title='bbox 3051 4819 3144 4870; x_wconf 87' lang='lat' dir='ltr'><strong>per</strong></span> <span class='ocrx_word' id='word_1_830' title='bbox 3184 4818 3241 4858; x_wconf 90' lang='lat' dir='ltr'><strong>se</strong></span> <span class='ocrx_word' id='word_1_831' title='bbox 3282 4805 3411 4857; x_wconf 89' lang='lat' dir='ltr'><strong>nihil</strong></span> 
     </span>
    </p>
   </div>
   <div class='ocr_carea' id='block_1_109' title="bbox 1910 4890 3410 4959">
    <p class='ocr_par' dir='ltr' id='par_1_109' title="bbox 1910 4890 3410 4959">
     <span class='ocr_line' id='line_1_109' title="bbox 1910 4890 3410 4959; baseline -0.002 -13"><span class='ocrx_word' id='word_1_832' title='bbox 1910 4893 2160 4956; x_wconf 75' lang='lat' dir='ltr'><strong>olfecerit,</strong></span> <span class='ocrx_word' id='word_1_833' title='bbox 2176 4906 2343 4959; x_wconf 89' lang='lat' dir='ltr'><strong>neque</strong></span> <span class='ocrx_word' id='word_1_834' title='bbox 2369 4900 2489 4943; x_wconf 92' lang='lat' dir='ltr'><strong>tunc</strong></span> <span class='ocrx_word' id='word_1_835' title='bbox 2514 4890 2824 4943; x_wconf 90' lang='lat' dir='ltr'><strong>multitudini</strong></span> <span class='ocrx_word' id='word_1_836' title='bbox 2854 4890 3271 4945; x_wconf 82' lang='lat' dir='ltr'><strong>committendam</strong></span> <span class='ocrx_word' id='word_1_837' title='bbox 3300 4905 3410 4944; x_wconf 90' lang='lat' dir='ltr'><strong>rem</strong></span> 
     </span>
    </p>
   </div>
   <div class='ocr_carea' id='block_1_110' title="bbox 1908 4977 3415 5051">
    <p class='ocr_par' dir='ltr' id='par_1_110' title="bbox 1908 4977 3415 5051">
     <span class='ocr_line' id='line_1_110' title="bbox 1908 4977 3415 5051; baseline -0.004 -15"><span class='ocrx_word' id='word_1_838' title='bbox 1908 4983 2163 5051; x_wconf 69' lang='lat' dir='ltr'><strong>prmeipit,</strong></span> <span class='ocrx_word' id='word_1_839' title='bbox 2188 4982 2277 5033; x_wconf 89' lang='lat' dir='ltr'><strong>sed</strong></span> <span class='ocrx_word' id='word_1_840' title='bbox 2309 4993 2465 5032; x_wconf 90' lang='lat' dir='ltr'><strong>unum</strong></span> <span class='ocrx_word' id='word_1_841' title='bbox 2507 4987 2595 5031; x_wconf 92' lang='lat' dir='ltr'><strong>aut</strong></span> <span class='ocrx_word' id='word_1_842' title='bbox 2638 4980 2702 5031; x_wconf 89' lang='lat' dir='ltr'><strong>ad</strong></span> <span class='ocrx_word' id='word_1_843' title='bbox 2742 4993 2997 5044; x_wconf 84' lang='lat' dir='ltr'><strong>summum</strong></span> <span class='ocrx_word' id='word_1_844' title='bbox 3026 4979 3243 5032; x_wconf 88' lang='lat' dir='ltr'><strong>alterum</strong></span> <span class='ocrx_word' id='word_1_845' title='bbox 3270 4977 3415 5031; x_wconf 86' lang='lat' dir='ltr'><strong>addi-</strong></span> 
     </span>
    </p>
   </div>
   <div class='ocr_carea' id='block_1_111' title="bbox 1909 5063 3411 5134">
    <p class='ocr_par' dir='ltr' id='par_1_111' title="bbox 1909 5063 3411 5134">
     <span class='ocr_line' id='line_1_111' title="bbox 1909 5063 3411 5134; baseline -0.004 -13"><span class='ocrx_word' id='word_1_846' title='bbox 1909 5071 2019 5121; x_wconf 90' lang='lat' dir='ltr'><strong>dit:</strong></span> <span class='ocrx_word' id='word_1_847' title='bbox 2051 5082 2180 5134; x_wconf 89' lang='lat' dir='ltr'><strong>quos</strong></span> <span class='ocrx_word' id='word_1_848' title='bbox 2208 5067 2251 5120; x_wconf 91' lang='lat' dir='ltr'><strong>si</strong></span> <span class='ocrx_word' id='word_1_849' title='bbox 2297 5075 2506 5134; x_wconf 90' lang='lat' dir='ltr'><strong>propter</strong></span> <span class='ocrx_word' id='word_1_850' title='bbox 2548 5078 2693 5117; x_wconf 88' lang='lat' dir='ltr'><strong>suam</strong></span> <span class='ocrx_word' id='word_1_851' title='bbox 2741 5065 3054 5131; x_wconf 84' lang='lat' dir='ltr'><strong>proterviam</strong></span> <span class='ocrx_word' id='word_1_852' title='bbox 3100 5063 3411 5130; x_wconf 81' lang='lat' dir='ltr'><strong>despexerit,</strong></span> 
     </span>
    </p>
   </div>
   <div class='ocr_carea' id='block_1_112' title="bbox 1910 5146 3410 5209">
    <p class='ocr_par' dir='ltr' id='par_1_112' title="bbox 1910 5146 3410 5209">
     <span class='ocr_line' id='line_1_112' title="bbox 1910 5146 3410 5209; baseline -0.006 0"><span class='ocrx_word' id='word_1_853' title='bbox 1910 5168 2036 5209; x_wconf 88' lang='lat' dir='ltr'><strong>tunc</strong></span> <span class='ocrx_word' id='word_1_854' title='bbox 2062 5154 2268 5206; x_wconf 86' lang='lat' dir='ltr'><strong>tandem</strong></span> <span class='ocrx_word' id='word_1_855' title='bbox 2290 5152 2354 5204; x_wconf 86' lang='lat' dir='ltr'><strong>ad</strong></span> <span class='ocrx_word' id='word_1_856' title='bbox 2389 5150 2672 5203; x_wconf 86' lang='lat' dir='ltr'><strong>Ecclesiam</strong></span> <span class='ocrx_word' id='word_1_857' title='bbox 2699 5146 3009 5203; x_wconf 85' lang='lat' dir='ltr'><strong>offerendam</strong></span> <span class='ocrx_word' id='word_1_858' title='bbox 3058 5162 3166 5201; x_wconf 89' lang='lat' dir='ltr'><strong>rem</strong></span> <span class='ocrx_word' id='word_1_859' title='bbox 3193 5148 3410 5203; x_wconf 83' lang='lat' dir='ltr'><strong>censuit.</strong></span> 
     </span>
    </p>
   </div>
   <div class='ocr_carea' id='block_1_113' title="bbox 1910 5234 3416 5309">
    <p class='ocr_par' dir='ltr' id='par_1_113' title="bbox 1910 5234 3416 5309">
     <span class='ocr_line' id='line_1_113' title="bbox 1910 5234 3416 5309; baseline -0.005 -13"><span class='ocrx_word' id='word_1_860' title='bbox 1910 5243 1981 5296; x_wconf 81' lang='lat' dir='ltr'><strong>ita</strong></span> <span class='ocrx_word' id='word_1_861' title='bbox 2011 5255 2254 5309; x_wconf 82' lang='lat' dir='ltr'><strong>magnum</strong></span> <span class='ocrx_word' id='word_1_862' title='bbox 2285 5239 2381 5292; x_wconf 89' lang='lat' dir='ltr'><strong>sibi</strong></span> <span class='ocrx_word' id='word_1_863' title='bbox 2410 5246 2489 5292; x_wconf 89' lang='lat' dir='ltr'><strong>est</strong></span> <span class='ocrx_word' id='word_1_864' title='bbox 2530 5238 2771 5297; x_wconf 88' lang='lat' dir='ltr'><strong>studium,</strong></span> <span class='ocrx_word' id='word_1_865' title='bbox 2802 5251 2868 5288; x_wconf 92' lang='lat' dir='ltr'><strong>ne</strong></span> <span class='ocrx_word' id='word_1_866' title='bbox 2911 5237 3260 5305; x_wconf 77' lang='lat' dir='ltr'><strong>proximorum</strong></span> <span class='ocrx_word' id='word_1_867' title='bbox 3287 5234 3416 5289; x_wconf 58' lang='lat' dir='ltr'><strong>deli-</strong></span> 
     </span>
    </p>
   </div>
   <div class='ocr_carea' id='block_1_114' title="bbox 1912 5321 3413 5395">
    <p class='ocr_par' dir='ltr' id='par_1_114' title="bbox 1912 5321 3413 5395">
     <span class='ocr_line' id='line_1_114' title="bbox 1912 5321 3413 5395; baseline -0.004 -12"><span class='ocrx_word' id='word_1_868' title='bbox 1912 5342 2015 5392; x_wconf 80' lang='lat' dir='ltr'><strong>cta,</strong></span> <span class='ocrx_word' id='word_1_869' title='bbox 2046 5330 2142 5382; x_wconf 90' lang='lat' dir='ltr'><strong>nisi</strong></span> <span class='ocrx_word' id='word_1_870' title='bbox 2172 5337 2289 5395; x_wconf 88' lang='lat' dir='ltr'><strong>post</strong></span> <span class='ocrx_word' id='word_1_871' title='bbox 2312 5328 2530 5395; x_wconf 90' lang='lat' dir='ltr'><strong>primam</strong></span> <span class='ocrx_word' id='word_1_872' title='bbox 2574 5336 2626 5377; x_wconf 92' lang='lat' dir='ltr'><strong>ct</strong></span> <span class='ocrx_word' id='word_1_873' title='bbox 2667 5324 2881 5378; x_wconf 86' lang='lat' dir='ltr'><strong>alteram</strong></span> <span class='ocrx_word' id='word_1_874' title='bbox 2919 5321 3315 5378; x_wconf 84' lang='lat' dir='ltr'><strong>admonitionem</strong></span> <span class='ocrx_word' id='word_1_875' title='bbox 3338 5322 3413 5377; x_wconf 82' lang='lat' dir='ltr'><strong>ef-</strong></span> 
     </span>
    </p>
   </div>
   <div class='ocr_carea' id='block_1_115' title="bbox 1916 5408 3412 5479">
    <p class='ocr_par' dir='ltr' id='par_1_115' title="bbox 1916 5408 3412 5479">
     <span class='ocr_line' id='line_1_115' title="bbox 1916 5408 3412 5479; baseline -0.005 -10"><span class='ocrx_word' id='word_1_876' title='bbox 1916 5418 2167 5470; x_wconf 68' lang='lat' dir='ltr'><strong>ferantur.</strong></span> <span class='ocrx_word' id='word_1_877' title='bbox 2212 5415 2344 5479; x_wconf 88' lang='lat' dir='ltr'><strong>Quid</strong></span> <span class='ocrx_word' id='word_1_878' title='bbox 2375 5423 2545 5465; x_wconf 83' lang='lat' dir='ltr'><strong>autem</strong></span> <span class='ocrx_word' id='word_1_879' title='bbox 2591 5412 2687 5464; x_wconf 87' lang='lat' dir='ltr'><strong>sibi</strong></span> <span class='ocrx_word' id='word_1_880' title='bbox 2717 5411 2847 5472; x_wconf 85' lang='lat' dir='ltr'><strong>vult,</strong></span> <span class='ocrx_word' id='word_1_881' title='bbox 2876 5411 2926 5462; x_wconf 92' lang='lat' dir='ltr'><strong>in</strong></span> <span class='ocrx_word' id='word_1_882' title='bbox 2969 5413 3063 5462; x_wconf 63' lang='lat' dir='ltr'><strong>ore</strong></span> <span class='ocrx_word' id='word_1_883' title='bbox 3093 5409 3309 5463; x_wconf 72' lang='lat' dir='ltr'><strong>duorum</strong></span> <span class='ocrx_word' id='word_1_884' title='bbox 3336 5408 3412 5464; x_wconf 76' lang='lat' dir='ltr'><strong>cel</strong></span> 
     </span>
    </p>
   </div>
   <div class='ocr_carea' id='block_1_116' title="bbox 1914 5494 3415 5565">
    <p class='ocr_par' dir='ltr' id='par_1_116' title="bbox 1914 5494 3415 5565">
     <span class='ocr_line' id='line_1_116' title="bbox 1914 5494 3415 5565; baseline -0.003 -10"><span class='ocrx_word' id='word_1_885' title='bbox 1914 5505 2065 5555; x_wconf 83' lang='lat' dir='ltr'><strong>trium</strong></span> <span class='ocrx_word' id='word_1_886' title='bbox 2090 5502 2286 5554; x_wconf 83' lang='lat' dir='ltr'><strong>testium</strong></span> <span class='ocrx_word' id='word_1_887' title='bbox 2313 5501 2458 5551; x_wconf 79' lang='lat' dir='ltr'><strong>stabit</strong></span> <span class='ocrx_word' id='word_1_888' title='bbox 2487 5514 2629 5551; x_wconf 80' lang='lat' dir='ltr'><strong>omne</strong></span> <span class='ocrx_word' id='word_1_889' title='bbox 2651 5498 2847 5550; x_wconf 80' lang='lat' dir='ltr'><strong>verbum</strong></span> <span class='ocrx_word' id='word_1_890' title='bbox 2870 5497 2894 5546; x_wconf 73' lang='lat'><strong>.7</strong></span> <span class='ocrx_word' id='word_1_891' title='bbox 2920 5494 3088 5549; x_wconf 81' lang='lat' dir='ltr'><strong>Habes</strong></span> <span class='ocrx_word' id='word_1_892' title='bbox 3105 5497 3213 5565; x_wconf 83' lang='lat' dir='ltr'><strong>jam</strong></span> <span class='ocrx_word' id='word_1_893' title='bbox 3234 5503 3415 5562; x_wconf 78' lang='lat' dir='ltr'><strong>testes,</strong></span> 
     </span>
    </p>
   </div>
   <div class='ocr_carea' id='block_1_117' title="bbox 306 5582 3412 5660">
    <p class='ocr_par' dir='ltr' id='par_1_117' title="bbox 306 5582 3412 5660">
     <span class='ocr_line' id='line_1_117' title="bbox 306 5582 3412 5660; baseline -0.008 -3"><span class='ocrx_word' id='word_1_894' title='bbox 306 5582 429 5659; x_wconf 77' lang='lat' dir='ltr'><strong>tides</strong></span> <span class='ocrx_word' id='word_1_895' title='bbox 452 5602 599 5657; x_wconf 80' lang='lat' dir='ltr'><strong>verbi</strong></span> <span class='ocrx_word' id='word_1_896' title='bbox 640 5582 703 5652; x_wconf 81' lang='lat' dir='ltr'><strong>ac</strong></span> <span class='ocrx_word' id='word_1_897' title='bbox 736 5600 927 5653; x_wconf 85' lang='lat' dir='ltr'><strong>veritas</strong></span> <span class='ocrx_word' id='word_1_898' title='bbox 967 5606 1190 5652; x_wconf 86' lang='lat' dir='ltr'><strong>maneat.</strong></span> <span class='ocrx_word' id='word_1_899' title='bbox 1238 5596 1365 5660; x_wconf 84' lang='lat' dir='ltr'><strong>Quia</strong></span> <span class='ocrx_word' id='word_1_900' title='bbox 1396 5592 1632 5660; x_wconf 79' lang='lat' dir='ltr'><strong>insolenti</strong></span> <span class='ocrx_word' id='word_1_901' title='bbox 1663 5594 1820 5645; x_wconf 74' lang='lat' dir='ltr'><strong>israel</strong></span> <span class='ocrx_word' id='word_1_902' title='bbox 1918 5589 2104 5656; x_wconf 88' lang='lat' dir='ltr'><strong>inquit,</strong></span> <span class='ocrx_word' id='word_1_903' title='bbox 2134 5602 2262 5654; x_wconf 89' lang='lat' dir='ltr'><strong>opus</strong></span> <span class='ocrx_word' id='word_1_904' title='bbox 2288 5587 2385 5638; x_wconf 83' lang='lat' dir='ltr'><strong>abs</strong></span> <span class='ocrx_word' id='word_1_905' title='bbox 2403 5595 2453 5638; x_wconf 87' lang='lat' dir='ltr'><strong>tc</strong></span> <span class='ocrx_word' id='word_1_906' title='bbox 2486 5593 2627 5637; x_wconf 90' lang='lat' dir='ltr'><strong>tuum</strong></span> <span class='ocrx_word' id='word_1_907' title='bbox 2657 5585 2724 5637; x_wconf 89' lang='lat' dir='ltr'><strong>ita</strong></span> <span class='ocrx_word' id='word_1_908' title='bbox 2766 5596 2879 5634; x_wconf 88' lang='lat' dir='ltr'><strong>esse</strong></span> <span class='ocrx_word' id='word_1_909' title='bbox 2916 5582 3227 5644; x_wconf 84' lang='lat' dir='ltr'><strong>confectum,</strong></span> <span class='ocrx_word' id='word_1_910' title='bbox 3257 5589 3313 5634; x_wconf 89' lang='lat' dir='ltr'><strong>ut</strong></span> <span class='ocrx_word' id='word_1_911' title='bbox 3337 5582 3412 5634; x_wconf 84' lang='lat' dir='ltr'><strong>ni-</strong></span> 
     </span>
    </p>
   </div>
   <div class='ocr_carea' id='block_1_118' title="bbox 306 5657 3409 5758">
    <p class='ocr_par' dir='ltr' id='par_1_118' title="bbox 306 5657 3409 5758">
     <span class='ocr_line' id='line_1_118' title="bbox 306 5657 3409 5758; baseline -0.008 -15"><span class='ocrx_word' id='word_1_912' title='bbox 306 5693 378 5745; x_wconf 78' lang='lat' dir='ltr'><strong>les</strong></span> <span class='ocrx_word' id='word_1_913' title='bbox 421 5701 472 5746; x_wconf 82' lang='lat' dir='ltr'><strong>et</strong></span> <span class='ocrx_word' id='word_1_914' title='bbox 495 5689 764 5758; x_wconf 64' lang='lat' dir='ltr'><strong>praphctae</strong></span> <span class='ocrx_word' id='word_1_915' title='bbox 789 5696 841 5740; x_wconf 91' lang='lat' dir='ltr'><strong>et</strong></span> <span class='ocrx_word' id='word_1_916' title='bbox 865 5686 1090 5739; x_wconf 82' lang='lat' dir='ltr'><strong>Joannes</strong></span> <span class='ocrx_word' id='word_1_917' title='bbox 1129 5697 1203 5740; x_wconf 82' lang='lat' dir='ltr'><strong>cst</strong></span> <span class='ocrx_word' id='word_1_918' title='bbox 1252 5657 1459 5738; x_wconf 48' lang='lat' dir='ltr'><strong>etiam:</strong></span> <span class='ocrx_word' id='word_1_919' title='bbox 1504 5683 1823 5747; x_wconf 67' lang='lat' dir='ltr'><strong>testibusque</strong></span> <span class='ocrx_word' id='word_1_920' title='bbox 1920 5678 1989 5731; x_wconf 83' lang='lat' dir='ltr'><strong>hil</strong></span> <span class='ocrx_word' id='word_1_921' title='bbox 2018 5676 2153 5742; x_wconf 85' lang='lat' dir='ltr'><strong>quod</strong></span> <span class='ocrx_word' id='word_1_922' title='bbox 2182 5674 2245 5725; x_wconf 85' lang='lat' dir='ltr'><strong>ad</strong></span> <span class='ocrx_word' id='word_1_923' title='bbox 2276 5681 2322 5723; x_wconf 73' lang='grc' dir='ltr'><strong>ιι·</strong></span> <span class='ocrx_word' id='word_1_924' title='bbox 2363 5672 2634 5737; x_wconf 78' lang='lat' dir='ltr'><strong>pertineat,</strong></span> <span class='ocrx_word' id='word_1_925' title='bbox 2663 5668 2913 5733; x_wconf 89' lang='lat' dir='ltr'><strong>reliquum</strong></span> <span class='ocrx_word' id='word_1_926' title='bbox 2939 5681 3051 5719; x_wconf 79' lang='lat' dir='ltr'><strong>esse</strong></span> <span class='ocrx_word' id='word_1_927' title='bbox 3076 5667 3325 5718; x_wconf 75' lang='lat' dir='ltr'><strong>videatur.</strong></span> <span class='ocrx_word' id='word_1_928' title='bbox 3355 5663 3409 5718; x_wconf 86' lang='lat' dir='ltr'><strong>Si</strong></span> 
     </span>
    </p>
   </div>
  </div>
