3974 6438
576 447 705 499 116⁵1
798 476 810 489 ι

1117 425 1445 495 Timonem
1479 438 1781 492 meum.
1820 433 2083 489 caurus

2194 430 2523 484 DOCTlilNA
2560 429 2645 482 BE
2681 424 3108 482 PCENITENTIA

3530 105 3912 183 ww“

3556 414 3682 467 Ηὃὸ

578 560 748 603 autem
775 564 862 602 eos
887 564 985 601 non
1016 549 1249 607 audierit,
1269 549 1350 599 die
1376 547 1637 606 Ecclesite,
1656 544 1958 611 praesulibus
1979 540 2077 592 sci-
2105 543 2147 599 Α
2174 548 2519 605 peccaverunt,
2543 547 2588 588 et
2616 553 2715 589 non
2735 543 2939 603 egerunt
2958 532 3315 602 paenitentiam,
3344 544 3403 583 ac
3426 543 3539 582 sese
3559 528 3611 595 ip
3641 528 3684 580 is

575 636 697 691 licet
720 652 779 689 ac
798 635 1207 704 praesidentibus,
1251 641 1351 685 ctc.
1395 632 1713 698 Qumcunque
1757 626 2096 699 alligaveritis.

574 738 725 791 super
744 713 950 783 terram,
990 728 1134 771 erunt
1157 718 1312 785 ligata
1351 726 1396 767 et
1420 717 1470 768 in
1497 714 1648 777 certis,
1674 724 1773 766 etc.
1805 713 1933 764 Nam
1958 726 2077 773 eum

576 811 686 863 haec
708 810 858 873 sciat,
899 808 1134 875 quamvis
1180 807 1347 873 primo
1390 806 1621 873 ingressu
1664 805 1835 856 minus
1877 802 2076 863 fecerit,

512 918 515 921 ·
575 896 902 949 multitudine
940 902 1114 946 tamen
1154 892 1467 961 iudiciorum
1505 892 1788 951 convictus,
1820 891 1947 941 iram
1977 887 2081 940 for-

574 993 713 1036 tasse
733 982 978 1047 deponet.
1027 978 1134 1030 Hae
1182 978 1320 1031 enim
1358 978 1423 1041 de
1467 990 1621 1028 causa
1665 990 1766 1028 non
1808 970 2080 1027 confestim

574 1067 849 1128 abscindit,
880 1066 968 1119 sed
997 1064 1061 1117 ad
1082 1063 1291 1116 tertium
1315 1076 1479 1128 usque
1501 1061 1749 1129 judicium
1776 1073 2079 1127 progressus

573 1162 687 1210 est:
715 1164 774 1208 ut
797 1155 839 1208 si
867 1154 1032 1221 primo
1069 1166 1171 1204 non
1208 1150 1458 1218 paruerit,
1503 1150 1818 1215 obtemperet
1861 1146 2033 1203 alteri.
2055 1165 2073 1195 ι

572 1240 661 1297 Sic
698 1252 907 1297 sanctus
942 1239 990 1293 Ι.
1036 1239 1434 1305 Cbrysostomus
1482 1242 1635 1304 negat
1677 1248 1888 1287 uiorem-
1916 1231 2078 1285 fuisse

572 1328 815 1385 Ecclesiae
839 1330 1049 1382 decreto
1075 1326 1347 1387 sancitum,
1392 1323 1594 1391 publice
1636 1323 1699 1376 de
1737 1320 1967 1389 peccatis
1995 1334 2082 1371 oe-

571 1419 726 1473 cultis
770 1416 1094 1485 pcenitendi;
1144 1428 1297 1481 quem
1348 1412 1583 1479 repudiat
1630 1409 1784 1461 veluti
1841 1407 2080 1461 charitati

571 1507 783 1559 omnino
805 1504 1139 1558 contrarium.
1167 1519 1184 1550 ι
1220 1499 1395 1566 Neque
1434 1507 1577 1559 tunc,
1623 1497 1810 1563 inquit,
1853 1494 2083 1547 multitu—

571 1593 676 1645 dini
703 1587 1123 1646 committendam
1148 1601 1257 1645 rem
1284 1584 1534 1652 praecipit.
1565 1578 1674 1636 Hac
1699 1583 1762 1636 de
1785 1596 1942 1634 causa
1978 1593 2080 1632 non

569 1678 843 1732 confestim
870 1674 1143 1736 abscindit,
1173 1673 1262 1728 sed
1290 1673 1355 1725 ad
1382 1672 1593 1725 tertium
1632 1685 1795 1737 usque
1831 1668 2080 1733 judicium

569 1777 876 1831 progressus
912 1769 1011 1821 est,
1044 1775 1109 1813 ne
1157 1759 1355 1813 scilicet
1402 1757 1698 1809 ustimonio
1738 1753 2082 1808 multitudinis

566 1852 807 1919 graviore
847 1846 1176 1901 accusatione
1215 1846 1324 1899 visa
1355 1845 1662 1911 dedignatus
1688 1843 1776 1895 ille
1821 1842 2082 1894 duriorem

572 1952 629 1990 se
657 1937 719 1989 ad
760 1935 1120 2001 corrigendum
1160 1932 1460 2000 praebeat-»
1492 1928 1538 1982 J.
1587 1929 1986 1997 Chrysostemus
2030 1928 2082 1978 in

520 2084 526 2089 ,
569 2019 785 2076 bomilia
828 2020 915 2083 29,
954 2020 1007 2072 in
1034 2018 1211 2086 'Epist.
1254 2019 1319 2070 ad
1365 2015 1689 2070 Corinthii.
1717 2034 1735 2064 ι
1781 2015 1911 2067 Ecce
1935 2014 2083 2065 tertio

570 2112 661 2161 hoc
689 2110 825 2171 venio
870 2108 935 2160 ad
976 2122 1092 2159 vos:
1120 2103 1205 2157 ‘In
1234 2121 1318 2157 ore
1340 2104 1555 2156 duorum
1602 2120 1661 2155 ac
1707 2104 1859 2155 trium
1885 2103 2083 2154 testium

572 2195 724 2247 stabit
750 2210 894 2245 omne
934 2194 1154 2245 verbum.
1207 2190 1336 2244 Cum
1383 2189 1590 2242 aliunde
1629 2191 1784 2242 etiam
1820 2189 1995 2241 multis
2018 2202 2084 2240 ex

570 2282 747 2343 rebus,
780 2288 885 2333 tum
916 2280 993 2331 vel
1037 2279 1157 2331 hinc
1187 2277 1407 2330 maxime
1440 2276 1583 2329 Pauli
1624 2277 1951 2344 sapientiam,
1988 2290 2084 2342 pa-

574 2382 879 2435 ternumque
907 2365 1143 2419 alIectum
1171 2365 1464 2431 perspicere
1484 2364 1634 2418 licet:
1660 2364 1904 2416 nimirum
1925 2378 2084 2429 quam

573 2456 626 2507 in
656 2452 1018 2507 denuntiandis
1062 2452 1267 2519 quidem
1306 2452 1572 2519 suppliciis
1605 2451 1797 2504 multus
1834 2465 1895 2503 ac
1933 2449 2087 2502 vehe—

573 2556 735 2603 mens,
760 2542 810 2593 in
832 2538 1112 2593 inferrndis
1132 2548 1304 2591 autem
1329 2538 1507 2606 segnis
1524 2551 1586 2589 ac
1608 2538 1784 2589 tardus
1798 2538 1891 2589 sit.
1909 2536 2087 2602 Neque

572 2628 711 2681 enim
748 2628 810 2680 de
839 2627 902 2679 iis
928 2619 1014 2692 qui
1062 2626 1363 2691 peccabant,
1405 2638 1589 2692 pennas
1616 2626 1796 2679 statim
1827 2624 2084 2694 sumpsit:

572 2713 663 2765 sed
692 2711 849 2765 semel
876 2719 1030 2778 atque
1055 2711 1241 2764 iterum
1265 2712 1549 2764 admonuit.
1580 2711 1655 2765 Ac
1682 2727 1747 2764 ne
1772 2712 1848 2764 sic
1875 2711 2085 2778 quidem

573 2798 626 2850 in
656 2806 986 2851 contumaces
1030 2797 1432 2851 animadvertit:
1484 2797 1577 2849 sed
1621 2810 1803 2849 rursus
1845 2796 2088 2847 admouet

498 2871 501 2874 ἠ
573 2902 635 2939 ac
663 2888 933 2939 denuntiat
979 2887 1175 2948 dicens,
1222 2886 1398 2940 Tertio
1442 2886 1534 2937 hoc
1581 2885 1718 2937 venio
1764 2886 1830 2937 ad
1878 2901 1997 2937 ros:
2026 2900 2087 2939 ac

572 2974 875 3041 priusquam
901 2973 1088 3035 adsim,
1118 2988 1309 3036 rursus,
1344 2974 1534 3026 scribo.
1579 2973 1761 3027 Postea
1788 2988 1852 3025 ne
1875 2982 2086 3026 cuncta-

570 3063 642 3114 tio
673 3060 940 3130 scgnitiem
971 3059 1072 3112 illis
1096 3061 1287 3127 pariat,
1314 3061 1431 3114 vide
1456 3075 1558 3127 quo
1584 3069 1736 3127 pacto
1760 3060 1846 3111 hic
1880 3074 2087 3127 quoque

2176 638 2451 686 excusans,
2481 622 2639 675 semel
2656 630 2709 674 et
2741 622 2925 674 iterum
2952 635 3011 672 ac
3044 618 3196 671 tertio
3222 617 3520 683 praedixisse
3547 628 3685 666 asse-

2176 711 2299 768 ruit,
2331 710 2569 778 quodque
2608 707 2741 760 nihil
2776 722 2878 759 non
2904 712 3022 772 agat
3062 718 3126 756 ac
3161 703 3405 756 moliatur
3434 716 3538 770 quo
3565 706 3692 768 sup-‘

2178 797 2386 863 plicium
2428 804 2582 863 atque
2622 794 3119 850 animadversionem
3161 791 3440 860 pr0pulset,
3490 804 3683 857 eosque

2177 884 2451 955 verborum
2494 890 2693 935 terrore
2733 881 2972 933 meliores
3013 879 3221 941 efﬁciat,
3246 888 3351 931 tum
3388 892 3511 931 vero
3532 892 3686 946 grave

2166 966 2302 1040 illud
2321 975 2374 1020 et
2394 968 2710 1020 horrendum
2730 966 2966 1025 collocat,
2987 966 3194 1019 dicens:
3219 964 3275 1017 Si
3291 979 3464 1017 venero
3482 966 3684 1027 iterum,

2176 1066 2277 1102 non
2298 1066 2521 1117 parcam.
2546 1049 2657 1103 Non
2681 1051 2841 1103 dixit:
2865 1049 3082 1102 Puniam
3095 1065 3157 1102 ac
3174 1048 3466 1111 vindicabo,
3482 1064 3684 1116 poenas-

2172 1152 2277 1204 que
2289 1148 2524 1204 expetam
2542 1155 2554 1188 :
2578 1154 2756 1191 verum
2770 1138 3005 1204 paternis
3021 1138 3194 1191 verbis
3208 1135 3511 1204 supplicium
3522 1137 3685 1204 ponit,

2177 1224 2298 1277 hinc
2322 1224 2567 1276 nimirum
2603 1224 2801 1275 viscera
2839 1238 2951 1286 sua,
2981 1223 3313 1290 animumque
3353 1222 3476 1289 ipsis
3497 1223 3689 1275 condo-

2178 1309 2456 1363 lescentem
2484 1310 2780 1371 ostendens,
2821 1309 2956 1376 quod
2998 1322 3093 1376 pro
3122 1323 3211 1361 sua
3251 1322 3373 1376 erga
3397 1322 3487 1376 eos
3529 1308 3691 1360 indul-

2177 1400 2370 1468 gentia,
2400 1412 2604 1464 semper
2631 1397 2940 1466 supplicium
2965 1394 3195 1463 inﬂigere
3220 1394 3471 1447 diﬂ‘erret.
3502 1394 3686 1449 Postea

2176 1492 2348 1537 autem
2375 1498 2441 1535 ne
2469 1497 2605 1534 nunc
2625 1496 2832 1549 quoque
2860 1483 2930 1533 ita
2949 1481 3321 1541 existimarent,
3353 1493 3469 1532 eum
3510 1494 3691 1531 rursus

2177 1572 2420 1626 dilatione
2444 1570 2542 1641 uti,
2570 1584 2630 1621 ac
2658 1569 2933 1621 verborum
2981 1575 3179 1620 tantum
3210 1569 3380 1620 minas
3418 1567 3687 1629 adhibere,

2176 1664 2241 1714 ob
2262 1672 2376 1712 eam
2398 1671 2607 1712 causam
2628 1658 2772 1723 prius
2796 1669 3000 1723 quoque
3027 1655 3175 1717 dixit,
3201 1656 3253 1705 in
3275 1671 3360 1707 ore
3378 1655 3597 1707 duorum
3619 1654 3691 1707 ret

2178 1748 2329 1797 trium
2350 1746 2547 1798 testium
2566 1743 2716 1795 stabit
2738 1758 2882 1795 omne
2897 1742 3116 1794 verbum.
3140 1742 3221 1803 Et,
3243 1743 3286 1794 si
3301 1758 3476 1794 venero
3488 1742 3689 1803 iterum,

2114 1824 2153 1879 Β
2181 1847 2542 1900 κοηφανεαιη.
2582 1830 2728 1896 Quod
2761 1837 2933 1883 autem
2975 1830 3073 1891 ait,
3115 1837 3197 1882 est
3238 1830 3531 1895 ejusmodi:
3576 1830 3688 1883 Non

2174 1917 2286 1985 jam
2310 1918 2503 1971 diutius
2539 1917 2842 1977 cunctabor,
2893 1915 2937 1968 si
2965 1930 3076 1976 vos,
3120 1914 3255 1981 quod
3292 1916 3430 1970 Deus
3468 1927 3691 1977 avertat.

2179 2003 2557 2056 emendationis
2597 2010 2838 2069 expertes
2881 2002 3144 2064 invenero,
3193 2001 3283 2055 sed
3326 2015 3510 2069 pinnas
3558 2005 3692 2056 haud

2180 2089 2335 2141 dubie
2360 2088 2598 2149 inferam,
2630 2101 2692 2139 ac
2716 2087 2856 2154 quod
2881 2087 3004 2147 dixi,
3036 2088 3312 2154 prasstabo.
3341 2105 3360 2139 ι
3389 2087 3520 2141 Cum
3545 2090 3693 2143 divus

2180 2174 2387 2235 Paulus,
2430 2174 2703 2227 Dominum
2731 2175 2959 2237 imitans,
2991 2188 3173 2242 pinnas
3212 2189 3314 2229 non
3341 2176 3517 2228 statim
3555 2192 3694 2229 sum-

2179 2261 2425 2328 pseritde
2450 2261 2794 2324 iinmunditia,
2835 2268 2889 2314 et
2928 2260 3270 2314 fornicatione
3296 2269 3349 2313 et
3373 2262 3693 2329 impudicitia

2181 2360 2337 2412 quam
2359 2346 2513 2404 multi
2534 2353 2839 2413 gesserant:
2867 2344 2959 2399 sed
2984 2344 3143 2397 semel
3183 2352 3340 2412 atque
3376 2344 3565 2398 iterum
3606 2360 3695 2399 eos

2181 2433 2548 2495 admonuerit;
2586 2446 2807 2499 cumque
2840 2438 2916 2485 tot
2954 2432 3125 2490 minas
3151 2432 3448 2495 intenderit,
3478 2441 3536 2486 ut
3570 2434 3693 2485 vitia

2183 2533 2274 2575 sua
2296 2519 2634 2586 corrigerent,
2654 2527 2810 2587 atque
2831 2520 3057 2588 ipsorum
3077 2521 3403 2574 contumacia
3426 2535 3528 2574 non
3553 2536 3698 2589 coge-

2183 2620 2324 2662 retur
2345 2610 2459 2663 illos
2482 2611 2546 2662 ab
2572 2610 2801 2663 Ecclesia
2821 2609 3097 2676 expellere,
3137 2624 3303 2676 neque
3341 2610 3594 2677 supplicio
3616 2608 3694 2662 af-

2181 2695 2369 2748 ﬁcere:
2404 2709 2576 2762 nonne
2616 2695 2857 2747 omnibus
2893 2694 3136 2747 Ecclesiae
3177 2694 3405 2762 praelatis
3427 2694 3693 2762 egregium

2182 2781 2444 2848 patientiae
2467 2761 2688 2848 {imbuit
2714 2778 3049 2846 exemplum?
3074 2761 3223 2843 Quod
3248 2795 3279 2831 a
3303 2777 3502 2832 Joanne
3529 2780 3696 2848 Chryo

2183 2858 2412 2920 sostomo
2454 2866 2583 2919 adeo
2616 2866 2912 2920 luculenter
2947 2867 3258 2934 expositum,
3300 2868 3429 2921 satis
3471 2868 3701 2922 declarat

2183 2969 2379 3008 morem
2409 2969 2510 3007 non
2532 2953 2690 3008 fuisse
2717 2954 2960 3009 Ecclesiae
2988 2955 3197 3011 decreto
3223 2957 3478 3009 sancitum
3505 2958 3571 3010 de
3592 2959 3699 3010 eri~

2183 3044 2409 3097 minibus
2434 3044 2653 3097 occultis
2689 3052 2743 3097 et
2784 3043 2849 3096 iis
2871 3057 2985 3111 qua:
3005 3045 3334 3111 peccantium
3375 3049 3701 3099 contumacia

569 3161 658 3199 eos
684 3146 929 3214 corrigat,
962 3145 1167 3217 assidue
1204 3161 1389 3213 nempe
1414 3146 1778 3205 interminans,
1817 3159 1879 3197 ac
1907 3145 2083 3213 plagas

2189 3143 2293 3181 non
2316 3129 2484 3181 reddit
2511 3129 2731 3196 publica,
2761 3129 2964 3198 publice
2987 3130 3291 3198 paenitendi.

571 3235 851 3294 intentans,
879 3241 1034 3299 atque
1048 3232 1193 3285 hisce
1214 3233 1387 3285 verbis
1411 3238 1577 3293 utens,
1603 3231 1660 3285 Si
1687 3248 1859 3284 reicere
1882 3232 2082 3296 iterum,

574 3336 673 3370 non
696 3333 920 3386 parcam.
959 3318 1022 3369 Et
1043 3334 1121 3379 ne,
1149 3333 1261 3370 cum
1282 3333 1476 3381 venero,
1499 3317 1699 3385 lugeam
1735 3316 1937 3369 multos.
1966 3318 2086 3371 Hinc

571 3421 729 3474 porro
756 3406 950 3460 idcirco
979 3405 1103 3460 facit
1127 3422 1187 3459 ac
1214 3407 1459 3473 loquitur,
1490 3414 1547 3459 ut
1579 3406 1677 3460 hac
1711 3419 1927 3479 quoque.
1942 3415 2088 3471 parte

573 3494 803 3546 omnium
837 3493 1111 3565 Dominum
1150 3493 1399 3547 imitetur.
1447 3493 1576 3547 Nam
1624 3501 1678 3548 et
1725 3492 1865 3545 Deus
1884 3494 2090 3547 assidue

573 3580 781 3646 quidem
808 3579 1172 3642 comminatur,
1200 3594 1262 3631 ac
1289 3593 1426 3648 smpe
1452 3592 1635 3648 poenas
1660 3579 1967 3632 denuntiat:
1998 3581 2089 3639 sed

575 3682 678 3723 non
704 3680 840 3735 saepe
865 3668 1014 3735 punit
1036 3675 1087 3720 et
1112 3668 1398 3722 cruciatum
1426 3668 1601 3724 infert.
1631 3666 1741 3721 Hoc
1780 3668 1953 3734 itaque
1981 3667 2089 3735 ipse

568 3769 777 3824 quoque
803 3753 943 3807 facit.
977 3754 1056 3806 0b
1085 3754 1237 3806 idque
1282 3753 1440 3805 etiam
1470 3761 1589 3804 ante
1630 3753 1854 3813 dicebat,
1884 3768 2090 3818 parcens

574 3844 732 3908 vobis,
759 3858 857 3893 non
887 3839 1020 3893 ultra
1045 3842 1151 3892 veni
1191 3839 1522 3895 (Soriuthum:
1567 3838 1700 3904 Quid
1741 3845 1838 3900 est,
1883 3855 2091 3906 parcens

573 3929 709 3981 vobis
729 3930 753 3981 ?
772 3929 871 3981 hoc
891 3936 990 3989 est,
1014 3941 1081 3979 ne
1098 3941 1193 3980 vos
1213 3926 1496 3980 sceleribus
1516 3927 1781 3980 devinctos
1802 3926 2088 3987 inveniens,

575 4032 637 4069 ac
662 4017 773 4069 sine
796 4015 897 4068 ulla
919 4015 1277 4068 emendatione
1315 4014 1365 4065 in
1398 4014 1480 4066 his
1507 4022 1818 4081 perstantes,
1849 4026 2000 4080 paena
2041 4022 2094 4065 et

576 4102 812 4155 cruciatu
856 4115 947 4155 vos
991 4100 1227 4159 alliciam,
1277 4106 1378 4151 etc.
1430 4097 1574 4162 Quod
1612 4107 1784 4151 autem
1822 4100 1913 4159 ait,
1959 4099 2092 4163 banc

577 4189 882 4242 sententiam
910 4186 1063 4240 habet
1092 4203 1105 4238 :
1130 4184 1293 4240 semel
1313 4185 1438 4248 dixi,
1466 4193 1620 4251 atque
1640 4186 1856 4244 iterum,
1882 4199 1997 4236 cum
2026 4186 2091 4237 ad

580 4292 671 4330 vos
691 4274 882 4329 accessi
912 4293 924 4325 :
947 4284 998 4328 et
1024 4290 1159 4327 nunc
1182 4275 1306 4326 item
1330 4288 1425 4340 per
1444 4273 1645 4326 litteras
1666 4274 1801 4328 dico.
1827 4272 1900 4327 Ac
1925 4275 1967 4327 si
1984 4275 2094 4341 qui-

581 4366 698 4417 dem
744 4378 826 4415 me
874 4350 1165 4422 audieritis,
1216 4360 1353 4426 quod
1404 4360 1674 4427 cupiebam
1716 4360 1947 4433 contigit.
1998 4359 2089 4416 Sin

581 4459 753 4503 autem
779 4446 935 4500 verba
974 4461 1087 4499 mea
1133 4445 1568 4511 contempseritis,
1597 4445 1841 4511 deinceps
1882 4461 2093 4498 necesse

583 4541 699 4601 erit,
716 4546 773 4591 ut
794 4546 1033 4605 przestem
1045 4551 1160 4604 quae
1179 4537 1285 4589 dixi
1310 4551 1372 4589 ac
1393 4536 1702 4605 supplicium
1724 4537 1965 4604 irrogem,
1987 4546 2088 4590 etc.

585 4628 740 4681 Vides
768 4634 1035 4693 paternam
1055 4632 1231 4676 curam
1251 4639 1313 4677 ac
1338 4624 1779 4680 sollicitudinem?
1807 4625 1960 4679 Vides
1988 4641 2095 4679 ma-

582 4714 746 4773 gistro
772 4716 1137 4777 congruentem
1167 4708 1581 4774 providentiam?
1627 4709 1735 4761 Nec
1774 4710 1958 4771 tacuit,
2001 4725 2097 4762 nec

588 4810 766 4849 rursus
812 4808 1019 4861 pmnam
1047 4783 1238 4847 intulit.
1274 4793 1465 4846 Verum
1508 4792 1695 4861 smpins
1719 4807 1923 4859 quoque
1964 4808 2095 4861 prae-

589 4878 747 4941 dicit’,‘
763 4889 917 4945 atque
943 4880 998 4930 in
1026 4879 1447 4931 interminatione
1483 4886 1784 4931 constanter
1807 4888 2093 4946 permanet,

591 4982 652 5020 ac
677 4963 983 5032 supplicium
1006 4962 1193 5015 diﬂ‘ert.
1227 4964 1373 5027 Quod
1411 4964 1453 5017 si
1500 4965 1551 5016 in
1596 4965 1823 5030 peccatis
1850 4965 2097 5016 obstinati

592 5059 846 5110 maneant,
877 5058 983 5102 tum
1015 5049 1217 5101 demum
1248 5049 1415 5115 reipsa
1444 5063 1646 5116 pcenam
1689 5064 1747 5102 se
1784 5048 2096 5101 inﬂicturum

593 5140 836 5191 minatur.
864 5136 995 5201 Quid
1023 5142 1191 5189 autem
1220 5134 1523 5203 pmdixisti,
1548 5150 1607 5185 ac
1628 5149 1765 5187 nunc
1787 5136 1945 5190 etiam
1970 5150 2097 5201 prm-

595 5237 714 5277 sens
738 5212 961 5276 scribis?
995 5218 1139 5285 Quod
1184 5222 1228 5271 si
1265 5208 1438 5272 venero
1477 5220 1678 5280 iterum,
1725 5235 1822 5270 non
1866 5236 2091 5287 parcam.

593 5309 935 5374 Posteaquam
976 5296 1211 5374 superius
1238 5320 1292 5357 se
1334 5306 1451 5366 hoc,
1482 5306 1581 5357 nisi
1612 5307 2096 5372 necessitate‘coac-

598 5407 729 5460 tum,
760 5396 930 5450 facere
953 5412 1053 5448 non
1076 5410 1226 5463 posse
1252 5394 1494 5453 ostendit,
1532 5407 1593 5445 ac
1620 5393 1816 5445 luctum
1853 5403 1906 5445 et
1931 5394 2099 5445 humi-

599 5482 858 5538 liuionem
885 5490 1000 5535 eam
1030 5496 1136 5532 rem
1157 5479 1449 5548 appellavit,
1478 5481 1536 5530 ni:
1560 5495 1672 5531 cum
1690 5495 1881 5540 venero,
1908 5481 2095 5546 inquit,

601 5569 820 5621 humiliet
859 5586 933 5620 me
977 5566 1104 5619 Deus
1147 5562 1281 5633 apud
1318 5579 1419 5637 vos,
1450 5574 1493 5612 et
1538 5562 1733 5629 lugeam
1760 5580 1840 5614 cos
1864 5566 1948 5632 qui
1983 5576 2097 5616 ante

2251 3218 2591 3288 Hieronymus
2614 3218 2665 3272 in
2693 3220 2871 3271 eadem
2908 3221 3066 3273 verba
3107 3220 3285 3274 Matth.
3331 3220 3541 3291 Corripe
3567 3239 3699 3288 eam,

2183 3319 2267 3365 etc
2290 3326 2303 3363 :
2330 3329 2347 3361 ι
2380 3311 2742 3379 Corripiendus
2771 3318 2851 3365 est
2874 3321 3050 3365 autem
3077 3313 3241 3365 frater
3261 3328 3497 3367 seorsum
3524 3331 3537 3366 :
3565 3330 3630 3368 ne
3659 3317 3700 3368 si

2184 3399 2344 3451 semel
2367 3399 2613 3466 pudorem
2641 3413 2701 3450 ac
2728 3398 3093 3450 verecundiam
3122 3398 3391 3460 amiserit,
3438 3409 3705 3454 remaneat

2187 3485 2238 3537 in
2306 3494 2536 3552 peccato.
2586 3486 2653 3538 Et
2710 3485 2965 3552 siquidem
3040 3486 3280 3549 audierit,
3354 3485 3705 3541 lucrifacimus

2186 3572 2413 3624 animam
2434 3571 2563 3638 ejus,
2591 3580 2645 3625 et
2684 3587 2777 3640 per
2803 3572 3016 3626 alterius
3039 3573 3295 3641 salutem,
3310 3574 3461 3630 nobis
3501 3588 3707 3642 quoque

2186 3657 2471 3724 acquiritur
2494 3658 2650 3712 salus.
2679 3658 2771 3711 Sin
2794 3668 2964 3712 autem
2989 3661 3171 3713 audire
3186 3661 3435 3725 noluerit,
3458 3662 3707 3715 adhibea-

2190 3753 2274 3794 tur
2300 3742 2483 3796 frater.
2513 3744 2659 3807 Quod
2684 3746 2727 3796 si
2751 3759 2860 3797 uec
2888 3745 3028 3797 illum
3054 3746 3296 3809 audierit,
3324 3748 3631 3815 adhibeatur
3654 3758 3708 3803 et

2190 3830 2392 3893 tertius,
2433 3831 2514 3882 vel
2558 3832 2848 3900 corrigendi
2890 3833 3064 3885 studio
3109 3832 3189 3885 vel
3231 3834 3569 3888 conveniendi
3610 3837 3707 3891 sub

2190 3921 2425 3974 testibus.
2451 3920 2616 3973 Porro
2643 3920 2687 3974 si
2715 3937 2811 3977 nec
2833 3922 2946 3975 illos
2966 3922 3145 3975 audire
3165 3922 3405 3987 voluerit,
3428 3930 3552 3979 tunc
3576 3925 3708 3978 mul-

2190 4009 2256 4059 tis
2278 4008 2550 4060 dicendum
2591 4016 2692 4070 est,
2734 4016 2790 4060 ut
2834 4008 3160 4061 detestationi
3203 4024 3326 4061 etim
3366 4010 3625 4074 habeant;
3654 4021 3707 4064 et

2188 4094 2275 4161 qui
2305 4109 2406 4145 non
2435 4096 2601 4160 potuit
2645 4093 2839 4160 pudore
2865 4094 3077 4156 salvari,
3123 4094 3350 4147 salvetur
3391 4097 3705 4164 opprobriis.

2189 4183 2403 4245 Quando
2427 4193 2598 4235 autem
2628 4171 2858 4235 dicitur:
2891 4182 2970 4235 Sit
2992 4182 3079 4234 tibi
3102 4184 3229 4236 sicut
3265 4184 3491 4249 ethnicus
3523 4197 3569 4237 et
3609 4202 3705 4254 pu—

2190 4270 2436 4331 blicanus,
2483 4270 2778 4323 ostenditur
2824 4269 3037 4338 majoris
3077 4283 3193 4322 esse
3231 4271 3593 4325 detestationis
3616 4273 3704 4339 qui

2190 4357 2285 4409 sub
2313 4356 2517 4408 nomine.
2568 4355 2729 4408 fidelis
2784 4356 2888 4423 agit
2928 4370 3086 4422 opera
3132 4354 3434 4418 inﬁdelium,
3469 4371 3627 4423 quam
3655 4359 3706 4410 hi

2191 4443 2279 4510 qui
2311 4451 2487 4509 aperte
2514 4442 2730 4509 gentiles
2753 4450 2901 4503 sunt,
2923 4450 3025 4495 etc.
3058 4441 3215 4496 Amen
3241 4442 3353 4494 dico
3372 4442 3507 4495 nobis
3529 4460 3546 4495 :
3571 4460 3706 4511 quir—

2190 4546 2381 4597 cunque
2402 4529 2740 4597 alligaret-itis,
2759 4537 2884 4592 etc.,
2910 4536 3219 4595 potestatem
3235 4528 3415 4582 tribuit
3437 4531 3705 4598 apostolis,

2192 4626 2251 4671 ut
2276 4618 2444 4670 sciant
2465 4617 2553 4684 qui
2578 4632 2608 4668 a
2629 4615 2819 4670 talibus
2839 4616 3271 4679 condemnentur,
3294 4617 3571 4670 humanam
3599 4632 3708 4671 sen-

2194 4705 2405 4757 tentiam
2443 4704 2617 4755 divina
2661 4705 2914 4755 sententia
2962 4702 3228 4755 reborari:
3274 4710 3325 4755 et
3367 4704 3707 4771 quodcunque

2195 4792 2409 4858 ligatum
2441 4788 2600 4841 fuerit
2639 4789 2690 4840 in
2721 4798 2881 4851 terra,
2920 4790 3075 4856 iigari
3101 4789 3299 4856 pariter
3322 4798 3377 4841 et
3403 4790 3456 4841 in
3503 4792 3654 4843 creto.
3685 4813 3699 4839 ι

2200 4876 2255 4928 Si
2284 4877 2440 4944 igitur
2453 4874 2601 4940 juxta
2629 4873 2925 4942 Hieronymi
2950 4875 3280 4935 sententiam,
3302 4889 3421 4926 cum
3446 4875 3705 4930 illetrium

2199 4963 2548 5015 testimonium
2575 4963 2752 5013 audire
2794 4960 3035 5022 noluerit,
3067 4969 3189 5013 tunc
3230 4948 3409 5014 multis
3433 4963 3704 5037 dicentium

2195 5049 2287 5109 sit,
2312 5049 2479 5114 utqui
2506 5061 2606 5098 non
2650 5047 2874 5113 potuerit
2914 5046 3107 5110 pudore
3138 5045 3325 5099 salvari
3363 5047 3593 5101 salvetur
3614 5065 3705 5117 ep-

2199 5133 2455 5198 probriis;
2483 5130 2661 5198 procul
2689 5129 2845 5181 dubio
2869 5130 2909 5183 si
2937 5130 3032 5182 sub
3073 5130 3230 5183 trium
3257 5131 3554 5184 testimonio
3577 5132 3701 5186 fuis-

2198 5228 2280 5273 set
2302 5221 2623 5280 cmendatus,
2651 5225 2772 5271 tunc
2794 5233 2894 5273 non
2917 5218 3092 5271 multis
3115 5217 3387 5271 dicendum
3412 5218 3592 5274 fuisset
3615 5238 3628 5283 ;
3656 5229 3711 5271 et

2196 5309 2281 5374 qui
2322 5307 2574 5375 potuiSset
2618 5304 2814 5371 pudore
2859 5305 3050 5365 sanari,
3094 5318 3197 5355 non
3226 5311 3497 5357 sanaretur
3519 5321 3706 5374 oppro-

2196 5391 2323 5443 briis
2348 5391 2564 5457 publica:
2590 5389 2926 5454 poenitentiae.
2958 5388 3137 5455 itaque
3174 5388 3516 5457 Hieronymus
3556 5400 3704 5458 negat

2198 5493 2391 5529 morem
2420 5477 2575 5528 fuisse
2599 5476 2843 5528 Ecclesia:
2867 5476 3074 5528 decreto
3098 5478 3371 5538 sancitum.
3410 5481 3500 5544 pu’
3523 5478 3621 5531 lice
3644 5478 3703 5530 do

2197 5568 2418 5633 peccatis
2443 5565 2657 5619 Occultis
2683 5564 2982 5631 paenitendi.
