3974 6418
281 495 413 551 “69

1104 502 1190 553 AB
1226 502 1382 555 ous]
1421 489 1771 562 NOVITATJS
1810 467 2192 555 suseicrosx:
2228 501 2591 555 mntem.

3260 503 3389 556 1170

348 603 678 657 Bacchiarius
702 604 753 656 in
792 605 943 671 epist.
973 605 1036 656 ad
1055 605 1354 661 Januarium
1395 608 1458 661 de
1486 609 1790 675 recipiendis
1820 609 1860 661 A
1889 606 2094 668 fundas,
2140 609 2286 660 facile
2316 609 2366 659 in
2411 589 2767 672 illoreprimis
2809 621 3012 658 omnem
3051 608 3292 674 peccandi
3329 609 3391 660 li-
3425 591 3434 596 ﬁ

276 691 436 758 lapsis
461 708 473 742 :
507 709 523 739 ι
553 691 688 744 Ecce
708 693 1008 759 prohibetur
1031 706 1094 745 ne
1116 694 1168 745 in
1195 695 1428 746 terminis
1450 693 1605 756 Geth,
1626 709 1795 761 neque

281 776 334 828 in
359 776 548 831 finibus
576 777 862 839 Ascalonis,
890 778 987 829 hoc
1010 788 1107 841 est,
1129 781 1180 830 in
1211 779 1443 831 notitiam
1469 777 1793 832 saacularium

281 865 388 916 sive
408 865 674 918 hominum
718 867 1114 930 mundanorum,
1143 883 1293 921 casus
1336 868 1514 921 fratris
1538 869 1618 920 vel
1647 870 1794 920 ruina

281 952 603 1004 seminctur:
651 960 701 1004 et
748 967 839 1005 nos
866 955 1002 1019 passi
1029 948 1227 1023 sumus,
1276 969 1377 1007 non
1419 955 1580 1007 solum
1631 956 1795 1022 ipsam

281 1052 435 1102 quam
461 1038 637 1090 incolit
660 1039 941 1100 civitatem,
957 1041 1044 1093 sed
1067 1042 1222 1092 etiam
1246 1050 1408 1094 totum
1427 1043 1625 1105 orbem,
1647 1042 1796 1094 fama:

282 1123 442 1187 ipsius
470 1123 831 1190 desperatione
859 1126 1103 1191 compleri
1126 1128 1148 1176 ?
1192 1127 1368 1179 Nonne
1396 1130 1516 1180 huic
1540 1138 1796 1194 praecepto

281 1207 504 1260 cohaeret
527 1209 681 1260 etiam
723 1209 807 1262 ille
844 1212 1171 1279 evangelicus
1204 1227 1397 1274 sermo,
1424 1215 1510 1280 qui
1541 1215 1665 1267 dicit
1693 1233 1704 1265 :
1737 1211 1797 1268 Si

279 1295 551 1356 peccaverit
579 1295 630 1346 in
652 1304 700 1346 te
719 1295 875 1361 frater
898 1304 1036 1359 tuus,
1073 1299 1266 1364 corripe
1288 1314 1400 1350 eum
1439 1299 1578 1350 solus
1602 1315 1616 1360 ;
1662 1299 1796 1366 quod

279 1383 320 1432 si
351 1391 399 1433 te
428 1399 529 1435 non
554 1385 790 1445 audierit,
823 1387 1008 1438 adhibe
1035 1396 1205 1440 tecum
1231 1389 1358 1440 duos
1381 1388 1459 1440 vel
1487 1397 1590 1441 tres
1614 1397 1792 1451 testes,

277 1476 329 1518 et
359 1469 554 1539 reliqua
585 1485 696 1537 qua:
722 1472 949 1524 continet
992 1487 1163 1525 sermo
1199 1475 1464 1540 praecepti,
1489 1483 1590 1526 etc.
1620 1493 1637 1524 ι
1667 1474 1794 1525 Cum

279 1554 612 1610 Bacciiiarius
658 1560 886 1626 increpet
923 1562 1265 1626 quorumdam
1320 1562 1679 1624 temeritatem,
1708 1563 1797 1628 qui

278 1651 490 1710 peccata
517 1644 718 1696 occulta
745 1646 1152 1712 publicaverant,
1197 1646 1390 1714 liquido
1428 1657 1578 1713 negat
1602 1662 1795 1699 morem

280 1729 436 1781 fuisse
477 1728 722 1782 Ecclesia:
747 1732 954 1784 decreto
995 1733 1251 1784 sancitum
1280 1731 1482 1798 publice
1525 1733 1586 1784 de
1620 1733 1796 1784 crimi-

281 1815 430 1868 nibus
456 1816 672 1868 occultis
687 1814 1000 1883 paenitendi.

1892 693 2114 745 centiam
2145 711 2158 744 :
2192 702 2349 758 atque
2381 695 2428 745 ei
2454 703 2612 745 totam
2640 693 3007 759 impudentiam
3035 693 3199 746 demis
3230 693 3388 746 lieen-

1892 779 2034 831 tiosa:
2060 779 2389 846 turpitudinis
2417 780 2767 831 hortatricem.
2808 779 2951 832 Tunc
2972 791 3143 830 mores
3170 778 3280 845 ejus
3306 794 3393 831 ve-

1890 866 2130 917 recundia
2161 875 2332 917 custos
2379 865 2688 938 integritatis
2735 865 2958 925 ornabit,
3004 872 3061 916 ut
3102 863 3150 916 ei
3192 863 3396 931 placeat

1890 952 2028 1019 quod
2048 963 2168 1004 ante
2188 953 2444 1012 sordebat,
2468 951 2672 1018 quando
2698 951 2747 1002 in
2772 949 3008 1002 sordibus
3026 957 3138 1002 erat
3164 963 3178 1001 :
3206 958 3260 1002 ut
3284 965 3396 1002 sor-

1889 1038 2030 1099 deat,
2053 1038 2188 1103 quod
2211 1045 2329 1089 ante
2347 1037 2599 1104 placebat,
2626 1035 2833 1102 quando
2859 1035 2965 1100 ipse
2984 1034 3136 1086 bonis
3155 1033 3394 1087 omnibus

1891 1123 2212 1190 diSplicebat.
2256 1124 2473 1176 Sanctos
2499 1125 2638 1176 viros
2659 1123 2875 1174 amando
2897 1123 3197 1185 sectabitur,
3223 1130 3275 1175 et
3315 1137 3398 1176 se-

1892 1210 2076 1260 ctando
2101 1209 2151 1259 in
2187 1223 2362 1261 eorum
2389 1209 2774 1261 similitudinem
2795 1207 3041 1274 paulatim
3064 1209 3180 1261 vitae
3207 1210 3399 1276 prioris
3425 1217 3427 1219 ’

1892 1298 2247 1350 emendatione
2267 1297 2593 1360 formabitur,
2624 1304 2679 1348 ut
2713 1297 2759 1348 ei
2787 1311 2939 1362 quam
2966 1296 3276 1349 laboriosum
3302 1295 3401 1350 fuit

1895 1383 1948 1434 in
1972 1383 2339 1436 sublimitatem
2366 1383 2572 1434 virtutis
2597 1383 2836 1444 evadere,
2867 1392 2972 1435 tam
3000 1383 3229 1436 deforme
3260 1383 3326 1434 sit
3348 1384 3399 1435 in

1892 1473 2013 1524 vitia
2044 1489 2242 1535 rursus,
2270 1468 2458 1538 quibus
2477 1487 2533 1524 se
2559 1473 2745 1538 gaudet
2769 1472 3014 1531 caruisse,
3045 1473 3358 1524 descendere
3385 1489 3395 1520 :

1891 1560 2008 1623 quia
2030 1560 2162 1610 sicut
2179 1562 2341 1610 virtus
2361 1545 2577 1614 onerosa
2601 1559 2894 1620 estvitioso,
2911 1559 2978 1610 ita
2998 1559 3206 1610 virtutis
3232 1560 3400 1611 amico

1891 1646 2072 1696 vitiosa
2099 1646 2332 1711 voluptas
2356 1659 2528 1697 amara
2557 1654 2654 1697 est.
2686 1645 2820 1698 Ecce
2847 1645 3103 1712 quomodo
3127 1655 3401 1712 peccantes

1891 1749 2072 1787 omnes
2113 1735 2296 1787 blande
2325 1741 2513 1786 tractat
2545 1742 2636 1785 aut
2677 1735 2927 1803 increpat,
2969 1736 3055 1804 qui
3086 1735 3213 1788 nihil
3243 1734 3398 1797 aliud,

1893 1823 1992 1874 nisi
2023 1837 2201 1874 eorum
2238 1822 2482 1884 salutem,
2513 1822 2700 1887 quibus
2729 1821 2835 1872 vult
2863 1821 3108 1888 prodesse
3127 1860 3140 1883 ,
3170 1821 3404 1873 conside-

347 1902 664 1970 Auguslinus
713 1919 869 1956 serm.
921 1903 983 1956 16
1027 1903 1090 1956 de
1132 1905 1307 1956 verbis
1354 1904 1575 1956 Domini.
1613 1922 1629 1976 ς
1662 1904 1796 1972 Ergo
1826 1889 1870 1948 Β
1897 1917 1992 1979 rat.
2037 1929 2054 1960 ι
2092 1909 2328 1962 Julianus
2363 1908 2633 1960 Pomerius
2657 1909 2881 1960 ostendit
2907 1909 3073 1974 primo
3102 1922 3255 1974 quam
3284 1921 3404 1974 per-

241 1989 472 2056 ..eorripe
499 1990 630 2041 inter
657 1998 703 2041 te
723 1998 768 2042 et
802 1992 962 2058 ipsum
1005 1989 1186 2050 solum,
1237 1990 1442 2041 intuens
1469 1990 1794 2049 correctioni,

278 2093 498 2144 parcens
525 2080 729 2146 pudori.
758 2079 914 2132 Forte
958 2080 1096 2133 enim
1141 2079 1577 2145 prteverccundia
1623 2078 1802 2146 incipit

281 2166 554 2218 defendere
572 2174 841 2231 peccatum
865 2181 1036 2228 suum,
1059 2173 1111 2218 et
1131 2180 1285 2233 quem
1309 2166 1388 2218 vis
1411 2167 1796 2229 correctiorem,

279 2249 407 2304 facis
432 2249 680 2318 peiorem.
708 2249 914 2318 Corripe
938 2266 1061 2317 ergo
1085 2253 1215 2304 inter
1251 2261 1318 2315 te,
1341 2262 1386 2305 et
1415 2255 1576 2320 ipsum
1615 2254 1795 2306 solum.

281 2342 336 2394 Si
360 2354 407 2394 te
428 2343 667 2406 audierit,
691 2342 913 2396 lucratus
933 2358 989 2396 es
1010 2345 1216 2412 fratrem
1239 2353 1400 2405 tuum,
1424 2344 1544 2410 quia
1568 2346 1799 2412 perierat

279 2429 378 2480 ni.i
405 2428 622 2482 faceres.
673 2430 731 2483 Si
775 2438 942 2482 autem
973 2447 1070 2483 ,ιοη
1110 2440 1157 2483 te
1198 2432 1434 2491 audierit,
1464 2431 1516 2483 id
1555 2440 1656 2492 est,
1684 2445 1803 2498 pec-

281 2523 457 2566 eatum
483 2530 632 2568 suum
662 2517 809 2583 quasi
848 2515 1106 2583 justitiam
1151 2517 1463 2581 defenderit,
1509 2507 1690 2570 adhibe
1729 2517 1802 2571 illi

279 2603 410 2656 duos
436 2603 513 2656 vel
543 2610 668 2663 tres,
719 2605 837 2670 quia
865 2596 917 2656 in
956 2621 1041 2656 ore
1076 2606 1291 2657 duorum
1323 2605 1397 2656 rel
1424 2607 1575 2657 trium
1603 2608 1802 2658 testium

279 2702 372 2744 stet
394 2707 539 2744 omne
568 2692 790 2744 verbum.
819 2691 877 2746 Si
903 2709 992 2745 nec
1012 2694 1144 2761 ipsos
1167 2694 1407 2754 audierit,
1439 2691 1578 2746 refer
1613 2695 1677 2746 ad
1713 2694 1804 2746 Ec-

278 2779 490 2831 clesium
517 2797 528 2832 :
559 2780 601 2830 si
631 2794 716 2830 nec
738 2778 1016 2830 Ecclesium
1041 2779 1281 2842 audierit,
1302 2779 1366 2829 sit
1390 2779 1479 2829 tibi
1495 2779 1622 2830 sicut
1643 2780 1804 2830 ethni-

276 2883 363 2918 cus
387 2875 434 2918 et
479 2864 794 2933 publicanus.
841 2865 953 2919 Noli
992 2867 1134 2918 illum
1179 2868 1427 2935 deputare
1467 2867 1576 2934 jam
1611 2867 1660 2918 in
1708 2883 1802 2919 nu-

277 2969 422 3008 mero
445 2952 663 3006 fratrum
686 2962 911 3018 tuorum,
938 2970 1034 3009 nec
1055 2955 1174 3008 ideo
1202 2964 1374 3009 tamen
1401 2956 1542 3009 salus
1580 2955 1691 3021 egus
1719 2973 1804 3009 ne-

277 3042 513 3110 gligenda
541 3051 639 3103 est,
663 3051 794 3095 etc.»
817 3043 879 3094 Et
906 3041 1038 3094 infra
1059 3059 1070 3094 :
1095 3041 1183 3094 «Si
1205 3044 1474 3110 peccaverit
1499 3044 1550 3094 in
1576 3052 1621 3094 te
1647 3043 1806 3110 frater

278 3141 416 3193 tuus,
444 3131 638 3198 corripe
659 3146 770 3182 eum
798 3131 928 3182 inter
973 3140 1018 3182 te
1062 3138 1108 3182 et
1151 3131 1315 3199 ipsum
1359 3129 1541 3183 solum.
1592 3130 1803 3194 Quare?

278 3191 409 3286 quia
423 3191 659 3285 peccavit
679 3218 729 3269 in
756 3225 821 3270 te.
851 3217 984 3282 Quid
1005 3226 1105 3281 est,
1131 3191 1179 3270 in
1203 3226 1252 3272 te
1278 3220 1552 3285 peccavit?
1581 3191 1655 3271 'l‘iu
1683 3219 1804 3280 scis,
1831 3191 1875 3252 θ

278 3307 394 3372 quia
421 3305 674 3374 peccavit.
703 3303 831 3369 Quia
856 3305 995 3358 enim
1016 3313 1274 3360 secretum
1300 3305 1414 3367 fuit,
1441 3307 1651 3374 quando
1676 3307 1727 3360 in
1754 3315 1806 3360 te

278 3395 532 3463 peccavit,
574 3403 832 3448 secretum
857 3409 1050 3462 quaere,
1081 3409 1198 3448 cum
1239 3394 1456 3463 corrigis
1501 3395 1637 3463 quod
1681 3396 1732 3448 in
1762 3404 1808 3448 te

279 3483 534 3550 peccavit.
564 3469 694 3536 Nzim
728 3483 773 3536 si
801 3483 944 3536 solus
980 3483 1116 3536 nosti
1167 3483 1287 3550 quia
1313 3484 1546 3551 peccavit
1575 3484 1624 3536 in
1655 3492 1722 3545 te,
1753 3492 1804 3538 et

280 3585 398 3623 eum
427 3571 508 3624 vis
531 3583 707 3623 coram
753 3569 994 3623 omnibus
1040 3584 1276 3638 arguere,
1309 3583 1410 3622 non
1448 3584 1504 3622 es
1544 3579 1813 3637 corrcptor

283 3659 370 3712 sed
393 3657 651 3727 proditor,
680 3668 782 3712 etc.
810 3657 946 3728 Ergo
989 3657 1099 3725 ipsa
1141 3657 1465 3724 corripienda
1492 3667 1611 3710 sunt
1634 3673 1811 3711 coram

281 3748 544 3807 omnibus,
588 3759 704 3813 qum
731 3751 1012 3811 peccantur
1039 3756 1214 3796 coram
1249 3743 1506 3796 omnibus.
1550 3743 1662 3810 ipsa
1689 3757 1810 3795 vero

285 3833 612 3902 corripienda
629 3839 759 3904 sunt
784 3831 1053 3894 secretius,
1071 3843 1184 3898 quae
1200 3837 1484 3897 peccantur
1504 3831 1772 3882 secretius.
1788 3848 1805 3880 ι

285 3921 526 3976 Profecto
554 3921 638 3975 his
658 3920 829 3974 verbis
851 3927 1007 3986 negat
1029 3926 1241 3972 sanctus
1267 3917 1585 3984 Augustinus
1613 3930 1810 3967 morem

287 4012 442 4066 fuisse
467 3999 712 4064 Ecclesiz’e
736 4009 949 4062 decreto
976 4005 1236 4060 sancitum
1259 4004 1465 4073 publice
1491 4003 1554 4056 de
1582 4003 1811 4070 peccatis

287 4098 506 4152 occultis
530 4094 835 4165 ptenitendi.
1063 4117 1088 4135 ο

351 4187 589 4242 Julianus
621 4185 919 4246 Pomerius,
951 4183 1043 4236 lib.
1079 4199 1116 4235 ιι
1149 4183 1212 4236 de
1239 4181 1354 4235 Vita
1389 4179 1808 4247 contemplativa,

290 4292 399 4343 cap.
416 4276 466 4329 5.
501 4293 519 4324 ς
540 4272 797 4328 Caeterum
823 4272 866 4325 si
896 4271 1138 4324 Ecclesia:
1161 4269 1524 4323 communiene
1543 4269 1811 4336 priventur

291 4364 502 4426 infirmi,
517 4362 606 4430 qui
621 4359 792 4416 curari
817 4360 1048 4414 adhibita
1075 4357 1428 4424 increpatione
1449 4373 1550 4408 non
1572 4365 1810 4423 possunt,

292 4464 379 4508 aut
407 4445 748 4507 intolerabilis
785 4449 918 4503 mole
944 4447 1168 4500 tristitia:
1195 4460 1351 4514 supra
1378 4445 1584 4497 modum
1613 4446 1810 4513 gravati

292 4542 652 4602 Succumbunt,
694 4545 749 4592 et
775 4542 1071 4591 sanctorum
1096 4534 1327 4587 omnium
1350 4532 1542 4594 vultus,
1565 4547 1659 4600 per
1682 4547 1812 4600 quos

293 4637 506 4700 possent
535 4625 737 4680 restitui
763 4625 871 4678 Deo
897 4621 1160 4691 refugiunt
1189 4613 1319 4673 :‘aut
1347 4628 1488 4672 certe
1512 4619 1576 4670 ad
1605 4633 1823 4706 omnem.

293 4717 544 4789 peccandi
571 4711 940 4781 impudentiam
959 4749 973 4772 ,
1001 4710 1043 4762 si
1070 4708 1264 4762 fuerint
1291 4705 1618 4767 exacerbati,
1644 4705 1812 4772 prosi-

295 4808 424 4862 liunt
471 4825 483 4859 :
528 4805 580 4858 et
609 4801 859 4870 quidquid
899 4799 1022 4852 mali
1049 4796 1250 4850 occulte
1279 4793 1564 4855 faciebant,
1610 4791 1817 4860 publice

295 4895 667 4966 perpetrabunt
695 4908 706 4943 :
730 4890 788 4943 in
812 4897 1006 4941 tantam
1026 4886 1292 4940 vesaniam
1316 4882 1616 4950 reparanda
1637 4880 1818 4934 salutis

296 4981 660 5054 desperatione
700 4975 928 5045 prolapsi
963 4982 1019 5026 ut
1064 4973 1198 5026 seria
1229 4971 1385 5023 verba
1425 4967 1816 5037 corripientium

301 5077 349 5129 in
370 5075 522 5142 jocos
547 5069 840 5126 exitiabiles
863 5066 1148 5134 impudenti
1178 5063 1471 5116 urbanitate
1493 5068 1815 5122 convertant,

303 5182 364 5220 ac
395 5162 742 5218 maledicaces
770 5158 820 5210 in
853 5171 910 5210 se
939 5170 1002 5208 ex
1037 5155 1146 5222 ipsa
1178 5150 1461 5219 iactatione
1491 5149 1820 5218 turpitudinis

303 5269 410 5308 sua:
453 5250 678 5319 turpiter
714 5244 998 5300 viventium
1039 5239 1319 5294 malevolas
1343 5238 1551 5292 laetitias
1583 5247 1817 5305 pascant.

303 5341 521 5410 Propter
549 5340 650 5390 hoc
673 5349 796 5402 ergo
816 5373 830 5395 ,
860 5331 1048 5384 hianda
1085 5330 1278 5396 pietate
1302 5326 1540 5396 portandi
1574 5333 1700 5390 sunt,
1731 5325 1822 5398 qui

302 5425 565 5497 increpari
585 5439 682 5492 pro
700 5437 791 5475 sua
817 5419 1118 5474 inﬁrmitate
1143 5427 1244 5469 non
1268 5422 1504 5483 possunt.
1531 5413 1594 5465 Et
1620 5426 1820 5475 revera,

305 5519 348 5576 si
378 5515 620 5588 peccanti
658 5509 916 5564 salubrem
953 5508 1201 5575 pudorem
1225 5544 1240 5566 ,
1270 5504 1392 5555 dum
1429 5516 1525 5570 pro
1552 5515 1615 5554 eo
1641 5499 1826 5552 erube-

305 5587 429 5673 scis,
459 5605 706 5663 incutias,
755 5615 816 5653 ac
861 5596 1248 5676 verecundiam,
1280 5605 1436 5660 quam
1461 5604 1556 5658 pro
1600 5587 1827 5657 peccatis
1878 5638 1883 5644 _

307 5700 419 5769 ejus
445 5694 690 5755 assumis,
725 5693 772 5743 in
814 5705 931 5742 eum
962 5688 1043 5754 pia
1074 5685 1228 5738 animi
1275 5681 1630 5749 enmpassione
1660 5687 1828 5731 trans-

1894 1995 2087 2046 niciosa
2120 1996 2184 2046 sit
2233 1995 2449 2047 infirmis
2488 1995 2770 2060 increpatio
2805 1993 3038 2060 publica,
3079 1995 3205 2046 adeo
3249 2001 3304 2046 ut
3342 1992 3404 2046 ti~

1895 2080 2137 2133 mendum
2168 2081 2233 2133 sit
2274 2095 2338 2131 ne
2361 2081 2606 2147 quidquid
2631 2080 2750 2130 mali
2775 2080 2976 2132 occulte
2999 2080 3278 2142 faciebant,
3308 2095 3404 2148 pu-

1896 2168 2027 2220 blice
2060 2176 2359 2234 perpetrent
2389 2185 2400 2218 :
2432 2167 2612 2220 deinde
2641 2166 2870 2219 declarat
2895 2182 3048 2234 quam
3074 2167 3212 2218 utilis
3248 2168 3316 2220 sit
3342 2181 3402 2220 ac

1895 2268 2110 2321 prorsus
2157 2255 2446 2307 necessaria
2481 2254 2782 2321 ptenitentia
2819 2261 3018 2306 secreta
3051 2268 3145 2320 pro
3178 2255 3408 2320 peccatis

1895 2338 2131 2390 occultis.
2157 2337 2290 2404 Ergo
2313 2339 2463 2405 plane
2484 2347 2635 2405 negat
2663 2352 2779 2390 cum
2806 2339 3007 2390 caeteris
3032 2338 3269 2391 Patribus
3291 2354 3402 2391 mo-

1898 2437 2008 2476 rem
2029 2422 2187 2475 fuisse
2207 2424 2452 2475 Ecclesia:
2473 2424 2680 2476 decreto
2700 2426 2954 2477 sancitum
2981 2425 3184 2492 publice
3211 2427 3272 2479 de
3292 2439 3408 2492 pec-

1898 2511 2030 2564 catis
2054 2511 2267 2564 occultis
2298 2511 2597 2578 pcenitcndi.

2490 2617 2706 2673 CAPUT
2743 2619 2801 2675 ll.

1901 2727 2081 2780 Patres
2135 2729 2382 2798 uﬁirmant
2436 2745 2526 2796 pro
2579 2731 2793 2796 peccatis
2829 2728 3034 2782 occultis
3077 2731 3412 2798 penitentiam

1968 2805 2154 2866 secreto
2176 2795 2384 2866 factam
2426 2795 2850 2866 suﬁiceregatque
2874 2798 2935 2848 de
2972 2795 3286 2850 illia‘morem
3314 2799 3412 2850 Ec-

1970 2861 2134 2914 clesiae
2162 2861 2317 2928 fuisse
2350 2861 2535 2914 secretio
2561 2861 2844 2929 paenitendi.

1864 3018 1878 3033 λ
1968 2967 2282 3034 Argumenta
2304 2967 2489 3034 quibus
2509 2967 2689 3020 Patres
2715 2976 2904 3038 negant
2920 2982 3114 3021 morem
3131 2966 3288 3023 fuisse
3315 2969 3411 3021 Ec-

1901 3055 2069 3108 clesiae
2089 3057 2296 3109 decreto
2323 3058 2598 3120 sancitum,
2627 3056 2830 3125 publice
2861 3057 2922 3109 de
2943 3058 3171 3125 peccatis
3192 3059 3410 3110 occultis

1903 3142 2184 3210 pmnitendi
2203 3181 2216 3205 ,
2245 3143 2422 3195 eadem
2449 3144 2671 3210 probant
2695 3159 2788 3211 pro
2812 3144 3040 3210 peccatis
3068 3145 3283 3198 occultis
3303 3159 3414 3218 poe—

1904 3229 2174 3283 nitentiam
2199 3237 2399 3283 secreto
2429 3228 2618 3283 factam
2646 3229 2897 3284 suilicere.
2932 3230 3135 3296 Etenim
3168 3231 3210 3283 si
3236 3233 3322 3299 qui
3351 3233 3413 3284 ab

1904 3331 2010 3371 uno
2039 3326 2307 3386 correptus
2342 3333 2458 3372 sese
2498 3319 2886 3384 emendaverit,
2920 3319 3003 3390 ille
3031 3335 3132 3373 non
3174 3320 3360 3374 debeat
3388 3334 3419 3374 a

1907 3407 2106 3459 duobus
2133 3414 2222 3458 aut
2244 3407 2409 3460 tribus
2435 3408 2628 3475 corripi
2655 3426 2667 3459 :
2697 3417 2751 3459 et
2777 3409 2866 3475 qui
2890 3410 3058 3476 primo
3091 3407 3191 3461 neu
3217 3410 3418 3462 obtem-

1908 3507 2115 3561 perans,
2147 3494 2236 3546 sed
2262 3493 2461 3547 duobus
2495 3503 2587 3547 aut
2612 3494 2778 3547 tribus
2805 3496 3053 3563 paruerit,
3088 3495 3172 3547 ille
3199 3510 3300 3548 non
3329 3496 3418 3548 de-

1907 3584 2029 3636 beat
2073 3585 2139 3636 ab
2181 3582 2410 3636 Ecclesia
2461 3581 2614 3648 ejici,
2662 3583 2712 3636 id
2748 3592 2828 3637 est
2870 3583 3172 3651 potnitentia
3216 3577 3420 3650 publica

1906 3671 2094 3737 plecti;
2141 3685 2259 3722 cum
2297 3670 2507 3722 omnino
2533 3671 2822 3723 necessaria
2857 3670 2924 3722 sit
2951 3670 3254 3738 poenitentia
3279 3708 3292 3730 ,
3333 3683 3422 3720 nec

1909 3770 2052 3809 cesse
2095 3763 2176 3808 est
2211 3770 2416 3824 quoque
2450 3755 2548 3825 ipsi
2593 3756 2949 3825 ptenitentiam
2987 3765 3189 3809 secreto
3229 3754 3420 3808 factam

1908 3841 2163 3895 sutlicere.
2198 3841 2344 3895 Unde
2364 3850 2505 3908 patet
2527 3856 2727 3895 morem
2753 3841 2997 3894 Ecclesitn
3019 3841 3176 3894 fuisse
3201 3842 3262 3893 de
3290 3855 3408 3906 pec-

1909 3931 2038 3983 catis
2085 3931 2304 3984 oecultis
2353 3915 2553 3984 secreto
2596 3929 2896 3996 paenitendi.
2951 3929 3194 3982 Eamdem
3254 3936 3424 3982 tamen

1908 4018 2247 4084 quaestionem
2275 4016 2389 4070 aliis
2422 4017 2740 4085 argumentis
2769 4015 3058 4068 manifestis
3098 4015 3420 4074 demonstra—

1907 4106 2101 4168 bimus,
2132 4113 2186 4157 ut
2212 4105 2382 4161 omnis
2405 4103 2613 4157 tollatur
2640 4105 2908 4157 dubitatio.

1976 4191 2226 4261 Origenes
2273 4193 2324 4244 in
2374 4192 2629 4260 psalmum
2675 4207 2893 4254 xxxviii,
2944 4190 3122 4243 homil.
3166 4181 3199 4242 2
3239 4207 3250 4241 :
3310 4205 3328 4237 ι
3368 4188 3423 4241 Si

1909 4287 2081 4332 autem
2110 4281 2222 4346 ipse
2268 4279 2346 4332 sui
2389 4285 2664 4332 accusator
2697 4277 2804 4341 fiat,
2829 4278 2948 4330 dum
2993 4280 3426 4335 accusatsemet-

1910 4369 2101 4434 ipsum,
2129 4375 2181 4420 et
2201 4366 2491 4426 confitetur,
2519 4364 2670 4416 simul
2690 4363 2881 4417 evdmit
2907 4372 2958 4415 et
2985 4362 3249 4425 delictum,
3272 4369 3427 4428 atque

1911 4467 2116 4506 omnem
2165 4451 2329 4504 morbi
2385 4449 2570 4518 digerit
2616 4463 2847 4501 causam.
2902 4446 3280 4500 Tantummodo
3325 4445 3428 4498 cir~

1911 4540 2171 4608 cumspice
2201 4539 2497 4606 diligentius
2529 4537 2611 4591 cui
2640 4537 2828 4591 debeas
2872 4535 3110 4590 confiteri
3130 4574 3133 4577 -
3155 4541 3423 4603 peccatum

1911 4637 2075 4681 tuum.
2111 4626 2279 4679 Proba
2300 4627 2444 4692 prius
2471 4625 2725 4676 medicum
2753 4624 2834 4675 cui
2862 4623 3050 4676 debeas
3079 4635 3288 4674 causam
3317 4620 3426 4672 lan-

1913 4716 2089 4786 guoris
2115 4727 2386 4781 exponere,
2420 4711 2506 4778 qui
2529 4709 2660 4762 sciat
2686 4708 2935 4760 infirmari
2963 4723 3080 4762 cum
3111 4706 3422 4768 inflrmante,

1916 4804 2038 4857 flere
2067 4817 2184 4856 cum
2212 4799 2384 4863 ﬂente,
2419 4800 2506 4865 qui
2529 4796 2838 4850 condolendi
2874 4805 2926 4848 et
2965 4793 3305 4862 compatiendi
3335 4807 3426 4842 nov

1916 4892 2050 4945 verit
2077 4888 2398 4957 disciplinam
2430 4905 2440 4938 :
2470 4893 2528 4938 ut
2554 4887 2624 4937 ita
2656 4885 2860 4936 demum
2893 4884 2934 4936 si
2961 4883 3082 4950 quid
3110 4881 3193 4933 ille
3218 4880 3422 4940 dixerit,

1919 4984 2006 5050 qui
2041 4995 2097 5034 se
2125 4981 2270 5048 prius
2291 4985 2341 5030 et
2364 4975 2619 5028 eruditum
2645 4971 2900 5026 medicum
2925 4969 3225 5032 ostenderit,
3258 4976 3308 5020 et
3333 4967 3427 5018 mi—

1915 5070 2251 5129 sericordem,
2282 5066 2323 5117 si
2358 5062 2482 5130 quid
2526 5061 2728 5114 consilii
2763 5058 2983 5119 dederit,
3029 5057 3210 5118 facias,
3259 5063 3311 5107 et
3342 5069 3425 5105 se-

1920 5155 2096 5223 quaris
2121 5173 2132 5204 :
2165 5154 2207 5206 si
2237 5148 2564 5210 intellexerit,
2592 5156 2644 5198 et
2671 5143 2968 5212 prmviderit
2995 5142 3145 5194 talem
3172 5154 3284 5193 esse
3314 5138 3430 5190 lan-

1921 5256 2134 5310 guorem
2187 5248 2369 5298 tuum,
2420 5233 2506 5302 qui
2554 5233 2604 5284 in
2659 5237 2911 5284 conventu
2969 5229 3127 5282 totius
3184 5223 3430 5280 Ecclesia

1922 5328 2109 5396 exponi
2139 5325 2351 5388 debeat,
2382 5331 2434 5375 et
2470 5320 2670 5380 curari,
2699 5333 2762 5371 ex
2796 5330 2898 5386 quo
2927 5317 3157 5370 fortassis
3182 5324 3236 5370 et
3257 5315 3430 5370 caeteri
3473 5313 3480 5320 '

1922 5413 2165 5468 :edifuiari
2196 5417 2471 5478 poterunt,
2499 5413 2558 5459 et
2587 5414 2642 5456 tu
2691 5404 2800 5474 ipse
2841 5403 2989 5458 facile
3023 5403 3230 5464 sanari,
3262 5400 3429 5454 multa

1923 5503 2024 5554 hoc
2048 5497 2418 5552 deliberatione
2438 5532 2451 5557 ,
2480 5500 2533 5544 et
2561 5491 2687 5544 satis
2720 5491 2887 5559 perito
2922 5490 3108 5543 medici
3139 5488 3276 5542 illius
3305 5500 3431 5538 con-

1925 5589 2042 5642 silio
2079 5583 2458 5654 procurandum
2482 5587 2579 5631 est.
2612 5598 2630 5629 ι
2673 5579 2749 5630 En
2786 5579 2882 5630 tria
2916 5583 3213 5646 argumenta
3247 5574 3436 5642 quibus

1927 5676 2173 5744 Origenes
2202 5671 2422 5724 ailirm-at
2449 5681 2644 5720 morem
2668 5665 2912 5720 Ecclesia
2943 5665 3098 5717 fuisse
3119 5664 3180 5716 dc
3201 5662 3432 5732 peccatis
