3974 6446
599 403 721 457 ΗΠ

1148 404 1469 460 fllEODOltl
1508 402 1812 455 ARCIIIEP.
1853 401 2189 455 CANTLTAH.
2234 402 2565 456 llOC'l‘l’dNA
2606 405 2689 456 DE
2726 405 3155 459 l‘diNl'l‘ENTlA

3568 115 3916 217 Ἴ

3592 404 3723 459 illi

593 518 811 573 occultis
831 526 1031 573 secreto
1052 516 1352 585 pmniteuvli.
1387 536 1404 566 ι
1442 517 1482 567 I.
1507 515 1616 566 Non
1647 516 1830 581 probat
1854 512 2103 580 Origene;
2133 518 2175 570 Λ
2204 513 2390 566 deliect
2434 516 2519 581 qui
2573 530 2634 568 ea
2676 517 2876 581 possint
2921 510 3150 578 curare;
3210 525 3617 571 consentaneum
3666 520 3716 572 in

592 620 770 659 curam
791 606 1029 658 omnibus
1057 620 1112 657 se
1138 620 1283 656 reum
1306 602 1562 665 conﬁteri,
1588 602 1678 654 sed
1705 608 1903 653 tantum
1930 615 2104 653 coram

593 689 794 743 medico
816 691 984 758 perito
1029 697 1080 741 et
1120 690 1354 757 probato.
1386 687 1627 754 Nunquid
1658 702 1782 739 vero
1808 686 2107 755 probandus

592 785 726 831 esset
794 777 1059 831 medicus?
1125 776 1365 842 Nunquid
1406 774 1922 842 circumspiciendum
1968 783 2105 825 esset

589 863 871 931 percatori.
907 864 991 918 cui
1017 862 1352 916 conﬁteretur
1379 868 1666 929 peccatum,
1710 861 1807 913 nisi
1857 875 1968 912 mos
2008 860 2106 911 Ec-

586 953 757 1005 clesiae
786 950 966 1005 fuisset
993 960 1195 1006 secreto
1221 949 1542 1019 pmnitendi?
1573 948 1788 1002 Frustra
1825 950 2102 1015 responde-

587 1052 692 1104 tur,
740 1032 1121 1094 confessionem
1166 1038 1427 1105 publicam
1474 1052 1501 1089 a
1542 1036 1746 1104 publica
1798 1037 2099 1104 poenitentia

585 1128 828 1195 distingui
852 1144 863 1176 :
896 1142 998 1180 non
1023 1126 1194 1178 minus
1218 1124 1358 1178 enim
1378 1122 1560 1191 pudori
1587 1130 1823 1189 parceret
1846 1124 2102 1190 pmniten-

582 1213 654 1264 tia
695 1212 919 1278 publica,
964 1225 1028 1263 ex
1063 1223 1163 1277 qua
1191 1217 1312 1262 tunc
1348 1209 1596 1274 temporis
1630 1209 1816 1274 cuique
1847 1209 2096 1269 Ιὶειιὶκερι,

575 1299 834 1365 judicare,
876 1306 966 1351 aut
1002 1297 1268 1351 homicidii
1316 1297 1536 1359 crimen,
1581 1305 1671 1348 aut
1709 1296 1968 1358 adulterii,
2009 1306 2098 1348 aut

581 1383 884 1437 idololatria:
920 1383 1252 1435 commissum
1281 1396 1414 1434 esse.
1444 1382 1497 1433 2.
1534 1382 1634 1433 lste
1662 1382 1893 1433 medicus
1912 1384 2099 1448 proba-

532 1482 663 1541 htus
699 1473 787 1526 dat
816 1472 1086 1525 consilium
1130 1471 1335 1539 publice
1380 1470 1683 1537 paenitendi,
1721 1477 1775 1522 et
1817 1484 1918 1522 non
1965 1484 2098 1537 prm—

532 1540 541 1548 ’
577 1571 783 1629 ceptum
813 1577 825 1612 :
856 1573 980 1627 ergo
1006 1558 1230 1610 nondum
1254 1556 1497 1610 Ecclesia:
1522 1554 1734 1608 decreto
1755 1557 1953 1608 sancita
1981 1564 2098 1608 erat

574 1663 670 1716 pro
703 1647 1007 1700 criminibus
1033 1644 1249 1700 occultis
1287 1644 1489 1712 publica
1512 1644 1849 1712 pmnitcntia;
1884 1645 1974 1697 sed
2000 1659 2093 1710 po-

575 1738 679 1788 tius
703 1750 815 1787 mos
842 1742 954 1785 erat
982 1739 1186 1785 secreto
1214 1731 1499 1798 pmnitendi
1529 1749 1540 1781 :
1568 1732 1713 1798 quia,
1738 1738 1793 1782 ut
1814 1732 1888 1782 ait
1912 1731 2094 1784 llicro—

2201 600 2411 651 modum
2457 601 2525 653 illi
2578 602 2715 669 quod
2766 603 3016 668 scriptum
3050 611 3149 664 est,
3200 617 3292 657 vos
3330 604 3418 672 qui
3465 602 3720 656 ﬁrmiores

2200 688 2347 748 estis,
2395 688 2774 742 imbecillitatcs
2814 691 3155 743 inﬁrmiorum
3198 700 3444 759 portate,
3494 692 3593 744 hoc
3635 701 3713 743 est

2202 771 2364 825 tollite
2384 772 2654 841 diligentia
2682 784 2735 830 et
2756 792 2881 829 cura
2911 784 3103 830 vestra.
3139 776 3225 830 Sic
3251 785 3467 830 sanctus
3492 776 3719 830 Hilarius

2199 867 2251 910 et
2291 860 2518 913 Basilius
2552 861 2685 915 adeo
2706 874 2961 920 secretam
3000 878 3115 916 esse
3138 862 3314 916 volunt
3341 861 3719 916 confessionem

2197 954 2245 997 ct
2272 947 2650 1014 pmnitcntiam,
2677 936 2737 1001 ut
2760 963 2936 1001 coram
2959 950 3065 1001 Deo
3090 948 3222 1012 solo,
3243 957 3295 1002 et
3317 963 3492 1002 coram
3526 948 3588 1001 iis
3610 957 3719 1000 tan-

2198 1040 2304 1083 tum
2342 1034 2429 1100 qui
2461 1036 2655 1086 'curarc
2696 1037 2912 1101 possint,
2953 1051 3069 1088 eam
3108 1037 3358 1106 agendam
3383 1051 3500 1088 esse
3521 1037 3711 1089 dicant.

2196 1119 2369 1184 Quare
2406 1131 2583 1189 aperte
2618 1122 2878 1174 aliirmaut
2921 1138 3119 1176 morem
3167 1123 3412 1176 Ecclesia:
3450 1122 3613 1176 fuisse
3656 1124 3718 1176 de

2196 1210 2424 1273 peccatis
2452 1209 2669 1261 occultis
2687 1219 2890 1262 secreto
2910 1210 3217 1277 paenitendi.

2263 1294 2545 1363 Gregorius
2583 1296 2849 1365 Nyssenus
2894 1299 2945 1351 in
2980 1300 3195 1367 epistola
3234 1300 3485 1353 canonica
3525 1298 3591 1353 ad
3627 1298 3719 1352 Lc—

2197 1382 2357 1432 toium
2387 1382 2686 1449 episcopum
2716 1383 3094 1438 .‘llclitinenscm
3121 1402 3132 1438 :
3164 1403 3181 1435 ι
3212 1385 3311 1451 Qui
3336 1395 3510 1439 autem
3533 1386 3717 1439 latenti

2194 1468 2457 1522 ablatione
2485 1470 2581 1523 sibi
2624 1471 2848 1523 alienum
2880 1482 3110 1541 usurpat,
3142 1474 3184 1526 si
3220 1474 3409 1527 deinde
3436 1488 3532 1541 per
3557 1490 3718 1528 enum

2195 1555 2463 1609 tiationem
2502 1566 2774 1623 peccatum
2811 1574 2964 1612 suum
2992 1560 3248 1613 sacerdoti
3277 1562 3577 1628 aperuerit,
3608 1563 3715 1614 vitii

2194 1642 2365 1695 studio
2391 1645 2442 1696 in
2476 1646 2800 1699 contrarium
2841 1655 3043 1700 mutato
3077 1648 3437 1716 :cgritudinem
3466 1650 3671 1703 curabit
3704 1667 3713 1699 :

2194 1728 2309 1780 dico
2355 1738 2526 1782 autent
2565 1749 2582 1787 ;
2627 1732 2891 1800 largiendo
2941 1748 3055 1801 qua:
3106 1735 3297 1796 habet,
3349 1744 3405 1788 ut
3446 1738 3568 1790 dum
3609 1752 3720 1803 qua:

574 1838 762 1891 nymus
790 1822 879 1874 lib.
906 1839 921 1874 ι
946 1822 1196 1875 adversus
1228 1820 1559 1872 Jovinianum
1591 1839 1602 1870 :
1638 1838 1654 1869 ι
1698 1820 1793 1873 Ubi
1819 1820 2092 1872 consilium
2129 1798 2169 1855 Β
2196 1817 2353 1871 habet
2403 1819 2697 1888 profundit,
2760 1838 2816 1876 se
2864 1824 2929 1877 ab
2984 1825 3216 1877 avaritia:
3263 1825 3446 1878 morbo
3504 1826 3719 1877 liberum

574 1913 747 1972 datur,
779 1911 1045 1964 otl'ercntis
1068 1908 1340 1962 arbitrium
1366 1917 1475 1970 est;
1513 1908 1599 1961 ubi
1630 1917 1967 1976 praeceptum,
2006 1924 2097 1961 nc-

570 2000 790 2052 cessitas
817 2007 898 2052 est
924 1997 1215 2051 servientis.
1249 2016 1265 2046 ι
1310 1998 1359 2049 5.
1396 1996 1608 2049 Publice
1639 1999 1925 2064 pmnitenzii
1964 2013 2093 2051 con-

571 2085 744 2139 silium
795 2087 947 2139 datur
974 2084 1297 2138 solummodo
1341 2084 1393 2136 in
1436 2099 1559 2137 casu
1590 2085 1881 2149 singulari:
1926 2088 2092 2152 atqui,

570 2176 706 2226 sicut
731 2174 965 2241 exceptio
1011 2173 1185 2227 ﬁrmat
1218 2172 1469 2241 regulam,
1510 2172 1582 2224 ita
1622 2187 1819 2226 morem
1851 2174 2095 2227 Ecclesite

570 2272 771 2315 secreto
800 2261 1087 2329 paenitendi
1134 2275 1229 2329 pro
1274 2260 1583 2315 criminibus
1626 2261 1845 2315 occultis
1880 2262 2093 2316 demon-

569 2359 705 2403 strat
740 2363 896 2403 casus
936 2349 1231 2418 singularis.
1270 2347 1452 2401 Patres
1481 2350 1685 2402 concilii
1711 2350 2094 2405 Neocaesaricn-

570 2437 663 2501 sis,
695 2453 809 2489 can.
842 2437 874 2489 4
906 2454 918 2488 :
952 2454 970 2485 t
999 2436 1053 2489 Si
1083 2438 1200 2504 quis
1225 2437 1549 2504 proposuerit
1582 2439 1951 2507 concupiscere
1979 2455 2092 2491 nm-

570 2523 748 2577 licretn
775 2524 840 2576 ad
865 2524 1225 2578 dormiendum
1250 2538 1369 2577 cum
1394 2523 1521 2590 ipsa,
1551 2524 1664 2591 ejus
1690 2533 1863 2575 autem
1892 2525 2093 2577 deside—

568 2613 705 2665 rium
752 2612 816 2665 ad
861 2627 990 2678 opus
1029 2627 1129 2663 nou
1165 2610 1395 2671 venerit,
1445 2610 1649 2662 videtur
1687 2626 1804 2663 esse
1851 2627 1880 2662 a
1925 2613 2090 2680 gratia

564 2700 832 2754 liberatus.
869 2719 887 2750 ι
926 2698 1094 2752 Grave
1136 2698 1333 2751 crimen
1370 2705 1453 2751 est
1485 2689 1794 2751 adulterium
1839 2699 1892 2751 in
1936 2698 2091 2751 corde

566 2792 924 2853 commissum,
955 2799 1007 2844 et
1032 2799 1203 2844 tamen
1226 2789 1409 2845 Patres
1437 2789 1707 2843 declarant
1728 2788 2089 2856 ptenitcutiazu

566 2887 769 2941 secreto
811 2878 1000 2932 factam
1038 2878 1296 2939 suﬁieerc,
1341 2892 1403 2928 ac
1442 2877 1662 2944 proinde
1697 2890 1892 2928 morem
1934 2873 2092 2926 fuisse

565 2969 810 3023 Ecclesim
833 2968 895 3021 de
916 2967 1223 3020 criminibus
1245 2964 1466 3018 occultis
1492 2976 1694 3017 secreto
1714 2964 2018 3032 pmnitcndi.

632 3054 858 3107 llilarius
897 3051 1226 3105 Pictavorum
1262 3052 1535 3118 episcOpus
1565 3050 1614 3102 in
1639 3050 1824 3117 psalm.
1854 3065 1903 3102 t.t
1935 3064 2090 3101 enar-

2196 1914 2374 1972 aperte
2403 1908 2661 1963 ostendat.
2693 1907 2784 1961 Sin
2816 1918 2989 1963 autem
3015 1910 3143 1963 nihil
3184 1910 3348 1975 aliud,
3375 1920 3719 1979 pra'terquam

2196 1992 2362 2044 solum
2391 2008 2580 2061 corpus
2628 1995 2836 2059 habeat,
2878 1994 3029 2062 jubet
3053 1996 3331 2067 Apostolus
3366 2012 3460 2065 per
3488 1999 3717 2051 laborent

2193 2079 2514 2147 corporalem
2564 2081 2610 2133 ei
2655 2082 2837 2140 morbo
2879 2082 3094 2136 mederi.
3145 2084 3398 2138 Dictionis
3438 2096 3612 2138 autem
3653 2086 3720 2137 ita

2194 2172 2353 2225 habet
2376 2180 2680 2226 contextus:
2707 2172 2805 2236 Qui
2829 2173 3099 2240 [urebatur
3122 2190 3221 2226 non
3249 2174 3467 2242 amplius
3490 2156 3729 2242 feretur;

2193 2260 2284 2313 sed
2329 2259 2505 2328 potius
2550 2260 2752 2314 laboret
2795 2259 2988 2313 bonum
3041 2275 3303 2329 operans,
3357 2269 3415 2314 ut
3464 2263 3630 2330 possit
3673 2262 3720 2316 ei

2192 2345 2371 2415 largiri
2423 2348 2512 2416 qui
2560 2348 2776 2416 indiget.
2812 2367 2829 2397 ι
2869 2346 3095 2401 Sanctus
3136 2346 3417 2416 Gregorius
3462 2347 3722 2416 Nysscuus

2193 2435 2244 2487 in
2274 2435 2373 2487 hac
2400 2434 2618 2500 epistola
2653 2434 2907 2488 canonica
2935 2449 3037 2487 non
3076 2448 3246 2496 suam,
3275 2434 3367 2488 sed
3396 2450 3606 2487 suorum
3631 2450 3720 2503 pa-

2194 2530 2333 2573 trum
2360 2521 2670 2575 sententiam
2690 2560 2703 2584 ,
2736 2530 2891 2588 atque
2928 2523 3231 2575 canonicam
3258 2522 3454 2575 referre
3484 2530 3715 2575 testatur.

2192 2606 2298 2661 Cur
2325 2607 2483 2676 igitur
2511 2607 2598 2675 qui
2624 2608 2805 2661 latenti
2836 2608 3097 2663 ablatione
3125 2609 3223 2663 sibi
3252 2609 3476 2662 alicnqu
3507 2624 3718 2676 usurpa—

2190 2698 2283 2757 vit,
2319 2697 2604 2749 secundum
2636 2712 2862 2749 canones
2891 2712 2991 2750 non
3023 2697 3265 2766 plectitur
3292 2697 3601 2764 prenitentia
3629 2711 3716 2764 pu-

2190 2783 2347 2844 hliea,
2383 2782 2472 2834 sed
2518 2783 2565 2833 ei
2613 2781 2801 2834 suﬁieit
2842 2783 3146 2848 poenitentia
3192 2792 3393 2835 scereto
3423 2781 3580 2843 facta,
3621 2775 3717 2835 nisi

2194 2869 2313 2936 quia
2360 2883 2474 2921 mos
2499 2877 2614 2921 erat
2638 2868 2887 2921 Ecclesia:
2916 2871 2978 2921 de
3003 2870 3234 2938 peccatis
3270 2869 3490 2923 occultis
3518 2878 3719 2923 secreto

2190 2959 2512 3026 pmuitendi?

2258 3047 2485 3101 llilarius
2538 3048 2787 3101 diaconus
2826 3055 3007 3100 auctor
3062 3048 3157 3100 sub
3201 3047 3423 3101 Damaso
3477 3063 3611 3115 papa
3662 3049 3710 3101 in

564 3143 786 3197 ratione.
841 3158 859 3190 ε
892 3139 1003 3193 Non
1042 3140 1179 3194 enim
1227 3115 1485 3193 confessio
1528 3115 1859 3207 peccatorum
1900 3139 1999 3190 nisi
2039 3139 2089 3190 iu
2115 3115 2158 3175 (ί
2194 3134 2577 3197 QumstiOnibus
2603 3148 2669 3187 ex
2689 3134 2864 3186 Veteri
2886 3143 2941 3186 et
2966 3132 3110 3187 Novo
3133 3134 3466 3189 Testamento
3500 3145 3719 3203 utroque

563 3230 718 3299 hujus
741 3228 914 3281 saeculi
941 3236 1170 3296 tempore
1196 3234 1275 3279 est
1302 3244 1314 3277 :
1346 3227 1465 3277 dum
1504 3226 1755 3278 voluntati
1790 3240 1899 3277 sua:
1926 3240 2088 3277 unus-

562 3317 782 3385 quisque
805 3315 1090 3383 pcrmissns
1116 3322 1196 3366 est
1220 3353 1234 3375 ,
1274 3321 1328 3365 et
1359 3327 1453 3380 per
1492 3313 1608 3365 vita:
1633 3313 1895 3366 licentiam
1934 3313 2091 3366 habet

534 3470 539 3475 ι
565 3403 910 3456 confessionis
932 3401 1226 3464 arbitrium,
1241 3410 1344 3455 etc.
1359 3420 1375 3451 ι
1393 3399 1748 3453 Confessiouis
1769 3410 1940 3453 autem
1963 3416 2089 3453 cau-

566 3507 677 3546 sam
705 3492 900 3545 addidit
931 3491 1108 3545 dicens
1151 3508 1164 3543 :
1199 3492 1320 3559 quia
1364 3490 1525 3557 fecisti
1555 3506 1572 3541 :
1602 3501 1867 3543 auctorem
1888 3491 2090 3544 scilicet

564 3582 920 3637 universitatis
966 3579 1118 3647 hujus
1153 3580 1427 3635 Dominum
1474 3594 1593 3633 esse
1634 3580 1928 3644 confessus,
1960 3580 2086 3633 nulli

564 3673 649 3725 alii
676 3674 869 3726 docens
908 3670 1258 3726 conﬁtendum
1280 3684 1434 3738 quam
1469 3671 1557 3739 qtti
1588 3669 1709 3725 fecit
1747 3672 1937 3725 olivam
1967 3671 2083 3725 fru-

563 3759 800 3813 ctiferam
829 3760 936 3825 spei
965 3756 1317 3811 misericordia
1343 3757 1394 3809 in
1420 3758 1666 3810 smeulum
1688 3758 1881 3812 surculi.

633 3846 853 3900 Basilius
881 3845 1093 3915 Magnus
1136 3844 1188 3897 in
1215 3844 1426 3898 homilia
1470 3846 1522 3900 in
1564 3845 1817 3913 psalmum
1862 3862 2080 3899 xxxvu:

572 3955 589 3987 ι
624 3935 892 4007 Proprium
926 3942 1007 3989 est
1043 3932 1309 3985 hominum
1343 3933 1674 4001 prudentium
1700 3974 1715 3998 ,
1753 3935 1819 3988 ob
1862 3951 1922 3988 ca
1970 3953 2085 4004 qua:

566 4022 828 4090 peccando
850 4021 1156 4074 admiserint
1172 4027 1483 4088 prtesumpta
1508 4021 1749 4086 quapiam
1769 4022 2084 4089 cogitatione

570 4120 661 4164 aut
690 4111 1022 4177 subreptione
1058 4108 1251 4161 inimici
1291 4122 1393 4160 non
1423 4122 1478 4160 se
1521 4107 1705 4162 efferre
1724 4149 1738 4171 ,
1769 4110 1858 4163 sed
1888 4112 2085 4178 pudore

569 4199 770 4269 aspergi
810 4198 980 4267 potius
1000 4206 1053 4249 et
1073 4197 1409 4259 erubescere,
1443 4204 1495 4249 ct
1526 4198 1685 4252 veluti
1707 4200 1930 4253 stimulis
1954 4216 2082 4255 con-

564 4289 833 4342 scientiam
862 4287 1171 4354 pertundere
1200 4301 1361 4354 seque
1383 4300 1563 4353 gerere
1592 4289 1900 4343 submissius
1928 4300 2083 4359 atque

564 4374 847 4428 humiliari.
890 4373 1051 4427 David
1080 4373 1238 4442 igitur
1265 4381 1386 4441 post
1425 4373 1535 4426 hrcc
1577 4375 1647 4427 ait
1695 4394 1706 4427 :
1745 4375 2021 4453 Rugicbam
2052 4397 2079 4431 a

563 4465 749 4531 gemitu
774 4461 940 4515 cordis
966 4462 1063 4514 mei
1084 4500 1098 4523 ,
1135 4461 1215 4525 vel
1234 4501 1248 4525 ,
1273 4463 1553 4515 secundum
1577 4463 1816 4530 Aquilam
1837 4505 1851 4527 ,
1878 4465 2080 4520 Freme—

565 4554 680 4605 bum
710 4567 741 4605 a
770 4550 972 4619 fremitu
999 4548 1164 4603 cordis
1200 4550 1315 4604 mei.
1356 4549 1468 4603 Non
1498 4558 1556 4604 ut
1582 4552 1755 4606 multis
1776 4553 2079 4608 manifestus

2192 3222 2412 3282 mixtim,
2452 3221 2733 3289 qtt:cst.752
2761 3239 2773 3273 :
2809 3238 2826 3271 t
2861 3222 2925 3274 Et
2950 3221 3119 3275 adhuc
3144 3231 3223 3276 est
3246 3222 3443 3291 aliquid
3466 3222 3604 3290 quod
3632 3224 3714 3275 dc-

2186 3310 2462 3379 prehendit
2508 3309 2827 3363 Novatianus
2853 3324 2866 3362 :
2894 3309 3019 3372 Cur,
3057 3310 3243 3378 inquit,
3286 3325 3474 3378 corpus
3514 3311 3714 3366 Domini

2189 3398 2398 3451 tradunt
2423 3397 2500 3450 eis
2538 3411 2670 3464 quos
2693 3405 2950 3450 noverunt
2977 3398 3312 3464 peceatores?
3336 3397 3495 3462 Quasi
3518 3399 3715 3465 possint

2186 3485 2286 3553 ipsi
2332 3492 2664 3538 accusatores
2708 3497 2842 3543 esse,
2890 3484 2980 3551 qui
3026 3491 3147 3537 sunt
3189 3482 3410 3550 judiccs.
3449 3484 3503 3538 Si
3543 3497 3715 3540 autem

2190 3573 2422 3626 accusati
2471 3571 2666 3626 fuerint
2716 3580 2771 3626 et
2810 3571 3124 3627 manifestati
3152 3612 3166 3637 ,
3216 3582 3496 3641 potuerunt
3541 3573 3710 3640 abjici.

2185 3661 2315 3714 Nam
2348 3662 2465 3730 quis
2491 3660 2649 3729 iudex
2678 3648 2971 3717 accuSantis
3016 3670 3189 3716 sumat
3234 3665 3552 3729 personam?
3586 3663 3712 3717 Nam

2186 3752 2228 3804 si
2258 3752 2367 3818 ipse
2411 3750 2661 3805 Dominus
2682 3751 2867 3806 ludam
2913 3767 3096 3820 passus
3123 3760 3202 3806 est
3226 3768 3381 3821 quem
3412 3754 3610 3808 sciebat
3635 3755 3709 3808 fu-

2186 3851 2294 3917 rem
2320 3851 2453 3899 esse,
2482 3845 2534 3891 et
2560 3852 2620 3889 ea
2643 3852 2759 3904 qum
2786 3839 3125 3892 mittebantur
3141 3848 3438 3909 exportare,
3468 3856 3565 3898 nec
3594 3859 3712 3897 cum

2183 3927 2273 3994 qui
2298 3936 2575 3981 accusatus
2601 3943 2701 3981 non
2718 3937 2817 3993 est,
2840 3928 3026 3997 abjecit
3050 3944 3063 3983 :
3088 3931 3185 3984 hoc
3202 3932 3440 3999 exemplo
3462 3934 3536 3986 uti
3560 3950 3712 4003 opor-

2184 4021 2277 4074 tet,
2306 4021 2364 4065 ut
2389 4028 2511 4066 eum
2534 4014 2759 4081 altjiecre
2789 4016 3090 4086 nonliceat,
3123 4019 3210 4085 qui
3237 4019 3441 4086 publice
3475 4021 3713 4075 detectus

2183 4116 2286 4153 non
2318 4100 2491 4155 fuerit.
2514 4102 2643 4156 Nam
2672 4119 2768 4157 nec
2798 4082 2942 4173 just;
2964 4106 3078 4159 viro
3103 4082 3351 4175 competit
3381 4109 3605 4177 aliquem
3629 4127 3713 4163 ac-

2183 4205 2387 4243 cusare.
2440 4190 2586 4244 Unde
2620 4191 2914 4256 Mattbacus,
2956 4195 3140 4272 λθεινρή
3183 4213 3299 4251 eum
3337 4209 3486 4263 esset,
3522 4201 3709 4272 inquit,

2182 4278 2329 4329 Immo
2352 4277 2543 4344 justus,
2578 4288 2625 4331 et
2651 4279 2802 4332 nollet
2827 4297 2937 4333 eum
2970 4283 3253 4347 traducere,
3293 4284 3451 4338 voluit
3488 4303 3601 4340 eam
3627 4286 3709 4339 6c-

2185 4366 2316 4419 ruttc
2338 4368 2605 4421 dimittere.
2626 4367 2653 4420 J
2660 4370 2787 4423 udas
2808 4385 2930 4439 ergo
2955 4387 3071 4426 cum
3092 4384 3231 4429 esset
3252 4374 3386 4428 inter
3402 4375 3705 4446 discipulos,

2185 4455 2494 4520 contagione
2514 4470 2607 4510 sua
2630 4471 2733 4511 non
2772 4471 2864 4513 eos
2890 4460 3183 4526 maculavit,
3213 4462 3580 4520 dissentientes
3605 4468 3708 4523 uti-

2184 4556 2285 4610 que
2311 4559 2340 4596 a
2370 4544 2520 4599 furtis
2541 4544 2671 4609 ejus,
2694 4553 2747 4598 ct
2775 4546 3156 4603 Eucharistiam
3178 4552 3310 4605 inter
3334 4566 3426 4607 eos
3448 4555 3708 4624 accipiens

566 4641 706 4704 (iam,
733 4654 827 4694 ore
859 4637 1047 4703 fatear,
1084 4639 1174 4693 sed
1204 4639 1362 4705 corde
1408 4640 1520 4707 ipso
1560 4640 1750 4695 clausis
1778 4642 1941 4696 oculis
1985 4643 2077 4696 ubi
2168 4645 2286 4684 .non
2318 4630 2501 4699 polluit
2528 4630 2845 4687 innocentes.
2876 4631 2983 4687 Nec.
3012 4636 3261 4692 Dominus
3288 4637 3338 4693 ei
3367 4654 3522 4709 quem
3550 4642 3703 4696 latro-

564 4728 659 4781 soli
687 4726 981 4796 respicienti
1006 4741 1193 4779 arcana
1224 4728 1562 4795 mecum'ipse
1600 4729 1831 4801 rugiens,
1859 4732 2077 4784 ostendo

564 4830 708 4868 meos
731 4813 982 4883 gemitus;
1009 4828 1109 4866 non
1135 4813 1273 4867 enim
1301 4811 1477 4866 multis
1505 4814 1676 4869 verbis
1705 4816 1829 4871 mihi
1861 4832 1991 4885 opus
2013 4819 2077 4873 ad

563 4898 965 4963 confessionem,
993 4899 1057 4951 ad
1082 4913 1235 4966 quam
1259 4907 1310 4951 et
1336 4900 1509 4952 cordis
1535 4900 1634 4952 mei
1664 4903 1907 4969 suspiria,
1932 4913 1983 4965 et
2009 4919 2072 4957 ex

563 4986 749 5039 aniuuc
772 4984 1126 5053 penetralibus
1150 4986 1269 5040 imis
1307 4985 1371 5037 ad
1409 4993 1457 5040 tc
1498 4977 1660 5040 Deum
1698 5004 1868 5042 meum
1898 4999 2071 5047 trans-

565 5073 707 5139 missi
731 5081 946 5142 questus
970 5072 1097 5126 satis
1116 5072 1366 5127 existunt.
1403 5092 1421 5123 ι

632 5160 850 5216 Basilius
877 5159 928 5213 in
954 5158 1163 5227 Regalis
1187 5160 1531 5219 brevioribus,
1569 5176 1706 5231 resp.
1753 5165 1817 5218 ad
1849 5164 2073 5219 interro-

565 5255 669 5317 gat.
703 5248 807 5301 229
847 5262 861 5300 :
915 5266 933 5299 ι
982 5245 1205 5303 Omnino
1261 5249 1310 5301 in
1366 5256 1699 5317 peccatorum
1743 5253 2073 5308 confessione

565 5338 747 5390 eadem
782 5335 915 5393 ratio
956 5342 1063 5398 est,
1098 5349 1213 5403 quae
1243 5337 1400 5395 etiam
1439 5335 1489 5390 in
1526 5337 1793 5403 apertione
1829 5338 2071 5392 vitiorum

567 5423 816 5491 t'orpotis.
845 5420 911 5477 Ut
933 5423 1086 5493 igitur
1107 5424 1229 5477 vitia
1254 5424 1488 5490 corporis
1516 5439 1839 5492 nequaquam
1865 5427 2074 5492 quibus-

568 5510 645 5563 tis
677 5519 867 5563 temere
896 5510 1131 5564 homines
1177 5512 1434 5579 aperiunt.
1470 5513 1559 5565 sed
1606 5513 1668 5565 iis
1717 5515 2072 5565 tantununo-lo

569 5595 721 5646 ctiam
747 5603 1072 5659 peccatorum
1101 5596 1355 5648 confessio
1379 5597 1488 5649 ﬁeri
1522 5597 1690 5650 debet.
1716 5597 1847 5663 ame
1872 5613 1961 5649 eus
1994 5599 2068 5649 vi-

2183 4730 2302 4771 nem
2328 4719 2543 4780 sciebat,
2575 4734 2763 4787 corpus
2777 4734 2928 4773 suum
2949 4720 3252 4793 denegabat,
3276 4726 3396 4793 quia
3418 4731 3703 4784 secundum

2180 4803 2503 4871 Apostolum,
2529 4804 2626 4869 Qui
2657 4804 2861 4872 indigne
2886 4809 3065 4871 sumit,
3095 4810 3321 4879 gladium
3349 4813 3447 4866 sibi
3476 4816 3650 4868 sumit.
3676 4835 3695 4864 ι

2179 4890 2405 4945 Hilarius
2431 4891 2681 4952 diaconus
2700 4902 2882 4947 contra
2900 4893 3213 4951 Novatianos
3234 4913 3432 4971 morem
3458 4900 3699 4956 Ecclesia:

2177 4981 2444 5035 catholica:
2471 4981 2744 5045 conﬁrmat
2762 4984 2998 5051 exemplo
3015 4984 3229 5049 Christi,
3250 4996 3308 5042 ut
3326 5002 3446 5044 eum
3475 4990 3698 5061 abjieere

2178 5084 2277 5124 non
2301 5069 2469 5134 liceat,
2489 5072 2578 5139 qui
2598 5071 2799 5139 publice
2818 5073 3051 5138 detectus
3082 5089 3183 5129 non
3213 5073 3372 5130 fuerit
3401 5092 3562 5147 :ergo
3589 5094 3699 5131 mos

2176 5165 2290 5211 erat
2312 5157 2554 5220 Ecclesiae
2574 5159 2638 5215 de
2666 5160 2894 5228 peccatis
2918 5162 3138 5217 occultis
3165 5173 3369 5221 secreto
3390 5167 3694 5232 pmnitendi.

2243 5246 2552 5305 Ambrosius
2578 5248 2627 5301 in
2656 5248 2913 5317 psalmum
2939 5266 3119 5307 xxxvii
3138 5249 3365 5306 enarrat.
3396 5271 3407 5303 :
3439 5272 3457 5303 ι
3478 5253 3697 5310 Accusa-

2178 5332 2331 5384 batur
2350 5344 2405 5393 et
2425 5335 2649 5389 tacebat.
2677 5336 2976 5392 Ducebatur
2993 5339 3057 5391 ad
3084 5349 3324 5404 mortem,
3346 5347 3398 5394 ct
3419 5341 3624 5397 silentio
3641 5357 3696 5397 se

2178 5422 2401 5488 tegebat.
2437 5437 2501 5472 ne
2533 5424 2751 5478 nudaret
2777 5427 3045 5495 pudorem.
3076 5428 3212 5483 Intra
3238 5446 3295 5484 sc
3324 5438 3491 5483 tamen
3514 5431 3693 5500 luquc-

2177 5506 2331 5558 ltimlr
2357 5510 2479 5568 [ιι-υ.
2512 5512 2599 5577 qui
2622 5525 2741 5566 eam
2772 5515 2934 5583 magis
2976 5516 3171 5570 audivit
3194 5524 3471 5571 tacentem.
3502 5518 3625 5585 Οιττιν
3651 5520 3689 5571 si

2178 5594 2420 5649 voluisset
2457 5596 2615 5664 loqui,
2649 5596 2866 5653 forsitan
2895 5618 2991 5654 nou
3024 5614 3154 5657 esset
3186 5606 3375 5675 audita.
3410 5606 3470 5658 Et
3499 5615 3548 5661 tu
3573 5620 3693 5674 ergo
