3974 6442
255 509 386 563 11ἷῦ

1097 519 1179 570 ΑΒ
1216 517 1376 584 ΟΜΜ
1417 519 1768 575 ΝΟΥΙΤᾹΉΒ
1807 519 2197 575 ΞιῙΒΡΙΩΙΟΝΕ
2238 523 2607 577 VINDICATA.

3277 536 3404 592 ll'ﬂ

248 622 337 687 qui
380 624 717 688 proposuisti
753 626 1050 679 satisfacere
1077 641 1172 694 pro
1213 627 1415 683 delictis
1447 630 1664 682 Domino
1688 630 1792 681 Deo
1824 633 1865 687 Α
1895 629 1983 689 cit,
2016 644 2115 682 non
2139 629 2304 696 ipsum
2332 646 2601 684 assumens
2622 634 2976 698 circumducit,
3010 646 3060 689 ct
3085 638 3244 691 dicit:
3270 640 3397 692 :‘u’izni

249 715 357 770 tuo,
382 708 457 761 illi
483 709 590 762 sali
619 711 871 766 interiore
899 714 1054 767 corde
1076 722 1126 768 te
1163 730 1346 783 purga,
1377 716 1519 768 illum
1547 725 1794 770 contuere

247 795 338 862 qui
370 804 553 863 potest
595 809 815 865 peccata
861 800 1077 853 diluere.
1114 820 1132 851 ι
1166 802 1275 855 llac
1312 804 1672 856 exhortatione
1720 805 1792 856 uti

249 896 352 934 non
378 886 563 950 potest
588 894 810 939 sanctus
836 885 1155 948 Ambrosius,
1184 889 1310 954 quin
1344 888 1569 943 afﬁrmet
1595 897 1648 942 et
1683 904 1794 941 mo-

248 984 360 1022 rem
391 971 654 1029 Ecclesia:
680 975 841 1030 fuisse
874 979 936 1031 dc
959 981 1190 1047 peccatis
1208 981 1426 1035 occultis
1452 990 1656 1035 secreto
1683 997 1795 1050 pm-

249 1056 470 1110 nitendi.
501 1060 659 1116 Unde
679 1073 863 1118 auctor
882 1066 1043 1133 ipsius
1062 1068 1182 1120 vita:
1199 1075 1424 1122 testatur
1442 1070 1577 1125 hunc
1595 1084 1791 1125 morem

248 1147 354 1193 tam
366 1142 658 1211 diligenter
672 1162 928 1213 servasse,
940 1160 998 1204 ut
1015 1154 1217 1207 caeteris
1230 1155 1590 1210 sacerdotibus
1601 1159 1791 1210 bonum

156 1282 174 1303 .
246 1227 526 1296 reliquerit
556 1235 878 1302 exemplum.
918 1238 1356 1309 Quotiescunque,
1388 1241 1573 1310 inquit,
1606 1243 1676 1295 illi
1705 1244 1794 1297 ali-

247 1315 365 1381 quis
393 1319 461 1370 ad
499 1321 905 1389 percipiendam
933 1326 1293 1391 pmnitentiam
1318 1328 1496 1396 lapsus
1527 1345 1648 1384 suos
1670 1346 1792 1385 con-

244 1403 415 1458 fessus
442 1417 614 1472 esset,
640 1410 715 1463 ita
751 1410 922 1475 flebat,
948 1422 1006 1467 ut
1029 1423 1080 1468 et
1106 1416 1251 1469 illum
1288 1417 1411 1472 flere
1437 1421 1787 1488 compelleret.

245 1491 542 1548 Videbatur
598 1498 761 1551 etiam
795 1500 910 1553 -sibi
956 1517 1074 1555 eum
1109 1503 1316 1570 jacente
1349 1505 1545 1573 jacere.
1596 1509 1791 1563 Causas

244 1589 421 1636 autem
458 1586 752 1641 criminum
781 1603 910 1655 quas
951 1590 1024 1644 illi
1075 1592 1470 1657 confitebantur,
1524 1596 1651 1650 nulli
1690 1599 1789 1652 nisi

244 1667 472 1726 Domino
519 1673 626 1727 soli
673 1676 809 1743 apud
844 1691 997 1744 quem
1043 1679 1397 1734 intercedebat
1431 1682 1741 1751 loquebatur
1773 1702 1785 1737 :

242 1755 440 1809 bonum
471 1758 781 1827 relinquens
825 1763 1116 1830 exemplum
1145 1768 1370 1832 posteris
1411 1770 1786 1835 sacerdotibus,

243 1849 301 1893 ut
347 1842 738 1900 intercessores
761 1849 897 1916 apud
921 1848 1082 1902 Deum
1108 1852 1231 1915 sint,
1260 1856 1425 1921 magis
1453 1870 1607 1921 quam
1635 1873 1788 1911 aecu-

1891 716 2010 782 quis
2038 716 2174 769 hunc
2199 719 2444 770 accusat?
2479 718 2577 770 Sed
2608 720 2823 779 clamat,
2859 722 2977 774 licet
3003 723 3262 777 daemones
3290 741 3404 777 cum

1893 803 2095 856 diabolo
2121 805 2387 857 constituti
2436 806 2600 871 ipsum
2641 817 2881 859 accusent
2908 808 2971 860 de
3012 808 3327 876 turpissimis
3352 821 3405 865 et

1893 891 2109 943 occultis
2153 892 2472 953 criminibus,
2503 908 2604 945 non
2653 894 2829 960 rejicio
2864 908 2960 948 nec
2996 894 3282 961 abominor,
3311 901 3402 953 sed

1892 976 1957 1028 ab
1984 979 2373 1031 accusatoribus
2401 978 2565 1045 ipsum
2595 979 2838 1043 liberans,
2863 988 2915 1034 et
2938 981 3004 1034 ab
3028 981 3294 1049 iniquitate
3315 987 3407 1040 ab-

1891 1063 2114 1126 solvens,
2152 1066 2227 1117 sic
2250 1052 2319 1118 ad
2340 1067 2623 1119 certamina
2652 1067 2783 1120 duco
2814 1086 2825 1120 :
2851 1083 2947 1122 nec
2992 1070 3272 1137 immerito,
3298 1084 3399 1129 etc.

1890 1146 1996 1201 Nec
2023 1150 2122 1202 hoc
2147 1148 2346 1203 tantum
2390 1160 2471 1205 est
2508 1153 2812 1208 admirabile
2837 1156 2975 1223 quod
3003 1157 3153 1213 nobis
3191 1170 3403 1227 peccata

1890 1235 2121 1300 dimittit,
2150 1253 2328 1291 verum
2362 1248 2416 1293 et
2440 1241 2576 1307 quod
2612 1242 2722 1309 ipsa
2744 1257 2848 1296 non
2875 1245 3090 1310 revelat,
3116 1262 3213 1300 nec
3239 1251 3405 1303 maui-

1891 1320 2021 1374 festa
2072 1323 2213 1386 facit,
2262 1341 2359 1379 nec
2406 1328 2711 1382 accedentes
2753 1331 2891 1399 cogit
2919 1331 2971 1383 in
2999 1334 3170 1387 medio
3200 1345 3403 1403 patrata

1890 1409 2114 1472 edicere,
2147 1411 2235 1464 sed
2262 1412 2355 1465 soli
2384 1412 2478 1467 sibi
2508 1414 2760 1467 rationem
2790 1416 3004 1471 reddere
3025 1415 3193 1483 jubet,
3220 1429 3273 1472 et
3306 1422 3404 1475 sibi

1888 1498 2122 1551 conﬁteri
2155 1514 2169 1551 :
2201 1499 2403 1553 Etenim
2426 1516 2490 1554 ex
2517 1503 2850 1557 saecularibus
2890 1505 3171 1573 iudicibus,
3210 1510 3251 1562 si
3288 1511 3405 1577 quis

1890 1584 2041 1638 alicui
2080 1590 2669 1655 captorumlatronum,
2713 1592 2793 1646 vel
2819 1608 2997 1647 eorum
3044 1597 3132 1664 qui
3167 1598 3402 1664 sepulcra

1888 1668 2136 1723 effodiunt
2173 1673 2385 1734 diceret,
2412 1683 2467 1727 ut
2504 1686 2717 1744 peccata
2745 1678 3093 1743 confiteretur,
3119 1689 3171 1734 et
3194 1697 3223 1734 a
3248 1697 3401 1749 ptena

1888 1757 2253 1823 dimitteretur,
2302 1764 2440 1815 omni
2469 1772 2611 1818 certe
2650 1767 3053 1834 promptitudine
3097 1771 3197 1825 hoc
3222 1787 3402 1828 susce-

1886 1846 2103 1911 pissent,
2133 1848 2312 1903 salutis
2352 1853 2632 1920 cupiditate
2681 1856 2928 1922 pudorem
2977 1867 3398 1927 contemnentes;

244 1939 452 1983 satores
477 1932 625 2000 apud
652 1933 907 1989 homines.
933 1935 1062 1989 Nam
1087 1946 1141 1990 et
1165 1940 1451 1994 secundum
1476 1942 1782 2010 Apostolum

1889 1932 1973 1986 hic
2002 1949 2124 1988 vero
2152 1953 2253 1990 non
2287 1938 2384 1993 hoc
2415 1950 2513 2005 est,
2535 1957 2716 1995 verum
2742 1951 2794 1996 et
2816 1955 3025 2011 peccata
3054 1947 3280 2011 dimittit,
3307 1966 3402 2005 nec

244 2016 385 2071 circa
417 2018 726 2086 hujusmodi
749 2022 1009 2076 hominem
1029 2026 1381 2081 confirmanda
1404 2030 1634 2086 charitas
1656 2039 1737 2085 est
1766 2051 1778 2084 :

244 2106 365 2170 quia
396 2105 512 2173 ipse
556 2110 640 2160 sui
667 2116 938 2163 accusator
962 2120 1061 2175 est,
1093 2129 1190 2168 nec
1217 2125 1486 2183 exspectat
1515 2130 1783 2174 accusato-

243 2205 376 2253 rem,
425 2191 522 2245 sed
560 2197 835 2261 praevenit,
870 2208 927 2251 ut
959 2200 1254 2256 confitendo
1278 2219 1430 2259 suum
1454 2207 1649 2261 ‘allevet
1673 2210 1782 2277 ipse.

243 2277 521 2343 delictum,
553 2296 653 2334 nec
675 2282 868 2337 habeat
893 2286 1033 2355 quod
1075 2289 1406 2346 adversarius
1452 2295 1777 2349 criminetur.

241 2365 465 2436 Ideoque
492 2369 772 2440 Scriptura
809 2374 936 2428 dicit
963 2394 974 2427 :
1008 2375 1187 2433 Justus
1210 2378 1267 2441 in
1296 2382 1551 2451 principio
1577 2400 1778 2440 sermo-

241 2457 324 2510 nis
350 2468 636 2514 accusator
654 2472 736 2516 est
765 2464 863 2517 sui.
888 2464 1080 2520 Vocem
1106 2468 1246 2522 enim
1273 2470 1428 2537 eripit
1454 2471 1776 2536 adversario,

240 2549 293 2595 et
316 2546 467 2611 quasi
501 2548 688 2601 dentes
711 2551 965 2617 quosdam
1002 2561 1216 2621 paratos
1247 2557 1312 2610 ad
1348 2558 1576 2624 prmdam
1603 2560 1779 2613 crimi~

242 2632 470 2684 nationis
497 2633 704 2688 infestae
726 2645 1056 2704 peccatorum
1079 2656 1292 2696 suorum
1312 2644 1635 2699 confessione
1656 2663 1779 2702 con-

242 2715 442 2787 fringit,
488 2721 623 2776 dans
654 2724 902 2780 honorem
931 2727 1056 2792 Deo,
1083 2731 1166 2784 cui
1193 2732 1329 2785 nuda
1363 2741 1484 2787 sunt
1506 2735 1697 2797 omnia,
1724 2744 1777 2789 et

241 2808 327 2875 qui
356 2810 467 2862 vult
493 2812 657 2865 vitam
685 2815 850 2885 magis
877 2819 1167 2883 peccatoris
1191 2835 1346 2888 quam
1381 2833 1622 2878 mortem.

306 2893 538 2951 Joannes
583 2898 989 2969 Chrysostomus
1028 2906 1080 2959 in
1126 2908 1341 2962 homilia
1388 2911 1455 2964 9.0
1500 2914 1551 2965 in
1588 2930 1703 2981 cap.
1745 2933 1774 2967 ι·

244 2981 432 3037 Cenes.
467 3002 481 3037 :
517 3003 537 3035 ι
570 2984 843 3042 Scortator
869 2992 1030 3057 enim,
1063 2993 1143 3047 vel
1167 2996 1387 3061 adulter,
1417 3000 1497 3050 vel
1520 3002 1608 3068 qui
1636 3002 1773 3055 aliud

242 3071 345 3124 tale
391 3074 648 3140 quiddam
688 3077 920 3142 admisit,
952 3080 1155 3135 etiamsi
1185 3096 1367 3137 omnes
1395 3084 1559 3140 latere
1593 3097 1769 3155 queat,

241 3172 508 3228 nunquam
537 3170 713 3216 tamen
757 3165 832 3218 sic
857 3165 910 3219 in
936 3168 1309 3237 tranquillitate
1333 3172 1478 3236 vivit,
1500 3182 1600 3228 etc.
1629 3174 1773 3228 Atta-

243 3261 359 3300 men
395 3250 484 3317 qui
516 3252 630 3304 bzec
653 3251 795 3318 fecit,
826 3255 870 3307 si
901 3254 1124 3310 voluerit
1144 3264 1201 3311 ut
1224 3259 1372 3313 decet
1400 3261 1473 3314 uti
1503 3263 1772 3316 conscien-

244 3333 327 3387 tia:
351 3335 673 3402 adiumento,
701 3347 755 3392 et
797 3339 861 3392 ad
889 3341 1268 3398 confessionem
1295 3345 1583 3400 facinorum
1625 3347 1773 3402 festi-

242 3433 386 3488 nare,
429 3431 486 3477 et
533 3425 738 3482 medico
776 3429 1052 3482 ostendere
1095 3430 1262 3495 ulcus,
1293 3434 1379 3500 qui
1410 3442 1556 3488 curet
1589 3444 1768 3488 etnon

242 3508 541 3575 exprobret,
577 3519 734 3581 atque
754 3515 820 3568 ab
844 3515 932 3569 illo
958 3517 1185 3571 remedia
1214 3520 1472 3587 accipere,
1505 3530 1558 3575 et
1596 3522 1689 3577 soli
1721 3524 1768 3577 ei

243 3596 399 3666 loqui,
430 3603 579 3656 nullo
603 3604 706 3658 alio
728 3607 956 3665 conscio,
983 3615 1036 3659 et
1074 3610 1247 3662 omnia
1275 3609 1449 3663 dicere
1492 3627 1610 3666 cum
1653 3613 1770 3665 dili-

243 3687 428 3755 gentia,
457 3689 614 3745 facile
634 3699 849 3759 peccata
874 3708 965 3747 sua
989 3697 1306 3750 cmendabit.
1331 3698 1602 3754 Confessio
1628 3702 1767 3754 enim

245 3788 570 3843 peccatorum
599 3780 815 3835 abolitio
837 3782 994 3837 etiam
1017 3772 1098 3838 est
1120 3780 1444 3854 delictorum.
1476 3809 1492 3838 ι
1526 3788 1659 3854 Quid
1687 3790 1767 3844 bis

247 3863 417 3918 verbis
441 3865 658 3932 clarius,
674 3868 865 3935 quibus
885 3878 1099 3924 sanctus
1121 3869 1347 3927 Joannes
1367 3873 1766 3944 Chrysostomus

247 3948 468 4005 afﬁrmat
500 3955 1041 4022 pmnitentiasccreto
1066 3957 1222 4021 facta,
1254 3961 1495 4025 qumliliet
1522 3963 1761 4027 crimina,

246 4046 300 4091 ut
324 4048 518 4105 scorta,
541 4041 814 4107 adulteria,
839 4052 890 4097 et
916 4045 1014 4098 alia
1036 4043 1265 4112 ejusdem
1295 4050 1501 4117 generis
1528 4052 1614 4119 qui
1636 4052 1763 4107 alios

245 4124 420 4194 latent,
450 4130 932 4197 aboleri?Quidam
976 4143 1182 4203 putant.
1232 4138 1305 4192 ita
1348 4139 1487 4207 loqui
1511 4140 1761 4197 Joannem

245 4213 688 4285 Chrysostomum,
730 4233 796 4274 ex
825 4236 888 4275 eo
911 4224 1048 4290 quod
1075 4239 1105 4277 a
1130 4227 1509 4293 prmdecessore
1542 4237 1634 4284 suo
1663 4231 1762 4284 Ne-

246 4306 398 4360 ctario
426 4308 671 4376 episeopo
711 4310 1282 4381 Constantinopolitano
1316 4315 1572 4371 sublatam
1603 4318 1760 4374 fuisse

246 4394 590 4457 penitentiam
616 4397 871 4466 publicam
901 4400 1238 4454 arbitrentur.
1255 4401 1366 4479 'Sed
1406 4404 1574 4472 primo
1610 4407 1759 4459 refel-

244 4474 411 4534 luntur
429 4484 666 4550 ipsismet
686 4483 734 4538 J.
765 4485 1121 4555 Chrysostomi
1150 4474 1459 4544 testimoniis
1478 4492 1564 4559 qui
1590 4494 1756 4559 publi-

1881 2020 2021 2087 cogit
2067 2026 2408 2088 praesentibus
2456 2030 2765 2095 quibusdam
2811 2033 2922 2099 ipsa
2966 2036 3222 2089 enuntiari
3258 2054 3270 2089 :
3310 2040 3401 2092 sed

1881 2119 2041 2158 unum
2082 2109 2247 2162 solum
2288 2113 2449 2182 exigit
2491 2123 2548 2165 ut
2592 2116 2701 2183 ipse
2739 2119 3041 2174 remissione
3076 2121 3253 2177 fruens
3278 2125 3397 2178 doni

1880 2195 2287 2260 magnitudinem
2312 2199 2494 2253 discat.

1946 2278 1994 2331 J.
2041 2280 2440 2351 Cbrysostomus
2485 2288 2537 2341 in
2590 2286 2801 2343 humilia
2855 2294 2886 2346 8
2927 2293 2990 2346 de
3039 2295 3391 2351 Pmuitentia:

1884 2384 1902 2414 ‹
1934 2367 2124 2423 Probet
2164 2380 2355 2429 autem.
2382 2377 2606 2445 seipsum
2636 2381 2809 2443 homo,
2856 2391 2909 2436 ct
2941 2384 3015 2437 sic
3053 2387 3118 2438 de
3151 2400 3283 2453 pane
3309 2387 3396 2443 illo

1877 2456 2137 2519 comedat,
2183 2468 2236 2511 et
2279 2460 2343 2512 de
2397 2464 2556 2517 calice
2585 2465 2746 2518 bibat.
2792 2466 2902 2520 Non
2948 2470 3195 2524 revelavit
3226 2472 3391 2536 ulcus,

1876 2558 1979 2596 non
2006 2545 2057 2597 in
2086 2560 2360 2602 commune
2403 2550 2659 2604 theatrum
2700 2556 3084 2609 accusationem
3129 2561 3390 2625 produxit.

1876 2633 1988 2689 Non
2034 2638 2340 2694 delictorum
2384 2648 2539 2696 testes
2567 2646 2750 2698 statuit
2776 2659 2791 2696 :
2819 2645 2958 2701 intus
2987 2647 3039 2700 in
3075 2650 3391 2704 conscientia

1874 2732 2078 2778 astante
2103 2729 2325 2789 nemine,
2345 2741 2535 2797 prieter
2552 2749 2688 2796 eum,
2720 2735 2808 2803 qui
2828 2745 3012 2790 cuncta
3029 2740 3186 2803 videt,
3210 2741 3388 2806 Deum,

1875 2812 1963 2877 qui
1998 2820 2049 2864 et
2079 2820 2342 2867 scrutatur
2377 2826 2430 2870 et
2458 2819 2521 2871 de
2549 2822 2777 2886 peccatis
2810 2822 3026 2890 judicat,
3074 2833 3127 2877 ct
3163 2828 3391 2881 omnium

1874 2904 2031 2956 vitam
2061 2905 2208 2972 quasi
2238 2904 2383 2958 lance
2410 2908 2632 2973 quadam
2661 2909 2837 2973 librat,
2867 2908 3113 2978 judicium
3148 2923 3390 2980 peccato-

1873 3006 1988 3043 rum
2015 3000 2267 3055 statuens,
2298 3002 2351 3047 et
2379 2996 2535 3048 vitam
2572 3012 2776 3051 omnem
2812 3002 3101 3070 recogitans
3125 3004 3177 3057 in
3205 3006 3391 3059 mentis

1866 3077 2118 3145 judicium
2154 3091 2368 3148 peccata
2393 3084 2666 3148 deducito,
2690 3084 2913 3140 reforma
2941 3090 3078 3156 quod
3108 3089 3389 3159 deliquisti,

1871 3176 2025 3238 atque
2048 3170 2125 3224 sic
2155 3185 2285 3238 pura
2325 3174 2637 3227 conscientia
2682 3191 2883 3230 sacram
2911 3180 3106 3248 attinge
3133 3195 3386 3245 mensam,

1869 3260 2232 3327 particepsque
2270 3262 2436 3314 sancti
2482 3262 2721 3317 sacrificii
2758 3264 2869 3318 fias.
2906 3264 3025 3320 Haec
3054 3275 3225 3321 mente
3265 3270 3390 3322 reti-

1870 3356 2076 3409 nentes,
2092 3356 2144 3401 et
2168 3350 2397 3401 omnium
2421 3365 2535 3417 qua:
2550 3351 2612 3405 de
2635 3352 2835 3407 luxuria
2861 3354 3083 3410 diximus
3108 3358 3384 3422 recordati,

1868 3443 2165 3503 quantaque
2194 3436 2276 3489 his
2302 3451 2456 3505 poena
2493 3441 2658 3505 posita
2687 3441 2784 3505 sit,
2815 3443 2901 3510 qui
2931 3443 3313 3500 incontinenter
3335 3457 3388 3500 et

1866 3525 2038 3577 minus
2066 3525 2251 3592 pudice
2290 3526 2572 3593 respiciunt
2600 3528 2651 3580 in
2691 3530 2922 3584 mulieris
2948 3531 3168 3598 faciem,
3199 3543 3251 3589 et
3280 3551 3385 3604 prae

1866 3614 2101 3680 gehenna
2141 3616 2230 3667 Dei
2266 3616 2502 3669 timorem
2541 3624 2593 3669 ct
2629 3618 2934 3693 cliarimtcm
2973 3618 3224 3675 habentes
3263 3632 3385 3677 ante

1865 3698 2061 3761 oculos,
2089 3702 2434 3769 nosmetipsos
2478 3702 2598 3755 hinc
2638 3703 2757 3757 inde
2806 3714 3086 3775 purgantes
3115 3708 3191 3762 sic
3218 3710 3383 3764 sacris

1864 3784 2127 3852 mysteriis
2169 3786 2594 3853 propinquemns,
2640 3804 2704 3841 ne
2748 3789 2797 3841 in
2821 3790 3070 3858 judicium
3095 3792 3381 3847 damnatio--

1865 3884 2087 3940 nemque
2102 3874 2250 3927 nobis
2268 3873 2409 3937 ﬁant,
2428 3875 2516 3929 sed
2537 3876 2588 3928 in
2605 3878 2823 3931 salutem
2840 3886 2890 3932 et
2903 3880 3087 3933 animae
3104 3883 3376 3937 sanitatem

1863 3960 2205 4028 fiduciamque
2239 3964 2536 4016 continuam
2572 3965 2754 4018 salutis
2783 3965 2934 4032 hujus
2959 3969 3319 4036 suscipiamus.
3354 3989 3369 4019 ι

1929 4047 1982 4099 In
2013 4048 2223 4102 homilia
2252 4049 2315 4102 10
2338 4051 2399 4103 de
2427 4048 2754 4115 Pmnitentia,
2780 4067 2892 4120 quae
2913 4068 3013 4107 non
3036 4058 3173 4109 recte
3193 4056 3377 4110 inscri-

1860 4138 2000 4190 bitur
2042 4140 2074 4192 9
2125 4140 2175 4191 in
2217 4140 2367 4194 editis
2411 4159 2422 4192 :
2458 4159 2475 4191 ‹
2513 4142 2760 4208 Quamvis
2809 4145 2859 4196 in
2907 4153 3136 4199 extrema
3184 4148 3376 4202 canitie

1859 4226 2170 4291 peccaveris,
2210 4226 2501 4295 ingredere,
2533 4230 2888 4295 pmnitentiam
2926 4246 3018 4299 age
3049 4249 3061 4284 :
3101 4233 3372 4287 medicina:

1858 4312 2002 4365 locus
2028 4321 2107 4366 est
2140 4315 2243 4378 hic,
2276 4302 2375 4370 non
2415 4316 2625 4382 judicii;
2660 4333 2760 4371 non
2802 4334 2984 4387 pmnas
3021 4322 3248 4389 exigens,
3280 4326 3370 4378 sed

1856 4409 2187 4466 peccatorum
2240 4403 2596 4456 remissionem
2636 4406 2888 4459 tribuens.
2935 4407 3039 4460 Deo
3082 4408 3246 4461 solum
3286 4410 3370 4465 die

1857 4495 2125 4555 peccatum
2165 4498 2308 4543 tuum
2340 4509 2351 4542 :
2385 4491 2498 4545 Tibi
2525 4492 2620 4546 soli
2641 4496 2868 4561 peccavi,
2899 4504 2953 4549 et
2979 4497 3167 4552 malum
3192 4515 3366 4555 coram

242 4578 349 4619 cam
376 4571 734 4636 pmnitentiam
760 4573 812 4625 in
840 4573 949 4627 suis
968 4573 1196 4628 homiliis
1225 4576 1358 4642 apud
1383 4555 1752 4632 Constantino-
1785 4555 1828 4611 υ
1858 4584 1904 4628 te
1927 4572 2042 4637 feci,
2070 4585 2122 4629 et
2149 4578 2426 4631 dimittitur
2452 4588 2721 4647 peccatum
2750 4589 2912 4637 tuum.
2937 4603 2955 4637 ι
2985 4625 2989 4630 .

240 4655 390 4722 polim
431 4659 587 4714 dictis
612 4661 933 4729 praedicavit,
977 4662 1113 4716 sicut
1136 4664 1331 4731 optime
1367 4654 1754 4721 demonstratur
1812 4712 1827 4722 ,

244 4740 291 4794 ἰιι
331 4744 489 4811 ipsius
540 4745 659 4799 Vita
691 4746 956 4802 Gallicana
1000 4749 1173 4817 lingua
1202 4751 1392 4818 scripta
1417 4767 1446 4804 a
1472 4752 1752 4807 Godefrido

242 4828 531 4887 llermantio
547 4834 789 4904 theologo
799 4836 1149 4891 eruditissimo
1158 4845 1214 4892 et
1230 4839 1371 4893 socio
1385 4841 1677 4895 sorbenico.
1696 4842 1746 4896 ἓ.

243 4913 428 4975 Nullius
452 4922 701 4976 momenti
728 4921 900 4991 potest
931 4936 1049 4978 esse
1087 4925 1184 4979 ista
1213 4925 1454 5001 objectio,
1494 4944 1610 4983 cum
1646 4947 1747 4985 non

240 5004 438 5061 dubium
452 5010 522 5064 sit
535 5010 663 5078 quin
679 5010 918 5065 homilias
932 5012 983 5065 in
1003 5011 1246 5067 Genesim
1262 5015 1399 5082 apud
1415 5015 1746 5071 Antiochiam

243 5094 548 5161 recitaverit,
575 5096 715 5151 sicut
750 5098 993 5153 homilias
1014 5100 1067 5154 in
1096 5099 1260 5169 Epist.
1291 5102 1358 5155 ad
1393 5101 1629 5158 Corinth.
1661 5108 1749 5160 ubi

241 5181 586 5257 pmnitentiam
612 5184 872 5254 publicam
901 5201 996 5254 pro
1019 5190 1248 5257 peccatis
1286 5191 1506 5270 publicis
1525 5193 1750 5264 viguisse

243 5267 310 5321 sic
350 5271 579 5327 declarat
624 5274 677 5327 in
728 5275 943 5329 homilia
984 5277 1053 5332 28
1087 5278 1140 5331 in
1167 5278 1263 5347 Ep.
1288 5267 1347 5332 ll
1372 5280 1438 5333 ad
1465 5279 1699 5336 Corinth.
1733 5300 1744 5335 :

246 5355 461 5413 «lterum
492 5376 614 5415 cum
639 5377 881 5417 arcemus
920 5379 1012 5418 eos
1055 5365 1151 5433 qui
1188 5380 1291 5419 non
1340 5362 1557 5433 possunt
1584 5382 1749 5423 sacrae

242 5453 417 5502 mensa:
453 5449 740 5517 participes
780 5463 916 5514 esse,
963 5451 1119 5504 aliam
1148 5451 1260 5505 ﬁeri
1284 5461 1489 5521 oportet
1514 5469 1738 5522 precem,

241 5538 502 5603 omnesque
530 5535 773 5591 similiter
793 5537 934 5592 humi
957 5538 1151 5608 jacere,
1179 5549 1281 5594 etc.
1316 5560 1332 5592 ι

299 5617 508 5678 Sanctus
532 5624 958 5695 Chrysostomns,
984 5628 1037 5683 in
1064 5629 1274 5683 homilia
1296 5630 1382 5693 2t,
1412 5633 1474 5684 ad
1499 5631 1739 5698 pupulum

244 5706 599 5770 Antiochenam
635 5733 645 5767 :
685 5733 702 5766 ι
732 5714 1059 5772 Contrarium
1099 5721 1416 5788 Agniimheta
1461 5731 1637 5786 uester
1667 5725 1736 5774 fa,

1924 4661 1977 4714 In
2024 4675 2261 4716 sermone
2305 4664 2370 4717 de
2414 4665 2679 4719 Pharisaeo
2705 4676 2757 4721 et
2786 4670 3057 4735 publicano
3088 4690 3099 4725 :
3131 4690 3150 4724 ι
3186 4674 3364 4744 Itaque

1852 4752 2106 4806 admoneo
2132 4762 2187 4805 ut
2221 4754 2516 4809 confitearis
2539 4765 2751 4824 peccata
2791 4767 2896 4813 tua.
2924 4760 3101 4830 Neque
3138 4764 3277 4817 enim
3311 4772 3362 4821 te

1852 4841 1917 4893 ad
1962 4843 2221 4896 theatrum
2265 4857 2632 4898 conservorum
2681 4856 2906 4912 tuorum,
2934 4866 3028 4905 nec
3056 4858 3105 4905 te
3146 4866 3274 4921 cogo
3298 4868 3359 4906 ea

1855 4928 2151 4983 hominibus
2172 4932 2450 4985 enuntiare
2479 4951 2490 4983 :
2519 4933 2888 4989 conscientiam
2910 4945 3047 4990 tuam
3075 4938 3181 4993 Deo
3202 4953 3357 5009 expo—

1850 5032 1934 5080 ne,
1970 5018 2015 5071 ei
2061 5018 2274 5071 ostende
2303 5017 2435 5072 facta
2464 5022 2754 5075 etvnlnera
2779 5030 2833 5076 et
2856 5025 2922 5076 ab
2947 5039 3011 5078 eo
3046 5027 3353 5083 medicinam

1847 5113 1965 5170 pete
1990 5118 2005 5156 :
2026 5106 2239 5158 ostende
2265 5114 2313 5158 te
2340 5120 2440 5158 non
2469 5109 2824 5175 exprobranti,
2851 5112 2941 5164 sed
2960 5113 3181 5166 curanti.
3209 5133 3230 5165 ι

1914 5191 1969 5245 In
1991 5191 2199 5245 homilia
2219 5193 2279 5246 51
2304 5194 2355 5246 in
2379 5194 2472 5261 Ep.
2496 5196 2560 5249 ad
2581 5196 2824 5250 Hebraeos
2847 5216 2858 5249 :
2891 5216 2909 5249 ι
2942 5199 3018 5255 Ne
3039 5214 3131 5254 nos
3153 5210 3350 5257 tantum

1845 5278 2077 5334 dicamus
2094 5288 2411 5348 peccatores,
2442 5283 2530 5336 sed
2555 5285 2711 5337 etiam
2734 5296 2945 5354 peccata
2972 5303 3348 5357 recenseamus,

1846 5366 2247 5436 unumquodque
2289 5379 2668 5425 enumerantes.
2723 5371 2831 5427 Non
2874 5374 2965 5427 tibi
2994 5366 3110 5431 dico
3132 5386 3271 5433 utea
3296 5380 3348 5434 in

1842 5456 2104 5524 publicum
2131 5457 2387 5524 proferas,
2426 5472 2591 5525 neque
2612 5461 2746 5528 apud
2768 5461 2897 5515 alios
2923 5476 3156 5529 accuses,
3178 5465 3268 5522 sed
3292 5476 3349 5521 ut

1842 5560 2026 5613 pareas
2048 5544 2316 5614 Propheta
2335 5548 2522 5601 dicenti
2551 5566 2561 5600 :
2596 5549 2774 5603 Revela
2795 5551 3008 5607 Domino
3035 5557 3161 5608 viam
3185 5565 3342 5625 tuam,

1842 5635 1974 5702 apud
2000 5635 2158 5687 Deum
2189 5634 2436 5688 confitere
2460 5646 2666 5704 peccata
2696 5646 2850 5691 tua.»

1910 5724 1959 5777 ln
1989 5724 2196 5777 homilia
2227 5725 2311 5785 56,
2340 5726 2389 5775 in
2418 5726 2574 5778 Actus
2600 5728 2938 5794 apostolorum
2962 5774 2967 5781 .
3004 5731 3333 5801 ~Quidigitur

2968 5951 2987 5977 \
