3974 6432
483 4474 509 4542 't

678 439 807 492 H75

1216 446 1544 505 TIiEODORl
1582 451 1884 507 ARCIIIEP.
1922 453 2126 507 (ΣᾹΝΤΙ

2223 457 2256 506 ι.
2299 452 2626 508 ΠΟΕΪΗΙΝΑ
2666 454 3215 522 ΒΕΡΟΕΝΠΕΝΤΙΑ

3659 455 3776 509 “76

669 550 712 599 si
736 550 962 617 graviter
985 552 1316 607 olli-oderim?
1342 556 1495 610 Cessa
1530 556 1810 622 oﬂ'enderc,
1837 568 1888 613 et
1922 561 2177 628 lacrymas
2209 574 2248 624 Α
2276 570 2448 615 tamen
2483 562 2717 617 sufficere
2752 558 3035 617 arbitratur
3065 573 3276 619 sanctus
3297 564 3636 635 Augustinus,
3668 583 3776 622 cum

666 633 840 696 funde,
868 643 918 686 et
940 635 1007 687 ita
1033 639 1236 703 accede,
1267 650 1319 693 et
1341 643 1513 695 statim
1531 644 1767 711 inprimis
1786 645 2015 698 invenies
2034 646 2176 698 illum

574 762 580 767 .
622 738 625 741 ν
664 722 957 787 propitium.
990 724 1079 777 Dic
1099 726 1284 789 solum,
1316 727 1523 792 odendi,
1558 730 1641 783 die
1667 744 1728 782 ex
1754 732 1948 792 animo,
1971 740 2024 784 et
2046 747 2176 799 pura

665 820 833 864 mente
859 830 871 862 :
897 820 948 865 et
975 814 1138 868 soluta
1167 826 1285 869 sunt
1309 819 1501 871 omnia.
1524 819 1635 873 Non
1672 821 1801 874 adeo
1821 820 1966 887 cupis
1987 821 2177 874 dimitti

660 906 869 965 peccata
914 910 1022 965 tua,
1069 904 1204 957 sicut
1247 905 1330 957 illa
1368 908 1511 974 cupit
1543 918 1757 975 peccata
1795 918 1882 961 tua
1911 910 2118 970 dimitti.
2148 929 2167 959 ι

660 983 784 1039 Vide
820 987 1001 1041 eadem
1049 990 1099 1042 in
1142 992 1350 1045 humilia
1376 994 1428 1056 5,
1453 994 1517 1047 de
1552 983 2056 1061 incompre'hensihili
2079 997 2171 1049 Dei

660 1070 875 1135 Natura;
901 1064 1047 1128 conc.
1073 1075 1128 1139 Α,
1165 1077 1226 1130 de
1263 1077 1486 1141 Lazaro;
1521 1080 1697 1133 homil.
1730 1082 1764 1133 2
1791 1081 1840 1133 in
1875 1081 2006 1148 psal.
2042 1099 2091 1142 ι,
2117 1090 2170 1135 et

654 1155 705 1207 in
736 1159 967 1223 homilia,
1001 1160 1147 1224 Quod
1188 1179 1286 1214 non
1329 1177 1531 1231 peccata
1570 1167 1849 1235 et'ulganda
1877 1176 2011 1221 sunt.
2041 1167 2168 1222 Vide

652 1260 856 1312 quoque
874 1247 1173 1302 Cassianum
1198 1250 1244 1303 J.
1265 1251 1446 1320 Chrys.
1472 1253 1775 1321 discipulum
1806 1257 1856 1308 in
1879 1255 2051 1308 eollat.
2075 1271 2163 1316 xx,

651 1347 765 1399 cap.
792 1334 844 1387 8.
860 1333 984 1399 Quae
1010 1339 1179 1390 omnia
1205 1339 1562 1393 demonstrant
1581 1357 1782 1396 morem
1808 1343 1965 1397 fuisse
1988 1342 2167 1396 Eccle-

651 1420 759 1480 size,
787 1418 851 1473 de
882 1424 1104 1489 peccatis
1130 1426 1344 1479 occultis
1367 1436 1570 1481 secreto
1598 1430 1903 1496 paenitendi.

714 1506 1037 1577 innocentius
1057 1511 1095 1573 l,
1124 1512 1173 1565 in
1201 1513 1412 1581 epistola
1442 1515 1504 1568 ad
1530 1515 1844 1585 Exuperium
1861 1520 2161 1588 episcopum

646 1593 973 1661 Tolosanum,
997 1613 1109 1666 cap.
1134 1599 1165 1651 4
1193 1617 1204 1651 :
1239 1618 1256 1649 ι
1284 1602 1347 1654 Et
1374 1601 1496 1655 illud
1527 1603 1875 1660 desideratum
1900 1617 1981 1661 est
2011 1610 2157 1671 sciri,

644 1695 738 1733 cur
762 1683 1200 1739 communicantes
1228 1686 1324 1739 viri
1362 1701 1480 1741 cum
1505 1689 1753 1744 adulteris
1777 1693 2029 1746 uxoribus
2054 1710 2155 1747 non

641 1770 968 1834 conveniant,
1009 1787 1128 1825 cum
1164 1784 1339 1827 contra
1375 1791 1563 1830 uxores
1593 1778 1642 1829 in
1670 1781 1935 1833 consortio
1958 1781 2159 1835 adulte-

2274 658 2544 715 peccatum
2574 666 2602 701 a
2627 650 2732 702 Deo
2755 650 3022 705 dimissum
3044 666 3159 705 esse
3184 662 3447 721 agnoscat.

2340 734 2394 785 in
2422 750 2578 807 serm.
2604 735 2672 786 Μ
2714 736 2764 787 in
2791 735 3129 805 Evangelium
3175 737 3425 793 Joannis:
3471 726 3571 805 ριᾶ
3610 741 3777 795 rident

2271 820 2530 873 mulierem
2576 822 2644 873 ad
2691 825 3140 891 concupiscendum
3173 842 3306 888 eam,
3334 826 3462 894 .jam
3512 829 3776 904 mittebatur

2269 915 2345 957 est
2369 907 2419 957 in
2446 905 2596 958 corde
2630 924 2742 959 suo.
2788 907 3024 962 Nondum
3055 913 3276 965 accessit
3302 927 3539 981 corpore,
3568 928 3777 967 eonsen-
3826 950 3833 957 .

2269 993 2335 1044 sit
2370 993 2419 1045 in
2451 996 2637 1058 corde;
2667 1004 2927 1049 mortuum
2956 998 3095 1053 intus
3121 1000 3296 1063 habet,
3321 1002 3550 1055 nondum
3575 1001 3771 1055 extulit.

2268 1080 2332 1132 Et
2359 1080 2435 1143 fit,
2478 1090 2536 1134 ut
2579 1084 2841 1145 novimus,
2878 1094 2934 1136 ut
2975 1087 3206 1154 quotidie
3248 1088 3484 1141 homines
3526 1105 3584 1143 se
3630 1104 3776 1160 expe-

2265 1167 2470 1219 riuntur
2504 1167 2780 1235 aliquando
2817 1171 2993 1240 audito
3028 1174 3190 1226 verbo
3227 1173 3349 1236 Dei,
3394 1183 3643 1242 tanquam
3681 1174 3776 1229 Do-

2265 1255 2407 1307 mino
2453 1254 2678 1318 dicente,
2731 1257 2915 1327 Surge,
2967 1260 3344 1315 condemnatur
3389 1277 3673 1316 consensus
3714 1264 3775 1317 ad
3835 1301 3855 1323 .

2264 1341 2609 1409 iniquitatem,
2642 1346 2931 1414 respiratur
2955 1348 3005 1400 in
3032 1348 3251 1402 salutem
3281 1357 3336 1403 et
3351 1349 3627 1415 justitiam.
3654 1351 3775 1405 Sur-

2260 1429 2335 1496 git
2371 1438 2607 1485 mortuus
2651 1432 2701 1485 in
2739 1434 2913 1499 domo,
2953 1436 3217 1489 reviviscit
3254 1438 3306 1489 in
3336 1439 3667 1507 cogitationis
3692 1455 3770 1493 se—

2258 1522 2418 1574 creto,
2453 1514 2592 1569 facta
2631 1526 2713 1571 est
2747 1519 2845 1572 ista
2887 1521 3201 1575 resurrectio
3233 1523 3419 1576 anima:
3447 1536 3664 1578 mortuas
3701 1525 3773 1579 in-

2257 1609 2340 1654 tus
2367 1619 2378 1653 :
2408 1602 2545 1654 intra
2581 1604 2811 1659 latebras
2844 1607 3192 1669 conscientize,
3232 1616 3481 1676 tanquam
3517 1609 3654 1664 intra
3686 1611 3774 1666 do~

2255 1687 2503 1741 mestieos
2548 1690 2794 1757 parietes.
2822 1710 2839 1741 ι
2883 1691 3128 1747 Pluribus
3176 1694 3294 1748 aliis
3340 1697 3394 1749 in
3437 1696 3566 1753 locis
3593 1697 3769 1751 eodem

2256 1772 2409 1827 modo
2453 1774 2703 1844 loquitur.
2755 1778 2911 1832 Verbi
2957 1780 3122 1848 gratia
3161 1798 3173 1831 :
3212 1781 3267 1834 In
3315 1797 3555 1838 sermone
3596 1785 3664 1838 44
3710 1787 3771 1840 de

641 1872 815 1909 rorum
838 1859 1066 1912 virorum
1094 1876 1306 1915 manere
1339 1864 1626 1917 videantur.
1661 1864 1830 1934 Super
1858 1868 1957 1921 hoc
2000 1867 2152 1921 Chri-
2182 1867 2225 1924 Β
2254 1859 2437 1913 verbis
2465 1861 2701 1917 Domini:
2737 1882 2754 1912 ί
2796 1863 2848 1917 Si
2887 1880 3012 1919 Vero
3069 1868 3241 1921 adhuc
3278 1879 3548 1938 peccatum
3589 1886 3770 1926 conce-

638 1946 803 1998 stiana
826 1947 1006 2016 religio
1027 1949 1335 2003 adulterium
1357 1951 1406 2004 in
1430 1961 1650 2021 utroque
1658 1970 1791 2026 θεῖα
1814 1957 1926 2024 pari
1950 1957 2150 2011 ratione

636 2032 961 2085 condemnat.
1010 2032 1111 2086 Sed
1144 2036 1280 2089 viros
1308 2052 1430 2091 suos
1453 2038 1700 2093 mulieres
1740 2056 1842 2094 non
1889 2041 2041 2095 facile
2085 2046 2149 2095 de

632 2116 887 2170 adulterio
930 2130 1194 2184 accusant,
1244 2131 1295 2175 et
1338 2137 1437 2176 non
1475 2125 1665 2178 habent
1693 2125 1905 2179 latentia
1936 2136 2147 2194 peccata

628 2208 907 2262 vindictam
954 2228 965 2261 :
1012 2211 1110 2263 viri
1156 2220 1328 2265 autem
1374 2213 1589 2266 liberius
1645 2229 1835 2268 uxores
1884 2216 2146 2270 adulteras

627 2297 760 2366 apud
788 2301 1080 2355 sacerdotes
1100 2303 1301 2357 deferre
1318 2311 1721 2377 consueverunt,
1747 2312 1799 2355 et
1822 2303 1939 2358 ideo
1962 2305 2145 2357 mulie-

628 2388 772 2439 ribus
810 2388 1015 2453 prodito
1056 2403 1234 2443 earnm
1283 2376 1501 2444 crimine
1549 2376 1837 2460 donegatur
1866 2410 1878 2445 :
1911 2394 2142 2447 virorum

624 2483 795 2527 autem
837 2473 1029 2528 latente
1078 2479 1376 2541 commisso,
1426 2494 1528 2532 non
1583 2478 1736 2534 facile
1774 2482 2047 2552 quisquam
2076 2496 2140 2534 ex

623 2562 1001 2631 suspicionibus
1039 2566 1346 2619 abstinetur.
1380 2567 1477 2630 Qui
1507 2568 1687 2636 utique
1726 2570 2137 2634 submovehitur,

619 2649 662 2700 si
685 2648 795 2716 ejus
823 2648 1073 2718 ﬂagitium
1101 2651 1391 2720 delegatur.
1414 2651 1543 2706 Cum
1575 2668 1700 2723 ergo
1721 2669 1819 2723 par
1851 2657 1918 2709 sit
1954 2671 2136 2721 causa,

619 2737 901 2800 interdum,
943 2738 1248 2807 probatione
1274 2750 1533 2807 cessante,
1563 2743 1803 2798 vindicta:
1844 2747 1982 2800 ratio
2006 2763 2133 2801 con-

524 2896 531 2903 .
615 2823 852 2890 quiescit.
884 2844 901 2875 ι
935 2826 1107 2890 Quare
1130 2827 1307 2894 plures
1324 2829 1422 2881 viri
1453 2812 1805 2883 adulterantes
1829 2835 2133 2899 paenitentia

614 2910 813 2977 publica
843 2928 943 2964 non
965 2911 1296 2981 plectuntur?
1321 2915 1452 2980 Quia
1480 2932 1581 2968 non
1612 2917 1820 2979 habent,
1845 2919 2031 2985 inquit,
2062 2922 2135 2983 la-

613 3003 773 3054 tentia
796 3009 1011 3071 peccata
1033 3003 1331 3067 vindictam,
1360 3005 1592 3057 virorqu
1615 3008 1805 3059 latente
1827 3009 2127 3061 commisso.

610 3089 746 3156 Ergo
769 3104 883 3143 mos
907 3099 1020 3143 erat
1047 3090 1294 3146 Ecclesite
1322 3093 1387 3146 de
1409 3095 1639 3162 peccatis
1680 3095 1898 3150 occultis
1926 3108 2130 3151 secreto

608 3178 911 3247 pozttitendi.
2000 3258 2006 3263 4

673 3270 1009 3326 Bacchiarius
1038 3273 1089 3325 in
1118 3262 1336 3340 epistola
1366 3275 1432 3327 ad
1456 3271 1782 3327 Ianuarium.
1814 3294 1829 3325 ι
1866 3276 1966 3330 Sed

604 3360 858 3417 tenuissis
895 3360 977 3413 his
1009 3360 1283 3429 plangatur
1324 3362 1624 3426 defunctus,
1666 3364 1947 3433 sepeliatur
1982 3380 2121 3419 mor-

604 3438 721 3501 tuus
750 3466 762 3499 :
791 3449 842 3501 id
866 3456 967 3511 est,
991 3449 1179 3516 partim
1214 3458 1395 3504 nostro
1422 3449 1621 3513 labore,
1648 3453 1835 3518 partim
1862 3468 2117 3506 verecun-

600 3534 697 3585 dia:
722 3547 829 3586 sua:
863 3531 1167 3586 confusione
1199 3543 1471 3601 peccatum
1496 3533 1608 3600 ejus
1641 3535 1856 3600 celetur,
1889 3544 1942 3599 et
1966 3535 2115 3590 aufe-

601 3629 745 3674 ratur
788 3635 818 3675 e
843 3622 1012 3676 medio
1037 3640 1049 3674 :
1076 3636 1171 3674 nos
1195 3631 1369 3676 autem
1394 3624 1764 3679 consolationis
1791 3625 2115 3692 linteamina,

595 3718 648 3760 et
690 3709 916 3763 ctelestis
964 3713 1073 3779 spei
1117 3712 1379 3780 pigmenta
1428 3704 1735 3767 tribuamus.
1777 3715 1893 3782 lpse
1938 3724 2112 3769 autem

596 3795 731 3847 intra
756 3796 1052 3862 sepulcrum
1082 3799 1267 3851 secreti
1291 3800 1370 3852 sui
1399 3786 1645 3854 ctmfusus
1669 3802 1868 3868 peccati
1895 3802 2110 3869 pudore,

593 3884 856 3938 contineat
893 3900 950 3939 se
981 3903 992 3937 :
1027 3885 1097 3940 ibi
1133 3886 1463 3941 conscientiae
1496 3903 1603 3941 sua:
1631 3903 1806 3941 verme
1831 3887 2109 3953 laceretur,

590 3974 679 4039 qui
723 3981 865 4028 totus
908 3974 961 4027 in
1004 3989 1067 4029 eo
1112 3975 1414 4044 putredines
1457 3977 1653 4044 obligat
1696 3987 2047 4045 peccatorum.
2086 3999 2104 4030 ›

590 4063 771 4115 Nonne
806 4062 897 4115 illa
933 4072 1013 4116 est
1046 4065 1351 4131 ptenitentia
1393 4074 1595 4119 secreto
1633 4064 1807 4118 facta?
1838 4066 2003 4130 Quam
2036 4074 2111 4120 ta-

589 4166 707 4205 men
736 4166 829 4219 pro
853 4152 1107 4208 adulterio
1141 4152 1365 4207 nefando
1406 4152 1642 4207 sufﬁcere
1677 4156 1946 4208 existimat
1972 4156 2106 4209 Bac-

585 4241 833 4305 chiarius,
851 4241 997 4311 cujus
1014 4242 1259 4312 opuscula
1279 4241 1761 4297 laudatGenuadius
1786 4244 1837 4297 in
1858 4244 2107 4314 Catalogo

586 4330 865 4387 illustrium
898 4331 1149 4384 virorum.

650 4424 968 4492 Augustinus
996 4426 1047 4477 in
1076 4426 1331 4492 psalmum
1370 4442 1492 4479 xxxi
1520 4443 1532 4478 :
1563 4443 1580 4475 ι
1610 4424 1966 4480 Pronuntiabo
2007 4424 2100 4479 ad-

581 4527 787 4566 versum
823 4526 905 4565 me
940 4511 1220 4579 injustitias
1259 4529 1402 4567 meas
1435 4514 1675 4578 Domino,
1706 4524 1753 4567 et
1783 4523 1835 4567 tu
1864 4515 2101 4568 remisisti

580 4601 880 4670 impietatem
908 4601 1082 4655 cordis
1117 4603 1231 4655 mei.
1262 4602 1403 4655 Dixi.
1432 4602 1566 4668 Quid
1588 4601 1807 4656 dixisti?
1842 4602 1953 4656 Non
1984 4604 2098 4672 jam

576 4687 899 4758 pronuntiat,
935 4689 1028 4742 sed
1061 4690 1318 4758 promittit
1338 4705 1395 4744 se
1422 4690 1901 4757 pronuntiaturum,
1935 4700 1987 4747 et
2012 4692 2099 4747 ille

569 4777 677 4842 iam
715 4777 951 4832 dimittit.
981 4777 1269 4842 Attendite,
1312 4778 1503 4832 fratres
1540 4796 1555 4834 :
1598 4795 1785 4848 magna
1821 4794 1925 4843 res,
1965 4781 2093 4844 dixi,

574 4865 943 4921 Pronuntiabo.
973 4866 1084 4919 Non
1106 4866 1228 4930 dixi,
1259 4865 1618 4933 Pronuntiari,
1664 4876 1718 4920 et
1744 4875 1797 4921 tu
1821 4868 2107 4921 dimisisti:

572 4957 695 5025 quia
740 4970 804 5009 eo
851 4956 963 5024 ipso
1004 4955 1144 5022 quod
1191 4955 1353 5017 dixit,
1413 4955 1797 5020 Pronuntiabo,
1863 4958 2095 5011 ostendit

570 5046 690 5114 quia
721 5044 952 5098 nomium
983 5045 1429 5112 pronuntiaverat,
1461 5044 1550 5097 sed
1591 5043 1748 5098 corde
1786 5045 2092 5112 pronuntia-

567 5142 734 5188 verat.
796 5132 906 5187 Hoc
951 5132 1118 5200 ipsum
1172 5130 1379 5194 dicere,
1420 5130 1805 5194 Pronuntiabo,
1860 5147 2092 5201 pronun-

567 5223 701 5277 tiare
725 5230 807 5275 est
833 5241 845 5273 :
875 5221 985 5277 ideo
1012 5230 1059 5273 et
1094 5229 1147 5272 tu
1178 5221 1412 5273 remisisti
1436 5222 1742 5289 impietatem
1767 5219 1943 5276 cordis
1968 5223 2089 5276 mei.

564 5306 981 5379 Confessiovero
1008 5322 1121 5360 mea
1146 5307 1210 5360 ad
1235 5323 1295 5361 os
1320 5308 1546 5361 nondum
1575 5317 1807 5362 venerat.
1840 5308 2082 5365 Dixeram

562 5398 725 5461 enim,
779 5396 1134 5450 Pronuntiabo
1209 5397 1480 5451 adversum
1539 5411 1643 5458 me,
1721 5406 2077 5453 verumtamen

561 5484 702 5540 Deus
746 5486 944 5538 audivit
986 5499 1166 5551 vocem
1214 5486 1387 5539 cordis
1429 5487 1552 5540 mei.
1600 5485 1709 5539 Vox
1754 5501 1868 5540 mea
1908 5487 1959 5539 in
1990 5501 2081 5539 ore

562 5579 789 5629 nondum
830 5584 959 5637 erat,
1005 5577 1095 5628 sed
1141 5576 1281 5629 auris
1311 5576 1400 5629 Dei
1436 5576 1541 5645 jam
1590 5575 1641 5629 in
1683 5576 1838 5630 corde
1881 5586 2015 5629 erat.
2055 5595 2072 5627 ι

561 5663 705 5718 Nulla
756 5668 1006 5719 secretior
1051 5667 1350 5732 [ltFlllit‘iiiil
1406 5666 1623 5735 cogitari
1679 5675 1869 5733 potest,
1918 5679 2073 5733 quam

2247 1956 2393 2015 plum
2444 1959 2544 2015 est,
2595 1960 2647 2004 et
2698 1968 2799 2005 non
2842 1957 3099 2022 processit
3143 1957 3196 2010 in
3245 1957 3469 2023 factum,
3498 1961 3767 2028 pteniteat,

2247 2037 2540 2105 corrigatur
2580 2041 2852 2107 cogitatio,
2892 2050 3070 2111 surgat
3109 2052 3345 2099 mortuus
3381 2046 3518 2099 intra
3558 2048 3767 2101 domum

2245 2124 2595 2179 conscientiae.
2637 2146 2653 2176 ι
2693 2125 2962 2191 Quomodo
2993 2129 3048 2182 fit
3090 2131 3191 2185 ista
3232 2136 3548 2191 resurrectio
3581 2137 3768 2191 anima:

2243 2216 2463 2261 mortua“:
2491 2211 2653 2274 intus,
2684 2213 2734 2266 in
2765 2214 3096 2283 cogitationis
3132 2226 3357 2283 secreto,
3387 2221 3525 2275 intra
3555 2224 3765 2278 domum

2242 2296 2604 2362 conscientiae,
2655 2300 2789 2353 intra
2840 2302 3070 2356 latebras
3115 2306 3468 2372 conscientia,
3518 2318 3764 2378 tanquam

2242 2383 2378 2436 intra
2419 2384 2732 2441 domesticos
2768 2389 3028 2456 parietes,
3082 2392 3182 2445 nisi
3222 2395 3525 2460 ptenitentia
3563 2407 3766 2453 secreto

2194 2508 2200 2513 .
2240 2466 2414 2523 facta?
2454 2478 2507 2523 et
2540 2485 2634 2523 cur
2671 2487 2774 2526 non
2812 2475 3093 2530 adhibetur
3128 2478 3371 2546 publica?
3401 2481 3555 2548 Quia,
3597 2485 3765 2553 inquit

2237 2550 2586 2621 Augustinus,
2626 2568 2888 2616 mortuum
2929 2563 3069 2617 intus
3109 2566 3265 2620 habet
3311 2576 3381 2621 et‘
3405 2571 3630 2625 nondum
3670 2550 3763 2627 ex-

2238 2642 2373 2705 tulit,
2405 2642 2457 2696 id
2484 2653 2583 2708 est,
2619 2646 2818 2701 crimen
2857 2651 3085 2705 nondum
3126 2662 3204 2706 est
3236 2656 3520 2723 publicum.
3566 2660 3620 2712 in
3651 2676 3763 2715 scr-

2234 2746 2389 2785 mone
2427 2733 2492 2785 15
2533 2735 2598 2789 de
2643 2736 2831 2791 Verbis
2874 2739 3079 2793 Domini
3122 2760 3135 2792 :
3185 2760 3203 2791 ι
3253 2743 3539 2800 Peccantes
3581 2763 3756 2803 coram

2232 2822 2478 2876 omnibus
2504 2825 2731 2892 corripe,
2761 2834 2818 2878 ut
2844 2828 3020 2880 czeteri
3060 2830 3302 2884 timorem
3331 2833 3576 2887 habeant.
3604 2836 3758 2891 Certe

2232 2910 2275 2961 si
2303 2909 2440 2977 quis,
2455 2912 2595 2980 quod
2610 2913 2776 2967 solum
2806 2922 2888 2967 est
2905 2929 3105 2980 verum,
3137 2917 3407 2987 distinguit
3430 2929 3683 2990 tempora,
3704 2932 3758 2977 et

2229 2997 2384 3052 solvit
2407 3000 2771 3066 quazstionem,
2790 3016 2969 3056 verum
2985 3013 3084 3058 est.
3103 3004 3158 3057 Si
3173 3014 3445 3076 peccatum
3474 3010 3525 3062 in
3552 3020 3757 3067 secreto

2227 3093 2329 3149 est,
2344 3094 2547 3141 secreto
2563 3089 2787 3157 corripe.
2805 3088 2861 3142 Si
2879 3098 3152 3158 peccatum
3166 3092 3429 3161 publicum
3444 3102 3525 3148 est
3540 3105 3593 3149 et
3604 3112 3754 3165 aper-

2151 3170 2195 3231 C
2228 3182 2358 3237 tum,
2398 3174 2604 3243 publice
2637 3178 2863 3245 corripe,
2894 3187 2952 3230 ut
2994 3178 3081 3232 ille
3119 3180 3451 3246 emendetur,
3486 3192 3538 3237 et
3575 3186 3754 3240 caeteri

2222 3261 2459 3314 timeant.
2476 3261 2543 3315 Et
2564 3262 2615 3315 in
2643 3278 2885 3317 sermone
2899 3267 3137 3342 sequenti
3155 3281 3391 3335 quamam
3411 3270 3481 3324 sit
3502 3270 3754 3328 Ecclesia:

2218 3348 2491 3427 disciplina
2511 3351 2785 3406 manifeste
2805 3352 3038 3408 declarat
3063 3354 3144 3408 his
3174 3356 3374 3417 verbis:
3397 3375 3415 3407 ι
3436 3358 3572 3427 Ergo
3584 3361 3750 3415 corri-

2214 3422 2401 3506 pienda
2423 3447 2542 3492 sunt
2556 3441 2831 3505 secretius,
2846 3446 2962 3511 'qum
2976 3453 3262 3510 peccantur
3276 3422 3550 3502 secretius.
3565 3447 3753 3505 Distri—

2213 3527 2358 3580 buite
2387 3534 2639 3595 tempora,
2674 3540 2727 3583 et
2751 3532 3035 3584 concordat
3062 3529 3354 3601 Scriptura.
3395 3533 3485 3589 Sic
3508 3551 3746 3606 agamus,

2212 3622 2266 3667 ct
2289 3615 2367 3669 sic
2394 3617 2649 3686 agendum
2684 3626 2785 3680 est,
2824 3632 2928 3671 non
2964 3619 3132 3673 solum
3173 3623 3379 3689 quando
3420 3624 3473 3677 in
3512 3639 3747 3694 nospec-

2211 3712 2380 3769 catur,
2410 3706 2501 3759 sed
2526 3707 2734 3775 quando
2760 3717 3010 3776 peccatur
3036 3710 3102 3763 ab
3130 3710 3334 3779 aliquo,
3369 3721 3429 3765 ut
3465 3714 3532 3768 ab
3578 3713 3747 3769 altero

2209 3794 2492 3855 neseiatur,
2537 3794 2587 3846 in
2632 3805 2837 3848 secreto
2891 3810 3135 3867 arguere,
3182 3813 3248 3851 ne
3276 3798 3514 3855 volentes
3540 3801 3747 3870 publice

2208 3895 2445 3950 arguere,
2468 3882 2748 3949 prodamus
2767 3882 3051 3936 hominem.
3068 3884 3175 3938 Nos
3196 3869 3431 3939 volumus
3455 3869 3743 3956 corripere,

2207 3977 2260 4023 et
2298 3970 2598 4039 corrigere,
2638 3971 2763 4039 quid
2801 3972 2843 4025 si
2887 3971 3132 4029 inimicus
3170 3974 3355 4043 quaerit
3392 3975 3575 4029 audire
3612 3978 3741 4045 quid

2205 4057 2423 4123 puniat?
2461 4056 2614 4111 Novit
2637 4059 2775 4112 enim
2804 4060 2983 4114 nescio
3006 4076 3161 4129 quem
3192 4061 3505 4138 homicidam
3533 4064 3737 4132 episeo-

2204 4163 2323 4215 pns,
2363 4156 2417 4202 et
2456 4149 2590 4202 alius
2628 4149 2773 4202 illum
2802 4163 2957 4224 nemo
2982 4151 3143 4205 novit.
3168 4150 3278 4222 Ego
3310 4150 3428 4205 volo
3465 4151 3609 4206 illum
3638 4168 3737 4222 pu-

2203 4236 2337 4290 blice
2383 4238 2681 4307 corripere,
2730 4246 2785 4291 et
2825 4245 2879 4291 tu
2918 4239 3112 4307 quaeris
3152 4237 3460 4294 inscribere.
3510 4239 3737 4297 Prorsus

2201 4342 2299 4381 nec
2322 4329 2505 4397 prodo,
2543 4345 2643 4384 nec
2689 4328 2913 4401 negligo.
2946 4329 3184 4400 Corripio
3229 4331 3281 4385 in
3325 4327 3572 4399 secreto;
3592 4349 3734 4404 pono

2202 4414 2324 4469 ante
2369 4418 2547 4472 oculos
2597 4418 2687 4473 Dei
2724 4412 3001 4485 judicium,
3058 4427 3233 4474 terreo
3279 4430 3551 4476 cruentam
3604 4437 3732 4478 con-

2204 4504 2507 4570 scientiam,
2551 4505 2841 4575 persuadeo
2880 4506 3259 4576 ptenitentiam.
3322 4505 3433 4561 Hac
3470 4509 3731 4565 cbaritate

2203 4593 2407 4662 praediti
2457 4606 2576 4647 esse
2621 4593 2890 4648 debemus.
2956 4593 3105 4649 Unde
3156 4593 3436 4663 aliquando
3487 4596 3730 4652 homines

2202 4685 2591 4756 reprehendunt
2635 4700 2762 4750 nos,
2808 4685 2947 4754 quod
2989 4685 3140 4755 quasi
3186 4700 3290 4739 non
3343 4686 3726 4755 corripiamus,

2203 4786 2295 4831 aut
2336 4784 2520 4846 putant
2559 4791 2657 4829 nos
2693 4776 2831 4831 scire
2873 4774 3010 4843 quod
3060 4774 3357 4839 nescimus,
3403 4782 3494 4828 aut
3536 4784 3727 4845 putant

2199 4879 2296 4917 nos
2325 4872 2499 4918 tacere
2525 4865 2663 4930 quod
2700 4862 2914 4917 scimus.
2946 4860 3048 4915 Sed
3084 4861 3392 4931 forteQuod
3405 4862 3510 4917 scis
3535 4871 3589 4917 et
3623 4877 3721 4932 ego

2199 4953 2331 5015 scio,
2371 4952 2461 5005 sed
2502 4967 2603 5004 non
2644 4964 2821 5004 coram
2859 4958 2908 5004 te
2942 4950 3192 5020 corripio,
3226 4951 3344 5017 quia
3380 4964 3568 5005 curare
3601 4950 3739 5010 volo.

2193 5056 2298 5094 non
2343 5054 2609 5094 accusare.
2668 5039 2802 5095 Sunt
2840 5039 3336 5112 homines_adulteri
3384 5040 3436 5093 in
3477 5040 3722 5097 domibus

2193 5129 2322 5191 suis,
2350 5128 2401 5181 in
2430 5137 2634 5182 secreto
2668 5136 2915 5196 peccant,
2937 5128 3219 5196 aliquando
3246 5129 3397 5182 nobis
3418 5128 3719 5196 produntur

2191 5218 2258 5273 ab
2296 5218 2546 5272 uxoribus
2588 5218 2697 5269 suis
2735 5216 3044 5287 plerumque
3076 5216 3405 5279 solantibus;
3432 5215 3718 5285 aliquando

2191 5306 2499 5361 maritorum
2523 5306 2742 5360 salutem
2778 5306 3153 5374 quaerentibus.
3187 5305 3294 5359 Nos
3318 5319 3421 5359 non
3443 5306 3716 5376 prodimus

2183 5394 2375 5463 palam,
2417 5391 2507 5447 sed
2550 5393 2603 5446 in
2640 5402 2844 5449 secreto
2883 5395 3167 5464 arguimus.
3208 5392 3308 5447 Ubi
3345 5393 3562 5464 contigit
3598 5409 3715 5447 ma-

2183 5485 2310 5547 lum,
2338 5483 2407 5537 ibi
2428 5485 2685 5538 moriatur
2710 5486 2916 5541 vulnus.
2951 5506 2969 5535 ι
3003 5485 3181 5554 Itaque
3216 5494 3429 5540 sanctus
3457 5485 3711 5556 Augusti-

2185 5576 2283 5627 nus
2309 5573 2605 5641 frequenter
2638 5573 2789 5630 docet
2827 5592 3024 5630 morem
3046 5576 3293 5630 Ecclesia:
3312 5575 3472 5633 fuiSse
3499 5577 3561 5631 de
3602 5576 3712 5632 eri-

2183 5661 2409 5715 mini‘nus
2442 5661 2662 5717 occultis
2692 5674 2896 5718 secreto
2919 5664 3229 5734 ptenitcndi.
3292 5714 3299 5722 .

3753 6184 3758 6191 ι

3972 6268 3974 6277 ι

2950 6416 3048 6424 Ἤ
3178 6418 3286 6428 ⁷⁸4
3372 6416 3422 6428 4.
3476 6416 3566 6432 *Ἣ
3654 6216 3974 6432 Η
