3974 6398
285 425 426 484 H77

1103 431 1184 484 AB
1221 434 1379 488 eam
1417 425 1770 490 NOVITATIS
1810 435 2199 492 suspiciost;
2238 439 2609 494 \‘lNDlCATA.

3286 451 3414 503 “78

316 585 321 590 .
347 537 630 588 Cassianus
669 537 719 588 in
759 533 928 590 collat.
972 554 1059 600 xx,
1104 540 1168 592 de
1201 542 1301 593 fine
1339 545 1545 608 ptenit.,
1581 559 1696 610 cap.
1728 545 1792 596 5:
1825 551 1870 604 Α
1897 554 2078 596 sancto
2099 544 2270 598 Leone
2291 547 2467 598 vorari
2491 558 2666 600 contra
2694 549 3020 616 apostolicam
3047 555 3268 620 regulam
3289 574 3413 622 pra-

247 627 304 672 ’σ
347 623 694 687 Quamobrem
746 623 1050 676 verissimus
1107 629 1437 679 examinator
1485 631 1800 695 ptenitentia:

279 717 333 761 et
370 707 699 775 indulgentia:
727 707 888 772 judex
925 710 975 760 in
1012 714 1327 764 conscientia
1372 715 1561 768 residet
1598 725 1796 779 nostra,

278 799 368 864 qui
410 796 786 871 absolutionem
829 807 1004 851 reatus
1044 802 1206 853 nostri
1248 811 1368 854 ante
1405 804 1715 871 cognitionis
1747 815 1802 857 et

272 883 453 950 iudicii
478 884 616 937 diem
641 869 807 937 adhuc
830 886 978 938 nobis
1003 886 1051 937 in
1069 888 1166 939 bac
1181 903 1337 940 carne
1359 869 1801 945 cominorantibus

276 973 492 1041 detegit,
542 981 597 1025 et
649 973 1024 1027 satisfactiouis
1082 990 1143 1028 ac
1199 977 1517 1030 remissionis
1578 980 1800 1036 gratiam

279 1061 481 1128 pandit.
528 1080 546 1111 ι

345 1147 532 1199 Petrus
560 1145 911 1215 Cbrysologus
953 1152 1004 1202 in
1043 1165 1284 1204 sermone
1319 1153 1384 1204 24
1419 1172 1429 1204 :
1471 1171 1488 1202 ο
1525 1155 1712 1208 Petrus
1746 1163 1804 1208 et

274 1233 468 1286 Paulus
501 1234 763 1301 principes
797 1236 912 1288 fidei
952 1236 1262 1290 Christiana:
1298 1241 1537 1293 notitiam
1576 1244 1801 1296 nominis

272 1322 471 1376 Christi
500 1330 610 1376 toto
641 1322 766 1376 orbe
793 1324 1110 1395 diffuderunt
1152 1345 1162 1377 :
1212 1327 1395 1380 Mulier
1430 1329 1708 1383 accedendi
1735 1332 1802 1385 ad

274 1408 540 1463 Christum
569 1410 737 1476 prima
773 1411 989 1463 tradidit
1017 1413 1343 1480 disciplinam
1375 1434 1385 1466 :
1419 1417 1605 1469 mulier
1633 1420 1798 1485 prima

273 1497 417 1551 dedit
449 1494 674 1550 formam
706 1499 966 1566 quomodo
1003 1509 1247 1566 peccator
1287 1503 1439 1554 tacita
1476 1503 1802 1558 confessione

273 1585 446 1639 deleat
489 1586 604 1638 sine
639 1585 947 1639 confusione
979 1596 1246 1654 peccatum
1287 1607 1298 1640 :
1333 1593 1590 1656 quomodo
1639 1593 1801 1644 delin-

270 1688 433 1741 quens
475 1673 571 1725 soli
602 1674 716 1726 Deo
746 1675 984 1741 cognitus
1015 1677 1078 1728 de
1116 1684 1262 1728 reatu
1305 1679 1503 1730 nudare
1541 1681 1675 1746 apud
1707 1682 1801 1732 bo—

271 1762 438 1812 mines
458 1761 753 1812 verecunda
785 1763 1102 1814 conscientia
1134 1779 1233 1816 non
1259 1774 1475 1832 cogatur
1500 1783 1509 1815 :
1538 1768 1800 1832 quomodo

272 1843 429 1894 homo
471 1843 638 1909 possit
683 1845 832 1896 venia
866 1844 1121 1911 judicium
1155 1849 1460 1912 praevenire.
1499 1870 1514 1898 ι
1566 1850 1681 1902 llaec
1718 1860 1798 1903 est
1836 1844 1873 1897 [’-

270 1931 516 1986 Ecclesia:
572 1933 886 1999 disciplina,
937 1934 1000 1986 de
1051 1936 1280 2002 peccatis
1326 1937 1542 1989 occultis
1594 1947 1794 1991 secreto

268 2020 585 2086 paenitendi,
634 2019 782 2085 cujus
830 2022 1020 2074 mulier
1062 2025 1228 2090 prima
1272 2013 1415 2076 dedit
1456 2024 1697 2086 formam,
1747 2033 1800 2078 et

267 2120 422 2172 quam
463 2105 709 2173 deinceps
739 2104 922 2158 Patres
963 2107 1196 2159 unanimi
1244 2122 1503 2161 consensu
1547 2111 1798 2178 praedica-

269 2203 408 2248 runt.
1571 2208 1575 2212 ’

334 2281 519 2336 Patres
555 2285 761 2336 concilii
799 2285 1040 2336 Vascnsis
1069 2300 1125 2347 ιι,
1158 2300 1277 2338 can.
1305 2287 1374 2340 8:
1412 2304 1428 2334 ε
1471 2286 1618 2350 Quod
1657 2286 1700 2339 si
1741 2302 1797 2340 se

267 2380 468 2424 tantum
522 2373 798 2439 episcopus
843 2373 999 2424 alieni
1055 2373 1268 2428 sceleris
1317 2375 1583 2427 conscium
1630 2375 1794 2437 novit,

265 2460 494 2526 quandiu
541 2461 766 2527 probare
811 2476 926 2513 non
964 2471 1168 2527 potest,
1214 2463 1338 2515 nihil
1386 2463 1653 2530 proferat;
1708 2464 1797 2516 sed

264 2565 383 2603 cum
405 2551 518 2619 ipso
551 2551 615 2603 ad
643 2551 1098 2617 compunctionem
1129 2552 1241 2616 ejus
1269 2553 1485 2605 secretis
1511 2553 1797 2619 correptio-

265 2638 417 2691 nibus
444 2637 698 2692 elaboret.
742 2660 758 2689 ι

330 2725 436 2780 Leo
482 2727 530 2789 l,
578 2728 632 2781 in
679 2730 896 2796 epistola
944 2732 1007 2780 al
1061 2732 1333 2782 univorsos
1379 2729 1653 2796 episcopos
1702 2743 1797 2795 per

265 2815 646 2885 Campaniam,
700 2817 973 2872 Samnium
1027 2832 1079 2872 et
1127 2821 1372 2874 Picenum
1451 2818 1792 2872 constitutos:

271 2921 286 2950 ι
320 2903 464 2956 Illam
507 2905 664 2958 etiam
703 2913 887 2959 contra
925 2909 1261 2974 apostolicam
1295 2890 1523 2974 regulam
1551 2918 1798 2972 praesum-

263 2993 523 3059 ptionem,
561 3008 718 3059 quam
762 3009 930 3062 nuper
967 2995 1152 3061 agnovi
1200 3009 1228 3045 a
1263 2993 1576 3060 quibusdam
1619 2991 1797 3043 illicita

265 3083 607 3150 usurpatione
650 3083 946 3145 committi,
1007 3083 1175 3135 modis
1242 3081 1486 3135 onmibus
1537 3081 1796 3132 constituo

1899 631 2263 696 sumptionem,
2308 644 2352 684 et
2399 635 2776 701 improbabilcm
2829 640 3259 706 consuetudinem,
3302 658 3418 710 qum

1899 719 2040 771 nullo
2065 736 2292 788 unquam
2322 723 2569 776 Ecclesiae
2599 725 2808 780 decreto
2837 727 3040 782 ﬁrmata
3070 729 3183 783 fuit.
3226 733 3420 798 Quam-

1899 806 2078 858 obrem
2144 817 2348 859 constat
2416 811 2776 875 paenitentiam
2823 822 3024 866 secreto
3086 814 3276 870 factam
3323 833 3422 886 pro

1898 894 2208 946 criminibus
2234 896 2452 948 occultis
2478 898 2730 960 sufficere,
2759 908 2912 968 atquc
2945 906 3142 955 morem
3174 905 3421 960 Ecclesia

1899 977 2058 1032 fuisse
2086 980 2148 1031 dc
2183 981 2248 1034 iis
2274 970 2477 1035 secreto
2501 985 2807 1052 paenitendi.

1967 1064 2267 1119 Gennadius
2303 1067 2395 1120 lib.
2423 1067 2487 1121 de
2525 1069 2896 1125 ecclesiasticis
2919 1071 3273 1141 Dogmatibus,
3298 1091 3416 1144 cap.

1900 1151 2010 1202 53:
2050 1169 2068 1202 ι
2122 1151 2224 1204 Sed
2259 1161 2308 1205 ct
2353 1163 2556 1207 secreta
2599 1153 2956 1212 satisfactione
3004 1159 3131 1213 solvi
3184 1163 3420 1217 mortalia

1901 1238 2122 1290 crimina
2154 1254 2256 1291 non
2287 1255 2555 1307 negamus.
2599 1262 2617 1292 ι

1968 1325 2206 1380 Julianus
2250 1327 2520 1384 Pomerius
2565 1331 2651 1384 lib.
2685 1333 2811 1385 nde
2834 1335 2950 1387 Vita
2998 1338 3421 1406 contemplativa,

1900 1427 2016 1481 cap.
2047 1413 2076 1463 '7
2104 1432 2115 1464 :
2146 1433 2162 1463 ι
2191 1415 2354 1470 Porro
2392 1418 2486 1481 illi,
2516 1434 2737 1485 quorum
2765 1431 2978 1488 peccata
3018 1424 3296 1478 bumanam
3330 1443 3423 1480 no-

1900 1499 2068 1552 titiam
2110 1500 2296 1565 latent,
2339 1519 2437 1557 uec
2478 1505 2543 1556 'ab
2586 1506 2713 1571 ipsis
2753 1507 3012 1570 confessa,
3062 1525 3158 1573 nec
3199 1513 3264 1564 ab
3307 1513 3424 1568 aliis

1899 1588 2186 1654 publicata,
2234 1591 2275 1642 si
2313 1605 2371 1643 ea
2408 1592 2644 1644 confiteri
2693 1602 2785 1647 aut
2825 1596 3099 1648 emendare
3144 1599 3423 1662 noluerint,

1900 1673 2063 1726 Deum
2105 1691 2260 1742 quem
2306 1678 2502 1730 habent
2560 1684 2777 1742 testem,
2825 1681 2992 1747 ipsum
3038 1663 3261 1736 habituri
3305 1695 3428 1738 sunt

1900 1770 1954 1816 et
1989 1766 2232 1817 ultorem.
2279 1766 2345 1818 Et
2392 1766 2515 1832 quid
2559 1768 2636 1819 eis
2675 1769 2886 1835 prodest
2915 1759 3215 1824 bumanum
3256 1773 3426 1826 vitare

1895 1851 2170 1919 judicium,
2216 1869 2334 1905 cum
2374 1855 2416 1906 si
2460 1855 2510 1906 in
2550 1855 2685 1908 malo
2726 1871 2818 1908 suo
2857 1861 3262 1924 permanserint,
3302 1861 3423 1914 ituri

1897 1941 2000 1991 sint
2041 1942 2092 1993 in
2133 1950 2404 2002 internum,
2440 1942 2546 1994 Deo
2587 1945 2868 2007 tribuente,
2911 1948 3239 2013 supplicium.
3278 1949 3425 2014 Quod

1896 2031 1938 2082 si
1973 2031 2064 2096 ipsi
2098 2030 2296 2096 judices
2335 2032 2478 2091 fiant,
2513 2041 2567 2084 et
2595 2034 2752 2084 veluti
2782 2048 2886 2085 sua:
2916 2035 3204 2101 iniquitatis
3235 2037 3428 2092 ultores

1896 2118 1980 2169 bic
2012 2117 2060 2168 in
2093 2132 2148 2169 se
2181 2117 2529 2170 voluntariam
2559 2133 2765 2187 pmnam
2809 2122 3150 2176 severissima:
3189 2125 3426 2178 animad-

1895 2205 2150 2258 versionis
2186 2215 2488 2267 exerceant,
2535 2208 2902 2274 temporalibus
2940 2211 3110 2276 poenis
3150 2200 3426 2267 mutabunt

1894 2297 2094 2344 mtcrna‘
2124 2293 2374 2360 suppiicia
2407 2312 2417 2344 :
2448 2303 2500 2346 et
2540 2294 2786 2363 lacrymis
2822 2311 2883 2348 cx
2912 2311 3035 2348 vera
3072 2300 3247 2352 cordis
3281 2315 3424 2356 com-

1879 2382 2174 2459 .puuctione
2203 2380 2484 2436 fluentibus
2512 2383 2838 2451 restinguent
2865 2387 3048 2438 aeterni
3076 2387 3211 2455 ignis
3242 2388 3424 2442 incen-

1895 2471 1999 2524 dia.
2039 2492 2056 2520 n
2108 2469 2539 2538 Quandoquidem
2579 2473 2623 2526 si
2661 2475 2760 2542 ipsi
2794 2475 2996 2542 judices
3033 2476 3192 2540 fiant,
3230 2494 3429 2548 prave-

1894 2558 2044 2611 niunt
2089 2557 2344 2624 judicium
2398 2563 2643 2616 Ecclesia!
2706 2564 2771 2616 de
2827 2566 3134 2631 pmnitentia
3195 2567 3424 2634 publica,

1895 2646 2228 2700 manifestum
2276 2657 2353 2702 est
2395 2650 2522 2716 ipsis
2562 2650 2798 2704 sufilcere
2826 2654 3186 2719 penitentiam
3221 2665 3427 2710 secreto

1892 2732 2101 2787 factam.
2131 2735 2258 2788 illud
2288 2738 2444 2789 etiam
2472 2738 2803 2804 perspiculun
2826 2747 2907 2791 est
2933 2754 2997 2791 ex
3025 2755 3088 2793 eo
3113 2742 3249 2807 quod
3279 2750 3429 2808 post-

1895 2839 1953 2879 ea
1987 2839 2106 2879 cum
2142 2824 2451 2877 clericorum
2489 2826 2818 2892 paenitentia,
2879 2841 3035 2893 quam
3096 2842 3280 2882 omnes
3331 2843 3431 2882 no-

1897 2926 2019 2970 runt
2049 2922 2170 2968 tunc
2199 2913 2450 2982 temporis
2477 2930 2578 2967 non
2609 2913 2772 2969 fuisse
2796 2915 3081 2983 publicam,
3111 2931 3292 2969 eorum
3318 2931 3428 2985 pte-

1896 3000 2170 3052 nitentiam
2217 2989 2532 3068 conjungat,
2563 3010 2719 3069 atque
2766 3011 3040 3069 utramque
3064 3003 3244 3057 eodem
3277 3006 3429 3059 modo

1900 3093 1976 3145 sic
1998 3092 2261 3145 describat
2288 3109 2328 3143 ει
2361 3091 2688 3159 Quapropter
2718 3093 2877 3145 Deum
2906 3093 3002 3145 sibi
3027 3093 3231 3147 facilius
3249 3095 3425 3162 placa-

269 3172 601 3235 submoveri;
643 3173 711 3225 de
747 3170 1353 3238 pmnitentia‘videlicet,
1401 3184 1516 3237 qua:
1554 3169 1624 3220 ita
1672 3183 1698 3219 a
1737 3166 1796 3221 fi—

1899 3179 2026 3233 bunt
2058 3180 2135 3232 illi
2167 3181 2257 3249 qui
2287 3195 2387 3232 non
2422 3142 2650 3233 bumabo
2679 3181 2901 3235 convicti
2931 3181 3150 3246 judicio,
3177 3142 3266 3235 sed
3292 3182 3430 3237 ultro

261 3257 465 3313 delibus
522 3257 837 3326 postulatur,
881 3273 948 3312 ne
989 3259 1052 3310 de
1093 3258 1415 3326 singulorum
1463 3263 1796 3323 peccatorum

263 3358 460 3413 genere
508 3343 667 3397 libelli
726 3344 920 3412 scripta
961 3344 1218 3412 professio
1263 3343 1468 3411 publice
1513 3343 1791 3394 recitetur:

262 3447 385 3512 cum
417 3441 598 3487 reatus
626 3433 1068 3486 conscientiarum
1105 3432 1330 3486 sufficiat
1359 3430 1485 3484 solis
1507 3428 1796 3483 sacerdoti-

263 3521 360 3574 bus
385 3521 609 3574 indicari
636 3519 966 3574 confessione
995 3527 1215 3574 secreta.
1249 3520 1500 3585 Quamvis
1523 3520 1661 3572 enim
1685 3518 1796 3587 ple-

264 3609 448 3663 nitudo
492 3600 614 3662 fidei
645 3609 887 3662 videatur
932 3623 1048 3662 esse
1093 3608 1384 3668 laudabilis,
1433 3623 1547 3675 qua:
1587 3614 1800 3674 propter

267 3696 354 3748 Dei
386 3696 632 3748 timorem
661 3697 798 3763 apud
823 3691 1063 3749 homines
1089 3697 1401 3748 erubescere
1427 3709 1530 3747 non
1556 3702 1792 3747 veretur:

265 3790 442 3835 tamen
483 3782 605 3849 quia
649 3798 752 3836 non
798 3782 1032 3836 omnium
1071 3782 1370 3850 bujusniodi
1411 3790 1531 3835 sunt
1563 3788 1795 3848 peccata.

1895 3267 2094 3320 crimen
2136 3275 2457 3335 cognoscunt
2490 3284 2501 3317 :
2535 3267 2625 3334 qui
2659 3276 2750 3320 aut
2788 3267 3014 3336 propriis
3061 3267 3186 3322 illud
3224 3269 3430 3322 confes-

1894 3352 2127 3406 sionibus
2164 3355 2410 3421 produnt,
2451 3362 2541 3405 aut
2585 3355 2935 3407 nescientibus
2970 3354 3086 3407 aliis
3119 3355 3300 3423 quales
3341 3369 3432 3410 oc-

1894 3442 2016 3496 culti
2041 3447 2185 3502 sunt,
2212 3439 2309 3508 ipsi
2348 3438 2398 3490 in
2427 3453 2482 3490 se
2514 3437 2821 3490 voluntariae
2872 3436 3428 3501 excommunicationis

1892 3530 2204 3586 sententiam
2228 3526 2418 3587 ferunt,
2445 3533 2494 3578 ct
2536 3525 2600 3579 ab
2623 3524 2774 3578 altari
2794 3525 2876 3578 cui
2901 3527 3282 3589 ministrabant,
3319 3542 3422 3582 non

1894 3616 2086 3676 animo,
2117 3613 2206 3666 sed
2228 3610 2396 3664 officio
2425 3612 2675 3678 separati,
2702 3612 2861 3668 vitam
2893 3619 3138 3678 tanquam
3167 3619 3424 3664 mortuam

1893 3706 2164 3774 plangunt,
2198 3703 2327 3756 certi
2368 3702 2506 3769 quod
2547 3700 2884 3754 reconciliato
2924 3700 3020 3754 sibi
3059 3700 3282 3753 efficacis
3312 3713 3418 3767 pa:-

1893 3792 2127 3844 nitentiu:
2158 3790 2412 3843 fructibus
2447 3789 2567 3849 Deo,
2595 3803 2697 3855 non
2725 3787 2891 3840 soluat
2922 3787 3114 3840 amissa
3144 3787 3419 3854 recipiant,

265 3879 320 3920 ut
343 3883 406 3922 ea
431 3883 550 3937 quae
571 3869 936 3937 pmnitentiam
965 3877 1202 3937 poscunt,
1234 3883 1335 3921 non
1365 3869 1587 3921 timeant
1628 3859 1818 3934 μιΜῆ

1899 3880 1986 3945 pd
2013 3880 2169 3931 etiam
2193 3879 2338 3930 cives
2366 3891 2604 3943 superna:
2642 3875 2872 3928 civitatis
2908 3873 3100 3934 effecti,
3134 3874 3196 3925 ad
3226 3858 3412 3940 gaudia

264 3972 405 4019 care,
445 3965 780 4011 removeatur
819 3965 924 4009 tam
967 3955 1325 4024 improbabilis
1360 3955 1700 4017 consuetudo,
1731 3969 1798 4007 ne

263 4046 414 4099 multi
457 4060 488 4097 a
523 4044 846 4113 pte-nitentia:
897 4045 1140 4098 remediis
1189 4049 1488 4106 arceantur,
1533 4044 1654 4096 dum
1697 4051 1799 4111 aut

264 4135 614 4194 erubescunt,
662 4140 751 4185 aut
797 4139 1036 4185 metuunt
1080 4132 1307 4184 inimicis
1351 4131 1460 4183 suis
1511 4145 1608 4184 sua
1660 4120 1834 4185 facta,

266 4224 525 4286 reserari,
575 4237 670 4290 pro
714 4223 906 4290 quibus
956 4222 1158 4290 possint
1201 4221 1396 4288 legum,
1424 4220 1798 4274 constitutione

265 4311 497 4381 percelli.
551 4309 756 4364 Suflicit
793 4311 934 4362 enim
974 4309 1062 4362 illa
1107 4308 1366 4362 confessio
1412 4323 1526 4374 quin
1570 4308 1796 4382 primum

267 4405 372 4457 Deo
401 4398 644 4464 ofl‘er'tur,
684 4407 808 4453 tunc
843 4401 1004 4453 etiam
1046 4399 1305 4454 sacerdOti
1343 4399 1429 4465 qui
1467 4413 1564 4465 pro
1596 4397 1799 4452 delictis

244 4462 637 4559 penitentiam
679 4496 932 4556 peccator
971 4488 1192 4542 accedit.
1239 4462 1386 4539 Tunc
1415 4462 1556 4538 enim
1591 4486 1798 4539 demum
1827 4462 1872 4519 Ῐ)

266 4581 442 4648 plures
475 4577 540 4630 ad
566 4577 934 4644 pmnitentiam
972 4581 1216 4643 poterunt
1247 4574 1535 4641 provocari,
1563 4573 1606 4624 si
1630 4573 1801 4640 populi

266 4667 476 4721 nuribus
536 4681 637 4718 non
683 4663 970 4733 publicetur
1037 4663 1343 4716 conscientia
1414 4660 1714 4727 conﬁtearis.
1775 4679 1792 4710 ι

267 4755 521 4821 Quamvis
558 4762 774 4820 sanctus
807 4753 914 4806 Leo
948 4752 1194 4820 loquatur
1233 4751 1298 4804 de
1337 4749 1662 4803 confessione
1707 4763 1802 4814 pu-

269 4845 423 4904 blica,
454 4844 556 4896 hoc
582 4850 756 4894 tamen
785 4840 940 4894 simul
983 4839 1196 4906 intelligi
1227 4838 1380 4892 debet
1406 4835 1801 4903 de-pcenitentia

271 4932 495 5002 publica,
529 4947 645 4999 qua:
675 4945 779 4983 non
811 4929 982 4981 minus
1015 4927 1261 4995 parcebat
1282 4924 1463 4993 pudori
1494 4937 1649 4989 quam
1678 4936 1800 4974 con-

273 5021 430 5075 fessio
454 5020 664 5089 publica
689 5036 701 5069 :
731 5027 784 5070 ct
810 5031 926 5084 qua:
955 5030 1018 5068 ex
1053 5013 1271 5068 occultis
1299 5013 1517 5066 crimina
1566 5019 1670 5062 tam
1700 5024 1797 5076 pu-

272 5109 404 5163 blica
453 5107 732 5166 reddebat,
777 5113 834 5156 ut
877 5105 944 5156 ab
985 5117 1047 5155 ca
1091 5104 1462 5162 eximereatur,
1506 5099 1695 5166 quibus
1738 5099 1801 5150 ti-

275 5197 523 5250 mendum
560 5202 708 5252 esset
741 5207 804 5245 ne
845 5193 1072 5244 inimicis
1112 5191 1246 5242 facta
1288 5197 1668 5248 reserarentur,
1708 5201 1800 5253 pro

271 5286 461 5351 quibus
491 5290 739 5352 poterant
781 5282 950 5349 legum
978 5279 1353 5332 constitutione
1392 5276 1632 5345 percelli;
1665 5275 1800 5328 sicut

272 5375 460 5444 probat
496 5387 668 5426 canon
695 5370 761 5424 ’54
788 5371 1020 5438 epistolm
1051 5369 1214 5422 sancti
1244 5367 1420 5419 Basilii
1451 5367 1513 5418 ad
1536 5364 1802 5432 Amphilo-

275 5463 469 5514 rbium.
530 5459 662 5514 Cum
711 5460 868 5528 igitur
912 5459 1092 5510 ca.'.em
1138 5471 1353 5523 prorsus
1394 5454 1528 5507 mala
1568 5454 1805 5505 oriantur

277 5564 339 5601 cx
366 5547 698 5603 couf'rssione
736 5555 785 5598 et
820 5545 1124 5613 pertritcntia
1169 5543 1392 5610 publica,
1434 5539 1696 5592 fatendum
1725 5544 1804 5588 est

282 5628 651 5704 pa‘nitcztliam
717 5635 972 5700 pultiieam
1021 5649 1112 5700 pro
1163 5629 1380 5685 occultis
1425 5627 1725 5678 criminibus
1775 5639 1803 5675 a

1895 3967 2211 4034 sempiterna
2253 3967 2577 4032 perveniant.
2617 3984 2633 4014 ι
2692 3963 2870 4030 itaque
2893 3977 3004 4016 mos
3031 3970 3141 4016 erat
3169 3961 3414 4015 Ecclesia:

1896 4055 1959 4106 de
1985 4053 2214 4121 peccatis
2249 4052 2467 4104 occultis
2503 4061 2707 4104 secreto
2739 4051 3043 4119 pamitendi.

1963 4141 2217 4196 Ciesariue
2257 4141 2576 4194 Arelatensis
2620 4141 2896 4209 epiSCOpus
2936 4141 2983 4192 in
3046 4139 3253 4190 bomilia
3301 4151 3418 4206 quae

1896 4229 2200 4282 inscribitur
2228 4228 2314 4290 64,
2341 4237 2466 4282 tom.
2498 4228 2540 4280 ll
2559 4227 2688 4280 Bibl.
2726 4227 2956 4287 Patrum,
2992 4243 3042 4295 p.
3086 4227 3187 4279 3l9
3217 4245 3226 4276 :
3258 4243 3274 4274 ι
3310 4227 3416 4278 Ad-

1897 4331 2101 4378 moneo,
2127 4315 2338 4378 fratres,
2379 4317 2431 4368 in
2460 4322 2741 4381 conspectu
2782 4314 2981 4367 Dei.....
3017 4313 3071 4365 Si
3108 4322 3278 4365 autem
3309 4313 3416 4381 agit

1896 4402 2255 4470 pinnitentiam
2289 4416 2352 4454 ex
2383 4409 2489 4454 toto
2509 4401 2681 4460 corde,
2710 4399 2801 4452 sed
2822 4399 2864 4451 si
2902 4407 3020 4466 agat
3048 4413 3220 4449 veram
3246 4397 3413 4464 poeni-

1901 4490 2151 4553 tentiam;
2196 4491 2282 4545 ubi
2321 4491 2456 4543 Deus
2501 4491 2624 4543 vidit
2677 4490 2810 4542 sicut
2852 4504 2944 4541 cur
2987 4486 3168 4551 David,
3215 4486 3421 4555 quando

1899 4577 2203 4643 int-repatus
2231 4593 2260 4629 a
2290 4577 2564 4643 propheta,
2593 4574 2820 4642 graviter
2843 4580 2894 4626 et
2919 4581 3036 4640 post
3059 4571 3422 4626 Comminatio~

1899 4678 1991 4717 nes
2021 4663 2281 4717 terribiles
2334 4662 2423 4715 Dei
2475 4660 2789 4714 exclamavit
2830 4660 3009 4712 dicens
3037 4676 3049 4714 ;
3081 4656 3338 4721 Peccavi,
3365 4665 3420 4710 et

1900 4768 2018 4806 mox
2039 4753 2253 4813 audivit,
2286 4751 2530 4804 Dominus
2551 4748 2757 4802 abstulit
2781 4755 3038 4816 peccatum
3061 4753 3220 4796 tuum.
3243 4742 3421 4808 Quan-

1902 4847 2011 4894 tum
2048 4839 2231 4892 valent
2280 4848 2387 4890 tres
2413 4837 2656 4905 syllabae?
2701 4844 2808 4888 tres
2843 4834 2980 4885 enim
3007 4830 3215 4903 syllaba:
3255 4838 3413 4883 sunt:

1906 4928 2116 4979 Peccavi
2141 4941 2157 4975 :
2181 4928 2269 4979 sel
2298 4928 2354 4978 in
2385 4927 2499 4979 istis
2523 4925 2687 4976 tribus
2708 4921 2920 4990 syllabis
2944 4919 3152 4980 flamma
3176 4918 3419 4975 sacriﬁcii

1903 5015 2077 5068 cordis
2126 5013 2236 5078 ejus
2266 5016 2330 5065 ad
2357 5013 2545 5065 cmlum
2575 5009 2830 5064 ascendit.
2871 5027 2890 5058 ι
2954 5007 3074 5061 llaec
3125 5003 3336 5058 bomilia
3363 5003 3416 5057 in

1903 5103 2209 5172 quibusdam
2250 5101 2517 5154 codicibus
2569 5113 2696 5152 mss.
2741 5095 2982 5149 tribuitur
3022 5091 3330 5160 Augustino,
3360 5090 3419 5142 in

1905 5190 2020 5242 aliis
2049 5187 2342 5240 Ambrosio.
2369 5186 2470 5262 Sed
2501 5201 2530 5236 a
2557 5195 2867 5252 quocunque
2911 5188 3121 5236 auctore
3161 5177 3421 5233 catholico

1906 5279 2015 5329 bzcc
2045 5276 2181 5327 dicta
2217 5275 2352 5335 sint,
2373 5273 2462 5326 illa
2479 5271 2777 5339 significant
2799 5283 2896 5336 pro
2933 5266 3236 5322 crintiniblts
3256 5264 3420 5319 etiam

1906 5362 2227 5432 gravissimis
2257 5359 2612 5427 pmnitentiam
2647 5363 2847 5418 secreto
2877 5355 3064 5426 factam
3094 5350 3348 5406 sufﬁcere.

1974 5446 2286 5501 Laurentius
2322 5442 2654 5498 Nevariensis
2690 5443 2960 5510 episcopus
2988 5439 3041 5490 in
3083 5436 3293 5490 humilia
3352 5433 3424 5487 de
3469 5465 3472 5467 λ

1906 5534 2206 5602 pcenitentia
2235 5549 2248 5584 :
2284 5550 2300 5580 ς
2338 5529 2392 5582 Si
2426 5537 2507 5582 est
2533 5529 2586 5582 in
2615 5537 2664 5580 te
2691 5525 2986 5596 prudentia,
3027 5525 3070 5578 si
3102 5523 3262 5576 babes
3295 5535 3422 5575 con-

1907 5623 2074 5676 silium
2101 5616 2436 5686 etproprium
2467 5615 2652 5668 mentis
2675 5612 2940 5664 arbitrium
2972 5627 2982 5661 :
3011 5610 3144 5662 Deus
3167 5609 3214 5661 in
3248 5616 3294 5659 te
3318 5613 3423 5660 est.
3496 5659 3498 5661 ,
