3974 6466
595 488 729 542 11ἶ9

591 602 702 669 Ipse
726 604 818 657 tibi
845 606 945 658 erit
968 609 1293 674 paenitentia,
1320 619 1371 662 et
1399 610 1514 663 fons
1551 619 1605 663 et
1632 611 1888 677 baptisma
1920 618 1974 661 et
2003 625 2101 662 .re-
2136 614 2180 670 Α
2274 612 2555 681 Gregorius
2575 653 2590 677 ,
2621 616 2710 669 lib.
2760 633 2809 669 tv
2850 618 3117 673 Moralium
3146 662 3159 683 ,
3210 624 3259 675 in
3280 638 3395 693 cap.
3442 641 3499 678 ιιι
3529 629 3585 680 Β.
3608 628 3720 694 Job,

588 691 786 755 missio,
816 694 902 759 qui
922 710 1185 762 nunquam
1214 696 1264 748 in
1298 704 1350 749 te
1389 713 1486 750 nec
1528 699 1738 761 desinit,
1773 712 1868 751 nec
1912 698 2104 751 deﬁcit.

585 777 716 842 Quid
756 782 1029 849 ambiguus
1071 786 1295 838 atstuas?
1321 786 1454 849 Quid
1504 787 1777 840 resolveris
1826 788 2019 848 animo,
2055 796 2108 839 ct

580 867 718 919 inter
749 870 922 938 inepta
959 874 1107 925 tredia
1137 876 1475 928 conscientiae
1513 886 1613 929 tuae
1642 877 1886 945 fatigatus
1930 887 2104 945 torpe-

578 956 716 1006 scis?
741 961 967 1022 peccasti
1001 970 1119 1027 post
1148 961 1362 1023 fontem,
1395 963 1568 1029 lapsus
1592 978 1651 1016 es
1687 973 1804 1030 post
1826 964 2102 1031 baptisma,

578 1042 749 1097 fecisti
800 1049 998 1123 crimen
1053 1060 1169 1116 post
1208 1052 1581 1119 indulgentiam
1609 1056 1924 1121 generalem,
1980 1058 2104 1123 quid

579 1145 717 1183 nunc
742 1134 876 1199 perit
890 1129 999 1199 jam
1031 1138 1183 1203 Spes?
1227 1139 1460 1205 nunquid
1496 1141 1780 1208 intercepta
1823 1151 1905 1195 est
1946 1145 2101 1196 retri-

575 1216 818 1272 butio?...
862 1221 935 1273 Es
966 1223 1051 1274 illa
1102 1225 1183 1277 die
1236 1226 1423 1294 illaque
1447 1228 1578 1279 hora
1620 1243 1720 1295 qua
1752 1244 1994 1296 egressus
2036 1231 2101 1285 de

576 1302 805 1369 lavacro,
837 1308 945 1374 ipse
974 1310 1063 1361 tibi
1086 1326 1141 1362 cs
1165 1310 1277 1365 fons
1296 1312 1457 1381 jugis,
1481 1323 1536 1366 ct
1568 1315 1811 1367 diuturna
1838 1317 2095 1370 remissio.

574 1390 686 1444 Non
707 1409 836 1461 opus
858 1396 1018 1450 babes
1040 1397 1273 1462 doctore,
1299 1417 1394 1454 nec
1421 1402 1607 1455 dextra
1648 1406 1955 1457 sacerdotis.
1982 1406 2097 1461 Mox

570 1484 924 1537 ntascendisti
954 1484 1018 1538 dc
1060 1502 1213 1540 sacro
1238 1487 1401 1551 fonte,
1429 1491 1647 1564 vestitus
1687 1507 1744 1545 es
1769 1501 1911 1545 veste
1956 1494 2091 1558 alba,

567 1579 620 1623 et
670 1581 857 1625 unctus
888 1589 946 1628 es
971 1585 1235 1645 unguento
1266 1580 1487 1646 mystico
1518 1598 1530 1631 :
1564 1580 1698 1634 facta
1737 1590 1819 1634 est
1864 1598 2020 1651 super
2046 1592 2095 1637 te

566 1659 841 1721 invocatio,
874 1672 926 1715 et
961 1666 1106 1717 venit
1152 1682 1308 1734 super
1354 1670 1563 1721 tetrina
1611 1671 1795 1731 virtus,
1840 1686 1956 1737 qum
2000 1687 2094 1725 vas

566 1763 752 1801 novum
781 1752 880 1805 hac
903 1766 1034 1804 nova
1067 1754 1295 1819 perfudit
1335 1755 1589 1807 doctrina.
1621 1757 1820 1809 Exinde
1870 1759 2091 1825 tcipsum

561 1839 746 1889 statuit
769 1839 861 1891 tibi
884 1837 1112 1904 judicent
1159 1850 1214 1892 et
1237 1841 1522 1904 arbitrum;
1553 1844 1796 1909 deditque
1824 1844 1915 1895 tibi
1955 1846 2091 1897 noti-

2210 713 2324 766 cap.
2378 701 2483 753 15:
2531 724 2549 752 ι
2593 703 2649 754 In
2695 705 2939 759 tenebras
2980 722 3105 775 ergo
3148 710 3285 762 dicm
3311 713 3581 776 vertimus,
3608 730 3722 768 cum

2208 787 2553 853 nosmetipsos
2596 790 2831 842 districte
2880 794 3173 858 punientcs,
3212 795 3322 861 ipsa
3363 796 3722 853 delectationis

2206 890 2377 942 prava:
2406 877 2756 932 blandimenta
2785 894 2878 946 per
2904 883 3140 936 districta
3162 888 3479 952 poenitentiae
3500 890 3722 944 lamenta

2204 964 2516 1025 cruciamus,
2548 974 2602 1018 et
2638 981 2755 1019 cum
2800 968 2967 1021 llendo
2995 972 3333 1038 insequimur,
3379 976 3629 1044 quidquid
3671 980 3719 1031 in

2202 1048 2359 1100 corde
2409 1051 2554 1103 taciti
2599 1066 2661 1103 ex
2693 1054 3037 1110 delectatione
3059 1073 3352 1125 peccamus.
3403 1062 3533 1127 Quia
3582 1065 3717 1118 enim

2202 1132 2367 1185 lidclis
2389 1137 2610 1202 quisque
2652 1140 2993 1207 cogitationes
3019 1144 3071 1195 in
3101 1144 3298 1211 judicio
3326 1147 3529 1213 exquiri
3558 1149 3721 1202 subti-

2200 1219 2320 1272 liter
2352 1238 2454 1275 non
2492 1225 2714 1293 ignorat,
2764 1227 2923 1283 Paulo
2967 1239 3269 1297 attestante,
3313 1235 3403 1301 qui
3428 1236 3503 1287 ait
3536 1255 3547 1288 :
3583 1236 3717 1290 inter

2198 1322 2254 1360 se
2301 1310 2521 1363 invicem
2570 1316 2943 1381 cogitationum
2986 1322 3339 1373 accusantium
3370 1362 3383 1383 ,
3420 1332 3511 1375 aut
3557 1325 3715 1376 etiam

2195 1397 2612 1463 defendentium;
2637 1405 2973 1472 semetipsum
2998 1407 3252 1462 introrsus
3276 1410 3580 1472 discutiens,
3598 1420 3715 1464 ante

2188 1482 2438 1548 judicium
2475 1488 2810 1543 vehementer
2852 1494 3134 1556 examinat,
3182 1503 3240 1547 ut
3263 1496 3532 1549 districtus
3553 1495 3713 1562 judex

2192 1587 2254 1624 eo
2271 1573 2379 1640 jam
2402 1578 2729 1643 tranquillius
2769 1579 2962 1641 veniat,
2987 1595 3089 1647 quo
3119 1589 3317 1634 reatum
3362 1598 3531 1646 suum,
3559 1598 3712 1650 quem

2191 1653 2449 1707 discutere
2493 1660 2705 1724 appetit,
2730 1659 2837 1724 jam
2877 1676 2971 1728 pro
2999 1662 3147 1728 culpa
3177 1664 3413 1731 punitum
3456 1667 3643 1718 cernit:
3684 1684 3702 1717 ι

2192 1739 2387 1794 Deinde
2432 1743 2567 1797 hanc
2595 1746 2955 1811 ptrnitentiam
2984 1760 3187 1804 secreto
3228 1750 3422 1804 factam
3452 1753 3706 1815 sufﬁcere,

2189 1826 2318 1878 satis
2354 1842 2612 1897 superque
2641 1832 2917 1886 conﬁrmat
2944 1837 3265 1903 comparatio
3300 1852 3456 1906 quam
3499 1849 3709 1893 sanctus

560 1927 707 1986 tiam,
728 1939 785 1980 ut
808 1902 975 1995 possis
1000 1942 1062 1980 ex
1086 1937 1133 1981 te
1157 1929 1358 1982 discere
1376 1902 1568 1983 bonum
1592 1940 1644 1983 et
1665 1902 1856 1985 malum
1880 1952 1891 1985 :
1918 1934 1965 1987 id
1982 1943 2083 1999 est,
2123 1902 2163 1959 Β
2188 1910 2472 1981 δτθὲθτίηε
2502 1918 2551 1969 ί¹¹
2581 1927 2689 1971 ίθίο
2714 1922 2885 1987 επνίιθ
2912 1926 3148 1989 εθίιιιεηιί
3177 1925 3401 1977 insuum
3432 1927 3568 1978 ίῆίον
3596 1941 3706 1993 Ραδ-

561 2013 697 2066 inter
741 2015 985 2067 meritum
1027 2024 1079 2067 ct
1107 2026 1397 2083 peccatum.
1432 2017 1494 2070 Et
1533 2018 1654 2085 quia
1699 2035 1801 2072 non
1854 2030 2081 2088 poteras,

557 2114 775 2154 manens
830 2103 878 2153 in
932 2104 1180 2156 membris
1250 2106 1585 2173 corporisque
1656 2116 1904 2177 compage
1954 2110 2086 2163 liber

553 2188 780 2241 existere
808 2204 835 2240 a
867 2200 1102 2255 peccato,
1154 2191 1505 2258 immunisque
1552 2206 1669 2245 esse
1708 2210 1736 2245 a
1768 2211 1924 2259 noxa,
1966 2206 2086 2263 post

553 2273 809 2343 baptisma
840 2277 1128 2328 remedium
1157 2285 1300 2329 tuum
1343 2278 1395 2329 in
1421 2287 1472 2329 te
1496 2279 1610 2345 ipso
1657 2282 1857 2343 statuit,
1900 2284 2084 2337 remis-

553 2362 754 2415 sionem
785 2363 836 2414 in
866 2364 1087 2415 arbitrio
1113 2372 1204 2415 tuo
1230 2364 1425 2430 posuit,
1452 2373 1510 2417 ut
1546 2381 1651 2419 non
1678 2372 1882 2435 qhzeras
1910 2385 2081 2424 sacer-

551 2453 747 2514 dotem,
782 2466 900 2504 cum
930 2453 1216 2505 necessitas
1262 2451 1643 2539 eﬂlagitavcrit.
1696 2456 1799 2511 Sed
1838 2459 1946 2525 ipse
1968 2459 2077 2525 jam

548 2554 613 2592 ac
632 2539 676 2592 si
704 2539 865 2592 scitus
903 2540 1313 2608 perspicuusque
1364 2542 1610 2611 magister
1649 2560 1881 2599 errorem
1933 2557 2076 2602 tuum

549 2627 688 2679 intra
739 2637 789 2679 te
837 2629 1101 2688 emendes,
1142 2637 1193 2681 ct
1236 2638 1509 2696 peccatum
1559 2640 1704 2685 tuum
1755 2636 2076 2700 paenitudine

549 2714 749 2767 abluas.
802 2714 979 2781 Itaque
1024 2715 1226 2769 desinat
1276 2718 1487 2781 duritia,
1538 2728 1705 2773 cesset
1759 2722 2071 2790 desperatio,

549 2804 751 2879 desinat
795 2806 1019 2873 ignavia,
1070 2805 1185 2859 fons
1223 2823 1488 2876 nunquam
1536 2810 1728 2873 deficit,
1752 2827 1884 2879 aqua
1937 2815 2076 2869 intus

544 2901 625 2943 est
653 2910 666 2942 :
696 2876 891 2943 ablutio
912 2892 961 2943 in
988 2893 1204 2945 arbitrio
1233 2902 1315 2946 est
1344 2912 1355 2945 :
1395 2896 1739 2950 sanctificatio
1765 2876 1816 2951 in
1861 2900 2072 2953 solertia

539 2986 645 3041 est,
678 2978 919 3031 remissio
947 2979 998 3030 in
1026 2994 1145 3031 rore
1166 2979 1531 3048 laerymarum.
1574 2982 1743 3037 Nolite
1790 2986 1990 3041 solvere
2020 2988 2071 3042 in

542 3068 817 3135 segnitiem
842 3086 854 3119 :
887 3066 1002 3121 fons
1027 3076 1109 3144 est
1141 3069 1193 3122 in
1218 3069 1428 3123 homine
1451 3082 1793 3127 conservatus
1816 3085 2069 3144 perpetua

539 3156 826 3224 pcenitudo.
856 3155 927 3208 lbi
956 3165 1038 3209 est
1069 3138 1376 3224 panitentia
1411 3160 1475 3212 ad
1501 3175 1681 3214 vocem
1706 3138 1950 3228 Baptista:
1976 3167 2064 3232 qui

537 3246 613 3300 sic
634 3244 949 3298 vociferatur
977 3246 1026 3298 in
1048 3234 1244 3307 eremo,
1283 3255 1338 3299 et
1364 3249 1672 3315 penetrabili
1700 3250 1930 3303 clamore
1971 3253 2063 3306 de-

536 3341 705 3387 sertas
739 3332 1006 3385 hominum
1033 3340 1234 3385 mentes
1254 3344 1535 3403 exaggerat
1563 3336 1743 3390 dicens
1766 3355 1777 3389 :
1814 3337 2067 3393 Paeniten-

537 3421 660 3472 tiam
711 3418 864 3485 agite,
902 3418 1321 3487 appropinquabit
1374 3424 1509 3473 enim
1550 3439 1758 3490 regnum
1801 3425 2058 3480 caelorum.

536 3508 699 3561 Nemo
719 3516 890 3575 potest
916 3510 1128 3575 superni
1157 3508 1363 3577 imperii
1398 3511 1592 3563 habere
1620 3513 1837 3579 apicem,
1871 3516 2063 3568 habere

536 3598 839 3667 fastigium;
885 3598 987 3649 nisi
1032 3596 1191 3650 fuerit
1231 3599 1547 3666 pcnnitentiae
1596 3601 1841 3671 suffragio
1880 3603 2057 3658 fultus.

534 3686 611 3738 Ad
639 3684 780 3752 regni
800 3684 1009 3753 superni
1030 3684 1371 3752 penetrabilia
1386 3700 1485 3738 non
1507 3687 1742 3754 pervenit
1762 3689 2054 3757 quisquam,

534 3776 634 3827 nisi
686 3775 854 3840 egerit
897 3774 1276 3842 paenitentiam.
1330 3773 1536 3840 Repetit
1564 3776 1732 3828 adhuc
1779 3777 2053 3845 Baptista:

532 3863 659 3930 Ego,
694 3861 880 3927 inquit,
904 3860 1111 3929 baptizo
1136 3874 1229 3913 vos
1257 3876 1388 3928 aqua
1403 3862 1454 3913 in
1476 3863 1832 3929 ptenitcntiam
1850 3880 1863 3926 ;
1882 3866 1972 3919 sed
1984 3866 2059 3918 al-

532 3960 612 4005 ter
631 3958 711 4003 est
730 3958 845 4018 post
875 3964 956 4002 me
978 3951 1210 4013 veniens,
1234 3951 1322 4017 qui
1349 3964 1443 4003 vos
1468 3950 1751 4019 baptizabit
1778 3954 1828 4007 in
1859 3953 2057 4023 Spiritu

530 4049 711 4093 saneto
735 4049 788 4092 et
812 4040 935 4109 igni.
965 4039 1078 4093 Noli
1110 4047 1164 4092 tu
1193 4038 1299 4107 jam
1330 4054 1565 4107 qumrcre
1591 4056 1759 4108 neque
1803 4042 2055 4098 Joannem

531 4145 699 4195 neque
725 4128 1020 4181 Jordanem.
1048 4128 1159 4195 ipse
1201 4128 1292 4179 tibi
1322 4136 1434 4181 esto
1461 4129 1711 4196 Baptista.
1735 4129 1967 4184 Pollutus
1999 4147 2056 4186 es

529 4224 647 4283 post
674 4215 963 4293 lavacrum,
989 4214 1166 4266 vitiata
1192 4221 1313 4267 sunt
1336 4214 1535 4266 viscera
1559 4223 1667 4277 tua,
1703 4218 2054 4271 contaminata

528 4311 610 4357 est
638 4302 842 4355 anima?
870 4300 1030 4368 Tinge
1060 4309 1109 4354 te
1160 4300 1209 4352 in
1264 4315 1397 4369 aqua
1437 4301 1775 4368 poenitentiae,
1811 4304 1962 4357 ablue
2002 4314 2055 4359 te

528 4388 844 4443 abundantia
879 4387 1243 4455 lacrymarum,
1285 4390 1537 4442 exuberet
1560 4388 1676 4442 fons
1699 4393 2053 4458 compunctio—

2184 2001 2455 2055 nitentiam
2485 2020 2599 2072 quce
2638 2008 2725 2059 lict
2767 2010 2991 2063 maxime
3033 2011 3235 2077 publica
3265 2012 3319 2063 in
3361 2012 3447 2065 die
3485 2016 3706 2067 extremi

2174 2086 2381 2153 judicii,
2419 2098 2471 2142 et
2510 2092 2665 2145 aliam
2694 2104 3032 2161 spontaneum
3062 2112 3177 2165 quin
3220 2106 3340 2150 tunc
3370 2098 3421 2150 in
3472 2099 3573 2153 hac
3601 2102 3703 2153 vita

2181 2174 2352 2240 agitur
2379 2191 2407 2228 a
2438 2177 2694 2245 plurimis,
2726 2183 2815 2249 qui
2843 2182 2978 2236 intra
3009 2182 3236 2238 latebras
3262 2187 3597 2239 conscientiae
3625 2204 3704 2241 se-

2179 2266 2429 2334 metipsos
2456 2267 2761 2335 dijudicant,
2792 2280 2847 2324 ut
2873 2287 2973 2324 non
3001 2274 3181 2341 utique
3209 2274 3259 2326 in
3290 2274 3371 2328 die
3394 2276 3700 2330 manifesta-

2177 2353 2334 2408 tionis
2365 2370 2394 2407 a
2425 2357 2645 2411 Domino
2666 2357 2985 2424 judicentur.

2243 2441 2528 2510 Gregorius
2553 2484 2566 2505 ,
2616 2445 2703 2497 lib.
2745 2445 3026 2500 Pastoralis
3048 2457 3209 2512 cene,“
3237 2459 3374 2516 part.
3407 2465 3487 2511 ιιι,
3517 2451 3697 2504 admo-

2177 2530 2272 2582 nit.
2304 2533 2335 2584 8
2368 2549 2378 2582 :
2414 2550 2430 2580 ι
2461 2532 2625 2586 Aliter
2663 2535 2974 2589 admonendi
3007 2545 3127 2589 sunt
3168 2538 3514 2605 impudentes,
3543 2546 3700 2607 atque

2177 2619 2332 2671 aliter
2375 2623 2676 2676 verecundi.
2723 2624 2841 2678 Illos
2870 2640 3094 2692 namque
3121 2624 3188 2679 ab
3216 2626 3549 2693 impudentia:
3575 2626 3699 2679 vitio

2174 2722 2275 2759 non
2336 2709 2433 2762 nisi
2487 2711 2774 2778 increpatio
2817 2715 2943 2766 dura
2987 2715 3287 2782 compescit.
3343 2715 3476 2769 Istos
3524 2725 3696 2769 autem

2172 2795 2479 2864 plerumque
2501 2799 2563 2850 ad
2588 2800 2773 2853 melius
2804 2802 3100 2854 evhortatio
3128 2804 3359 2855 modesta
3406 2806 3690 2871 componit.

2172 2881 2249 2934 Illi
2281 2899 2336 2934 se
2362 2884 2662 2951 delinquere
2690 2883 2948 2950 nesciunt,
2980 2888 3079 2941 nisi
3105 2890 3260 2942 etiam
3287 2905 3315 2942 a
3346 2891 3588 2957 pluribus
3617 2893 3694 2965 in-

2173 2962 2454 3038 crepentur
2500 2992 2512 3025 :
2540 2975 2673 3028 ‘istis
2701 2975 3005 3044 plerumque
3039 2978 3104 3031 ad
3138 2979 3533 3033 conversionem
3586 2962 3693 3034 suf-

2172 3062 2281 3116 ficit
2307 3064 2444 3131 quod
2477 3065 2554 3118 eis
2580 3065 2766 3119 doctor
2792 3066 2927 3119 mala
2956 3082 3048 3120 sua
3077 3068 3260 3120 saltem
3288 3067 3476 3122 leniter
3493 3069 3559 3123 ad
3580 3084 3693 3124 me-

2172 3153 2394 3204 moriam
2421 3153 2641 3205 reducit.
2668 3152 2787 3206 illos
2813 3153 2997 3207 melius
3029 3154 3246 3223 corrigit
3271 3154 3360 3222 qui
3399 3156 3691 3211 invehendo

2169 3241 2534 3308 reprehendit;
2567 3242 2681 3294 istis
2705 3251 2879 3295 autem
2917 3242 3083 3310 major
3107 3244 3371 3312 profectus
3392 3246 3687 3311 adducitur,

2163 3326 2208 3380 si
2231 3327 2329 3380 hoc
2350 3329 2488 3395 quod
2511 3329 2560 3380 in
2582 3328 2659 3382 eis
2679 3329 3091 3397 reprehenditur,
3117 3333 3266 3399 quasi
3290 3346 3354 3385 ex
3381 3332 3544 3387 latere
3576 3343 3688 3387 tan-

2162 3424 2332 3485 gatur.
2364 3416 2511 3482 Quod
2540 3426 2720 3484 postea
2766 3420 2995 3473 ostendit
3023 3421 3259 3489 exemplo
3293 3422 3383 3476 Dei
3428 3431 3482 3477 et
3510 3424 3683 3488 Pauli;

2160 3504 2411 3573 cujusque
2432 3506 2507 3558 rei
2540 3506 2675 3559 hanc
2703 3507 2854 3559 aliert
2879 3508 3156 3571 rationem,
3186 3516 3242 3561 ut
3266 3510 3452 3578 inquit,
3493 3523 3549 3566 et
3569 3513 3684 3567 illo-

2161 3608 2276 3644 rum
2301 3593 2484 3661 culpas
2503 3592 2793 3662 increpatio
2836 3595 2964 3649 dura
2987 3596 3273 3665 detegeret,
3300 3604 3352 3650 et
3380 3599 3568 3653 borum
3594 3617 3685 3657 ne-

2158 3681 2459 3749 gligentiam
2499 3681 2708 3735 mollior
2754 3697 2927 3737 sermo
2965 3684 3179 3738 velaret.
3216 3703 3234 3736 ι
3265 3683 3477 3739 Publica
3521 3688 3683 3757 igitur

2155 3770 2461 3836 poenitentia
2509 3770 2894 3837 impudentibus
2957 3760 3251 3825 necessaria
3301 3781 3401 3837 est,
3454 3789 3677 3843 quorum

2156 3858 2376 3910 crimina
2398 3858 2757 3925 increpatione
2798 3860 2925 3912 dura
2955 3862 3297 3929 deteguutur;
3320 3862 3526 3916 occulta
3554 3878 3680 3918 vero

2152 3943 2460 4011 pmnitentia
2493 3943 2684 3998 sullicit
2717 3946 3026 4000 verecundis
3057 3962 3278 4015 quorum
3306 3958 3520 4016 peccata
3551 3951 3678 4004 mol-

2154 4031 2270 4083 liori
2297 4046 2537 4085 sermone
2561 4032 2817 4086 velantur.
3130 4054 3142 4081 ι

2220 4110 2275 4173 in
2315 4123 2665 4177 admonitione
2684 4123 2788 4177 30:
2819 4143 2838 4176 ι
2874 4124 3023 4193 Saepe
3047 4126 3186 4180 enim
3214 4127 3513 4182 misericors
3537 4130 3673 4185 Deus

2151 4220 2213 4260 eo
2240 4209 2399 4263 citius
2444 4218 2657 4277 peccata
2690 4211 2865 4263 cordis
2919 4212 3102 4274 abluit,
3151 4227 3256 4281 quo
3298 4214 3407 4268 haec
3433 4216 3581 4270 exire
3605 4220 3671 4272 ad

2149 4312 2325 4365 opera'
2356 4313 2459 4352 non
2484 4299 2738 4367 permittit
2764 4316 2776 4352 :
2805 4308 2858 4353 et
2880 4300 3103 4370 cogitata
3131 4301 3359 4369 nequitia
3383 4314 3579 4371 quanto
3596 4307 3670 4361 ci-

2150 4387 2253 4442 tius
2278 4386 2520 4452 solvitur,
2556 4390 2677 4456 quia
2722 4387 2907 4443 effectu
2956 4390 3128 4459 operis
3151 4391 3440 4448 districtius
3465 4409 3567 4448 non
3608 4395 3667 4450 li-

530 4476 611 4529 nis
632 4476 682 4527 in
705 4475 840 4527 extis
882 4475 983 4527 tuis
1015 4491 1028 4526 :
1058 4474 1321 4527 cxundent
1348 4490 1494 4542 aqute
1514 4476 1644 4528 viva:
1673 4477 1723 4529 in
1760 4478 1905 4533 fibris
1924 4481 2044 4534 tuis.

2169 4481 2320 4540 gatur.
2355 4473 2502 4526 Unde
2546 4483 2687 4527 recte
2730 4490 2824 4543 per
2867 4475 3217 4530 Psalmistam'
3242 4474 3435 4533 dicitur
3461 4500 3474 4533 :
3502 4482 3663 4537 Dixi:

527 4563 661 4618 Para
688 4570 738 4615 te
759 4561 985 4613 venienti
1022 4560 1262 4624 Domino,
1291 4569 1342 4613 et.
1373 4562 1483 4630 ipse
1522 4564 1808 4630 baptizabit
1836 4568 1887 4619 in
1932 4568 2049 4637 Spi-

527 4652 631 4707 ritu
667 4658 848 4704 sancto
890 4655 941 4702 et
969 4648 1098 4716 igni,
1155 4650 1354 4702 habens
1403 4650 1748 4704 ventilabrum
1795 4653 1845 4705 in
1890 4670 2046 4709 manu

527 4759 619 4799 sua
646 4762 659 4795 :
686 4741 823 4809 quod
860 4748 941 4795 est
969 4740 1223 4808 inspectio
1257 4739 1338 4792 vel
1368 4726 1670 4808 ponderatio
1711 4742 2046 4809 pmnitudinis

526 4847 589 4886 ac
632 4829 853 4900 peccati.
885 4829 997 4896 ipse
1029 4825 1306 4897 perpendit
1328 4826 1380 4878 in
1407 4834 1457 4877 te
1503 4835 1785 4895 utrumque
1808 4831 2041 4897 pondus;

524 4921 635 4989 ipse
658 4916 981 4987 conspicitin
1025 4923 1077 4969 te
1102 4914 1309 4976 molem,
1346 4920 1399 4966 et
1420 4912 1605 4966 molem
1650 4932 1661 4967 :
1694 4930 1850 4967 unam
1880 4919 2046 4985 pomi-

522 5009 732 5069 tentim,
790 5019 955 5057 unam-
993 5002 1319 5071 pestilentiaz.
1361 5001 1434 5078 ~Et
1468 5001 1787 5070 ptenitentiae
1831 5004 2040 5072 quidem

523 5097 743 5159 fructus,
769 5107 831 5146 ac
861 5093 903 5146 si
940 5092 1188 5154 triticum,
1215 5092 1448 5160 congerit
1472 5091 1524 5144 in
1547 5099 1689 5145 tuum
1709 5091 1996 5160 profectum
2022 5108 2038 5147 :

520 5190 735 5254 peccata
759 5194 883 5234 vero
905 5187 1008 5247 tua,
1035 5179 1186 5249 quasi
1211 5178 1517 5248 pestilentiae
1551 5179 1748 5249 paleas,
1782 5181 2042 5236 comburit

520 5273 627 5341 igni
673 5269 1098 5340 inexstinguibili.
1127 5268 1250 5323 Htec
1279 5276 1358 5322 est
1382 5269 1585 5336 privata
1613 5270 1852 5324 remissio
1876 5308 1891 5335 ,
1920 5270 2038 5323 inti-

518 5373 607 5412 mo
626 5358 781 5412 corde
798 5364 1102 5426 provocata,
1125 5364 1178 5410 et
1196 5355 1519 5425 ptenitudine
1548 5357 1819 5424 acquisita.
1857 5375 1874 5408 ι
1902 5357 2039 5423 Quot

518 5448 698 5513 verba,
726 5454 805 5500 tot
830 5453 1155 5516 argumenta,
1184 5446 1372 5514 quibus
1406 5446 1658 5515 probatur
1676 5446 2034 5513 pccnitentiam

517 5540 623 5604 pro
666 5534 971 5590 criminibus
1027 5521 1246 5589 occultis
1278 5544 1478 5588 secreto
1532 5532 1721 5586 factam
1776 5535 2034 5597 suliicere,

518 5629 674 5691 atque
698 5636 895 5676 morem
931 5621 1176 5675 Ecclesia:
1225 5620 1382 5675 fuisse
1425 5623 1485 5678 dc
1540 5622 1766 5689 peccatis
1820 5622 2033 5675 occultis

515 5725 719 5770 Secreto
757 5710 1061 5783 pmnitcndi.

2147 4561 2497 4628 pronuntiabo
2536 4562 2798 4615 adversum
2823 4579 2904 4616 me
2938 4563 3218 4636 injustitias
3242 4581 3386 4621 meas
3423 4568 3664 4639 Domino,

2145 4654 2192 4704 et
2239 4659 2292 4702 tu
2319 4651 2555 4703 remisisti
2583 4652 2885 4720 impietatem
2914 4651 3088 4707 cordis
3113 4655 3229 4707 mei.
3274 4655 3375 4720 Qui
3399 4659 3539 4712 enim
3569 4661 3665 4714 im-

2145 4738 2393 4806 pietatem
2440 4738 2613 4791 cordis
2649 4738 2898 4804 subdidit,
2944 4740 3068 4807 quia
3093 4741 3465 4808 eogitationum
3506 4746 3663 4814 injus-

2146 4827 2289 4881 titias
2317 4828 2656 4894 pronuntiare
2681 4828 2835 4881 vellet
2874 4830 3142 4883 indicavit.
3166 4830 3397 4902 Denique
3415 4834 3506 4898 ait,
3538 4853 3659 4904 pro-

2145 4916 2397 4969 nuntiabo
2416 4916 2689 4969 adversum
2707 4931 2789 4970 me
2810 4916 3092 4985 injustitias
3110 4933 3270 4973 meas.
3295 4920 3530 4990 Dumque
3547 4926 3619 4978 ait
3640 4938 3655 4977 :

2143 5005 2280 5068 Dixi,
2307 5004 2683 5066 Prouuntiabo,
2728 5012 2886 5073 atque
2909 5005 3046 5060 illico
3068 5005 3321 5073 adjunsit,
3352 5018 3399 5060 et
3433 5018 3489 5061 tu
3515 5013 3662 5065 remi-

2138 5094 2272 5158 sisti,
2312 5108 2469 5162 quam
2507 5093 2575 5147 sit
2612 5107 2770 5161 super
2797 5094 2909 5146 haec
2933 5092 3101 5148 facilis
3137 5094 3285 5147 venia
3317 5097 3563 5151 ostendit.
3588 5100 3654 5154 Et

2138 5179 2262 5234 dum
2297 5194 2354 5234 se
2379 5181 2550 5234 adhuc
2583 5187 2761 5247 petere
2786 5182 3061 5249 promittit,
3090 5183 3190 5237 hoc
3218 5184 3356 5251 quod
3398 5194 3578 5252 petere
3596 5201 3654 5242 se

2135 5268 2488 5335 promittebat,
2528 5267 2753 5322 obtinuit
2780 5284 2793 5319 :
2825 5277 3083 5337 quatenus
3097 5271 3221 5339 quia
3247 5286 3411 5340 usque
3434 5274 3501 5327 ad
3523 5289 3654 5344 opus

2135 5371 2240 5409 non
2264 5363 2479 5410 venerat
2511 5355 2680 5423 culpa,
2711 5370 2876 5425 usque
2910 5357 2975 5410 ad
3000 5358 3289 5413 cruciatum
3316 5374 3420 5414 non
3462 5376 3649 5433 perve-

2133 5444 2272 5496 niret
2296 5442 2624 5511 paenitentia,
2652 5444 2743 5497 sed
2784 5445 3009 5511 cogitata
3037 5445 3247 5500 aﬂlictio
3278 5456 3507 5503 mentem
3542 5458 3649 5504 ter-

2134 5539 2298 5598 geret,
2328 5543 2486 5595 quam
2510 5529 2756 5584 nimirum
2779 5532 3135 5589 tantummodo
3155 5534 3383 5600 cogitata
3405 5535 3649 5606 iniquitas

2136 5621 2474 5687 inquinasset.
2515 5639 2532 5672 ι

2204 5708 2255 5759 lu
2312 5706 2660 5775 admonitione
2696 5711 2769 5762 ὗε).
2820 5727 2834 5766 ς
2892 5730 2909 5761 ι
2962 5712 3287 5782 Rursumque
3338 5713 3645 5772 admonendi

3628 106 3904 381 Ἴ

1146 494 1481 551 TliEODORl
1518 495 1824 551 ARCHIEP.
1864 497 2037 551 CANT
2047 500 2068 553 1

2169 502 2200 551 l.
2244 501 2575 557 DOCTRINA
2614 506 2699 559 DE
2735 506 3162 565 ΡοεΝιτΕΝιιΑ
3603 518 3724 574 1180
