3974 6400
213 420 339 482 1131

1028 429 1113 481 ΑΒ
1148 429 1309 483 ΟΜΝΙ
1347 426 1699 483 ΝΟἨΤΑΠδ
1738 433 2122 487 SIISPICIONE
2160 435 2559 502 VlNDlCA'l‘A.,

3202 444 3337 500 H83

217 546 357 602 sunt,
392 548 450 592 ut
475 540 519 593 si
549 539 666 592 mali
718 556 832 594 esse
860 556 960 593 non
992 552 1243 602 metuunt,
1280 544 1591 595 erubescant
1639 544 1732 595 sal-
1760 547 1801 597 Α
1831 545 1967 607 dico,
1996 549 2236 601 omnibus
2261 550 2406 602 vobis
2431 551 2547 603 dico
2575 568 2586 602 :
2618 551 2841 614 clericis,
2882 554 3025 607 laicis
3056 568 3119 608 ac
3137 555 3335 609 sancti-

220 640 320 683 tem
348 630 516 683 videri
543 631 681 697 quod
721 638 860 683 sunt.
914 629 1220 697 Plerumque
1248 632 1385 685 enim
1429 632 1579 699 culpa
1608 633 1727 684 dum

219 718 572 778 absconditur,
616 717 914 785 elfugatur:
957 719 1079 785 quia
1114 719 1233 771 dum
1273 734 1419 771 mens
1466 720 1732 773 erubescit

221 806 382 859 videri
421 806 561 873 quod
596 814 770 859 tamen
793 818 908 859 esse
929 821 1033 861 non
1062 807 1255 869 timuit,
1279 807 1539 860 erubescit
1569 822 1732 874 quan-

218 893 388 961 doque
429 907 546 946 esse
578 892 719 960 quod
751 891 881 960 fugit
928 891 1109 945 videri.
1146 912 1165 944 ι
1197 892 1285 948 Sic
1309 894 1544 960 pluribus
1590 896 1735 948 testi-

221 981 408 1033 muniis
431 980 634 1033 delarat
655 986 864 1045 sanctus
883 978 1161 1047 Gregorius
1185 983 1490 1035 verecundis
1511 996 1733 1049 quorum

220 1076 434 1135 peccata
462 1068 665 1120 occulta
710 1076 849 1129 sunt,
883 1070 1243 1135 pcenitentiam
1291 1079 1494 1123 secreto
1544 1072 1733 1124 factam

219 1164 521 1222 competere
547 1163 702 1223 atque
730 1155 987 1215 suilicere,
1027 1165 1081 1208 et
1109 1156 1225 1209 ideo
1268 1172 1465 1210 morem
1492 1159 1736 1212 Ecclesia:

222 1239 380 1293 fuisse
402 1241 466 1292 de
489 1241 716 1307 peccatis
741 1238 957 1292 occultis
981 1249 1184 1293 secreto
1206 1242 1510 1307 ptenitcndi.

284 1325 531 1388 Joannes,
550 1327 712 1380 abbas
736 1326 1028 1401 Raithu,_ad
1052 1342 1206 1394 quem
1232 1330 1440 1394 scripsit
1466 1331 1734 1396 epistolam

218 1409 449 1465 Joannes
473 1410 755 1474 Climacus,
786 1413 837 1464 in
861 1413 969 1464 suis
999 1411 1224 1468 Scholiis
1266 1416 1329 1467 ad
1349 1416 1584 1483 quintum
1611 1433 1733 1485 gra-

218 1503 343 1555 dum
368 1500 416 1554 J.
448 1502 684 1564 Climaci,
709 1511 764 1556 et
796 1503 848 1555 in
873 1503 984 1555 hanc
1011 1505 1170 1556 verba
1201 1520 1213 1554 :
1253 1520 1525 1571 securaque
1563 1507 1736 1572 cujus-

217 1607 313 1658 quc
354 1592 435 1643 sui
472 1607 615 1642 cura.
657 1608 675 1641 ι
711 1590 863 1655 Quia,
894 1590 1078 1656 inquit,
1127 1592 1190 1643 de
1226 1591 1367 1645 nullo
1406 1602 1615 1645 terreno
1645 1607 1736 1645 cu-

219 1684 317 1740 rat,
342 1678 435 1729 sed
461 1692 557 1743 pro
584 1691 641 1729 se
694 1677 791 1729 sibi
835 1677 1074 1739 sollicita,
1124 1680 1385 1759 quomodo
1434 1681 1533 1732 sibi
1572 1680 1737 1732 Deum

218 1765 542 1827 reconciliet,
568 1773 621 1820 et
640 1763 858 1817 salutem
882 1766 1136 1831 perditam
1177 1782 1271 1833 per
1293 1776 1560 1833 peccatum
1588 1770 1735 1823 inve-

1826 632 2134 686 monialibus
2163 652 2174 685 2
2204 642 2259 688 ut
2283 635 2534 701 quidquid
2562 652 2619 689 se
2657 639 2837 691 recolit
2862 639 3086 703 invidiae,
3121 650 3212 694 aut
3238 643 3333 697 de-

1828 719 2117 782 tractionis,
2144 721 2247 772 odii
2271 737 2476 787 quoque
2505 732 2555 774 et
2584 724 2939 779 fornicationis
2958 726 3066 779 sive
3086 726 3334 791 incestus,

1827 804 1909 857 vel
1938 804 2147 872 perjurii
2169 845 2183 869 ,
2212 816 2581 862 caeterorumve
2627 812 2867 866 vitiorum
2904 814 3210 881 contagione
3256 825 3336 867 at-

1831 900 2058 955 tactum,
2104 893 2286 948 saltem
2338 896 2491 950 hodie
2522 912 2615 963 per
2640 899 2830 952 divina:
2872 901 3051 954 salutis
3106 901 3334 954 medica-

1830 985 2080 1041 mentum,
2104 979 2405 1047 iuquantum
2417 984 2681 1049 pnevalet,
2697 1000 2752 1038 se
2772 987 3046 1054 purificare
3071 996 3335 1054 procuret.

1828 1065 2146 1119 Conﬂteatur
2184 1069 2459 1122 adversum
2498 1086 2553 1123 se
2582 1072 2880 1137 injustitiam
2929 1089 3074 1127 suam
3122 1073 3340 1127 Domino

1832 1161 1888 1204 ut
1932 1155 2165 1207 remittat
2193 1157 2510 1222 impietatem
2532 1161 2703 1211 cordis
2740 1162 2839 1221 sui,
2866 1170 2915 1213 et
2940 1162 3171 1228 reliquiae
3194 1163 3341 1229 cogi-

1831 1242 2086 1293 tationum
2108 1241 2217 1308 ejus
2240 1244 2374 1295 diem
2391 1243 2579 1296 festum
2600 1254 2753 1314 agent
2776 1248 3013 1300 Domino.
3038 1248 3182 1301 Tunc
3201 1250 3341 1302 enim
3411 1232 3418 1240 ’

1832 1327 2062 1394 reliquire
2102 1329 2428 1395 cogitationis
2476 1331 2612 1383 diem
2660 1332 2846 1385 festum
2891 1342 3050 1402 agunt
3091 1335 3342 1397 Domino,

1831 1418 2036 1481 quando
2078 1426 2320 1481 peccator
2361 1419 2576 1484 quilibet
2603 1428 2719 1486 post
2760 1423 2903 1489 prius
2933 1425 3106 1475 datam
3143 1423 3346 1476 confes-

1832 1502 2050 1564 sionem,
2076 1516 2133 1555 se
2158 1499 2401 1557 cohibere
2425 1506 2696 1572 pollicetur
2722 1509 2786 1561 ab
2814 1509 3086 1575 iniquitate
3113 1525 3206 1563 sua
3226 1550 3240 1574 ,
3268 1520 3346 1562 to-

1834 1598 2017 1656 tusque
2045 1592 2335 1658 prorumpit
2358 1592 2408 1644 in
2429 1592 2687 1661 lacrymas
2709 1605 2760 1648 et
2788 1596 2837 1649 in
2876 1596 3202 1651 aﬂ‘ectionem
3225 1612 3343 1651 cor-

1834 1682 1935 1744 dis,
1965 1682 2207 1750 quoniam
2236 1697 2327 1736 cor
2346 1685 2629 1755 contritum
2653 1695 2703 1737 et
2728 1687 3052 1739 humiliatum
3083 1687 3218 1740 Deus
3243 1702 3345 1738 non

1835 1768 2033 1835 spernit
2066 1785 2078 1820 :
2109 1768 2399 1837 hujusmodi
2429 1770 2683 1825 festivitas
2724 1772 2921 1840 angelis
2963 1772 3347 1825 exsultantibus

218 1853 344 1913 niat,
373 1851 677 1925 paenitendo
703 1859 755 1904 et
792 1852 1013 1920 lugendo
1044 1830 1273 1906 festinat.
1293 1830 1374 1907 —Et
1394 1870 1488 1923 pro
1513 1872 1569 1908 se
1594 1858 1735 1910 solli-
1770 1830 1810 1885 Β
1840 1830 1915 1917 fit,
1954 1830 2190 1907 V'eritate
2220 1864 2500 1909 attestante
2530 1874 2644 1925 qua:
2681 1860 2754 1912 ait
2786 1830 3085 1925 :quonia‘m
3107 1860 3350 1928 gaudium

217 1938 342 2000 cita,
385 1945 442 1991 et
477 1954 572 2006 pro
597 1953 654 1992 se
685 1938 966 2005 dijudicata
993 1940 1081 1999 sit,
1105 1943 1228 2009 quia
1267 1944 1442 1995 omnia
1470 1959 1585 2010 qua:
1613 1953 1735 1997 sunt

217 2027 416 2087 mundi,
439 2034 492 2079 et
516 2042 572 2080 se
594 2028 761 2094 ipsum
788 2029 1048 2094 puniendo
1073 2016 1376 2095 contemnit,
1406 2033 1495 2099 qui
1522 2041 1601 2086 est
1627 2048 1735 2100 po:-

217 2113 410 2174 nitcns,
455 2121 510 2165 ct
532 2114 806 2180 vigilanter
828 2116 896 2167 ab
918 2118 1060 2168 omni
1079 2117 1278 2182 judicio
1302 2134 1358 2172 se
1379 2119 1590 2187 dignum
1620 2137 1736 2174 cer-

218 2204 312 2255 nit.
341 2203 441 2255 Per
461 2218 518 2256 se
541 2202 698 2271 igitur
724 2204 966 2271 cogitatio
997 2203 1276 2271 dijudicata
1299 2216 1396 2270 est,
1417 2211 1537 2276 quia
1564 2210 1736 2277 aliquo

217 2291 317 2344 alio
346 2292 414 2344 ad
447 2290 865 2356 dijudieationem
894 2308 997 2347 non
1034 2304 1171 2361 eget,
1202 2297 1291 2349 sed
1320 2298 1406 2364 qui
1446 2307 1528 2351 est
1565 2301 1734 2365 poeni-

219 2390 354 2442 lens,
387 2382 498 2449 ipse
524 2381 605 2434 sui
631 2381 793 2448 ipsius
804 2379 960 2447 judex
997 2391 1051 2435 et
1076 2384 1263 2436 vindex
1292 2395 1389 2438 est.
1429 2406 1445 2436 ι

284 2469 505 2537 Eligius,
532 2469 890 2525 Noviomensis
907 2472 1199 2540 episcopus,
1226 2475 1277 2526 in
1306 2474 1516 2528 liomilia
1547 2477 1608 2528 de
1632 2476 1737 2528 lilio

217 2556 433 2624 prodigo
465 2570 480 2608 :
515 2574 533 2605 ‹
572 2557 676 2609 Vos
707 2557 861 2611 etiam
884 2598 898 2622 ,
928 2558 1138 2620 fratres,
1170 2571 1287 2627 post
1315 2564 1732 2619 exhortationem
1762 2578 1769 2583 ‘

216 2657 374 2711 quam
396 2643 675 2695 habuimus
699 2643 763 2695 ad
799 2644 1130 2710 pmnitentes,
1164 2662 1368 2700 mecum
1399 2649 1651 2699 admoneo
1680 2658 1737 2700 ut

217 2732 574 2798 unusquisque
613 2739 846 2783 nosmnn
880 2741 1116 2784 recurrat
1160 2734 1224 2785 ad
1263 2734 1591 2787 conscientiae
1630 2749 1736 2787 sum

215 2825 438 2878 secreta,
468 2826 520 2866 et
549 2816 832 2883 interroget
854 2818 1185 2885 semetipsum
1208 2820 1430 2885 qualiter
1454 2836 1549 2886 per
1573 2829 1735 2875 totum

215 2918 446 2965 annum,
493 2904 718 2956 maxime
772 2904 854 2956 his
914 2906 1078 2957 sacris
1126 2907 1345 2971 diebus,
1404 2918 1739 2963 conversatus

213 3002 309 3047 est.
358 2993 423 3045 Et
460 2994 504 3063 si
534 2992 790 3046 invenerit
836 2995 887 3047 in
927 2994 1084 3046 corde
1131 3008 1227 3046 suo
1271 2995 1447 3062 spinas
1490 3004 1544 3049 et
1570 2997 1734 3049 tribu-

217 3080 293 3133 los
320 3080 652 3143 delictorum,
698 3080 907 3134 studeat
948 3081 1232 3135 auxiliante
1273 3082 1382 3137 Deo
1424 3085 1737 3151 quantocius

216 3170 439 3224 evellere
465 3209 481 3233 ,
526 3178 581 3224 et
610 3169 877 3223 evellendo
904 3171 1200 3234 eradicare,
1242 3172 1426 3240 hisque
1457 3173 1737 3228 eradicatis

216 3259 377 3311 fodiat
399 3270 607 3311 vomere
630 3256 863 3319 salutari,
890 3273 952 3311 ac
973 3265 1223 3322 stercora,
1248 3259 1420 3322 idest,
1452 3260 1585 3313 bona
1612 3277 1740 3330 ope-

218 3364 273 3401 ra
300 3348 549 3401 immittat
568 3387 584 3411 ,
612 3354 670 3399 ut
694 3346 858 3415 possit
883 3346 1054 3400 facere
1078 3346 1312 3400 fructum
1342 3364 1354 3399 :
1385 3356 1439 3399 et
1464 3348 1507 3401 si
1534 3348 1615 3401 vel
1638 3349 1736 3403 ho-

215 3436 296 3488 die
330 3436 534 3503 puriter
561 3434 830 3489 confessus
856 3449 918 3487 ac
958 3435 1144 3488 devote
1174 3450 1458 3489 conversus
1492 3434 1650 3489 fuerit
1680 3445 1739 3489 ut

216 3526 384 3579 valeat
406 3527 595 3596 dignus
632 3527 883 3579 interesse
925 3525 1239 3579 solemnitati
1289 3528 1562 3595 praesentis
1611 3529 1731 3590 diei,

215 3631 331 3683 qua:
354 3617 479 3685 quia
523 3617 574 3669 in
607 3622 667 3669 ea
690 3615 942 3669 Dominus
966 3629 1084 3668 cum
1116 3616 1366 3683 apostolis
1406 3617 1515 3669 suis
1558 3631 1736 3669 ecena-

216 3704 319 3768 vit,
371 3704 534 3758 Coma
575 3712 811 3756 vocatur.
851 3702 1033 3757 Videat
1085 3716 1415 3769 summopere
1454 3712 1512 3755 ut
1548 3718 1740 3755 saera-

217 3804 391 3848 menta
438 3793 675 3861 corporis
701 3801 755 3845 et
795 3791 1062 3861 sanguinis
1089 3791 1293 3843 Domini
1327 3790 1479 3859 digne
1504 3791 1736 3857 recipere

217 3893 409 3952 queat;
444 3890 702 3950 quatenus
726 3880 898 3946 potius
924 3878 1141 3932 salutem
1169 3892 1326 3945 quam
1352 3878 1736 3930 damnationem

217 3974 472 4041 acquirat,
522 3980 625 4025 etc.
674 3968 816 4022 Non‘
837 3982 964 4035 ergo
1001 3967 1376 4019 abhorreamus
1422 3966 1738 4034 paenitentes

218 4060 344 4114 istos
367 4067 585 4129 propter
613 4054 1019 4128 magnitudinem
1040 4053 1297 4107 scelerum
1322 4066 1533 4106 suorum
1559 4068 1574 4115 ;
1614 4053 1736 4120 quia

217 4160 389 4220 potest
431 4147 547 4202 ﬁeri
587 4146 727 4214 quod
774 4141 923 4197 multi
962 4149 1085 4195 sunt
1126 4141 1263 4194 inter
1290 4155 1386 4194 nos
1425 4140 1513 4207 qui
1560 4138 1736 4206 pejora

215 4236 596 4293 commiserint.
643 4250 664 4283 ι
693 4230 867 4297 Quare
892 4228 1052 4298 igitur
1070 4229 1160 4296 qui
1192 4227 1366 4280 forsan
1394 4228 1571 4295 pejora
1598 4241 1739 4279 com-

229 4326 361 4385 agt
398 4336 557 4393 quam
590 4319 900 4389 pmniteutes
923 4315 1135 4384 publici,
1163 4323 1217 4367 et
1254 4315 1343 4381 qui
1375 4314 1425 4366 in
1456 4315 1615 4366 corde
1643 4329 1737 4366 suo

217 4394 399 4484 .,..naa
421 4417 476 4465 et
509 4406 731 4463 tribulos
770 4404 1080 4458 delictorum
1127 4401 1325 4454 invenit
1341 4441 1370 4493 ._
1406 4403 1448 4454 si
1470 4401 1737 4493 velliodie
1770 4436 1814 4493 υ

194 4503 420 4573 puriter
443 4496 717 4553 confessus
742 4508 803 4548 ac
831 4493 1017 4547 devote
1041 4504 1327 4545 conversus
1349 4490 1526 4553 fuerit,
1554 4490 1739 4558 dignus

215 4591 354 4645 valet
381 4590 638 4642 interesse
661 4580 975 4637 solemnitati
995 4586 1051 4633 et
1069 4578 1279 4646 quidem
1307 4591 1471 4631 caena:
1496 4578 1736 4641 Domini;

217 4678 316 4730 nisi
341 4675 466 4743 quia
495 4686 610 4727 mos
644 4667 893 4723 Ecclesia
923 4672 1038 4719 erat
1060 4664 1126 4718 de
1155 4663 1386 4730 peccatis
1410 4663 1629 4717 oewltis
1657 4677 1738 4716 se-

216 4773 363 4820 creto
386 4757 717 4831 paenitendi?

283 4857 341 4910 In
384 4853 596 4909 bomilia
635 4850 700 4903 15
725 4849 790 4904 de
823 4849 1091 4915 utriusque
1131 4847 1249 4916 agni
1286 4843 1554 4899 Paschalis
1591 4858 1682 4896 esu
1719 4856 1733 4894 :

222 4961 243 4995 ι
284 4926 593 5009 Quicunque
632 4952 761 5008 ergo
803 4946 1036 4990 vestrum
1076 4932 1159 4987 bis
1198 4932 1593 5001 quadragenum
1629 4931 1739 4983 dic-

219 5048 337 5087 rum
390 5027 848 5085 observationibus
890 5022 1253 5094 ptenitentiam
1299 5028 1352 5074 et
1394 5017 1740 5074 confessionis

218 5136 328 5177 sua
377 5118 615 5174 debitum
662 5128 721 5168 se
755 5112 1052 5167 exercuisse
1088 5110 1273 5165 recolit
1294 5148 1309 5171 ,
1353 5114 1476 5177 agat
1517 5105 1738 5159 Domino

215 5208 460 5281 gratias:
489 5214 545 5259 et
579 5199 831 5271 quidquid
868 5197 1118 5266 templum
1164 5196 1255 5249 Dei
1296 5192 1546 5281 violando
1584 5192 1635 5281 in
1681 5206 1738 5281 se

216 5278 570 5356 destruxerit,
607 5304 713 5344 non
738 5289 1006 5355 desperet,
1032 5284 1123 5338 sed
1150 5284 1255 5336 cito
1279 5282 1343 5335 de
1374 5280 1511 5334 malo
1537 5278 1730 5346 iniqui—

214 5386 344 5443 tatis
362 5397 471 5439 suae
487 5383 786 5446 consurgat.
809 5373 923 5428 Non
941 5372 1082 5427 enim
1100 5371 1238 5438 quod
1253 5377 1456 5438 peccat,
1481 5368 1574 5420 sed
1597 5367 1734 5433 quod

220 5473 273 5527 in
299 5477 517 5541 peccato
538 5470 861 5534 perseverat,
889 5459 994 5513 Deo
1013 5458 1221 5513 odibilis
1246 5464 1346 5509 est.
1376 5454 1446 5541 Ut
1471 5469 1597 5521 ergo
1621 5469 1736 5506 ver-

220 5539 312 5613 bis
332 5554 544 5611 Domini
580 5548 862 5608 secundum
899 5546 1129 5600 Marcum
1168 5553 1317 5603 utar,
1346 5539 1430 5613 ψ’
1473 5556 1533 5592 1s
1562 5541 1684 5591 dicit
1720 5558 1728 5588 :

226 5645 373 5709 Quod
411 5644 552 5705 dico,
586 5638 813 5693 omnibus
832 5636 979 5700 diro,
1017 5633 1215 5701 rigilun'
1246 5646 1259 5676 ί
1293 5630 1385 5680 sin:
1418 5670 1422 5674 Α
1473 5642 1552 5680 nr.
1601 5628 1735 5692 σμηιΛ

1765 3132 1809 3192 C

1836 1943 1987 1994 estin
2026 1942 2148 1993 ctrlo
2176 1960 2327 2010 super
2354 1960 2454 1996 uno
2476 1954 2734 2012 peccatore
2759 1964 2929 1999 coram
2955 1948 3141 2015 angelis
3165 1947 3280 2000 Dei.
3326 1966 3343 1997 ι

1836 2028 1965 2081 Cum
2009 2043 2125 2081 mox
2172 2038 2380 2083 sanctus
2406 2031 2602 2099 Eligius
2647 2044 2918 2086 convertat
2961 2049 3251 2087 sermonem
3286 2035 3350 2087 ad

1836 2116 2072 2185 publicos
2100 2117 2413 2185 poenitentes
2430 2157 2444 2181 ,
2469 2127 2611 2186 patet
2646 2128 2948 2185 peccatores
2973 2120 3203 2173 occultos
3223 2120 3349 2173 allo-

1838 2211 2012 2256 cutum
2032 2216 2166 2266 esse,
2196 2213 2248 2257 et
2278 2220 2369 2258 eos
2418 2206 2626 2273 quidem
2659 2221 2791 2274 quos
2832 2216 2974 2260 notat
3016 2208 3201 2261 incesti
3246 2207 3347 2259 cri-

1837 2304 1955 2342 men
2009 2290 2182 2343 forsan
2234 2293 2847 2358 perpetrasse:allirmat
2894 2294 3232 2347 nihilominus
3265 2294 3351 2347 illo

1837 2379 1939 2431 cito
1968 2394 2118 2446 posse
2140 2381 2204 2432 de
2252 2379 2387 2433 malo
2429 2381 2719 2447 iniquitatis
2746 2397 2853 2435 sua:
2891 2397 3233 2450 consurgere;
3280 2382 3349 2433 ita

1838 2474 1913 2527 ut,
1944 2468 1986 2519 si
2012 2467 2357 2520 confiteantur
2377 2469 2731 2523 adversumse
2754 2468 3059 2535 injustitiam
3083 2485 3229 2522 suam
3252 2469 3351 2522 Do-

1838 2554 1996 2615 mino,
2030 2555 2139 2621 ipse
2164 2554 2394 2608 remittet
2418 2554 2766 2621 impietatem;
2805 2556 3036 2624 reliquia:
3076 2555 3350 2623 cogitatio-

1837 2657 1961 2693 num
2009 2642 2145 2694 diem
2188 2644 2377 2695 festum
2431 2651 2587 2711 agent
2627 2644 2885 2705 Domino,
2940 2646 3052 2697 haec
3099 2644 3351 2699 festivitas

1792 2776 1806 2791 ,
1837 2728 2034 2796 angelis
2071 2729 2454 2782 exsultantibus
2493 2730 2804 2789 celebranda
2832 2732 2897 2785 sit
2927 2749 2938 2782 :
2965 2740 3119 2799 atque
3143 2733 3241 2785 hoc
3264 2745 3354 2787 eo-

1838 2819 1955 2871 dem
1978 2818 2059 2871 die
2101 2832 2195 2885 per
2219 2818 2407 2871 divinae
2430 2817 2613 2872 salutis
2653 2820 3087 2872 medicamentum
3130 2832 3187 2872 se
3204 2819 3348 2887 puri.

1839 2908 2042 2962 ticaturi
2072 2909 2194 2961 sint.
2446 2976 2451 2981 ἡ

1906 2998 2028 3052 llzec
2066 3007 2185 3052 sunt
2217 3000 2514 3053 testimonia
2554 2998 2763 3053 l‘atrum
2792 2999 2940 3067 juxta
2986 3000 3173 3053 seriem
3223 3006 3351 3069 tem-

1839 3102 2025 3156 porum
2059 3101 2221 3154 usque
2255 3086 2319 3138 ad
2346 3085 2675 3138 Theodorum
2720 3086 3167 3154 archiepiscopum
3213 3086 3348 3138 Can-

1841 3177 2154 3229 tuariensem
2187 3175 2443 3239 deducta;
2486 3188 2601 3242 quae
2643 3175 2817 3228 omnia
2855 3175 3207 3227 demonstrant
3256 3175 3351 3241 pro

1837 3264 2067 3331 peccatis
2105 3263 2322 3317 occultis
2346 3263 2707 3330 ptenitentiam
2744 3270 2945 3315 secreto
2973 3261 3163 3315 factam
3207 3259 3349 3314 snfli-

1837 3365 1975 3413 cere,
2021 3358 2177 3417 atque
2221 3364 2418 3402 morem
2460 3349 2706 3403 Ecclesiae
2750 3351 2910 3403 fuisse
2952 3350 3017 3403 de
3057 3349 3121 3403 iis
3154 3357 3353 3402 secreto

1837 3437 2140 3505 pwnitendi.
2436 3502 2455 3505 ᾗ
2480 3503 2485 3505 Α
2508 3503 2531 3505 ς
2560 3504 2637 3505 mf
2693 3476 2749 3505 M-

2423 3502 2639 3559 CAPUT
2693 3503 2775 3557 Ill.

1837 3611 2017 3667 Patres
2063 3614 2685 3730 testantur'gwnitcutiam
2720 3611 2979 3691 publicant.
3009 3626 3100 3678 pro
3126 3609 3351 3688 publicis

1904 3689 2101 3730 tantum
2130 3681 2326 3730 crimini
2369 3695 2426 3730 us
2452 3678 2514 3730 ab
2540 3678 2767 3730 Eccleua
2800 3693 3038 3730 canamcc
3060 3678 3216 3730 fuisse
3242 3685 3350 3728 sta-

1904 3689 2101 3732 tautum
2130 3678 2426 3732 criminibus
2452 3678 2514 3732 ab
2540 3678 2767 3733 Ecclesia
2800 3679 3038 3730 canonice
3057 3678 3216 3743 fuisse
3242 3685 3350 3728 sta-

1903 3757 2085 3799 tulam.

1903 3856 2016 3909 Non
2036 3871 2251 3911 necesse
2297 3864 2381 3912 est
2416 3857 2691 3910 ostendere
2725 3854 3100 3908 Tertullianum
3144 3853 3193 3903 in
3222 3851 3353 3903 libro

1836 3945 1899 3999 de
1925 3944 2237 3997 Pieriitentia
2262 3982 2278 4008 ,
2322 3952 2376 3997 et
2415 3943 2731 4013 Cyprianum
2760 3942 2811 3996 in
2839 3943 2945 3996 suis
2986 3940 3245 4008 epistolis,
3285 3939 3353 3993 de

1835 4033 2139 4101 pamitcntia
2176 4030 2379 4100 publica
2408 4039 2465 4084 ut
2501 4031 2785 4099 imperata,
2826 4029 3029 4085 nonnisi
3056 4028 3122 4081 ob
3148 4024 3349 4095 publica

1836 4122 2056 4175 crimina
2084 4122 2284 4175 locutos
2308 4135 2445 4174 esse.
2474 4120 2621 4186 Quod
2642 4121 2769 4172 satis
2790 4132 3043 4187 superque
3069 4114 3352 4169 declaravit

1812 4211 2078 4265 ‘Nicolaus
2116 4210 2398 4280 ltigaltius,
2430 4210 2513 4263 vir
2535 4208 2767 4262 omnium
2812 4203 3213 4265 eruditissimus,
3260 4200 3350 4269 qui

1837 4297 1953 4350 illos
1979 4296 2162 4350 Patres
2189 4297 2298 4349 suis
2326 4295 2462 4349 notis
2486 4293 2781 4347 illustravit.

1903 4384 2154 4452 Origenes
2187 4383 2239 4436 in
2265 4382 2422 4437 Josue
2468 4380 2644 4434 homil.
2679 4379 2741 4435 2i
2781 4397 2794 4431 :
2826 4396 2845 4433 ι
2879 4375 2981 4430 Sed
3005 4376 3142 4429 sicut
3161 4372 3350 4427 dicitur

1836 4473 1900 4527 ds
1927 4474 2141 4537 zizaniis
2169 4511 2182 4536 ,
2215 4486 2279 4524 ne
2308 4470 2438 4524 forte
2464 4469 2788 4523 eradicautes
2812 4464 3009 4521 zizania
3048 4460 3202 4515 simul
3229 4475 3348 4514 cum

1837 4561 1939 4613 illis
1978 4560 2253 4614 eradicetis
2288 4564 2342 4611 et
2372 4557 2600 4609 triticum
2634 4572 2647 4604 :
2675 4554 2749 4607 ita
2786 4553 2941 4607 etiam
2967 4556 3123 4617 super
3146 4549 3215 4626 iis
3243 4547 3344 4602 dici

1835 4657 2009 4716 potest
2036 4647 2089 4699 in
2112 4646 2301 4713 quibus
2330 4644 2409 4696 vel
2434 4642 2587 4696 dubia
2613 4639 2692 4693 vel
2725 4638 2926 4693 occulta
2966 4643 3175 4705 peccata
3204 4640 3343 4685 sunt.

1836 4735 2013 4803 Neque
2038 4734 2175 4787 enim
2203 4731 2425 4786 dicimus
2460 4730 2522 4782 de
2548 4728 2611 4781 iis
2633 4727 2719 4795 qui
2751 4722 3023 4779 manifeste
3047 4729 3099 4775 et
3132 4720 3344 4774 eviden-

1836 4832 1917 4875 ter
1939 4818 2204 4874 criminosi
2229 4825 2370 4880 sunt,
2397 4825 2453 4868 ut
2479 4830 2579 4868 non
2600 4813 2665 4865 de
2692 4812 2924 4868 Ecclesia
2948 4807 3285 4876 expelluntur.
3321 4822 3340 4854 ι

1840 4907 1904 4960 Et
1945 4907 2099 4975 paulo
2138 4913 2255 4973 post
2286 4922 2299 4955 :
2340 4923 2357 4953 ι
2387 4904 2521 4972 Ergo
2559 4900 2680 4968 quia
2707 4913 2808 4953 non
2846 4910 3119 4966 possumus
3156 4891 3347 4958 ejicere

1840 4998 1967 5051 istos
2001 4995 2088 5063 qui
2136 5010 2230 5049 nos
2265 4992 2591 5052 conculcaut,
2640 5002 2731 5044 eos
2775 4986 2959 5042 salum
2982 4998 3130 5053 quos
3164 4996 3350 5049 possu-

1840 5100 1975 5148 mus,
1999 5099 2220 5153 quorum
2241 5088 2453 5151 peccata
2480 5077 2752 5131 manifesta
2779 5084 2921 5130 sunt.
2951 5073 3047 5127 Ubi
3066 5072 3206 5125 enim
3225 5082 3349 5137 pec-

1839 5181 2014 5226 catum
2046 5188 2149 5226 non
2176 5178 2256 5225 est
2277 5169 2509 5233 evidens,
2528 5165 2718 5232 ejicere
2745 5164 2808 5217 de
2840 5159 3068 5217 Ecclesia
3088 5155 3349 5210 neminem
3416 5191 3423 5197 .

1838 5275 2134 5329 possumus,
2172 5272 2239 5310 ne
2269 5256 2404 5311 forte
2427 5253 2749 5309 eradicantes
2776 5246 2998 5309 zizania,
3026 5241 3363 5321 eradioemus.

1838 5349 1990 5402 simul
2018 5362 2136 5401 cum
2163 5345 2288 5413 ipsis
2327 5343 2484 5397 etiam
2514 5338 2760 5391 triticum.
2793 5354 2811 5386 ι
2843 5332 2922 5397 Si,
2954 5329 3041 5383 ubi
3076 5333 3352 5397 peccatum

1842 5459 1945 5497 non
1964 5449 2043 5493 est
2072 5439 2301 5499 evidens,
2330 5433 2575 5504 praesules
2595 5432 2658 5484 de
2684 5428 2914 5484 Ecclesia
2947 5424 3203 5478 neminem
3220 5432 3350 5488 pos-

1806 5559 1820 5570 σ
1843 5540 1961 5585 sunt
1988 5529 2210 5596 ejicere,
2252 5527 2413 5593 liquet
2451 5524 2500 5575 id
2542 5522 2678 5590 quod
2728 5534 2882 5588 supra
2921 5516 3052 5569 dixit
3074 5510 3346 5596 Origenes,

1844 5640 1931 5674 eos
1970 5595 2288 5670 solummodo
2311 5614 2395 5679 qui
2422 5613 2692 5664 manifeste
2718 5619 2767 5661 cl.
2795 5608 3059 5661 evidenter
3077 5595 3348 5654 criminosi
