3974 6418
204 452 334 505 “85

1017 452 1103 504 ΑΒ
1138 452 1297 505 OMNI
1338 451 1687 505 NOVITATlS
1723 451 2106 535 SUSPlClONE
2144 452 2511 537 VlNDlCATA.

3188 462 3318 515 “86

201 573 319 636 quis
364 568 525 621 frater
572 570 889 622 nominatur.
940 568 993 620 ln
1037 583 1102 621 eo
1128 570 1317 635 quippe
1351 568 1487 634 quod
1522 566 1627 629 ait,
1659 566 1715 617 Si
1747 574 1788 624 Α
1815 565 2046 618 declarat
2079 564 2193 618 illos
2219 581 2317 617 non
2343 567 2529 620 debere
2557 569 2989 621 excommunicari
3009 610 3021 631 ,
3052 570 3151 624 uisi
3177 581 3319 638 post-

199 657 332 723 qm’s,
379 654 509 708 nihil
557 654 700 707 aliud
735 655 936 707 videtur
978 654 1273 723 signiﬁcare
1318 653 1571 712 voluisse,
1615 652 1711 704 nisi

202 727 521 808 eum/posse
570 741 660 793 tali
704 740 858 794 modo
904 739 1180 792 salubriter
1203 739 1428 806 corrigi,
1470 738 1556 804 qui
1583 738 1715 790 inter

202 826 481 880 dissimiles
505 833 711 894 peccat,
743 826 793 878 id
825 833 906 879 est
957 826 1092 878 inter
1116 839 1206 878 eos
1228 839 1359 891 quos
1384 832 1715 891 peccatorum

203 914 449 966 similium
472 914 771 982 pestilentia
804 928 906 967 non
938 913 1242 979 corrumpit.
1277 912 1333 965 lu
1361 925 1422 962 eo
1441 924 1563 963 vero
1578 911 1715 977 quod

202 1002 297 1063 ait,
328 996 642 1063 nominatur,
682 1002 781 1054 hoc
811 1001 1058 1053 nimirum
1084 1001 1300 1068 intelligi
1323 999 1506 1060 voluit,
1534 1009 1713 1065 parum

200 1102 318 1142 esse
340 1098 396 1141 ut
435 1090 503 1142 sit
529 1090 750 1156 quisque
790 1088 940 1147 talis,
993 1087 1095 1139 nisi
1128 1086 1286 1139 etiam
1319 1086 1634 1147 nominetur,
1664 1084 1716 1136 id

198 1183 303 1237 est,
330 1175 564 1230 famosus
584 1184 853 1245 appareat;
882 1183 941 1227 ut
969 1177 1134 1243 possit
1152 1174 1393 1227 omnibus
1414 1173 1714 1241 dignissima

200 1262 386 1325 videri,
410 1277 529 1329 quae
554 1263 606 1314 in
633 1276 753 1315 eum
791 1262 949 1315 fuerit
986 1260 1335 1313 anathematis
1361 1260 1560 1326 prolata
1599 1274 1717 1310 sen-

203 1351 383 1404 tentia.
446 1350 524 1403 lta
579 1351 718 1404 enim
762 1360 817 1403 et
864 1351 1005 1403 salva
1032 1364 1160 1417 pace
1198 1350 1497 1416 corrigitur,
1528 1357 1716 1420 etnon

200 1435 559 1491 intetfectorie
581 1440 873 1506 percutitur
895 1447 948 1492 et
968 1438 1343 1492 medicinaliter
1366 1439 1552 1490 uritur.
1582 1457 1599 1487 ι

269 1526 594 1591 Augustinus
614 1526 667 1578 in
698 1539 942 1579 sermone
964 1525 1022 1577 4|
1040 1565 1053 1588 ,
1082 1525 1146 1578 de
1180 1523 1386 1577 Sanctis
1410 1540 1421 1575 :
1458 1542 1476 1573 ι
1503 1523 1603 1575 Pro
1632 1538 1717 1577 ca-

200 1611 451 1679 pitalibus
473 1625 600 1666 vero
622 1613 930 1665 criminibus
949 1626 1051 1664 non
1072 1613 1172 1665 hoc
1196 1611 1360 1665 solum
1397 1610 1606 1673 sullicit,
1627 1610 1716 1663 sed

196 1697 452 1751 addenda
486 1706 614 1751 sunt
655 1698 897 1766 lacryma:
917 1735 933 1759 ,
960 1698 1164 1766 rugitus
1203 1708 1258 1749 et
1282 1697 1527 1764 gemitus,
1550 1693 1719 1748 conti-

198 1793 359 1838 nuata
387 1790 543 1851 longo
576 1793 809 1853 tempore
829 1800 890 1837 ac
918 1791 1180 1851 protracta
1202 1783 1423 1849 jejunia,
1452 1791 1506 1836 et
1530 1782 1718 1850 largio-

1812 666 1966 718 quam
2010 652 2095 704 diu
2144 653 2336 717 portati
2379 662 2433 706 et
2474 654 2754 707 salubriter
2784 657 3037 723 objurgati
3065 657 3324 711 noluerint

1812 740 2018 807 corrigi,
2060 750 2115 792 et
2146 741 2382 809 exemplo
2410 756 2516 797 sua:
2550 744 2851 810 perditionis
2874 745 3002 797 alios
3030 745 3318 807 infecerint.

1812 826 1950 878 clare
1991 828 2218 878 ostendit
2260 827 2617 894 paenitentiam
2675 829 2933 898 publicam
2970 846 3064 898 pro
3103 832 3324 896 publicis

1812 920 2011 966 tantum
2040 914 2345 967 criminibus
2370 915 2435 968 ab
2460 916 2692 968 Ecclesia
2716 916 2874 970 fuisse
2894 926 3157 972 statutam.

1878 1015 2140 1091 Caesarius
2163 1019 2481 1073 Arelatensis
2500 1022 2550 1074 in
2576 1022 2789 1075 homilia
2816 1025 2838 1076 l
2870 1043 2882 1075 :
2916 1044 2932 1073 ι
2963 1026 3017 1079 Si
3048 1042 3169 1079 vero
3186 1028 3324 1093 quis—

1811 1119 1911 1171 que
1938 1106 2307 1158 conscientiam
2335 1122 2482 1159 suam
2524 1109 2867 1177 interrogans,
2896 1111 3096 1166 facinus
3120 1112 3322 1179 aliquod

1812 1193 2031 1262 capitale
2056 1194 2336 1254 commisit,
2362 1203 2449 1247 aut
2468 1196 2511 1247 si
2534 1195 2683 1249 fidem
2705 1213 2847 1250 suam
2875 1197 3003 1251 falso
3032 1201 3324 1253 testimonio

1812 1281 2127 1351 expugnavth
2151 1294 2210 1332 ac
2232 1278 2488 1346 prodidit,
2520 1290 2608 1334 aut
2631 1297 2837 1336 sacrum
2866 1283 3109 1337 Veritatis
3136 1301 3322 1337 nomen

1811 1364 2064 1427 violavit.
2108 1366 2150 1417 si
2180 1380 2355 1417 veram
2384 1365 2626 1433 baptismi
2653 1369 2911 1431 tunicam,
2953 1378 3006 1423 et
3039 1373 3323 1437 speciosam

1811 1450 2127 1517 virginitatis
2159 1452 2499 1505 holosericam
2546 1468 2695 1507 emno
2732 1457 3091 1511 commaculati
3118 1460 3326 1524 pudoris

1813 1536 2012 1599 infecit,
2042 1539 2083 1589 si
2112 1539 2162 1590 in
2190 1540 2465 1606 semetipso
2492 1556 2678 1593 novum
2704 1542 2966 1595 hominem
2998 1558 3124 1597 nece
3161 1546 3327 1600 homi-

1812 1624 1895 1675 nis
1919 1625 2137 1687 occidit,
2164 1627 2206 1678 si
2243 1642 2335 1694 per
2359 1642 2598 1697 augures,
2638 1639 2692 1683 et
2719 1632 2948 1695 divinos,
2973 1643 3126 1699 atque
3151 1635 3327 1687 incan—

1815 1719 2008 1763 tatorcs
2036 1705 2296 1779 captivum
2340 1730 2396 1769 sc
2437 1718 2640 1770 diabolo
2674 1721 2932 1773 tradidit:
2977 1723 3084 1775 haec
3110 1732 3162 1775 et
3191 1724 3327 1791 ejus-

1819 1798 1959 1850 modi
1997 1800 2275 1853 commissa
2312 1802 2507 1870 expiari
2535 1805 2740 1871 penitus
2768 1810 3027 1860 communi
3057 1817 3110 1861 et
3138 1812 3327 1863 medio-

197 1888 283 1926 res
304 1871 651 1940 eleemosynte
676 1872 971 1941 erogandae,
993 1871 1132 1923 ultro
1156 1885 1249 1924 nos
1269 1871 1408 1939 ipsos
1432 1884 1461 1920 a
1488 1884 1719 1921 commu-

1820 1883 1897 1936 cri
1920 1924 1933 1945 ,
1966 1884 2087 1938 licet
2134 1896 2336 1939 secreta
2356 1928 2371 1951 ,
2423 1891 2788 1946 satisfactione!
2820 1909 2923 1947 non
2964 1906 3206 1962 possunt;
3237 1897 3356 1953 sed-

197 1958 353 2012 nione
397 1958 645 2012 Ecclesia:
685 1967 1049 2021 removentes,
1099 1959 1152 2010 in
1182 1956 1323 2008 luctu
1349 1964 1401 2009 et
1424 1956 1473 2008 in
1505 1955 1716 2008 tristitia

197 2044 365 2097 multo
412 2052 648 2112 tempore
668 2052 1061 2112 permanentes,
1091 2052 1144 2097 et
1167 2041 1525 2108 paenitentiam
1559 2042 1717 2093 etiam

195 2128 402 2197 publice
429 2136 663 2198 agentes.
703 2128 832 2194 Quia
860 2130 1061 2196 justum
1098 2137 1177 2181 est
1213 2134 1272 2178 ut
1308 2127 1397 2195 qui
1435 2141 1555 2180 cum
1585 2127 1719 2178 mul-

195 2220 371 2269 torum
419 2216 772 2269 destructione
815 2230 873 2268 se
914 2216 1235 2284 perdiderit,
1274 2230 1392 2269 cum
1432 2215 1716 2269 multarunt

193 2300 543 2356 adificatione
569 2317 625 2355 se
653 2302 895 2355 redimat.

262 2390 587 2459 Augustinus
604 2391 656 2442 in
678 2390 976 2443 Enchiridio
1000 2389 1063 2442 ad
1090 2389 1447 2451 Laurentium,
1476 2403 1592 2455 cap.
1628 2387 1711 2439 65.

201 2496 219 2525 ι
248 2478 445 2540 Verum
472 2477 596 2543 quia
634 2477 947 2545 plerumque.
997 2476 1144 2531 dolor
1180 2476 1394 2529 alterius
1432 2476 1604 2529 cordis
1631 2490 1718 2529 oc-

194 2565 367 2618 cultus
385 2558 468 2618 est
486 2563 657 2625 alteri,
680 2577 849 2632 neque
868 2566 921 2617 in
940 2565 1168 2618 aliorum
1190 2565 1428 2617 notitiam
1439 2579 1533 2631 per
1558 2556 1717 2617 verba

193 2651 275 2704 vel
312 2665 640 2724 quacunque
665 2651 765 2703 alia
807 2646 955 2720 signa
980 2652 1250 2719 procedit,
1297 2668 1416 2706 cum
1441 2654 1509 2705 sit
1540 2666 1715 2705 coram

192 2739 282 2792 illo
305 2739 391 2791 cui
421 2738 637 2801 dicitur,
681 2737 908 2791 Gemitus
931 2755 1071 2791 meus
1096 2756 1126 2790 a
1149 2748 1196 2790 te
1221 2755 1319 2791 non
1349 2749 1420 2791 est
1442 2739 1717 2792 abscondi-

190 2838 306 2890 tus,-
328 2835 475 2880 recte
493 2828 881 2882 constituuntur
906 2829 1058 2882 abiis
1088 2830 1177 2896 qui
1198 2829 1444 2883 Ecclesia:
1466 2839 1715 2897 pnesunt,

192 2928 431 2983 tempora
460 2915 782 2981 pmnitentiae
812 2956 825 2980 ,
860 2926 919 2985 ut
945 2916 1037 2968 ﬂat
1076 2919 1235 2969 etiam
1280 2912 1406 2970 satis
1448 2918 1713 2980 Ecclesite,

193 3005 246 3056 in
284 3017 389 3070 qua
434 3004 771 3056 remittuntur
804 3004 912 3071 ipsa
940 3012 1175 3071 peccata.
1202 3023 1219 3054 ι
1268 3003 1577 3057 Poenitentia
1621 3020 1718 3072 pu-

190 3091 330 3145 blica
374 3093 565 3160 agitur.
615 3101 674 3145 ut
717 3092 807 3145 ﬁat
845 3092 975 3146 satis
1022 3093 1284 3148 Ecclesia).
1335 3094 1499 3147 Porro
1544 3090 1714 3148 nulfus

192 3179 499 3234 satisfacere
521 3189 783 3239 censetur,
812 3182 911 3233 nisi
939 3183 1027 3249 qui
1060 3181 1300 3247 iniuriam
1324 3183 1527 3245 intulit,
1554 3191 1608 3236 et
1629 3190 1711 3235 ta-

193 3267 295 3320 lem
323 3268 495 3333 qualis
518 3276 600 3322 est
626 3267 933 3321 satisfactio.
976 3269 1031 3322 Si
1060 3250 1218 3337 igitur
1241 3270 1528 3323 satisfactio
1561 3272 1716 3324 debet

192 3369 310 3409 esse
343 3355 586 3423 publica,
633 3369 844 3410 necesse
889 3338 1096 3424 quoque
1132 3365 1212 3409 est
1243 3365 1300 3410 ut
1325 3359 1531 3426 publica
1560 3358 1715 3411 fuerit

192 3441 403 3508 injuria.
777 3468 783 3473 -

259 3529 602 3599 Augustinus,
630 3529 719 3583 lib.
739 3531 804 3584 de
826 3530 1165 3599 Correptione
1184 3540 1238 3585 et
1256 3532 1457 3595 Gratia,
1478 3548 1595 3601 cap.
1620 3534 1709 3586 l6:

108 3676 115 3683 θ
200 3633 219 3665 ι
246 3614 531 3670 Peccantes
550 3631 728 3669 coram
748 3620 994 3671 omnibus
1019 3620 1246 3686 corripe,
1282 3628 1338 3671 ut
1362 3622 1536 3672 caeteri
1565 3623 1715 3675 timo-

196 3718 307 3757 rem
328 3704 579 3757 habeant.
603 3723 621 3754 ι
648 3704 796 3768 Quod
810 3706 873 3758 de
897 3707 979 3759 his
1003 3709 1230 3775 peccatis
1254 3709 1609 3777 accipiendum
1635 3721 1715 3765 est

195 3805 309 3857 qua
328 3791 641 3855 non‘latent,
657 3807 725 3845 ne
746 3800 929 3846 contra
942 3794 1145 3847 Domini
1168 3784 1480 3849 sententiam
1504 3806 1714 3865 putetur

194 3876 418 3929 loeutus.
459 3875 639 3943 Itaque
673 3876 976 3945 frequenter
1022 3889 1235 3932 sanctus
1264 3880 1585 3946 Augustinus
1636 3892 1713 3935 te-

196 3971 367 4015 statur
377 3964 742 4030 penitentiam
757 3966 1017 4031 publicam
1038 3981 1133 4033 pro
1153 3967 1374 4034 publicis
1389 3977 1587 4021 tantum
1611 3968 1713 4023 cri-

195 4051 426 4103 minibus
448 4050 517 4103 ab
550 4050 781 4104 Ecclesia
809 4051 965 4105 fuisse
987 4062 1251 4105 statutam.

258 4136 500 4189 Julianus
528 4136 817 4201 Pumerius,
856 4138 945 4192 lib.
988 4156 1024 4192 It
1056 4142 1119 4193 (lc
1142 4141 1256 4193 Vita
1290 4144 1710 4210 contemplativa,

193 4237 307 4289 cap.
365 4224 429 4273 7:
474 4240 495 4271 ε
526 4223 599 4275 Ea
637 4232 811 4276 autem
853 4226 1071 4278 crimina
1118 4229 1466 4294 quorumlibet
1503 4231 1545 4282 si
1588 4230 1714 4297 ipsis

193 4310 493 4361 criminosis
519 4309 756 4362 confiteri
785 4311 1077 4365 nolentibus
1116 4313 1462 4380 undecunque
1513 4316 1713 4368 clarue-

195 4397 318 4458 ritit,
345 4410 671 4464 quaecunque
696 4411 798 4450 non
828 4394 1022 4449 fuerint
1056 4399 1318 4464 patientia:
1353 4399 1451 4453 levi
1483 4401 1712 4453 medica-

195 4490 372 4534 mento
398 4479 613 4539 sanata.
652 4482 796 4534 velut
819 4484 924 4550 igni
962 4485 1184 4550 quodam
1222 4486 1320 4551 piae
1345 4479 1711 4553 increpationis

193 4570 388 4620 urenda
440 4578 563 4619 sunt
604 4577 656 4621 et
702 4572 951 4623 curanda.
1014 4571 1160 4635 Quod
1197 4575 1241 4625 si
1271 4589 1366 4626 nec
1402 4576 1477 4627 sic
1503 4577 1709 4640 quidem

192 4656 560 4724 aquanimiter
600 4656 905 4709 sustinentis
950 4672 1011 4710 ac
1056 4661 1141 4724 pic
1170 4660 1486 4727 increpantis
1515 4663 1711 4714 medela

191 4740 478 4810 profecerit
506 4741 558 4793 in
590 4741 667 4794 eis
699 4742 786 4809 qui
816 4744 901 4795 ditt
933 4746 1123 4810 portati
1156 4756 1208 4797 et
1242 4746 1519 4801 salubriter
1545 4749 1716 4816 objur-

191 4828 299 4893 gati
328 4827 519 4893 corrigi
541 4826 826 4889 noluerint,
866 4837 1108 4895 tanquam
1135 4841 1312 4897 pntres
1339 4836 1571 4901 corporis
1594 4849 1714 4901 par-

193 4925 273 4969 tes
316 4917 509 4970 debent
543 4914 720 4983 partes
760 4918 949 4972 debent
988 4917 1127 4971 ferro
1169 4925 1713 4977 excommunicationis

193 5005 431 5058 abscindi
456 5022 469 5055 :
499 5018 566 5056 ne
608 5006 741 5056 sicut
780 5020 904 5059 caro
927 4991 1077 5060 nobis
1102 5018 1357 5072 emortua,
1402 5012 1445 5062 si
1485 5013 1710 5064 abscissa

193 5106 297 5143 non
350 5089 546 5151 fuerit,
599 5089 782 5145 saltem
831 5093 1045 5159 reliqua:
1073 5097 1247 5147 carnis
1288 5098 1577 5163 putredinis
1605 5113 1711 5151 suae

191 5177 505 5244 contagione
550 5177 866 5243 corrumpit:
899 5178 969 5229 ita
999 5179 1084 5230 isti
1120 5182 1210 5246 qui
1238 5183 1501 5235 emendari
1543 5185 1712 5249 despi-

192 5266 359 5327 ciunt,
383 5270 439 5316 et
463 5264 515 5314 in
540 5277 636 5315 suo
658 5262 839 5317 morbo
862 5265 1144 5330 persistunt
1163 5304 1176 5329 ,
1204 5269 1247 5319 si
1274 5267 1504 5321 moribus
1528 5270 1709 5337 depra-

194 5354 332 5406 vatis
351 5354 403 5404 in
426 5359 724 5423 sanctorum
746 5353 992 5405 societate
1007 5356 1402 5421 permanserint,
1423 5372 1514 5409 eos
1534 5373 1710 5410 exem-

193 5437 281 5505 plo
324 5451 435 5489 cute
480 5435 785 5502 perditionis
820 5436 1068 5488 inficiunt.
1114 5458 1131 5487 ›
1171 5439 1390 5506 Propter
1413 5443 1708 5493 scandalum

196 5524 331 5590 quod
382 5522 504 5575 aliis
540 5521 798 5589 injiciunt,
826 5522 891 5573 ab
932 5523 1161 5575 Ecclesia
1195 5527 1538 5593 expelluntur.
1579 5530 1712 5595 Ergo

191 5612 312 5678 quia
347 5604 581 5676 ipsorum
622 5608 816 5659 crimen
864 5617 975 5659 erat
1024 5610 1304 5676 publicum.
1364 5614 1425 5664 Et
1471 5605 1709 5680 quoniam

1739 4450 1787 4506 ὓ

1813 1986 1999 2038 graves
2045 1987 2215 2025 causa:
2253 1975 2521 2042 graviores
2554 1987 2607 2031 et
2655 1982 2883 2033 acriores
2910 1982 3143 2047 publicas
3176 1999 3327 2037 curas

1814 2055 2109 2120 requirunt,
2133 2066 2190 2107 ut
2220 2058 2448 2124 quicum
2469 2060 2806 2128 plurimorum
2828 2065 3102 2118 afﬂictione
3134 2083 3188 2121 se
3209 2084 3329 2137 per-

1813 2140 1944 2194 didit
1968 2181 1980 2203 ,
2017 2142 2173 2195 simili
2202 2145 2360 2197 modo
2404 2161 2520 2199 cum
2550 2148 2885 2216 plurimorum
2911 2152 3249 2207 :ediiicatione
3273 2169 3329 2208 sc

1815 2229 2056 2289 redimat,
2097 2250 2115 2280 ι
2164 2230 2253 2283 Illa
2295 2242 2375 2286 est
2422 2237 2709 2289 certissima
2757 2238 2971 2304 publica:
3013 2242 3327 2307 pmniteutite

1814 2328 1969 2377 ratio,
1999 2333 2155 2384 quam
2186 2317 2369 2375 Patres
2395 2324 2679 2390 sepissime
2702 2334 2967 2391 repetunt,
3011 2336 3068 2380 ut
3098 2330 3183 2384 oni
3209 2344 3326 2382 cum

1812 2402 2150 2470 plurimorum
2176 2404 2451 2460 alllictione
2474 2416 2528 2461 et
2546 2410 2891 2464 deStruetione
2917 2427 2972 2465 se
2997 2416 3241 2481 perdidit,
3260 2418 3329 2470 si-

1811 2490 1919 2542 mili
1946 2491 2097 2544 modo
2120 2506 2236 2544 cum
2264 2492 2606 2559 plurimorum
2633 2496 2974 2552 aedificatione
3003 2515 3059 2553 se
3086 2503 3325 2556 redimat.

1814 2574 2005 2644 Sicque
2038 2585 2295 2632 testantur
2319 2582 2577 2648 publicam
2608 2586 2964 2649 paenitentiam
3000 2598 3207 2655 propter
3228 2592 3329 2643 cri-

1812 2670 1950 2721 mina
1984 2671 2195 2737 pu‘olica
2223 2673 2292 2726 ab
2309 2671 2544 2726 Ecclesia
2577 2673 2737 2727 fuisse
2763 2684 3028 2729 statutam.

1882 2779 2165 2848 Gregorius
2209 2781 2439 2850 Magnus,
2468 2784 2557 2837 lib.
2586 2800 2678 2847 xu,
2717 2785 2867 2853 epist.
2899 2789 2984 2849 52,
3015 2794 3078 2843 ad
3106 2791 3329 2847 Felicem

1813 2867 2111 2934 episcopum
2156 2868 2405 2921 Messanae
2446 2887 2459 2921 :
2512 2870 2819 2925 «Manifesta
2867 2890 3073 2942 quoque
3117 2892 3328 2945 peccata

1812 2970 1916 3007 non
1955 2963 2076 3007 sunt
2102 2956 2305 3009 occulta
2345 2960 2671 3011 cerrectione
2710 2964 3009 3028 purganda:
3050 2967 3137 3018 sed
3158 2968 3327 3033 palma

1812 3048 1937 3093 sunt
1956 3043 2225 3108 arguendi,
2253 3044 2341 3109 qui
2361 3044 2532 3110 palam
2556 3056 2764 3109 nocent,
2798 3057 2853 3101 ut
2876 3050 2997 3103 dum
3026 3062 3205 3118 aperta
3235 3054 3328 3106 ob-

1741 3154 1785 3216 ς
1808 3129 2107 3196 jurgatione
2134 3138 2404 3193 sanantur,
2435 3132 2469 3183 ii
2501 3132 2588 3197 qui
2617 3148 2709 3186 eos
2734 3135 2984 3189 imitando
3008 3140 3329 3207 deliquerant

1814 3218 2162 3285 corrigantur.
2223 3218 2357 3271 Dum
2400 3221 2539 3273 enim
2586 3237 2719 3276 unus
2762 3226 3079 3293 corripitur,
3120 3232 3328 3297 plurimi

1811 3304 2175 3356 emcndantur.
2218 3304 2283 3358 Et
2311 3307 2494 3360 melius
2525 3317 2608 3362 est
2636 3318 2693 3362 ut
2722 3325 2819 3377 pro
2843 3314 3120 3368 multorum
3165 3319 3329 3370 salute

1812 3402 1946 3441 unus
1978 3390 2353 3451 condemnetur
2392 3408 2547 3460 quam
2580 3409 2675 3462 per
2702 3398 2856 3451 unius
2884 3399 3145 3454 licentiam
3183 3404 3327 3456 multi

1812 3475 2190 3539 periclitentur.
2218 3497 2235 3527 ι

1880 3582 2108 3635 Isidorus
2131 3583 2449 3652 Iiispalensis
2478 3588 2528 3639 in
2556 3589 2766 3655 Regulis
2787 3597 3176 3660 monachorum,
3210 3615 3325 3666 cap.

1812 3667 1915 3718 45:
1952 3687 1969 3716 ι
1992 3669 2267 3723 Peccatum
2311 3673 2479 3738 palam
2524 3677 2885 3742 commissum,
2919 3682 3090 3747 palam
3138 3695 3214 3736 est
3247 3703 3327 3738 ar-

1811 3756 2091 3819 gucndum,
2122 3765 2173 3808 et
2214 3758 2338 3810 dum
2386 3760 2662 3838 manifeste
2688 3779 2909 3831 peccans
2942 3771 3266 3834 emendatur,
3294 3774 3328 3826 ii

1812 3840 1907 3905 qui
1930 3856 2049 3895 eum
2078 3842 2131 3893 in
2160 3843 2296 3896 malo
2325 3845 2512 3897 imitati
2540 3858 2680 3909 sunt,
2712 3853 3057 3919 corrigantur.
3096 3877 3115 3906 ι

1880 3948 2078 4018 Eligius
2125 3950 2486 4008 Noviomensis
2524 3948 2830 4025 episcopus,
2878 3962 2930 4013 in
2974 3964 3185 4018 homilia
3216 3969 3281 4020 t6
3312 3991 3324 4021 :

1817 4054 1835 4083 ι
1864 4036 2004 4090 Duos
2029 4046 2304 4105 praeterea,
2336 4040 2525 4095 fratres
2553 4046 2685 4107 mei,
2712 4046 3051 4114 alloquimur;
3081 4066 3211 4119 quos
3237 4072 3327 4123 pu-

1810 4122 1946 4176 blica
1989 4126 2125 4177 actio
2153 4125 2436 4179 criminalis
2469 4129 2724 4195 publicam
2758 4135 2926 4203 coegit
2965 4152 3119 4205 agere
3163 4122 3328 4207 poeni-

1812 4209 2046 4261 tentiam.
2079 4228 2097 4259 ›
2140 4209 2268 4263 Cum
2292 4213 2445 4266 iidem
2471 4214 2652 4269 Patres
2672 4257 2686 4279 ,
2716 4227 2774 4271 ut
2800 4235 2952 4289 supra
2982 4228 3323 4291 ostendimus,

1809 4296 2066 4350 aflirment
2086 4313 2286 4351 morem
2313 4298 2473 4352 fuisse
2497 4300 2739 4356 Ecclesue
2767 4306 2829 4358 de
2854 4312 3081 4372 peccatis
3107 4315 3325 4366 occultis

1812 4390 2015 4436 secreto
2040 4385 2345 4451 ptenitendi,
2393 4402 2498 4440 non
2515 4400 2734 4455 possunt
2754 4392 2889 4447 hanc
2918 4395 3133 4460 publica:
3154 4403 3321 4465 paeni-

1811 4472 1987 4523 tentiae
2016 4473 2269 4526 rationem
2319 4474 2545 4539 referre,
2592 4479 2716 4545 quin
2751 4480 3023 4533 manifeste
3059 4484 3323 4538 declarent

1810 4572 1905 4624 pro
1946 4559 2168 4625 publicis
2209 4567 2405 4612 tantum
2445 4563 2751 4618 criminibus
2787 4566 3042 4633 publicam
3074 4572 3324 4637 pteniten—

1812 4644 1937 4695 tiam
1963 4646 2029 4696 ab
2058 4644 2288 4697 Ecclesia
2314 4645 2476 4699 fuisse
2499 4658 2766 4704 statutam.

1881 4750 1981 4803 Sed
2009 4751 2051 4804 si
2073 4750 2253 4806 Patres
2278 4748 2535 4808 aliirmeut
2557 4758 2913 4824 ptenitentiam
2942 4765 3196 4832 publicam
3226 4783 3320 4834 pro

1766 4880 1772 4885 .
1811 4836 2033 4903 publicis
2058 4844 2258 4898 tantum
2282 4842 2586 4895 criminibus
2625 4846 2690 4898 ab
2720 4847 2949 4902 Ecclesia
2976 4850 3134 4906 fuisse
3160 4862 3319 4907 statu-

1815 4930 1948 4982 tam;
1980 4924 2023 4974 si
2053 4921 2234 4976 Patres
2256 4933 2511 4977 testentur
2535 4930 2597 4980 de
2632 4934 2857 4997 peccatis
2883 4937 3100 4989 occultis
3122 4955 3317 4993 morem

1812 5007 2055 5059 Ecclesiae
2078 5008 2235 5063 fuisse
2263 5020 2461 5064 secreto
2486 5017 2798 5080 ptenitendig
2829 5021 2872 5071 si
2900 5021 3119 5091 denique
3140 5024 3319 5079 Patres

1810 5094 1963 5160 plane
2004 5104 2192 5161 negent
2233 5109 2429 5150 morem
2448 5095 2614 5154 fuisse
2646 5103 2893 5158 Ecclesiae
2919 5109 3126 5162 decreto
3153 5115 3319 5166 sanci-

1813 5189 1920 5231 tum
1951 5182 2156 5247 publicc
2180 5183 2242 5233 dc
2266 5188 2495 5249 peccatls
2515 5190 2730 5240 occultis
2749 5194 3030 5256 paenitendi
3075 5212 3087 5245 :
3127 5198 3318 5252 mirum

1812 5268 2069 5333 quomodo
2095 5268 2141 5320 J.
2172 5269 2399 5324 Morinos
2421 5273 2595 5326 dicere
2619 5278 2819 5342 potuit,
2865 5278 3187 5333 Theodorum
3215 5285 3320 5349 pri—

1814 5372 1955 5408 mum
2000 5371 2115 5409 csse
2165 5360 2251 5425 qui
2292 5369 2469 5425 aperte
2511 5376 2706 5415 morem
2755 5365 2957 5418 sustuli‘
3003 5370 3208 5434 publice
3254 5369 3319 5427 de

1815 5444 2116 5496 criminibus
2147 5444 2363 5497 occultis
2390 5448 2705 5513 paenitendi;
2738 5450 2991 5520 ltujusque
3030 5457 3190 5508 moris
3225 5469 3322 5510 an-

1814 5532 1941 5597 tiqui
1982 5541 2055 5582 tot
2093 5547 2208 5584 esse
2246 5547 2546 5600 argumenta
2572 5578 2584 5601 ,
2617 5540 2750 5605 quod
2793 5540 2900 5595 fere
2940 5557 3161 5595 canones
3200 5555 3323 5600 ante

1815 5620 1954 5669 mille
1978 5635 2137 5670 annos
2162 5621 2208 5672 in
2231 5624 2501 5676 criminum
2531 5641 2641 5678 reos
2658 5630 2868 5680 conditi.
2902 5630 3046 5694 Quod
3060 5645 3113 5682 ut
3135 5629 3319 5700 probet
