3974 6462
628 454 751 507 1187

1166 455 1494 509 τιιεουοιιι
1531 456 1836 509 Ai‘tilliiEP.
1879 460 1957 508 (ΕΛ
1970 457 2140 507 ΝἸῚΤΑ

2255 458 2580 510 ιιοωιιιλλ
2624 458 2706 510 DE
2742 458 3167 511 ιὐίεζλΙΊἙΝΤΙΛ

3604 115 3926 209 Ἰ-

3613 459 3736 513 “88

622 562 721 613 tria
744 563 1025 628 pratscrtiut
1054 564 1259 616 adhibet
1286 575 1607 631 argumenta,
1641 581 1752 629 (pne
1779 581 1909 616 nunc
1931 565 2124 616 exanti-
2152 576 2196 630 Α
2224 568 2420 617 crimen
2457 568 2692 618 adulterii
2730 569 2779 618 in
2807 569 2962 619 corde
2988 570 3317 622 commissum
3346 571 3485 622 nullo
3521 570 3738 637 publica:

625 646 793 699 nanda
819 660 1013 713 suoque
1044 658 1305 699 motnento
1331 650 1657 715 ponderanda
1688 658 1826 701 sunt.

1215 772 1431 824 CAPUT
1465 772 1547 824 IV.

624 878 854 930 Primum
868 889 1213 946 argumentum
1230 880 1283 931 J.
1301 879 1487 932 Morini
1504 882 1798 948 proponitur
1810 890 1852 931 et
1869 879 2128 945 refellitur.

691 986 915 1040 Joannes
942 987 1185 1049 Morinus,
1209 989 1287 1039 vir
1310 986 1709 1046 eruditissimus,
1732 985 1794 1036 ad
1814 985 2130 1052 probandum

620 1074 895 1126 criminum
925 1075 1246 1126 occultorum
1274 1072 1571 1138 capitalium
1599 1070 1921 1123 confessione
1964 1085 2133 1121 sacer-

621 1162 726 1215 doti
761 1172 963 1215 secreto
1002 1161 1157 1221 facta.
1197 1161 1554 1227 pecnitentiam
1590 1160 1869 1212 secundum
1912 1174 2135 1211 canones

618 1250 825 1317 publice
872 1258 1041 1302 actam
1085 1249 1262 1307 fuisse,
1310 1249 1406 1300 hoc
1449 1249 1670 1316 primum
1709 1247 1950 1315 proponit
1986 1261 2135 1312 argu-

624 1343 886 1394 mentum,
918 1334 1008 1385 lib.
1040 1350 1070 1385 v
1094 1334 1155 1386 de
1182 1333 1642 1385 Administratione
1679 1331 1985 1384 sacramenti
2027 1346 2135 1396 poe-

627 1421 875 1482 nitentiae,
904 1436 1016 1486 cap.
1048 1420 1079 1473 9
1108 1438 1119 1471 :
1157 1437 1174 1468 α
1210 1419 1308 1471 Tot
1334 1428 1480 1482 sunt,
1513 1418 1704 1484 inquit,
1733 1416 1884 1481 hujus
1912 1418 2135 1483 antiqua:

619 1506 799 1572 pravis
832 1513 1155 1573 argumenta,
1182 1514 1307 1571 quot
1335 1503 1442 1556 fere
1475 1517 1700 1556 canones
1724 1511 1845 1555 ante
1880 1502 2019 1553 mille
2047 1516 2137 1553 an-

622 1608 717 1645 nos
745 1593 795 1644 in
820 1592 1095 1645 criminum
1129 1607 1246 1644 reos
1271 1591 1483 1643 conditi.
1530 1590 1662 1654 Quid
1697 1596 1775 1642 est
1815 1590 1950 1641 enim
1977 1589 2134 1649 aliud,

620 1679 725 1731 imo
751 1679 873 1746 quid
901 1680 1039 1730 aliud
1067 1666 1241 1731 animo
1267 1678 1386 1746 tingi
1426 1684 1615 1745 potest,
1640 1690 1794 1742 quam
1834 1674 2136 1742 pcenitentia

620 1763 843 1829 publica,
874 1778 991 1816 cum
1028 1764 1237 1816 edicunt
1265 1777 1507 1825 canones,
1539 1763 1624 1830 qui
1659 1762 1985 1813 homicidium
2020 1776 2137 1827 per-

617 1850 904 1916 petraverit,
929 1850 1014 1916 qui
1040 1848 1443 1915 fornicationem,
1470 1848 1555 1914 qui
1587 1845 1913 1907 adulterium,
1942 1846 2029 1912 qui
2056 1846 2136 1896 in—

618 1944 838 1997 cestum,
876 1936 962 2003 qui
989 1950 1161 2003 magos
1193 1945 1237 1987 et
1267 1938 1600 1987 incantatores
1649 1933 1985 1994 consuluerit,
2030 1941 2131 1994 etc,

620 2025 675 2076 in
710 2024 967 2075 auditione
1001 2010 1272 2090 perseveret
1310 2031 1381 2073 tot
1420 2018 1595 2084 annis,
1619 2021 1672 2073 in
1710 2020 2040 2071 substratione
2064 2026 2135 2069 tot

622 2113 802 2174 annis;
847 2112 899 2162 in
945 2110 1265 2163 consistentia
1307 2118 1376 2163 tot
1421 2112 1564 2162 ann's
1595 2124 1612 2159 :
1641 2110 1819 2161 deinde
1846 2108 1989 2169 boni,
2019 2124 2134 2175 per-

622 2198 760 2264 fecti,
802 2197 1163 2248 communionis
1202 2197 1266 2247 sit
1307 2196 1591 2262 particeps?
1629 2195 1721 2246 llis
1760 2196 1897 2246 enim
1934 2204 1986 2247 et
2022 2195 2138 2246 aliis

625 2285 920 2338 nominibus
945 2284 1294 2337 reconciliatio
1315 2299 1432 2336 cum
1460 2283 1564 2337 Deo
1588 2293 1639 2335 et
1662 2284 1888 2337 Ecclesia
1914 2284 1980 2335 ab
2007 2283 2139 2335 anti-

622 2372 739 2437 quis
788 2371 963 2424 vocari
1011 2370 1158 2423 solet.
1212 2370 1443 2438 Excipiet
1508 2369 1680 2423 forsan
1731 2370 1929 2438 aliquis
1962 2370 2137 2438 negari

623 2461 764 2516 nullo
799 2460 950 2518 modo
988 2476 1139 2530 posse
1173 2475 1352 2532 pmnas
1380 2461 1503 2516 istas
1539 2459 1771 2530 publicas
1809 2473 1923 2515 esse
1963 2476 1976 2509 ε
2024 2458 2139 2524 quis

622 2554 760 2609 enim
785 2554 864 2606 sui
890 2567 1099 2620 compos
1127 2552 1225 2603 hoc
1252 2549 1454 2603 dillitcri
1476 2552 1685 2615 posset?
1714 2550 1803 2601 sed
1824 2549 1886 2601 de
1912 2545 2139 2615 peccatis

624 2644 845 2713 publicis
886 2649 1085 2694 tantum
1123 2654 1236 2692 esse
1276 2637 1652 2706 intelligendas.
1686 2637 1783 2702 Qui
1824 2637 1898 2689 sic
1925 2636 2137 2703 excipit,

629 2733 730 2785 tria
754 2730 907 2783 velim
936 2728 1242 2782 wnsiderct.
1272 2726 1499 2778 Primum
1523 2732 1629 2787 est,
1658 2723 1794 2791 quod
1821 2731 1959 2777 recte
1983 2724 2140 2776 etiam

535 2852 539 2856 ›
632 2818 897 2872 adnotavit
938 2814 1291 2881 Albaspinzcus
1336 2812 1607 2879 episcopus
1650 2809 2037 2862 Aurelianensis
2087 2808 2139 2859 in

632 2922 747 2959 can.
776 2906 843 2958 32
878 2902 1063 2956 concil.
1095 2901 1339 2969 Carthag.
1375 2916 1453 2960 ιιι,
1497 2899 1693 2951 nullum
1731 2898 1948 2951 istorum
1987 2910 2143 2949 cano—

630 3008 756 3046 num
778 2992 1095 3058 distinguere
1123 2989 1257 3065 inter
1280 2988 1477 3041 crimen
1500 2986 1759 3053 publicum
1782 2996 1835 3038 ct
1852 2987 2138 3040 occultum:

628 3080 789 3147 Cujus
814 3079 1087 3133 fornicatio
1124 3087 1204 3131 est
1245 3077 1447 3146 publica
1485 3076 1643 3131 stabit
1684 3076 1819 3127 inter
1853 3075 2136 3131 audientes,

2224 653 2540 717 pmnitentiw
2565 668 2753 719 genere
2779 655 3096 720 puniendum
3121 671 3236 709 esse
3268 659 3556 711 decernunt
3585 676 3599 709 :
3630 668 3685 712 et
3709 676 3736 710 a

2226 738 2462 790 l’atribus
2502 740 2706 792 conciiii
2745 742 2985 794 Vasensis
3021 759 3089 804 ιι,
3124 744 3213 810 qui
3251 744 3524 810 prohibent
3556 760 3675 799 can.
3705 746 3738 797 8

2226 839 2291 875 ne
2331 824 2447 889 quis
2486 825 2776 892 episcopus,
2820 828 2902 880 cui
2948 829 3145 880 crimen
3184 830 3442 882 occultum
3482 833 3741 885 detectum

2226 919 2325 971 est,
2357 924 2499 962 reum
2527 913 2591 964 ab
2624 912 2854 964 Ecclesia
2881 913 3074 981 ejiciat,
3103 924 3156 968 et
3193 916 3397 983 publice
3422 918 3622 984 puniat,
3652 920 3741 971 sed

2226 998 2457 1056 secretis,
2506 1007 2561 1050 ut
2602 998 2749 1050 aiunt
2792 999 2991 1062 Patres,
3039 1002 3451 1067 correptionibus
3488 1002 3737 1056 elaboret.

2228 1086 2497 1138 Manifestc
2540 1102 2743 1153 quoque
2785 1088 3110 1155 distinguunt
3153 1089 3334 1141 Patres
3372 1090 3575 1142 concilii
3617 1091 3745 1143 Car-

2231 1172 2549 1239 thaginiensis
2586 1174 2750 1237 tertii,
2776 1188 2896 1227 ean.
2925 1176 2978 1236 5,
3006 1174 3155 1240 cujus
3180 1175 3529 1227 dillicultcttem
3557 1175 3605 1228 ι.
3639 1176 3744 1228 lio—

2230 1260 2375 1312 rinus
2393 1256 2728 1326 perspiciens.
2744 1274 2857 1312 eam
2879 1261 2949 1313 ita
2969 1261 3067 1313 sibi
3087 1262 3325 1328 proponit
3342 1261 3737 1314 dissolvendam.

2234 1366 2252 1396 ι
2291 1347 2505 1407 Statim,
2548 1347 2717 1413 inquit
2750 1346 2798 1398 .l.
2828 1347 3078 1411 Morinos,
3122 1348 3297 1401 forsan
3338 1348 3546 1414 objiciet
3584 1350 3746 1401 let-tor

2231 1418 2415 1485 canali
2443 1432 2646 1485 concilii
2690 1433 2934 1501 Carthag.
2976 1449 3035 1486 ιιι
3074 1452 3085 1485 :
3133 1453 3150 1483 ι
3185 1434 3548 1502 Cujuseunque
3574 1437 3742 1501 paeni-

2237 1539 2254 1568 ι
2292 1520 2449 1572 tentis
2473 1519 2734 1586 publicum
2755 1529 2806 1571 et
2827 1521 3236 1587 vulgatissimum
3261 1522 3459 1573 crimen
3484 1531 3586 1583 cst,
3610 1523 3746 1588 quod

2238 1626 2256 1656 ι
2291 1608 2542 1659 universav
2558 1606 2789 1659 Ecclesia
2819 1609 3047 1668 noverit,
3080 1618 3201 1661 ante
3230 1609 3458 1662 absidem
3487 1624 3670 1662 manuus
3697 1612 3743 1662 ei

2239 1712 2256 1742 ι
2293 1694 2604 1759 imponatur.
2635 1711 2652 1742 ι
2679 1692 2891 1746 Diversa
2916 1696 3150 1761 qumdam
3176 1702 3253 1747 est
3279 1695 3433 1747 lectio
3458 1696 3507 1747 in
3536 1697 3636 1750 isto
3662 1713 3746 1748 ea-

2234 1795 2387 1841 noue,
2423 1780 2513 1832 sed
2540 1779 2605 1830 ad
2648 1794 2758 1831 rem
2788 1781 2917 1832 nihil
2956 1780 3103 1834 facit.
3136 1781 3324 1833 Verum
3345 1821 3360 1843 ,
3386 1792 3444 1834 ut
3470 1782 3602 1835 bene
3636 1783 3747 1835 ani-

2239 1866 2515 1918 madvertit
2549 1866 2788 1919 laudatus
2815 1883 2844 1919 a
2881 1869 3029 1921 nobis
3068 1869 3238 1934 capite
3275 1870 3597 1935 praecedente
3629 1869 3747 1922 Dio-

2231 1954 2410 2020 nysius
2446 1952 2714 2014 Petavius,
2752 1954 2977 2006 validum
3016 1970 3082 2013 ex
3110 1957 3208 2008 hoc
3236 1968 3433 2009 canone
3461 1970 3578 2008 cum
3617 1972 3749 2025 prte-

2231 2044 2446 2095 ccdente
2491 2054 2791 2110 comparato
2833 2060 2928 2111 pro
2973 2046 3229 2098 sententia
3275 2056 3448 2099 nostra
3491 2046 3750 2115 colligitur

2232 2126 2612 2197 argumentum.
2642 2132 2894 2185 Praecedit
2919 2135 3077 2197 enim,
3105 2152 3122 2183 ι
3153 2134 3429 2202 Presbyter
3457 2135 3749 2188 inconsulto

2238 2236 2255 2266 ι
2287 2219 2529 2285 episcopo
2564 2234 2665 2271 non
2694 2220 2994 2273 reconciliet
3022 2222 3359 2287 prenitentem
3397 2222 3497 2273 nisi
3536 2224 3748 2275 absente

2239 2323 2256 2353 ι
2288 2305 2547 2371 episcopo,
2586 2313 2641 2356 et
2678 2305 2984 2358 necessitate
3020 2314 3266 2372 cogente;
3305 2324 3323 2356 ι
3355 2314 3532 2372 postea
3572 2308 3744 2373 sequi-

2234 2400 2337 2452 tur,
2361 2409 2377 2440 ι
2398 2391 2759 2458 Cujuseunque
2773 2400 2944 2461 autem
2960 2392 3261 2459 paenitentis
3274 2392 3557 2459 publicum,
3580 2402 3701 2454 etc.;
3723 2413 3740 2443 ι

2232 2478 2617 2530 evidentissime
2644 2478 2772 2530 duas
2806 2479 3168 2546 pcnnitentium
3203 2478 3521 2546 publicorum
3551 2480 3749 2545 species

2233 2558 2521 2618 constituit.
2561 2563 2725 2616 Unam
2753 2578 2973 2630 quorum
3010 2565 3207 2617 crimen
3244 2573 3325 2617 est
3357 2566 3641 2632 publicum,
3676 2566 3748 2618 al-

2236 2663 2402 2705 teram
2441 2666 2660 2720 quorum
2705 2651 2900 2704 crimen
2945 2664 3050 2705 non
3089 2659 3170 2705 est
3205 2652 3489 2720 publicum.
3532 2654 3634 2705 hoc
3670 2661 3755 2706 est

2234 2742 2511 2795 occultum.
2546 2760 2564 2792 ι

2303 2834 2495 2885 Verum
2524 2833 2566 2886 si
2596 2833 2677 2885 his
2717 2833 2793 2885 sic
2821 2832 2957 2885 inter
2980 2846 3036 2885 se
3072 2830 3400 2899 comparatis,
3427 2844 3592 2885 canon
3621 2829 3747 2881 duas

2235 2920 2593 2988 pmnitentium
2633 2919 2951 2985 publicorum
2995 2919 3279 2972 constituat
3319 2921 3548 2986 species,
3592 2934 3745 2973 unam

2235 3024 2454 3075 quorum
2481 3009 2677 3061 crimen
2704 3015 2785 3060 est
2809 3008 3097 3075 publicum,
3128 3007 3371 3066 alteram,
3402 3023 3621 3075 quorum
3642 3010 3746 3061 cri-

2238 3112 2356 3149 men
2384 3111 2487 3148 non
2511 3103 2592 3148 est
2614 3095 2899 3163 publicum,
2921 3095 3021 3146 hoc
3043 3102 3122 3147 est
3147 3094 3424 3155 occultum,
3454 3096 3746 3150 necessario

632 3178 766 3233 ειποοῖ
794 3169 885 3223 sed
915 3168 1165 3230 311301“le
1193 3167 1279 3234 ιιαί
1305 3166 1580 3233 ﬁmum“
1610 3164 1760 3231 Ῑτίενίε
1775 3201 1790 3226 ν
1815 3163 1901 3229 σαί
1929 3160 2137 3248 λοπάδι’
2165 3152 2208 3211 C
2239 3183 2357 3235 inde
2395 3152 2656 3248 sequitur,
2698 3152 3049 3248 cujuscunque
3089 3178 3389 3247 paenitentis
3410 3152 3627 3233 crimen
3668 3190 3748 3235 est

630 3258 773 3309 dium
796 3256 1167 3324 perpetraverit.
1196 3254 1527 3321 Distinguunt
1555 3265 1690 3318 smpe
1722 3262 1947 3303 canones
1970 3247 2141 3300 homi—

628 3340 826 3393 cidium
863 3339 997 3391 ultro
1040 3338 1265 3400 factum,
1312 3345 1399 3389 aut
1439 3351 1595 3397 casu;
1642 3332 2032 3387 fornicationem
2075 3330 2141 3382 ab

636 3426 920 3487 adulterio;
960 3425 1269 3476 adulterium
1294 3432 1493 3475 natura:
1530 3423 1595 3474 ab
1627 3422 1885 3476 humano:
1916 3420 2142 3470 incestus

639 3515 807 3568 varias
835 3513 1053 3580 species,
1072 3522 1122 3563 et
1146 3512 1420 3578 unicuique
1441 3509 1804 3563 convenientes
1826 3520 2023 3575 pmnas,
2051 3503 2142 3556 sed

637 3615 841 3668 semper
880 3599 1113 3667 publicas
1150 3600 1435 3665 imponunt.
1474 3595 1539 3647 At
1581 3606 1841 3659 nunquam
1879 3591 2047 3658 leges,
2086 3587 2141 3639 Si

638 3691 834 3743 crimen
871 3688 1006 3742 istud
1033 3696 1112 3740 est
1146 3686 1405 3753 publicum
1425 3724 1438 3747 ,
1477 3684 1547 3737 ita
1579 3682 1846 3751 punietur;
1886 3681 1984 3733 hoc
2019 3691 2141 3730 vero

637 3778 791 3831 modo
817 3778 862 3831 si
891 3776 1167 3829 occultum.
1206 3793 1224 3825 ι

709 3882 1000 3950 Responsio.
1024 3909 1092 3919 -—
1115 3879 1215 3933 Sed
1236 3893 1405 3932 nonne
1429 3884 1604 3945 aperte
1624 3875 1951 3943 distinguunt
1962 3872 2142 3924 Patres

640 3972 774 4023 inter
798 3969 1015 4024 crimina
1032 3966 1235 4034 publica
1259 3975 1311 4016 et
1335 3965 1557 4024 occulta,
1578 3971 1632 4015 et
1654 3961 2008 4029 pmnitentiam
2029 3972 2143 4024 qum

641 4059 873 4124 utrisque
900 4054 1162 4121 competit,
1190 4052 1408 4120 publicis
1433 4049 1708 4117 publicam,
1737 4048 1951 4101 occultis
1976 4057 2145 4099 scere-

644 4154 745 4196 tam
763 4182 778 4206 ,
807 4144 1009 4210 quoties
1038 4151 1226 4208 negant
1263 4154 1458 4192 morem
1488 4137 1731 4191 Ecclesiae
1758 4135 1914 4188 fuisse
1941 4134 2003 4187 de
2026 4147 2144 4200 pec-

642 4229 773 4282 catis
790 4228 1005 4281 occultis
1021 4227 1221 4294 publice
1241 4225 1543 4292 pmnitendi,
1564 4225 1697 4278 sicut
1715 4226 1765 4276 in
1788 4225 1954 4293 primo
1975 4223 2144 4291 capite

643 4312 988 4367 ostendimus:
1015 4311 1215 4378 quoties
1235 4307 1490 4362 aﬂirmant
1511 4323 1706 4361 morem
1726 4307 1964 4361 Ecclesize
1985 4306 2143 4359 fuisse

645 4402 709 4452 de
748 4399 1048 4452 criminibus
1083 4397 1297 4450 occultis
1338 4403 1537 4449 secreto
1574 4394 1874 4461 pmnitendi,
1917 4394 2051 4445 sicut
2091 4393 2142 4443 in

646 4482 871 4537 secundo
895 4482 1060 4548 capite
1087 4479 1486 4542 declaravimus;
1526 4480 1727 4546 quoties
1752 4478 1970 4544 denique
1998 4491 2141 4531 asse-

647 4578 769 4623 runt
798 4569 1150 4636 pmnitentiam
1179 4568 1431 4636 publicam
1456 4582 1549 4634 pro
1579 4567 1799 4635 publicis
1823 4575 2017 4619 tantum
2043 4567 2143 4618 cri—

648 4656 873 4709 minibus
899 4655 962 4706 ab
986 4655 1214 4707 Ecclesia
1242 4654 1400 4707 fuisse
1430 4662 1705 4715 statutam,
1742 4654 1879 4706 sicut
1912 4653 1962 4705 in
1993 4652 2144 4704 tertio

645 4744 814 4810 capite
835 4742 1177 4808 probavimus.
1205 4740 1337 4805 Quid
1356 4741 1492 4794 aliud
1516 4749 1596 4794 est
1622 4742 1966 4809 distinguere?
1988 4755 2142 4807 quam

650 4845 764 4884 cum
786 4836 993 4882 sanctus
1011 4829 1321 4894 Augustinus
1340 4829 1482 4881 verbi
1502 4829 1665 4897 gratia
1687 4829 1811 4881 dicit
1837 4829 1889 4879 in
1908 4844 2145 4882 sermone

648 4915 711 4968 de
724 4914 907 4967 Verbis
925 4913 1126 4966 Domini
1149 4929 1161 4964 :
1191 4930 1208 4961 ε
1236 4913 1385 4965 Certe
1407 4914 1450 4966 si
1469 4914 1603 4980 quis,
1624 4914 1760 4980 quod
1777 4913 1940 4967 solum
1959 4924 2040 4966 est
2060 4930 2144 4968 ve-

645 5014 782 5062 rum,
802 4999 1066 5065 distinguit
1084 5007 1330 5065 tempora,
1351 5009 1402 5051 et
1420 4999 1571 5052 solvit
1587 5002 1943 5066 qumstionem,
1966 5014 2143 5051 verum

640 5092 745 5136 est.
769 5082 824 5135 Si
844 5091 1110 5150 peccatum
1137 5083 1188 5135 in
1214 5092 1413 5136 secreto
1431 5092 1531 5147 est,
1550 5085 1602 5136 in
1625 5092 1827 5136 secreto
1848 5086 2065 5151 corripe.
2090 5082 2146 5136 Si

644 5177 911 5233 peceatum
939 5168 1196 5235 publicum
1217 5177 1298 5222 est
1322 5178 1373 5220 et
1409 5180 1667 5236 apertum,
1696 5169 1899 5235 publice
1924 5170 2146 5237 corripe,

645 5262 749 5307 etc.
773 5271 790 5303 ι
809 5253 872 5305 Et
890 5253 940 5305 in
959 5267 1193 5305 sermone
1214 5254 1475 5321 sequenti:
1497 5272 1513 5301 ι
1538 5254 1670 5321 Ergo
1694 5256 1802 5320 ipsa
1823 5255 2147 5321 corripienda

646 5346 771 5392 sunt
794 5353 966 5391 coram
992 5339 1228 5391 omnibus
1252 5355 1365 5405 qua:
1391 5348 1668 5406 peccantur
1694 5354 1867 5391 coram
1890 5340 2144 5400 omnibus,

646 5426 762 5492 ipsa
777 5439 898 5478 vero
908 5427 1225 5492 corripienda
1245 5436 1363 5479 sunt
1381 5430 1631 5481 secretius
1644 5443 1757 5493 qua:
1774 5439 2051 5495 peccantur
2072 5443 2150 5481 sc-

650 5511 860 5562 cretius.
890 5529 907 5561 ι
934 5509 1310 5563 Manifestiorne
1336 5513 1593 5565 distinctio
1613 5513 1782 5566 aﬂ‘crri
1806 5524 1974 5582 potest
1992 5531 2148 5581 quam

653 5608 771 5659 qua
794 5597 941 5650 allata
968 5605 1040 5650 est
1063 5612 1090 5649 a
1116 5599 1353 5652 Patribus
1373 5602 1573 5651 concilii
1594 5601 2036 5668 Neocaesariensis,
2058 5604 2146 5670 qui

2173 4440 2218 4495 ι)

2236 3268 2497 3336 publicum
2541 3276 2596 3320 et
2635 3267 3072 3335 vulgatissimum,
3114 3265 3258 3319 illum
3304 3265 3597 3319 inconsulto
3634 3266 3747 3335 epi-

2237 3374 2394 3426 scopo
2435 3371 2537 3409 non
2573 3371 2724 3424 posse
2762 3372 2792 3407 a
2832 3355 3138 3424 presbytero
3175 3353 3497 3406 reconciliari
3534 3353 3749 3407 absente

2238 3447 2479 3511 episeopo
2503 3452 2555 3494 et
2592 3441 2902 3494 necessitate
2939 3447 3173 3503 cogente.
3214 3438 3362 3503 Quod
3393 3448 3646 3506 repugnat
3671 3440 3750 3492 di-

2239 3533 2468 3601 sciplitttP.
2516 3530 2808 3592 Africanae,
2857 3529 3014 3581 etiam
3060 3527 3380 3595 temporibus
3429 3529 3596 3581 sancti
3643 3528 3747 3595 Cy-

2237 3622 2426 3688 priani,
2456 3620 2542 3687 qui
2585 3620 2634 3672 in
2675 3617 2891 3685 epistola
2919 3617 3002 3679 l2,
3028 3615 3155 3670 edit.
3198 3615 3409 3684 Rigalt.,
3447 3615 3513 3668 ad
3551 3615 3749 3669 clerum

2239 3707 2439 3769 scribit,
2470 3720 2534 3758 ne
2559 3705 2704 3757 vacui
2732 3712 2922 3755 exeant
2944 3702 3095 3769 lapsi,
3118 3701 3168 3754 id
3194 3710 3275 3755 est
3294 3702 3380 3768 qui
3404 3702 3619 3768 quidem
3642 3702 3752 3756 ido-

2238 3791 2455 3844 lolatriae
2483 3790 2700 3842 crimine
2726 3787 2889 3841 totam
2912 3787 3192 3841 Ecclesium
3215 3787 3489 3840 adversum
3517 3802 3577 3841 se
3604 3803 3749 3842 eom-

2241 3885 2509 3930 moverant
2539 3892 2551 3927 :
2590 3893 2609 3926 ι
2642 3874 2696 3928 Si
2724 3873 3071 3935 incommodo,
3098 3862 3279 3941 inquit,
3308 3874 3503 3941 aliquo,
3530 3883 3584 3927 et
3606 3875 3753 3929 inﬁr-

2240 3967 2436 4019 mitatis
2478 3964 2723 4033 periculo
2751 3964 2991 4032 occupati
3037 3962 3261 4026 fuerint,
3311 3976 3413 4015 non
3454 3971 3751 4031 exspectata

2239 4054 2512 4121 prasentia
2538 4060 2717 4103 nostra
2745 4050 2880 4117 apud
2922 4050 3281 4117 presbyterum
3320 4062 3579 4115 quemque
3621 4064 3754 4116 prato

2241 4146 2440 4191 sentem
2467 4154 2480 4188 :
2508 4136 2588 4188 vel
2625 4137 2668 4189 si
2697 4136 2967 4203 presbyter
2993 4143 3229 4201 repertus
3251 4148 3353 4186 non
3388 4133 3562 4197 fuerit,
3589 4141 3642 4187 et
3667 4150 3753 4187 ur—

2240 4239 2362 4292 gere
2387 4224 2559 4278 exitus
2579 4224 2788 4291 emperit
2809 4262 2823 4285 ,
2856 4223 2992 4291 apud
3020 4222 3292 4276 diaconum
3317 4237 3520 4291 quoque
3544 4239 3753 4277 exomn-

2241 4311 2455 4379 logesim
2493 4310 2664 4364 facere
2701 4309 2873 4363 delicti
2914 4310 2991 4383 sui
3029 4309 3261 4376 possint;
3305 4317 3363 4361 ut
3395 4323 3550 4362 manu
3584 4310 3663 4363 eis
3699 4309 3751 4361 in

2240 4398 2543 4465 poenitentia
2563 4398 2800 4466 imposita
2820 4398 3030 4450 veniant
3050 4396 3114 4448 ad
3133 4398 3405 4449 Dominum
3425 4412 3542 4449 cum
3560 4412 3704 4463 pace.
3728 4417 3745 4447 ι

2241 4484 2493 4551 Deinceps
2519 4484 2772 4536 sancitum
2812 4491 2894 4536 est
2929 4483 3163 4555 pluribus
3198 4484 3503 4538 canonibus.
3545 4499 3610 4536 ne
3635 4486 3751 4552 quis

2237 4583 2433 4621 vacuus
2465 4583 2494 4621 e
2522 4569 2627 4620 vita
2677 4577 2846 4620 exeat.
2890 4568 3214 4636 Quapropter
3234 4583 3263 4620 a
3288 4583 3412 4621 vero
3437 4583 3592 4622 sensu
3620 4570 3750 4623 mul-

2240 4664 2346 4707 tum
2384 4657 2628 4709 abhorret
2662 4654 2709 4707 J.
2756 4655 2937 4709 Morini
2976 4656 3249 4723 expositio.
3290 4656 3453 4708 Verus
3492 4656 3652 4724 igitur
3690 4671 3749 4710 ac

2239 4742 2493 4809 genuinus
2530 4756 2714 4794 sensus
2753 4740 2965 4807 hujusce
3002 4742 3218 4794 canonis
3252 4741 3329 4794 sic
3359 4740 3508 4794 facile
3536 4742 3748 4810 intelligi

2239 4835 2427 4892 potest,
2442 4835 2501 4878 ut
2528 4827 2814 4893 presbyter,
2840 4826 3129 4879 inconsulto
3154 4828 3412 4893 episcOpo,
3440 4841 3540 4879 non
3564 4842 3747 4882 recon-

2240 4913 2379 4965 ciliet
2410 4913 2764 4980 pmnitentcm,
2796 4912 2893 4964 nisi
2922 4912 3135 4964 absente
3165 4912 3424 4984 episcopo,
3449 4922 3501 4965 et
3524 4914 3749 4969 necessi—

2242 5009 2345 5052 tate
2379 5008 2592 5065 cogentc
2619 5016 2632 5051 :
2664 5000 3016 5066 cujuscunque
3050 5008 3220 5052 autem
3257 5000 3560 5067 paenitentis
3582 5002 3748 5069 publi-

2242 5099 2358 5137 cum
2387 5085 2582 5136 crimen
2607 5091 2703 5143 est,
2743 5091 2886 5135 extra
2929 5084 3250 5139 necessitatis
3282 5098 3462 5137 casum
3500 5095 3624 5139 ante
3658 5088 3748 5140 ab-

2242 5174 2405 5225 sidem
2451 5186 2632 5224 manus
2673 5171 2865 5238 imponi
2908 5172 3110 5225 debeat.
3151 5172 3321 5238 Atque
3361 5171 3500 5225 hunc
3541 5187 3746 5226 sensum

2244 5256 2586 5308 certissimum
2608 5269 2723 5308 esse
2746 5255 3063 5308 demonstrat
3083 5254 3443 5308 Penitentiale
3468 5256 3746 5321 Theodori,

2244 5345 2293 5395 in
2324 5360 2426 5411 quo
2457 5352 2675 5396 testatur
2701 5345 2836 5411 apud
2862 5344 3123 5397 Romanos
3153 5344 3617 5398 reconciliationem
3644 5359 3749 5414 ρω-

2245 5433 2515 5484 nitentium
2541 5431 2652 5484 ﬁeri
2678 5420 2809 5483 intra
2834 5430 3061 5484 absidem
3078 5470 3093 5493 .
3118 5432 3170 5483 in
3193 5430 3351 5485 Canta
3377 5430 3607 5489 Domini.
3641 5439 3747 5485 tan-

2244 5528 2353 5572 tum
2390 5520 2454 5571 ab
2486 5520 2746 5585 episcopo,
2784 5527 2835 5570 et
2857 5527 3229 5571 consummata
3257 5518 3581 5584 paenitentia,
3622 5527 3676 5572 et
3703 5519 3743 5570 si

2244 5604 2482 5670 episcopo
2526 5602 2727 5655 dimcile
2770 5603 2856 5665 sit,
2899 5604 3199 5669 presbytero
3236 5616 3386 5668 posse
3427 5603 3743 5657 necessitatis
