3974 6414
215 423 346 478 “89

1041 423 1122 476 Al}
1159 424 1318 479 031M
1362 427 1708 479 .\0\l'l'.-\'l'lS
1748 425 2134 482 SI'SPICIONE
2176 430 2546 484 \‘l.\'DlC.\TA.

3225 433 3356 486 Hau

211 544 365 583 causa
390 531 622 599 prieberc
647 541 954 599 potestatem
979 539 1034 584 ut
1064 534 1290 601 impleat.
1319 537 1510 588 Eadem
1544 548 1733 588 test-n-
1763 540 1807 594 Λ
1836 553 2038 590 mormn
2079 541 2234 592 animi
2275 541 2572 593 morborum
2595 542 2806 594 otnuino
2830 542 3062 594 sttmt't'l‘f‘
3095 542 3362 607 judieave-

215 626 298 668 tur
321 615 638 682 Halitgarius
662 619 713 670 iu
739 619 1041 686 prmfationc
1071 623 1134 672 ad
1161 623 1523 687 Pﬂ‘llllt'llllillc
1549 627 1738 677 llotua-

212 716 364 765 num;
394 701 608 772 Regina.
635 702 726 756 lib.
755 721 769 757 ι
799 705 864 759 dc
887 705 1256 762 ecclesiasticis
1278 709 1592 776 Discipliuis,
1623 727 1736 778 cap.

209 787 329 841 296.
377 788 506 842 Cum
549 790 710 858 igitur
746 793 1098 858 quorumlibet
1136 795 1338 862 publice
1378 797 1740 863 pamitentium

212 873 347 939 apud
383 873 649 928 Rounanos
675 885 823 928 extra
854 878 1178 943 necessitatis
1215 894 1392 932 casum
1435 882 1744 934 reconcilia-

215 961 286 1012 tio
315 960 408 1013 fiat
431 961 567 1033 intra
595 964 824 1017 absidem
855 981 866 1016 :
900 979 1121 1032 cumque
1161 966 1344 1020 Patres
1382 971 1584 1022 concilii
1615 969 1742 1022 Car-

216 1046 534 1114 thaginiensis
571 1064 630 1102 ιιι
673 1061 912 1103 asset-ant
942 1050 1156 1117 hujusce
1185 1056 1625 1108 remneiliationis
1653 1073 1745 1123 pu-

212 1132 357 1185 blica!
382 1134 638 1187 rationem
675 1151 790 1189 esse
829 1137 1028 1190 crimen
1063 1139 1348 1204 publicum,
1391 1141 1554 1208 liquet
1579 1142 1748 1210 νωιιὶ-

213 1219 428 1270 tentiam
481 1219 742 1286 publicam
795 1221 1000 1274 nonnisi
1050 1223 1117 1274 ob
1165 1224 1368 1291 publica
1420 1226 1638 1278 crimina
1685 1225 1748 1278 ab

211 1304 444 1357 Ecclesia
474 1305 634 1359 fuisse
663 1305 979 1375 impositam,
1010 1317 1164 1376 atque
1195 1310 1388 1362 idcirco
1417 1311 1501 1363 illa
1529 1313 1746 1364 crimina

211 1391 416 1453 publica
461 1392 760 1446 distinxisse
799 1395 866 1446 ob
907 1395 1143 1456 occultis,
1195 1411 1290 1463 pro
1331 1398 1520 1464 quibus
1567 1413 1750 1451 omnes

213 1475 397 1528 Patres
443 1478 674 1531 unanimi
721 1493 975 1533 censensu
1027 1494 1340 1535 censuerunt
1391 1486 1748 1552 pteuitentiam

215 1572 422 1617 secreto
448 1563 640 1618 factam
663 1565 920 1620 sufficere.

285 1648 382 1703 llic
423 1659 507 1704 cst
544 1653 674 1704 ordo
712 1653 981 1708 charitatis
1023 1659 1374 1722 continendae,
1417 1675 1569 1727 quem
1614 1661 1750 1715 Deus

210 1750 334 1804 erga
366 1738 614 1806 populum
636 1738 794 1794 Israel
823 1745 988 1796 tenuit
1013 1763 1024 1796 :
1049 1760 1204 1813 quem
1233 1747 1473 1801 Christus
1503 1751 1550 1802 in
1581 1751 1750 1804 Evan-

1840 634 1974 677 runt.
2003 625 2069 680 Ut
2094 628 2250 694 igitur
2273 637 2448 695 pateat.
2471 628 2654 682 Patres
2675 631 2914 696 antiquos
2937 630 3362 694 gravissimorum

1838 714 1996 765 animi
2038 715 2337 769 morborum
2378 717 2701 769 sanationem
2747 733 2848 770 non
2897 717 3200 784 neglexisse,
3247 716 3367 768 licet

1840 814 2066 852 canones
2093 800 2405 868 intelligendi
2433 801 2538 852 sint
2565 802 2628 854 de
2656 803 2962 854 criminibus
2983 802 3230 868 publicis,
3258 800 3364 851 imo

1841 887 1905 939 de
1929 902 2108 939 eorum
2145 889 2412 940 sanatione
2441 889 2720 941 maximam
2753 890 2976 956 gt‘Ssisse
3006 904 3214 952 curam;
3254 889 3364 940 lucc

1841 971 2071 1031 remedia
2092 976 2417 1044 proferemus
2443 991 2508 1031 ex
2535 979 2912 1045 antiquissimis
2939 978 3197 1032 Patribus.

1910 1059 2168 1120 Clemens,
2187 1064 2536 1128 apostolorum
2553 1065 2852 1130 discipulus,
2871 1065 2922 1116 in
2952 1065 3188 1132 cpistola,
3205 1078 3362 1132 quam

1844 1146 2052 1198 nomine
2071 1145 2315 1200 Ecclesia:
2334 1147 2582 1201 Romane
2595 1150 2660 1202 ad
2675 1149 3058 1203 Corinthiormn
3072 1149 3360 1202 Ecclesiam

1844 1231 2072 1299 scripsit,
2102 1240 2154 1284 et
2182 1247 2338 1298 quam
2374 1233 2632 1287 Eusebius
2659 1234 2749 1287 lib.
2786 1252 2845 1288 ιιι
2892 1236 3080 1289 eceles.
3140 1235 3357 1292 llistor.,

1844 1332 1959 1385 cap:
1996 1317 2080 1381 16,
2105 1328 2324 1373 testatur
2353 1322 2418 1372 ab
2446 1322 2688 1374 omnibus
2713 1325 2942 1376 unanimi
2971 1339 3225 1376 consensu
3283 1337 3363 1374 rc-

1845 1413 2046 1472 ceptam
2068 1419 2204 1468 esse,
2233 1415 2430 1474 utpote
2465 1409 2708 1460 eximiam
2738 1424 2799 1462 ac
2823 1424 3035 1477 prorsus
3082 1409 3365 1461 admirabi—

1845 1488 1968 1551 lem,
2016 1492 2126 1544 h:ec
2173 1501 2508 1559 peccatorum
2546 1494 2772 1548 remedia
2813 1497 3073 1564 proponit.
3112 1514 3128 1544 ι
3166 1497 3365 1548 Divina:

1846 1576 2026 1641 gratia:
2076 1578 2322 1641 ministri,
2381 1579 2581 1648 Spiritu
2634 1589 2816 1636 sancto
2859 1581 3048 1645 afflati,
3094 1583 3158 1634 de
3195 1582 3363 1648 pumi-

1849 1661 2008 1713 tcnlia
2053 1661 2210 1715 locuti
2237 1671 2372 1716 sunt.
2415 1665 2529 1733 Ipse
2567 1668 2724 1719 etiam
2763 1682 2937 1720 rerum
2985 1669 3216 1720 omnium
3262 1669 3363 1720 llo-

1849 1747 2021 1801 minus
2069 1763 2190 1801 cum
2230 1749 2531 1815 juramento
2581 1752 2644 1804 dc
2687 1754 2989 1820 poenitentia
3029 1755 3231 1807 locutus
3259 1763 3358 1807 est.

209 1823 343 1889 gelio
369 1827 648 1894 prtecepit,
677 1836 731 1880 et
760 1837 866 1882 tota
895 1829 1104 1884 Patrum
1135 1835 1342 1886 traditio
1365 1839 1740 1903 comprobavit.
1775 1839 1818 1898 Β
1846 1833 1993 1897 Vivo,
2039 1835 2224 1903 inquit,
2281 1837 2528 1891 Dominus
2549 1878 2564 1900 ,
2617 1839 2735 1892 nolo
2781 1848 3000 1894 mortem
3045 1844 3356 1907 peccatoris,
3389 1896 3393 1898 _

208 1910 328 1964 lbec.
357 1923 437 1967 est
463 1915 685 1982 denique
711 1916 792 1970 lex
817 1920 1081 1986 mquitatis
1106 1922 1342 1988 publicae,
1373 1933 1421 1976 ct
1443 1924 1578 1990 juris
1602 1942 1741 1978 com—

209 2001 382 2054 munis
409 2002 475 2054 ab
499 2005 740 2058 omnibus
784 2007 1106 2074 sapientibus
1149 2011 1361 2068 laudati,
1408 2021 1464 2082 ut
1511 2016 1744 2066 solvatur

209 2087 432 2153 quisque
470 2103 536 2142 eo
575 2091 730 2158 modo
769 2107 872 2160 quo
909 2095 1118 2148 funibus
1154 2108 1486 2164 peccatorum
1531 2116 1742 2154 suorum

211 2173 505 2242 colligatur.
1209 2231 1214 2236 .
1311 2177 1319 2184 ’

813 2269 1032 2325 CAPUT
1072 2271 1112 2324 γ

213 2349 507 2426 Secundum
535 2366 884 2426 argumentum
914 2359 1200 2426 refellitur:
1221 2372 1266 2411 et
1297 2364 1596 2422 ostenditur,
1629 2362 1742 2415 licet

280 2419 803 2494 {credorfmes'aiitiqui
831 2419 1047 2478 canones
1075 2427 1385 2494 intelligendi
1425 2432 1523 2481 sint
1551 2419 1614 2482 de
1643 2433 1746 2482 eri--

279 2485 502 2554 minibus
526 2485 758 2554 publicis,
787 2507 887 2544 non
913 2502 1083 2545 tamen
1115 2485 1295 2548 recten
1318 2497 1372 2547 J.
1403 2497 1603 2550 Morino
1624 2515 1745 2550 con-

280 2551 446 2632 cludi:
497 2551 617 2632 inde
650 2551 790 2626 sequi
831 2558 1011 2632 Patres
1057 2564 1288 2632 antiquos
1331 2566 1743 2632 gravissimorum

280 2620 452 2696 animi
455 2687 468 2696 _
487 2620 773 2696 morborum
822 2627 1139 2696 sanationem
1176 2620 1390 2696 prorsus
1437 2631 1741 2696 neglexisse,

280 2701 397 2738 cum
425 2686 605 2762 Patres
630 2693 837 2762 antiqui
871 2703 1054 2762 prater
1081 2686 1420 2762 pwriitentinm
1459 2686 1740 2762 publicam,

281 2763 327 2804 et
377 2753 579 2832 qualem
614 2753 932 2832 ILMoriu'us
955 2753 1221 2832 describit,
1246 2763 1394 2830 plura
1423 2753 1526 2816 alia
1563 2753 1746 2832 prope;

281 2822 477 2898 suerint
499 2825 738 2898 remedia,
763 2843 875 2892 qmc
898 2828 964 2898 nd
989 2822 1303 2898 sanationem
1331 2822 1744 2898 gravissimorum

281 2887 438 2938 animi
465 2890 754 2942 morborum
775 2887 985 2945 coruino
1013 2897 1237 2962 sufﬁcere
1255 2887 1618 2963 judicaveriut.

287 3011 305 3040 ι
341 2991 661 3056 Secundum,
687 2995 854 3062 inquit
877 2994 925 3048 ι.
955 2997 1204 3060 Moriuus,
1235 3007 1482 3066 sequetur
1505 3001 1746 3088 antiquos

214 3079 399 3133 Patres
420 3083 484 3134 de
505 3083 725 3150 publicis
745 3083 1052 3138 criminibus
1073 3101 1252 3140 curam
1276 3096 1476 3140 tantum
1500 3079 1744 3157 gessisse,

1843 1923 1975 1973 sicut
1996 1924 2350 1990 paenitentiam
2378 1926 2574 1980 addens
2599 1927 2809 1995 insuper
2833 1929 3028 1981 dictum
3053 1931 3316 1999 egregium
3345 1947 3358 1981 :

1814 2008 2166 2082 'llesipiscitc,
2193 2013 2376 2066 domus
2404 2013 2581 2077 Israel,
2613 2017 2679 2068 ab
2721 2016 2994 2084 iniquitate
3039 2028 3232 2071 vestra.
3268 2017 3363 2072 Dic

1843 2095 1964 2150 filiis
1989 2097 2160 2165 populi
2189 2099 2322 2161 mei,
2365 2097 2419 2150 Si
2451 2112 2664 2167 peccata
2692 2111 2866 2155 vestra
2893 2118 2922 2154 a
2970 2111 3106 2156 terra
3152 2104 3216 2156 ad
3253 2119 3358 2157 ea:—

1843 2183 1948 2234 lum
1967 2198 2128 2251 usque
2145 2184 2571 2252 multiplicemur,
2593 2187 2637 2240 si
2661 2201 2818 2241 cocco
2843 2189 3080 2242 rubriora
3109 2199 3161 2242 et
3185 2189 3356 2243 cilicio

1843 2269 2070 2337 nigriora
2115 2271 2326 2332 fuerint,
2357 2281 2408 2324 et
2453 2275 2524 2333 ad,
2568 2289 2650 2326 me
2675 2287 2738 2327 ex
2785 2283 2893 2328 toto
2936 2277 3091 2329 corde
3119 2277 3354 2329 conversi

1843 2355 2046 2409 fueritis
2084 2365 2138 2409 et
2164 2358 2426 2422 dixeritis,
2463 2359 2643 2423 Pater,
2683 2369 2924 2429 tanquam
2959 2363 3148 2433 populo
3175 2375 3355 2419 sancto

1842 2463 2022 2500 aurem
2053 2448 2200 2502 vobis
2224 2450 2484 2516 preebebo.
2522 2449 2586 2502 Et
2607 2451 2659 2502 in
2686 2449 2788 2504 alio
2811 2451 2946 2514 loco,
2975 2453 3052 2506 sic
3077 2453 3230 2516 dicit,
3255 2453 3355 2506 Ln-

1841 2533 2048 2597 vamini,
2099 2535 2274 2586 mundi
2317 2544 2491 2595 estote,
2539 2533 2739 2588 auferte
2782 2536 2918 2588 mala
2964 2553 3026 2590 ex
3082 2538 3357 2592 animabus

1842 2621 2030 2674 vestris
2059 2622 2124 2673 ab
2154 2621 2320 2674 oculis
2365 2623 2516 2685 meis,
2545 2624 2798 2692 quiescite
2823 2638 2853 2675 a
2899 2624 3111 2678 malitiis
3148 2635 3358 2679 vestris.

1843 2709 2037 2762 Discite
2085 2707 2256 2762 facere
2292 2709 2506 2773 bonum,
2563 2711 2778 2778 quaerite
2812 2710 3085 2777 judicium,
3144 2715 3363 2770 liberate

1843 2811 2170 2866 oppressum,
2210 2797 2441 2864 iudicate
2481 2798 2692 2867 pupillo,
2737 2807 2790 2852 et
2820 2797 3102 2869 iustificata
3131 2803 3359 2858 viduam.

1845 2883 1909 2936 Et
1935 2886 2106 2938 venite
2140 2884 2511 2953 colloquantur,
2539 2887 2664 2939 dicit
2686 2885 2956 2951 Dominus,
2986 2899 3040 2942 et
3083 2891 3127 2943 si
3165 2889 3360 2944 fuerint

1843 2981 2058 3040 peccata
2090 2981 2262 3025 vestra
2296 2974 2444 3040 quasi
2465 2976 2802 3041 phtenicium,
2841 2978 2975 3032 sicut
3001 2979 3170 3032 nivem
3211 2980 3356 3034 deal-

1843 3058 2000 3122 babo,
2041 3067 2095 3113 et
2122 3059 2166 3113 si
2195 3059 2387 3113 fuerint
2416 3070 2471 3113 ut
2497 3063 2788 3127 coccinum,
2833 3065 2968 3117 sicut
3006 3066 3177 3119 lanam
3221 3068 3361 3120 deal-

213 3167 277 3220 de
302 3145 523 3222 occultis
551 3183 677 3222 vero
705 3171 918 3223 nullam.
947 3171 1001 3223 Si
1031 3173 1168 3224 etum
1191 3187 1422 3226 canones
1444 3145 1528 3226 illi
1542 3175 1604 3228 de
1629 3191 1751 3244 pec-
1774 3145 1825 3206 ο
1850 3147 2002 3244 δώῃ
2050 3147 2140 3244 In"?
2177 3155 2297 3244 €11"?
2339 3149 2566 3244 Ῥηξίῖδίίὶ
2619 3158 2978 3244 Ρωηηίῗηίξθὶ
3015 3168 3131 3244 99*“
3174 3154 3363 3208 dm'm

215 3253 352 3304 catis
366 3253 588 3319 publicis
611 3253 926 3324 intelligendi
949 3265 1092 3319 sunt,
1109 3257 1174 3311 de
1195 3259 1413 3312 occultis
1433 3260 1746 3324 homicidiis,

214 3339 666 3406 fornicationibus,
693 3350 819 3405 etc.,
848 3343 973 3396 nulli
1001 3345 1223 3413 amplius
1250 3356 1551 3412 supersunt.
1591 3347 1748 3414 Atqui

213 3420 434 3481 crimina
461 3428 714 3496 ejusmodi
751 3439 951 3484 secreta
980 3441 1349 3499 perpetrantur
1373 3435 1598 3496 occulte,
1625 3435 1748 3488 dum

216 3529 376 3566 mutu
407 3523 496 3566 aut
517 3515 737 3567 alterum
763 3514 968 3582 publice
993 3517 1400 3584 deprehenditur
1425 3537 1434 3569 :
1463 3535 1750 3587 conseque-

217 3609 362 3654 retur
386 3601 544 3669 igitur
566 3601 991 3670 gravissimorum
1011 3603 1169 3654 animi
1197 3605 1494 3656 morborum
1521 3607 1749 3656 sanatio-

216 3703 334 3741 nem
370 3689 614 3755 antiquos
639 3688 822 3740 Patres
853 3703 1069 3755 prorsus
1092 3690 1412 3766 neglexisse;
1444 3694 1582 3760 quod
1610 3695 1749 3760 cogi-

217 3781 328 3828 tare
353 3774 501 3828 nefas
537 3783 638 3834 est,
679 3776 869 3828 nedum
913 3777 1106 3830 dicere.
1149 3776 1203 3830 Si
1229 3779 1552 3844 pomitentim
1589 3782 1749 3832 ratio-

217 3877 336 3913 nem
364 3869 566 3914 tantum
591 3861 844 3914 haberent
867 3875 1140 3928 prunarum
1158 3902 1172 3924 ,
1210 3863 1418 3914 tolerari
1445 3863 1620 3918 forsan
1652 3868 1748 3920 hoc

216 3955 412 4015 posset.
443 3948 635 4000 Verum
663 3961 778 4000 cum
821 3948 1317 4001 medicamentorum
1357 3949 1614 4004 rationem
1657 3967 1748 4018 po-

219 4037 475 4089 tissimum
529 4034 772 4094 induant,
822 4035 1061 4101 hancque
1109 4035 1364 4087 rationem
1410 4035 1593 4090 Patres
1640 4053 1747 4106 prae

217 4123 423 4174 «cteris
449 4129 706 4188 spectent,
731 4121 830 4174 diei
865 4136 967 4172 non
995 4130 1169 4189 potest
1195 4121 1425 4175 ulcerum
1457 4133 1562 4176 tam
1585 4124 1752 4190 pesti-

219 4208 447 4260 ferorum
474 4207 574 4260 nisi
601 4206 808 4274 publice
841 4215 893 4258 et
919 4207 970 4258 in
999 4207 1272 4274 propatulo
1293 4218 1580 4275 serperent,
1607 4211 1745 4276 quod

217 4310 371 4362 quam
403 4293 670 4346 rarissime
710 4300 764 4345 ct
805 4293 891 4344 vix
924 4293 1228 4360 contingits
1248 4295 1569 4347 curationem
1599 4296 1745 4348 desc—
1791 4347 1796 4352 ,

217 4384 404 4445 ruisse,
432 4395 628 4450 susque
651 4381 818 4447 deque
846 4380 1110 4441 habuisse,
1138 4388 1191 4432 et
1214 4380 1278 4432 de
1313 4380 1513 4434 levibus
1543 4389 1743 4434 tantum

217 4467 614 4534 venialibusque’
653 4467 883 4532 peccatis
928 4467 1176 4518 sanandis
1211 4468 1446 4521 curiosos
1487 4467 1648 4522 fuisse
1693 4477 1746 4521 et

217 4555 488 4608 sollicitos.
523 4572 542 4603 ι

220 4702 228 4710 ι
284 4639 578 4706 Responsio.
607 4666 674 4675 -
701 4637 946 4701 Quamvis
981 4637 1163 4692 Patres
1205 4641 1404 4706 antiqui
1445 4640 1496 4690 in
1535 4640 1749 4693 canoni-

217 4727 330 4788 bus,
364 4727 452 4794 qui
487 4734 612 4778 sunt
635 4725 776 4794 leges
801 4723 1020 4791 publicre
1041 4726 1222 4794 judicii
1246 4727 1615 4790 ecclesiastici,
1642 4743 1745 4782 non

217 4811 560 4880 exposuerint
585 4809 814 4862 remedia
838 4811 1026 4876 quibus
1049 4811 1269 4864 crimina
1302 4813 1506 4866 occulta
1539 4813 1746 4867 diluun—

216 4907 318 4961 tur,
347 4912 454 4952 non
484 4907 662 4950 tamen
689 4897 810 4950 inde
838 4906 979 4951 recte
1005 4897 1334 4952 concluditur
1379 4915 1406 4952 a
1449 4900 1496 4953 Ι.
1543 4901 1745 4955 Morino

214 4981 399 5036 Patres
418 4983 666 5050 antiquos
691 4983 1118 5050 gravissimorum
1145 4985 1306 5038 animi
1332 4986 1634 5038 morborum
1659 5001 1742 5039 sa-

219 5073 481 5126 nationem
520 5084 736 5139 prorsus
781 5070 1090 5138 neglexisse.
1138 5073 1343 5125 Etenim
1384 5072 1506 5126 alibi
1556 5082 1746 5142 praeter

219 5157 583 5226 panitentiam
609 5155 866 5225 publicam
885 5196 900 5220 ,
924 5157 1130 5224 qualem
1161 5158 1211 5210 J.
1240 5159 1470 5211 Marinus
1495 5159 1746 5213 describit

219 5245 304 5298 lib.
345 5260 396 5299 tv
433 5243 503 5298 de
543 5243 1007 5298 Administratione
1051 5247 1364 5298 sacramenti
1403 5247 1742 5314 paenitentiae,

216 5345 326 5400 cap.
357 5333 411 5395 'l,
443 5341 710 5399 quamque
735 5331 802 5382 ab
827 5330 951 5398 ipsis
975 5331 1131 5384 etiam
1159 5331 1483 5386 incunabulis
1500 5332 1746 5386 Ecclesiae

216 5421 556 5474 constitutam
583 5431 697 5471 esse
721 5417 848 5470 dicit
875 5417 927 5470 in
963 5417 1330 5472 afflictionibus
1359 5428 1412 5472 et
1439 5420 1744 5473 maceratio-

213 5510 363 5561 nibus
389 5504 635 5572 corporis
673 5501 978 5564 manifestis,
1019 5503 1202 5559 Patres
1237 5507 1431 5574 antiqui
1461 5506 1606 5573 plura
1643 5506 1745 5566 alia

210 5599 602 5663 proposuerunt
644 5589 890 5650 remedia,
921 5604 1036 5657 quat
1057 5593 1120 5644 ad
1148 5594 1469 5648 sanationem
1499 5593 1744 5660 gravissi-

1846 3239 2026 3304 gratiae
2075 3238 2294 3290 ministri
2350 3238 2544 3306 Spiritu
2597 3247 2778 3293 sancto
2826 3239 2982 3293 alllati
3031 3243 3356 3306 docuerunt,

1847 3333 2003 3391 atque
2032 3325 2142 3390 ipse
2177 3339 2348 3376 rerum
2394 3327 2625 3378 omnium
2678 3327 2947 3382 Dominus.
2981 3347 2998 3378 ι
3031 3327 3159 3394 Quis
3205 3344 3362 3396 porro

1845 3413 2301 3480 negabitsanclum
2325 3412 2641 3468 Clementem
2671 3416 2955 3479 censuisse,
2997 3417 3106 3470 lucc
3133 3419 3360 3474 remedia

1845 3517 1910 3552 ex
1947 3500 2233 3566 Seripturis
2273 3501 2432 3568 petita
2459 3503 2524 3556 ad
2552 3503 2906 3556 remissionem
2937 3505 3210 3558 criminum
3243 3520 3361 3572 gra-

1846 3591 2175 3642 vissimorum
2215 3588 2484 3642 sullicerc?

1914 3675 2148 3729 Justinus
2169 3685 2368 3744 martyr
2389 3677 2441 3728 in
2469 3677 2670 3746 dialogo
2691 3693 2806 3731 cum
2835 3677 3112 3749 Tryphone
3138 3680 3316 3738 Judzeo
3345 3704 3359 3737 :

1853 3782 1868 3810 ι
1901 3763 2010 3816 Non
2041 3765 2092 3817 in
2121 3765 2263 3817 hisce
2289 3765 2666 3832 bcneplacitum
2693 3767 2936 3820 consistit
2957 3769 3044 3822 Dei
3077 3772 3258 3824 nostri.
3303 3771 3366 3826 Si

1845 3853 1962 3916 quis
1988 3853 2039 3903 in
2068 3852 2213 3902 vobis
2263 3859 2344 3903 est
2379 3849 2616 3917 periurus
2663 3860 2750 3904 aut
2793 3851 3096 3916 fraudator,
3141 3871 3361 3923 peccare

1846 3939 2064 3992 desinat.
2098 3937 2153 3990 Si
2201 3939 2320 4005 quis
2364 3938 2666 4002 fornicator,
2693 3954 2722 3992 a
2750 3939 2888 3994 malo
2929 3941 3204 4009 resipiscat
3242 3958 3256 3994 :
3307 3954 3362 3998 et

1844 4039 1966 4077 vera
1990 4025 2209 4090 lzetaque
2231 4024 2320 4076 Dei
2349 4025 2563 4076 sabbata
2589 4027 2868 4093 peregerit.
2895 4025 2949 4079 Si
2983 4027 3101 4096 quis
3125 4029 3355 4097 impuras

1846 4115 2002 4168 habet
2022 4127 2222 4174 manus,
2254 4111 2406 4175 lavet,
2434 4121 2486 4165 ct
2516 4127 2678 4180 purus
2707 4113 2863 4167 fuerit
2901 4133 2919 4165 ι
2953 4113 3178 4170 Sanctus
3198 4117 3356 4172 Justi-

1844 4220 1941 4258 nus
1979 4203 2180 4256 videtur
2208 4212 2472 4272 spectasse
2509 4205 2665 4256 verba
2710 4204 2958 4272 Epistol-e
2985 4207 3088 4258 divi
3118 4205 3259 4258 Pauli
3291 4208 3356 4258 ad

1843 4291 2116 4359 Ephesios,
2158 4305 2272 4359 cap.
2302 4307 2351 4343 tv
2373 4298 2424 4342 et
2452 4305 2502 4353 v,
2531 4290 2616 4342 ubi
2643 4289 2920 4357 Apostolus
2952 4293 3192 4358 proponit
3238 4307 3357 4358 ap;a

1843 4377 2071 4430 remelia
2119 4391 2214 4444 pro
2259 4375 2572 4444 quibuslibet
2607 4373 2716 4429 fere
2755 4378 3006 4444 peccatis,
3031 4378 3229 4432 scili.-ct
3265 4395 3359 4446 pro

1772 4437 1824 4496 ι)
1844 4465 2070 4532 peccatis
2121 4437 2398 4525 mendacii,
2447 4462 2585 4530 loqui
2615 4463 2886 4516 veritatem
2919 4481 2930 4516 :
2980 4463 3195 4532 Propter
3223 4468 3359 4532 quod

1843 4553 2140 4619 deponcntes
2189 4550 2534 4610 mendacium,
2582 4549 2845 4616 loquimini
2893 4551 3149 4603 veritatem
3205 4568 3357 4604 unus-

1841 4638 2052 4707 quisque
2095 4652 2206 4688 cum
2256 4637 2486 4703 proximo
2523 4653 2633 4696 suo,
2663 4637 2903 4704 quoniam
2929 4654 3103 4692 sumus
3149 4641 3356 4692 invicem

1843 4724 2084 4777 membra.
2114 4722 2216 4774 Pro
2260 4723 2490 4788 peccatis
2517 4723 2800 4776 iracundias
2826 4732 2880 4777 et
2903 4725 3162 4785 vindictae,
3205 4741 3347 4778 man-

1845 4811 2190 4872 suetudinem,
2221 4809 2634 4864 tniscricordiam
2660 4825 2720 4863 ac
2762 4812 3122 4866 remissionem
3150 4812 3354 4868 debito-

1845 4913 1961 4952 rum
1991 4915 2005 4950 :
2035 4897 2324 4950 Irascimini
2351 4907 2399 4950 et
2424 4896 2576 4949 nolite
2619 4912 2862 4964 peccare:
2888 4897 2979 4950 Sol
3017 4914 3118 4950 non
3157 4900 3355 4952 occidat

1845 5000 1994 5054 super
2029 4983 2350 5036 iracundiam
2387 4991 2620 5036 vestram.
2670 4981 2843 5035 Nolite
2877 4982 3042 5036 locum
3085 4984 3208 5038 dare
3245 4986 3358 5037 dia-

1845 5069 1986 5132 bolo,
2014 5079 2061 5124 et
2101 5070 2263 5122 omnis
2305 5068 2592 5136 amaritudo
2637 5077 2684 5120 et
2721 5069 2821 5129 ira,
2848 5076 2896 5121 et
2947 5069 3260 5138 indignatio,
3305 5081 3354 5121 et

1841 5157 2039 5210 clamor
2078 5164 2127 5208 et
2181 5155 2487 5222 blasphemia
2541 5154 2752 5208 tollatur
2792 5171 2824 5207 ιι
2875 5156 3010 5208 vobis
3061 5171 3173 5208 cum
3217 5159 3361 5218 omni

1842 5246 2071 5309 malitia;
2109 5254 2263 5300 estote
2311 5233 2478 5298 mitem
2524 5245 2731 5296 inuicem
2789 5245 3026 5312 benigni,
3071 5244 3358 5296 misericor-

1841 5335 1946 5395 des,
1977 5334 2220 5386 donantes
2255 5335 2482 5395 inricem,
2515 5333 2642 5383 sicut
2670 5341 2716 5383 et
2760 5332 2895 5385 Deus
2937 5333 2989 5383 in
3015 5329 3214 5384 Christo
3255 5332 3359 5383 do—

1843 5421 1978 5473 narit
2024 5421 2178 5473 vobis.
2217 5419 2321 5471 Pro
2351 5419 2570 5470 crimine
2610 5415 2757 5478 furti,
2805 5417 3183 5485 eleemosynam
3209 5433 3222 5466 :
3251 5415 3359 5479 Qui

1845 5506 2113 5572 furabatur
2127 5505 2239 5573 jam
2280 5521 2380 5556 non
2424 5505 2623 5568 [aretur
2661 5519 2678 5554 :
2716 5502 2876 5569 magis
2918 5513 3080 5554 atatem
3121 5501 3312 5553 laboret
3335 5501 3368 5564 ρ’

1808 5594 2096 5660 ,opernndo
2135 5591 2364 5644 trionibus
2404 5593 2507 5642 suis
2546 5591 2677 5658 quod
2718 5590 2897 5640 bonum
2941 5597 3037 5644 est,
3074 5595 3124 5636 ut
3171 5586 3350 5640 habent
