3974 6442
629 495 749 546 “9|

1164 488 1496 543 TllEODORl
1534 486 1835 541 ARCHIEP.
1875 487 2209 541 CANTUAR.
2251 487 2584 541 DOCTRINA
2624 492 2707 537 Dr;
2747 487 3180 543 l’uiMTENTlA

3611 485 3742 538 “9'2

627 598 758 650 unde
780 596 965 646 tribuat
999 598 1333 647 necessitatem
1364 597 1591 662 patienti.
1625 595 1724 645 Pro
1767 595 1993 661 peccatis
2022 595 2125 646 for—
2154 598 2198 650 Λ
2226 593 2538 646 flictiooibus
2584 602 2636 645 et
2663 595 3102 663 mace-rationibus
3146 594 3380 661 corporis
3427 595 3735 650 manifestis.

626 684 914 741 nicationis,
966 682 1320 743 immunlitia‘,
1364 691 1451 733 aut
1496 682 1724 733 avaritiae
1778 696 1791 732 :
1835 666 2163 733 Foruicatio'

625 777 794 820 autem
824 779 867 819 ct
893 768 1053 820 omnis
1076 767 1414 850 im‘munditia,
1443 779 1528 820 aut
1549 769 1765 820 avaritia
1802 784 1863 819 ne
1905 769 2128 819 nomine-

624 862 711 906 tur
734 853 785 905 in
812 854 977 917 vobis,
1006 855 1131 906 sicut
1171 854 1306 905 decet
1355 860 1572 907 sanctos.
1624 855 1815 907 Deinde
1852 854 2141 923 Apostolus

625 942 872 995 describit
912 943 1119 1009 quinam
1162 929 1264 995 sint
1326 942 1475 1009 hujus
1517 943 1835 1009 poenitentiae
1888 941 2125 995 fructus:

544 1042 547 1045 ‘
625 1028 798 1082 Eratis
826 1031 957 1082 enim
985 1028 1258 1097 aliquando
1302 1030 1538 1093 tenebrtr,
1577 1044 1709 1082 nunc
1740 1039 1906 1081 autem
1953 1030 2042 1081 lux
2075 1032 2129 1081 in

622 1116 858 1168 Domino.
894 1113 957 1167 Ut
980 1116 1075 1182 ﬁlii
1118 1116 1245 1169 lucis
1279 1114 1561 1177 ambulate;
1608 1111 1802 1181 fructus
1841 1117 1973 1167 enim
2004 1115 2129 1167 lucis

622 1213 695 1255 est
721 1204 773 1254 in
799 1204 933 1255 omni
964 1204 1183 1255 bonitate
1211 1212 1255 1254 et
1278 1202 1485 1269 justitia
1514 1212 1559 1253 et
1589 1200 1794 1255 veritate
1812 1242 1827 1266 ,
1864 1204 2129 1270 probantes

619 1293 755 1359 quod
782 1293 847 1343 sit
899 1289 1258 1358 beneplacitum
1298 1290 1403 1344 Deo
1432 1307 1448 1343 :
1474 1300 1519 1342 et
1567 1291 1722 1344 nolite
1759 1292 2132 1345 communicare

622 1378 852 1447 aperibus
896 1378 1221 1446 infructuosis
1250 1378 1565 1439 tenebrarum
1592 1418 1607 1443 ,
1658 1379 1820 1447 magis
1848 1389 2017 1431 autem
2047 1396 2128 1431 re—

619 1460 870 1532 darguite.
901 1464 964 1517 Et
1012 1466 1064 1517 in
1105 1465 1334 1533 Epistola
1365 1466 1431 1516 ad
1456 1464 1686 1527 Galatas,
1718 1480 1834 1532 cap.
1870 1480 1921 1529 γ,
1954 1466 2129 1518 omnia

619 1553 745 1606 vitia
771 1553 1034 1615 describit,
1062 1553 1249 1621 quibus
1272 1552 1448 1605 statim
1466 1559 1593 1619 apta
1618 1553 1845 1605 remedia
1881 1544 2128 1613 subiicit:

621 1638 895 1707 Manifesta
929 1648 1046 1692 sunt
1072 1647 1238 1691 autem
1281 1654 1431 1707 opera
1461 1638 1650 1698 carnis,
1680 1654 1793 1705 qua:
1822 1647 1939 1689 sunt
1965 1638 2130 1703 [οι-πίε

619 1728 774 1789 catio;
815 1727 1153 1790 immunditia,
1201 1726 1546 1793 impudicitia,
1598 1725 1826 1788 luxuria,
1880 1725 2133 1778 idolorum

617 1816 851 1877 servitus,
877 1814 1130 1879 veneﬁcia,
1179 1813 1477 1876 inimicitiat,
1518 1814 1877 1874 contentiones,
1915 1812 2129 1865 annula—

2298 681 2662 742 Tertnllianns,
2691 681 2779 733 lib.
2807 698 2841 734 ιι
2870 682 3118 734 adversus
3138 681 3472 744 Marenonem,
3494 695 3609 749 cap.
3633 681 3699 735 9.5
3724 726 3734 735 .

2233 786 2252 817 ι
2279 767 2408 820 Nam
2434 777 2486 820 et
2513 768 2563 819 in
2588 767 2768 820 Gneeo
2796 782 2943 831 sena,
2969 768 3285 835 twenitentia:
3310 781 3518 832 nomen,
3544 784 3737 824 nones

2227 854 2400 908 delicti
2425 854 2778 917 confessione,
2823 854 2913 907 sed
2940 852 3005 906 ex
3033 855 3192 908 animi
3220 854 3574 909 demutatioue
3597 871 3740 909 com-

2226 940 2449 1008 positum
2472 948 2573 1001 est,
2597 955 2752 1006 quam
2776 941 2910 1005 apud
2931 940 3089 991 Deum
3116 955 3211 1005 pro
3236 955 3406 995 rerum
3428 943 3736 996 variantium

2227 1040 2341 1079 sese
2363 1041 2581 1079 occursu
2608 1026 2715 1093 regi
2742 1027 3079 1079 ostendimus.
3112 1046 3130 1077 ι

2294 1112 2569 1182 Origenes,
2606 1114 2693 1166 lib.
2729 1130 2787 1166 ιιι
2816 1121 2999 1166 contra
3026 1113 3267 1169 Celsum:
3300 1133 3318 1167 ι
3348 1116 3526 1183 Neque
3553 1115 3740 1183 injuste

2229 1205 2473 1258 docemus
2496 1202 2735 1257 sufﬁcere
2763 1204 2827 1255 ad
2854 1204 2953 1257 hoc
2991 1211 3047 1255 ut
3087 1219 3116 1255 a
3138 1204 3245 1258 Deo
3282 1204 3587 1272 recipiatur,
3612 1206 3658 1257 si
3681 1219 3737 1255 a-

2227 1298 2442 1358 gnoscat
2470 1306 2617 1343 suam
2652 1291 2942 1351 miseriam,
2985 1292 3073 1344 sed
3102 1292 3188 1357 qui
3213 1293 3453 1345 damnata
3478 1292 3739 1358 prtetcriza

2228 1395 2322 1434 sua
2347 1381 2451 1433 vita
2467 1420 2481 1444 ,
2522 1390 2791 1434 convertat
2816 1395 2871 1435 se
2897 1381 2963 1433 ad
2987 1379 3256 1433 meliorem
3284 1378 3485 1448 frugem
3505 1421 3521 1444 ,
3556 1394 3676 1432 eum
3712 1395 3738 1430 ιι

2227 1468 2335 1522 Deo
2361 1470 2539 1535 recipi.
2569 1489 2586 1520 ι

2296 1555 2621 1618 Lactantius,
2651 1556 2742 1609 lib.
2767 1572 2816 1609 vx
2843 1556 2906 1608 de
2927 1570 3052 1608 vero
3068 1555 3244 1619 Cultu,
3268 1570 3381 1624 cap.
3409 1556 3505 1610 1'5:
3533 1574 3551 1606 ι
3579 1559 3747 1623 Agere

2228 1650 2402 1693 autem
2428 1642 2805 1708 paenitentiam,
2836 1641 2966 1694 nihil
2993 1641 3132 1695 aliud
3156 1651 3239 1696 est
3258 1658 3414 1711 quam
3437 1642 3667 1711 proﬁteri
3695 1651 3749 1697 et

2228 1727 2492 1782 affirmare
2520 1744 2575 1781 se
2602 1730 2819 1784 ulterius
2844 1745 2945 1783 non
2970 1738 3359 1797 peccaturum.»
3385 1731 3441 1784 In
3469 1733 3651 1787 eodem
3680 1724 3742 1784 li-

2229 1816 2347 1876 bro,
2378 1829 2492 1881 cap.
2522 1814 2589 1865 24
2614 1833 2624 1866 :
2660 1833 2678 1864 ι
2708 1814 2756 1867 ls
2784 1817 2924 1869 enim
2950 1831 3109 1885 quem
3135 1816 3258 1870 iacti
3285 1819 3364 1870 sui
3391 1819 3637 1886 paenitet,
3664 1832 3745 1871 er-

619 1902 796 1961 tiones,
828 1902 939 1960 ira’,
960 1900 1101 1962 rixa’,
1124 1900 1478 1962 dissensiones,
1507 1908 1686 1962 sectas,
1729 1899 1949 1961 incidite,
1976 1900 2135 1951 homi-
2168 1884 2207 1941 Β
2235 1916 2406 1954 rorem
2435 1918 2583 1954 suum
2610 1902 2891 1968 pristinum
2914 1904 3175 1972 intelligit.
3206 1884 3427 1970 Ideoque
3450 1903 3617 1959 Graeci
3647 1920 3769 1958 inc--

617 1988 774 2050 ctdia,
800 1986 1080 2050 ebrietates,
1125 1987 1529 2049 comessationes,
1559 1995 1605 2038 et
1640 1987 1719 2038 his
1754 1986 1943 2038 similia
1972 1999 1989 2035 .'
2021 2002 2135 2055 qua:

615 2075 836 2141 prtrdico
859 2074 1011 2136 vobis,
1031 2075 1161 2125 sicut
1183 2074 1419 2137 pt'tcdixi,
1446 2074 1686 2145 quoniam
1718 2075 1804 2142 qui
1834 2073 1960 2126 talia
1980 2084 2133 2142 agunt

620 2174 828 2228 regnum
853 2159 945 2212 Dei
964 2156 1072 2212 non
1088 2155 1445 2226 possidebunt.
1474 2157 1696 2211 Fructus
1721 2172 1886 2210 autem
1914 2156 2135 2227 Spiritus

617 2256 691 2301 est
716 2260 732 2297 :
762 2248 1012 2308 charitas,
1047 2248 1308 2315 gaudium,
1352 2262 1481 2314 pax,
1526 2246 1802 2314 patientia,
1833 2246 2132 2319 benignitas,

620 2325 842 2396 bonitas,
870 2335 1251 2403 longanimitas,
1293 2322 1649 2397 mansuetudo,
1689 2333 1836 2400 ﬁdes,
1866 2332 2133 2396 modestia,

619 2421 1192 2483 eontinentia,~castitas.
1223 2440 1241 2471 ι
1258 2419 1383 2475 Hinc
1405 2427 1526 2473 sunt
1544 2420 1770 2473 remedia
1791 2433 1907 2488 qua:
1926 2427 2137 2474 sanctus

620 2508 855 2567 Justinus
889 2517 1086 2579 martyr
1108 2517 1227 2577 post
1257 2501 1561 2585 Apestolum
1590 2515 1962 2576 repraesentat,
1991 2523 2138 2562 cum-

622 2609 721 2662 que
746 2611 845 2649 non
871 2596 970 2649 alia
997 2594 1291 2651 recenSeat.
1326 2611 1446 2649 eum
1473 2595 1592 2649 diro
1609 2595 1770 2647 Paule
1786 2593 1874 2649 illa
1898 2588 2139 2662 sufﬁcere

620 2681 901 2737 arbitratus
922 2692 1020 2737 est.
1188 2752 1199 2756 -

687 2767 926 2823 Clemens
973 2769 1349 2826 Alexandrinus
1384 2767 1589 2838 Pazdag.
1647 2769 1739 2822 lib.
1794 2785 1811 2823 ι
1850 2788 1862 2823 :
1914 2788 1931 2818 ι
1965 2769 2139 2825 Ρωυὶο

623 2858 834 2912 tentiam
878 2874 1030 2928 agere
1053 2867 1133 2933 est
1159 2874 1189 2911 a
1236 2848 1418 2913 morbo
1462 2858 1846 2912 convalescere.
1883 2876 1901 2908 ι
1948 2858 2065 2915 Lib.
2097 2874 2137 2910 ιι

623 2948 962 3010 δινοιιιιιιιιιη,
1010 2945 1144 2999 idem
1193 2953 1373 3015 pastor
1403 2945 1532 2998 dicit
1574 2946 1735 2998 etiam
1773 2945 2139 3016 paenitentiam

621 3045 995 3099 essemagnam
1027 3030 1437 3100 intelligentiam.
1472 3049 1491 3081 ι
1522 3030 1620 3096 Qui
1654 3031 1793 3084 enim
1815 3046 1996 3086 eorum
2021 3047 2140 3099 qua:

590 3164 591 3167 η
623 3118 747 3172 fecit
772 3119 976 3171 ducitur
1019 3114 1341 3186 pmnitentia,
1377 3133 1480 3172 non
1525 3118 1745 3187 amplius
1774 3118 1915 3183 facit,
1947 3119 2027 3172 vel
2063 3119 2142 3173 di-

624 3209 729 3269 cit,
758 3215 857 3260 etc.
882 3201 980 3259 Est
1002 3207 1148 3282 tarda
1180 3206 1405 3275 cognitio
1434 3205 1760 3281 paenitentia,
1782 3206 2010 3276 cognitio
2045 3221 2141 3259 au-

627 3304 731 3348 tem
768 3304 849 3348 est
884 3295 1051 3363 prima
1082 3308 1110 3347 a
1147 3303 1361 3362 peccato
1402 3294 1644 3347 cessatio.
1693 3293 1836 3347 Fidei
1869 3309 1994 3364 ergo
2037 3292 2145 3348 om-

626 3382 764 3433 cium
790 3394 993 3447 quoque
1023 3387 1076 3433 et
1100 3394 1228 3446 opus
1252 3386 1329 3433 est
1355 3378 1679 3447 pcenitentia.
1716 3378 1822 3432 Nisi
1849 3382 1989 3446 etiim
2030 3396 2143 3435 cre-

628 3465 818 3519 diderit
860 3478 975 3517 esse
1001 3474 1269 3532 peccatum
1299 3480 1401 3531 quo
1424 3465 1571 3531 prius
1602 3466 1890 3529 tenebatur,
1920 3481 2023 3519 non
2066 3467 2145 3520 di-

626 3551 948 3615 movebitur;
990 3561 1043 3605 et
1075 3553 1173 3605 nisi
1202 3553 1482 3605 crediderit
1529 3552 1577 3606 ei
1616 3554 1824 3621 quidem
1866 3554 1952 3622 qui
1984 3556 2148 3607 delin-

627 3639 739 3707 quit
795 3640 1091 3706 impendere
1136 3638 1485 3708 supplicium,
1539 3649 1776 3707 paratam
1823 3650 1996 3699 autcm
2031 3656 2147 3695 esse

629 3727 848 3779 salutem
868 3726 914 3778 ei
933 3726 1020 3793 qui
1043 3741 1103 3779 ex
1127 3728 1399 3793 praeceptis
1432 3727 1580 3789 vivit,
1606 3740 1672 3779 ne
1694 3727 1770 3780 sic
1800 3728 2006 3794 quidem
2036 3743 2147 3780 mu-

630 3814 847 3866 tabltur.
880 3833 898 3864 ι
932 3814 1043 3864 Lib.
1099 3829 1148 3865 tv
1194 3814 1513 3867 Stromatum
1563 3834 1574 3865 :
1612 3834 1630 3863 ι
1673 3816 1765 3867 Est
1809 3826 1980 3869 autem
2009 3818 2147 3885 suni-

629 3902 763 3953 ciens
782 3938 795 3962 ,
836 3910 892 3952 ut
924 3914 1020 3967 ego
1047 3899 1249 3967 opinor,
1291 3902 1486 3967 homini
1514 3903 1770 3970 purgatio,
1804 3902 2032 3969 perfecta
2062 3903 2149 3955 fir-

628 4002 815 4055 maque
841 4002 903 4041 ac
929 3988 1130 4040 stabilis
1174 3989 1499 4056 poenitentia,
1530 3986 1573 4041 si
1616 4005 1734 4042 cum
1763 3991 1826 4042 de
1852 3992 2150 4058 praeceden-

632 4076 772 4128 tibus
799 4090 891 4128 nos
918 4075 1337 4127 damnaverimus
1363 4074 1684 4135 actionibus,
1715 4076 1947 4127 anterius
1969 4092 2150 4143 proce-

633 4168 836 4226 damus,
872 4172 1048 4231 postea
1097 4164 1459 4233 intelligentes,
1506 4175 1559 4219 et
1598 4174 1823 4220 mentem
1853 4168 2148 4221 immersam

634 4269 809 4308 amore
855 4253 941 4306 Dei
982 4252 1325 4315 sustollentes,
1357 4260 1459 4304 tam
1489 4254 1553 4306 ab
1580 4254 1643 4306 iis
1672 4271 1786 4321 quae
1822 4270 1915 4323 per
1941 4272 2149 4309 sensum

635 4345 892 4397 delectant
916 4357 1070 4411 quam
1099 4342 1363 4410 prioribus
1387 4343 1609 4396 delictis.
1640 4363 1656 4394 ›
1686 4344 1804 4398 Lib.
1837 4363 1886 4399 vi
1919 4345 2153 4400 Struma-

638 4440 746 4483 tnm
783 4472 793 4481 .
843 4449 859 4480 ι
891 4430 983 4483 Est
1012 4431 1199 4498 duplex
1226 4432 1529 4496 poenitentia

644 4517 828 4579 munis,
870 4502 1141 4583 propterea
1174 4515 1310 4581 quod
1336 4517 1662 4582 peccaverit;
1697 4517 1858 4571 altera
1882 4535 2003 4573 vero
2031 4537 2148 4574 eum

641 4602 839 4671 peccati
881 4612 1118 4654 naturam
1172 4602 1438 4665 didicerit,
1492 4606 1768 4669 persuadet
1809 4604 1875 4657 ab
1913 4607 2021 4672 ipso
2064 4609 2152 4661 de-

642 4688 827 4740 sistere
874 4698 1085 4754 peccato
1130 4705 1222 4757 per
1274 4690 1611 4757 principalem
1658 4693 1910 4744 rationem
1951 4695 2033 4746 cui
2074 4704 2154 4749 est

645 4789 967 4841 consequens
991 4783 1052 4827 ut
1067 4792 1167 4829 non
1192 4786 1390 4844 peccet.
1426 4796 1443 4827 ι
1471 4777 1625 4831 Libro
1648 4778 1773 4841 Quis
1801 4781 1936 4833 dives
1957 4781 2155 4834 salvan-

646 4861 769 4922 dus,
798 4876 911 4928 cap.
935 4862 1038 4915 εει
1070 4876 1085 4910 ι
1122 4861 1176 4914 Si
1201 4863 1317 4929 quis
1340 4862 1478 4915 illam
1510 4864 1817 4917 inanimum
1849 4868 2152 4932 susceperit,

645 4949 885 5015 quamvis
905 4950 1129 5017 peccatis
1150 4951 1401 5003 obnoxius
1425 4951 1511 5013 sit,
1541 4953 1777 5017 quamvis
1795 4952 1960 5009 multa
1980 4953 2155 5006 illicita

648 5037 1042 5113 perpetraverit,
1072 5038 1293 5092 adaucta
1341 5039 1593 5093 charitate
1642 5054 1875 5107 puraque
1925 5041 2152 5095 adhibita

652 5124 1028 5193 resipiscentia,
1067 5134 1237 5178 errata
1264 5140 1355 5179 sua
1398 5127 1660 5196 corrigere
1709 5136 1895 5196 potest.
1934 5148 1952 5178 ι
1988 5127 2153 5181 Poeni-

657 5214 829 5267 tentlae
879 5212 1200 5268 definitiones
1225 5230 1355 5283 quas
1405 5224 1616 5271 sanctus
1651 5217 1891 5272 Clemens
1935 5220 2157 5274 Alexan-

655 5301 832 5354 drinus
870 5301 1043 5363 refert,
1073 5304 1290 5383 maxima
1319 5302 1584 5357 continent
1619 5307 1868 5371 semedia,
1899 5324 2012 5374 qua:
2050 5308 2158 5376 ipse

656 5384 875 5437 aliirmat
903 5388 965 5438 ad
994 5387 1344 5441 remissionem
1378 5398 1709 5456 peccatorum
1737 5394 2156 5460 gravissimorum

659 5472 920 5537 sufﬁcere;
973 5476 1105 5528 inter
1139 5492 1254 5545 quae
1290 5488 1461 5531 tamen
1490 5476 1629 5533 nullo
1670 5483 1821 5533 modo
1860 5493 2161 5537 recensetur

661 5556 743 5609 illa
790 5562 1085 5627 pcnnitcntia
1132 5564 1335 5631 publica
1365 5582 1516 5632 quam
1560 5566 1606 5619 Ι.
1639 5568 1867 5621 Marinus
1914 5570 2040 5623 dicit
2094 5574 2158 5623 ab

664 5643 787 5712 ipsis
814 5645 1134 5702 incunabulis
1168 5650 1408 5704 Ecclesia:
1456 5654 1783 5707 constitutam
1812 5653 1969 5709 fuisse
2002 5656 2053 5708 in
2082 5657 2156 5708 af-

2195 2055 2199 2058 ,
2234 1989 2352 2052 lius,
2389 1998 2443 2042 et
2482 1989 2858 2056 signiﬁcantius
2896 1993 3148 2060 μετάνοιαν
3200 1991 3405 2051 dicunt,
3452 2005 3608 2056 quam
3656 2006 3748 2042 nos

2232 2077 2491 2145 pessimus
2518 2076 2929 2145 resipiscentiam
2966 2078 3159 2137 dicere,
3182 2085 3282 2130 etc.
3331 2076 3620 2154 Purgcmus
3654 2077 3747 2142 igi-

2236 2162 2320 2216 tur
2349 2164 2721 2217 conscientiam
2753 2180 2867 2231 quae
2901 2164 3067 2218 oculis
3109 2164 3198 2216 Dei
3239 2165 3415 2231 pervia
3445 2173 3557 2226 est;
3602 2173 3655 2217 et
3697 2173 3750 2214 ut

2235 2251 2307 2301 ait
2334 2250 2467 2302 idem
2487 2290 2500 2311 ,
2545 2263 2753 2318 semper
2782 2252 2853 2303 ita
2884 2252 3119 2305 vivamus
3157 2260 3214 2303 ut
3253 2253 3506 2305 rationem
3536 2252 3750 2305 redden-

2236 2338 2353 2389 dam
2383 2338 2533 2389 nobis
2557 2338 2906 2401 arbitremur;
2954 2347 3299 2406 putemusque
3342 2352 3438 2392 nos
3478 2338 3750 2391 momentis

2235 2425 2477 2477 omnibus
2518 2440 2619 2478 non
2665 2426 2717 2477 in
2760 2424 2958 2493 aliquo,
3000 2424 3187 2486 utille
3222 2425 3384 2487 dixit,
3427 2423 3571 2478 orbis
3602 2432 3750 2475 terra:

2234 2514 2441 2565 theatro
2474 2514 2540 2566 ab
2568 2513 2885 2575 hominibus,
2933 2516 3024 2568 sed
3065 2516 3288 2583 desuper
3318 2516 3544 2584 spectari
3586 2516 3653 2567 ab
3690 2530 3751 2566 co

2234 2602 2323 2669 qui
2354 2608 2408 2654 et
2429 2599 2587 2667 iudex
2617 2609 2671 2653 et
2696 2603 2846 2655 testis
2869 2602 3006 2656 idem
3032 2603 3237 2657 biturus
3260 2613 3361 2666 est,
3387 2605 3469 2656 cui
3497 2602 3751 2657 rationem

2237 2689 2356 2741 vine
2402 2690 2725 2755 reposcenti,
2780 2697 2928 2743 actus
2972 2677 3093 2744 suds
3137 2691 3360 2744 inﬁciari
3409 2706 3511 2745 non
3556 2691 3749 2745 licebit.

2238 2774 2376 2844 Ergo
2404 2777 2568 2829 satius
2601 2786 2682 2829 est
2718 2784 2809 2829 aut
2841 2775 3067 2846 effugere
3095 2779 3496 2842 conscientiam,
3535 2786 3628 2831 aut
3660 2791 3753 2832 nos

2236 2865 2378 2931 ipsos
2406 2864 2541 2916 ultro
2568 2865 2771 2931 aperire
2805 2865 3062 2929 animum,
3105 2874 3159 2919 et
3195 2865 3482 2933 perniciem
3518 2865 3753 2918 rescissis

2236 2950 2538 3003 vulneribus
2565 2948 2858 3013 effundere;
2891 2952 3079 3018 quibus
3104 2966 3255 3015 nemo
3282 2953 3415 3007 alius
3441 2953 3635 3005 mederi
3663 2966 3755 3019 po-

2240 3043 2359 3101 test,
2386 3037 2484 3089 nisi
2512 3037 2652 3091 solus
2680 3038 2763 3091 ille
2789 3039 2876 3105 qui
2904 3053 3137 3107 gressum
3168 3040 3384 3103 claudis,
3411 3041 3576 3093 visum
3605 3041 3756 3094 ca-cis'

2239 3127 2494 3189 reddidit;
2531 3127 2788 3181 maculata
2819 3129 3052 3182 membra
3078 3131 3339 3197 purgavit,
3359 3140 3592 3185 mortuos
3616 3132 3755 3184 exei-

2242 3216 2392 3269 tavit.
2421 3235 2441 3267 ι
2493 3214 2652 3270 Libro
2690 3217 2751 3270 de
2790 3214 2871 3269 ira
2905 3217 3026 3291 Dei,
3075 3234 3190 3287 cap.
3220 3219 3283 3273 21
3311 3237 3324 3272 :
3357 3238 3375 3268 ε
3405 3220 3583 3288 Itaque
3621 3221 3756 3275 Deus

2242 3319 2344 3360 non
2374 3305 2559 3367 thure,
2597 3300 2701 3357 non
2729 3303 2931 3368 hostia,
2987 3321 3090 3359 non
3135 3307 3379 3377 pretiosis
3420 3309 3755 3369 muneribus,

2241 3405 2359 3458 qua:
2393 3391 2569 3445 omnia
2599 3400 2719 3444 sunt
2747 3392 3135 3460 corruptibilia,
3162 3394 3254 3448 sed
3284 3409 3484 3448 morum
3512 3396 3757 3448 emenda-

2215 3535 2221 3546 _
2242 3478 2385 3529 tione
2402 3476 2670 3544 placatur;
2700 3486 2752 3529 et
2772 3478 2858 3545 qui
2881 3493 3100 3546 peccare
3121 3474 3332 3542 desinit,
3354 3479 3485 3532 iram
3507 3478 3597 3533 Dei
3621 3494 3758 3532 mor-

2243 3560 2399 3615 talem
2430 3562 2571 3616 facit.
2624 3562 2822 3617 ldcireo
2858 3566 2998 3618 enim
3039 3566 3252 3628 nonad
3290 3580 3519 3634 praesens
3548 3567 3757 3621 noxium

2244 3664 2502 3719 quemque
2528 3652 2694 3718 punit,
2724 3660 2779 3705 ut
2808 3653 2997 3706 habeat
3024 3654 3180 3707 homo
3204 3653 3542 3721 resipiscendi
3568 3662 3622 3707 et
3648 3668 3760 3707 cor-

2245 3739 2443 3803 rigendi
2471 3739 2549 3791 sui
2579 3739 2895 3792 facultatem.
2927 3760 2944 3790 ι

2314 3826 2543 3877 Hilarius
2566 3826 2899 3881 Pietavornm
2926 3829 3199 3896 cpiscopus
3225 3830 3275 3882 in
3299 3830 3485 3896 psalm.
3509 3845 3546 3882 tt
3568 3848 3581 3881 :
3612 3847 3630 3879 ι
3658 3828 3758 3883 Sed

2246 3917 2344 3969 hoc
2373 3915 2745 3968 irrationalilis
2771 3917 3003 3969 materia:
3028 3933 3118 3969 vas
3142 3918 3297 3971 etiam
3325 3918 3421 3970 sub
3447 3918 3546 3970 alia
3578 3916 3762 3970 intelli‘

2246 4002 2419 4071 gentia
2448 4002 2513 4054 ad
2543 4004 2795 4057 rationem
2821 4004 3063 4057 humanm
3088 4004 3371 4058 voluntatis
3397 4012 3631 4072 aptatum
3661 4016 3759 4066 est,

2246 4091 2483 4142 homines
2509 4090 2715 4155 quidem
2745 4105 2837 4154 per
2865 4091 2973 4143 haec
2998 4092 3120 4144 vitia
3154 4108 3248 4144 sua
3276 4093 3462 4145 cadere
3487 4111 3497 4142 :
3528 4094 3618 4146 sed
3642 4093 3684 4145 si
3712 4094 3759 4145 in

2248 4179 2330 4230 his
2358 4178 2695 4244 poeniterent,
2727 4177 2776 4229 id
2805 4186 2903 4237 cst,
2935 4179 2976 4230 si
3007 4178 3071 4229 ab
3099 4179 3179 4230 his
3203 4178 3525 4241 desinerent,
3556 4194 3613 4233 se
3639 4195 3762 4249 qu0«

2249 4282 2349 4335 que
2379 4268 2515 4328 Deus
2543 4266 2594 4318 in
2623 4267 2705 4318 his
2738 4281 2851 4333 qum
2880 4266 2942 4317 ad
2973 4280 3179 4333 poenam
3211 4282 3365 4321 casus
3392 4266 3543 4335 hujus
3568 4271 3762 4323 constt-

2251 4356 2407 4407 tuerit
2431 4354 2701 4422 poenitere.
2733 4374 2749 4403 ι
3696 4361 3701 4366 ’

1577 4472 1602 4529 ..
1625 4445 1742 4529 una.
1772 4434 1978 4499 quidem
2008 4450 2150 4486 com-
2184 4471 2231 4529 υ
2319 4442 2633 4495 Athanasius
2664 4442 2716 4495 in
2745 4442 2965 4510 epistola
2990 4443 3052 4496 de
3078 4441 3510 4510 lnterpretatione
3535 4443 3763 4497 Psalmo-

2255 4541 2367 4578 rum
2393 4544 2404 4578 :
2439 4544 2457 4574 ι
2489 4526 2623 4580 Sunt
2647 4527 2853 4593 quidem
2881 4535 2935 4582 et
2965 4528 3017 4580 in
3046 4527 3160 4579 aliis
3186 4526 3469 4595 Scripturis
3495 4530 3763 4582 sententia!

2253 4612 2635 4682 prohibitoriar,
2670 4630 2784 4682 quae
2815 4616 3180 4679 malmvetant,
3210 4615 3300 4687 sed
3338 4617 3388 4668 in
3423 4616 3523 4670 hoc
3555 4619 3760 4678 codice.

2256 4704 2512 4770 quomodo
2541 4702 2904 4756 abstinendum
2944 4703 3012 4755 sit
3052 4719 3081 4755 a
3123 4703 3294 4765 malis,
3327 4704 3670 4771 exprimitm‘:
3710 4717 3765 4760 ut

2257 4789 2482 4840 edictum
2520 4789 2643 4842 alibi
2680 4797 2787 4847 est,
2838 4790 3198 4856 pmnitentiam
3236 4792 3487 4858 agendam
3520 4805 3669 4854 esse,
3714 4804 3765 4846 ct

2256 4876 2619 4946 ptenitentiam
2659 4891 2774 4929 esse
2822 4892 2849 4928 a
2897 4879 3126 4944 peccatis
3159 4878 3414 4931 desinere.
3447 4898 3464 4928 ι
3512 4877 3645 4943 Quid
3685 4881 3764 4932 bis

2259 4964 2501 5019 remediis
2528 4965 2590 5015 ad
2619 4965 2975 5018 remissionem
3006 4965 3281 5019 criminum
3308 4965 3629 5020 occultorum
3656 4965 3767 5020 cftl-

2257 5047 2471 5103 cacius?
2496 5047 2634 5101 Inter
2661 5063 2775 5117 quae
2798 5065 2915 5101 cum
2944 5064 3037 5102 nec
3073 5047 3441 5114 Tertullianus,
3469 5062 3566 5103 nec
3590 5050 3765 5121 Orige-

2261 5150 2371 5197 nes,
2404 5149 2500 5186 nec
2535 5131 2856 5195 Lactantius,
2902 5147 2998 5185 nec
3040 5133 3268 5188 Hilarius
3292 5134 3626 5190 Pictavorum
3659 5139 3766 5204 epi-

2259 5234 2475 5288 scopus,
2515 5234 2682 5286 neque
2709 5218 3025 5274 Athanasius
3050 5220 3155 5275 ullo
3187 5222 3338 5275 modo
3362 5234 3767 5278 commemorent

2257 5306 2615 5373 ptenitentiam
2654 5304 2941 5373 publicam;
2990 5307 3222 5376 nunquid
3263 5306 3457 5361 idcirco
3495 5308 3779 5369 dicendum

2260 5405 2339 5450 est
2377 5398 2472 5449 hos
2504 5410 2687 5450 omnes
2708 5394 2894 5448 Patres
2921 5396 3343 5464 gravissimorum
3371 5396 3529 5450 animi
3563 5397 3765 5453 morbo-

2260 5498 2375 5534 rum
2425 5497 2603 5536 curam
2651 5496 2866 5550 prorsus
2912 5482 3239 5550 neglexisse?
3288 5482 3438 5537 Absit
3480 5497 3605 5531 vero
3650 5481 3764 5535 talis

2260 5570 2464 5636 injuria.

2323 5658 2544 5711 Basilius
2570 5659 2620 5711 in
2649 5661 2858 5714 nomilia
2888 5661 2941 5713 in
2966 5648 3159 5729 aliquot
3191 5660 3473 5729 Scriptum
3495 5661 3655 5727 locos,
3678 5656 3759 5714 ubi
