3974 6466
3746 32 3789 39 ...-
3802 22 3911 37 5*-

738 122 743 131 ι

584 138 607 149 ,,
626 140 643 143 -

450 162 477 189 ,ε
550 176 557 183 .

346 206 355 215 Ι
436 196 447 205 ιι-

402 220 425 231 «ιιι

188 604 313 661 ιιιιδ
402 651 406 654 .
530 608 545 637 ι

186 820 363 861 uosus.
398 803 592 859 Utrum
620 804 813 855 horum
844 800 1003 852 ditior
1029 816 1041 851 :
1073 797 1173 865 qui
1193 796 1493 850 castitatem
1530 796 1701 845 servat
1722 828 1734 847 ,

188 910 254 950 an
297 894 389 965 qui
430 892 715 963 pecuniam
764 905 827 945 ex
875 888 1070 957 injuria
1120 883 1411 955 possidet?
1448 880 1606 934 Certe
1649 877 1740 944 qui

186 994 382 1043 castus.
434 983 606 1052 IIujus
649 980 906 1035 memoria
951 977 1312 1046 sempiterna,
1359 972 1499 1027 illius
1528 968 1744 1039 fragiles

189 1086 311 1134 sunt
351 1076 580 1140 divitize;
636 1073 795 1141 hujus
839 1072 1148 1124 thesaurum
1192 1065 1278 1119 fur
1307 1063 1482 1118 nullus
1506 1060 1741 1120 cil'odiet,

165 1168 329 1221 :tllius
353 1165 552 1219 divitia:
576 1162 737 1216 hodie
769 1159 987 1222 ﬂorent,
1033 1171 1155 1212 cras
1197 1159 1545 1209 marcescent.
1582 1149 1747 1216 Igitur

193 1259 391 1327 respice
419 1254 646 1324 aequalia
676 1266 739 1305 ac
762 1249 919 1318 plana
939 1287 954 1310 ,
985 1261 1138 1301 suutn
1168 1244 1362 1312 cuique
1389 1240 1624 1295 tribuens
1653 1238 1747 1290 ho-

188 1362 372 1401 norem
401 1365 413 1399 :
445 1342 820 1414 pretiosiorem
853 1340 1113 1392 rationem
1150 1336 1313 1394 habe,
1355 1340 1414 1386 ut
1444 1327 1747 1384 misericor-

189 1442 332 1495 diam
384 1438 643 1495 invenias.
694 1433 808 1494 Dic.
839 1448 957 1501 age,
988 1437 1139 1484 estne
1173 1428 1311 1480 inter
1338 1439 1433 1477 vos
1465 1422 1745 1491 quisquam

188 1527 364 1581 inanis
396 1524 575 1594 glori1c
604 1520 849 1592 cupidus,
876 1518 966 1587 qui
996 1533 1103 1571 non
1131 1515 1201 1570 sit
1228 1509 1559 1593 iracundus?
1587 1506 1750 1576 Cupi-

190 1616 289 1670 dus
314 1630 375 1669 cs
404 1612 577 1669 inanis
605 1607 827 1680 glorite?
880 1622 984 1660 non
1034 1605 1181 1663 vides
1223 1602 1399 1671 plana.
1456 1595 1749 1651 Iracundus

188 1690 299 1760 es?
320 1719 444 1757 cum
486 1699 753 1755 iracundo
781 1711 851 1750 ne
896 1696 1129 1748 habites.
1170 1691 1330 1745 Vides
1354 1687 1624 1757 quomodo
1652 1698 1749 1753 per

191 1790 668 1860 breviloquentiam
700 1786 828 1840 vitia
864 1793 1048 1838 nostra
1080 1781 1433 1847 corrigantur,
1495 1785 1598 1831 etc.
1648 1774 1751 1834 Ac:

191 1883 309 1950 cipe
354 1878 666 1934 remedium.
716 1874 775 1929 Si
816 1872 1109 1928 accerscris
1136 1868 1426 1931 medicum,
1468 1873 1520 1920 et
1548 1863 1752 1917 videris

192 1973 333 2040 apuJ
369 1984 491 2023 eum
517 1967 670 2021 varia
708 1965 999 2035 pharmace
1028 1961 1191 2015 variis
1226 1966 1476 2014 contenta
1515 1953 1747 2017 tabellis,

191 2025 558 2115 considerabis
591 2056 719 2125 quid
757 2062 850 2107 tuo
886 2051 1073 2107 morbo
1103 2049 1404 2104 conveniat.
1459 2045 1573 2100 Non
1607 2045 1749 2101 enim
1784 2025 1829 2083 Β

195 2152 284 2220 qui
313 2149 450 2220 pede
472 2144 712 2209 offendit,
741 2143 933 2213 quazrit
959 2126 1106 2197 oculi
1130 2139 1492 2202 curationem;
1532 2137 1626 2190 sed
1662 2136 1754 2204 qui

194 2242 411 2296 oculum
452 2236 617 2292 habet
652 2234 898 2290 allectum
922 2273 936 2296 ,
987 2230 1321 2288 commodam
1363 2242 1520 2296 opem
1563 2226 1755 2296 qumrit

195 2329 372 2384 oculo.
409 2327 596 2395 Itaque
623 2325 848 2393 quisque
873 2322 974 2376 sibi
1018 2336 1084 2375 ex
1128 2319 1424 2388 Scripturis
1449 2320 1636 2373 morbo
1660 2331 1758 2371 suo

196 2416 571 2473 convenientia
596 2420 790 2467 sumat.
832 2409 1128 2466 Iracundus
1147 2408 1242 2461 es?
1264 2407 1458 2464 cohibe
1484 2408 1639 2460 iram.
1666 2406 1761 2461 Vir

198 2507 512 2570 iracundus,
532 2502 723 2573 inquit,
739 2501 910 2569 turpis
928 2507 1029 2562 est,
1048 2498 1192 2553 disce
1214 2512 1281 2551 ex
1305 2498 1404 2551 hac
1422 2496 1720 2564 Scriptura.
1737 2516 1754 2546 ι

269 2596 560 2666 Gregorius
603 2592 972 2647 Nazianzenus
1020 2589 1075 2644 in
1120 2588 1365 2643 oratione
1411 2585 1515 2640 15:
1560 2604 1579 2635 ι
1610 2585 1761 2639 Alius

198 2695 447 2742 neStrum
473 2696 763 2752 pauperem
795 2682 1096 2749 oppressit,
1141 2693 1206 2732 ac
1244 2686 1401 2732 terra:
1428 2683 1633 2745 partem
1662 2674 1762 2744 ipsi

199 2775 508 2838 abstraxit,
553 2772 798 2842 maleque
825 2771 908 2826 vel
939 2785 1034 2840 per
1059 2769 1301 2823 fraudem
1327 2808 1343 2833 ,
1387 2767 1470 2820 vel
1515 2780 1611 2836 per
1654 2767 1762 2820 vim

201 2869 493 2926 terminum
523 2872 888 2934 transgressus
916 2872 999 2917 est
1023 2901 1039 2925 ,
1086 2868 1144 2915 et
1181 2874 1366 2929 agrum
1397 2873 1524 2927 agro
1548 2857 1766 2927 copula-

204 2959 307 3023 vit,
337 2965 398 3011 ut
423 2956 668 3026 proximo
696 2950 898 3022 aliquid
925 2951 1179 3021 eriperet,
1209 2958 1313 3004 etc.
1344 2948 1494 3013 Alius
1514 2948 1693 3004 usuris
1712 2955 1766 3002 et

205 3047 479 3105 fenoribus
513 3054 709 3101 terram
759 3042 1161 3106 contaminavit,
1212 3050 1316 3096 etc.
1364 3041 1514 3094 Alius
1541 3039 1639 3095 reti
1669 3054 1766 3095 suo

205 3138 372 3192 multa
398 3134 666 3201 colligenti
683 3132 1008 3196 immolavit,
1040 3146 1103 3185 ac
1130 3131 1381 3202 pauperis
1407 3115 1639 3198 praedam
1668 3127 1765 3182 do-

206 3242 355 3280 mum
384 3224 610 3287 habens,
636 3230 729 3278 aut
749 3222 845 3277 Dei
864 3222 1177 3276 memoriam
1209 3237 1272 3275 ex
1302 3220 1482 3275 animo
1504 3229 1599 3272 aut
1621 3225 1770 3273 certe

1001 594 1086 650 AB
1125 593 1289 652 O.\I.\'I
1333 585 1695 648 NOVITATIS
1735 580 2137 637 SL'SPiCIOXE
2176 575 2562 633 V'INDICATA.
3261 564 3396 619 H95

184 717 249 771 de
273 714 435 768 variis
462 711 680 765 disserit
708 709 850 763 vitiis
878 723 890 760 :
923 727 940 756 ι
974 706 1069 759 llic
1096 714 1276 760 castus
1306 709 1421 763 est,
1453 700 1538 754 ille
1565 696 1739 750 libidi-
1774 699 1815 754 Α
1843 691 2165 760 cogitatione
2194 699 2319 744 sunt
2346 688 2614 743 admissa?
2636 695 2738 741 etc.
2774 685 3005 741 Ostende
3035 686 3162 740 mihi
3190 702 3404 741 amaras

1841 789 2000 849 atque
2039 781 2232 834 uberes
2263 779 2526 848 lacrymas
2574 786 2725 839 tuas,
2773 786 2829 827 ut
2877 789 3024 828 meas
3057 790 3155 844 ego
3191 789 3406 844 quoque
3469 777 3475 783 ’

1842 872 2237 927 commisceam.
2272 868 2587 923 Amictionis
2610 867 2925 937 participem
2952 873 3003 919 et
3028 866 3228 919 socium
3253 880 3404 921 sume

1843 964 2199 1026 sacerdotem,
2231 972 2290 1015 ut
2312 969 2538 1030 patrem,
2564 969 2667 1013 etc.
2702 958 3079 1035 ‘Quamobrem
3114 956 3283 1025 major
3310 954 3403 1011 tibi

1845 1070 1908 1110 eo
1938 1056 2127 1109 ﬁducia
2164 1055 2234 1107 sit
2268 1054 2357 1121 qui
2394 1062 2445 1107 te
2482 1052 2534 1106 in
2570 1053 2679 1106 Deo
2706 1051 2917 1121 genuit,
2963 1064 3123 1118 quam
3152 1050 3205 1102 in
3230 1048 3335 1102 illis
3371 1061 3404 1102 a

1845 1147 2038 1216 quibus
2065 1158 2291 1213 corpore
2318 1152 2631 1213 procreatus
2658 1156 2736 1195 cs.
2780 1140 3050 1194 Audacter
3081 1138 3299 1193 ostende
3329 1136 3406 1190 illi

1847 1251 1967 1306 qua”:
2001 1245 2126 1290 sunt
2149 1235 2443 1289 recondita.
2484 1232 2659 1286 Animi
2696 1245 2892 1285 arcana
2923 1237 3174 1297 tanquam
3200 1226 3410 1281 occulta

1851 1326 2067 1379 vulnera
2097 1324 2307 1377 medico
2329 1331 2527 1391 retegc.
2554 1322 2671 1392 Ipse
2693 1330 2747 1375 et
2772 1319 2991 1374 honoris
3013 1326 3067 1372 et
3090 1315 3411 1371 valetudinis

1850 1424 1953 1469 tua:
1980 1414 2241 1466 rationem
2266 1411 2502 1464 lialscbit.
2537 1428 2555 1460 ι

1919 1504 2253 1567 Ambrosius,
2300 1503 2390 1556 lib.
2420 1519 2479 1559 II,
2513 1500 2738 1569 epistola
2769 1501 2837 1552 7:
2884 1520 2901 1551 ι
2945 1499 3113 1554 Simul
3155 1499 3295 1554 enim
3344 1513 3408 1552 ac

1851 1596 2127 1651 confessus
2154 1596 2273 1664 quis
2301 1593 2480 1657 fuerit,
2506 1590 2815 1645 absolvitur.
2854 1591 3092 1659 Denique
3122 1592 3252 1655 dixi,
3282 1592 3411 1645 Pro-

1852 1687 2127 1753 puntiabo-
2139 1683 2411 1739 adversum
2440 1699 2519 1736 me
2547 1681 2859 1751 injustitiam
2888 1682 3056 1734 meum
3084 1680 3328 1744 Domino,
3360 1690 3410 1734 et

1852 1789 1908 1831 tu
1938 1777 2183 1830 remisisti
2215 1776 2529 1844 impietatem
2557 1775 2733 1829 cordis
2758 1774 2877 1826 mei.
2932 1772 3074 1827 Mora
3101 1788 3227 1843 ergo
3253 1775 3411 1827 abso-

1853 1865 2068 1919 lutionis
2112 1865 2167 1919 in
2210 1863 2513 1920 conﬁtendo
2559 1870 2681 1926 est,
2735 1862 3124 1917 confessionem
3172 1864 3415 1932 sequitur

1854 1966 2193 2028 peccatorum
2240 1955 2504 2010 remissio.
2541 1975 2559 2006 ι
2617 1954 2933 2024 Multiplices
2985 1956 3146 2010 animi
3198 1957 3414 2010 morbos

1855 2047 2201 2117 gravissimos
2251 2046 2439 2101 Patres
2485 2046 2823 2110 describunt,
2880 2045 3053 2114 iisque
3098 2045 3412 2114 mulziplicia

1856 2138 2147 2206 subjitiunt
2188 2138 2423 2193 remedia
2462 2153 2582 2206 quae
2618 2137 2686 2192 ad
2723 2136 2948 2191 salutem
2986 2137 3255 2206 aptissima
3293 2152 3414 2193 esse

1824 2236 1829 2241 ‘
1856 2227 2192 2295 proﬁtentur.
2230 2226 2287 2281 Si
2318 2241 2444 2281 vero
2472 2242 2707 2283 canones
2732 2228 3307 2304 publiceptenitentize
3338 2232 3391 2285 in

1859 2318 2127 2388 telligendi
2161 2311 2267 2371 sint
2295 2326 2404 2371 tam
2438 2317 2504 2369 de
2538 2317 2852 2373 criminibus
2883 2318 3111 2372 occultis
3152 2335 3310 2386 quam
3351 2321 3417 2375 de

1858 2409 2105 2478 publicis,
2133 2423 2229 2462 cur
2254 2406 2443 2460 Patres
2476 2406 2812 2461 saluberrimi
2845 2407 3065 2462 remedii
3100 2424 3203 2461 non
3230 2409 3417 2463 memi-

1861 2498 2081 2555 nerint?
2129 2499 2377 2566 Cogitare
2420 2496 2571 2552 nefas
2596 2506 2699 2560 est,
2746 2488 2941 2552 uelum
2970 2499 3168 2564 dicere,
3218 2500 3347 2555 illud
3387 2515 3419 2554 a
3492 2512 3509 2516 ‘

1859 2589 2109 2642 Patribus
2135 2582 2281 2640 tanta
2307 2601 2430 2640 cum
2459 2586 2666 2640 incuria
2695 2585 2857 2643 fuisse
2887 2589 3323 2656 pr:etermissum.

1929 2677 2163 2732 Joannes
2193 2676 2606 2746 Chrysostomus
2648 2677 2701 2729 in
2743 2676 2961 2730 bomilia
3006 2677 3060 2731 in
3094 2677 3364 2733 Psalmum
3401 2695 3419 2736 ι

1861 2767 2057 2824 Iacobo
2097 2768 2248 2823 Billio
2286 2768 2475 2823 abbate
2509 2768 2841 2843 interprete:
2877 2786 2896 2819 ι
2928 2767 3117 2822 Totam
3156 2777 3300 2823 tuam
3329 2770 3423 2840 ju-

1862 2856 2131 2914 vetitutem
2164 2860 2361 2929 probro
2402 2874 2467 2914 ac
2509 2857 2769 2913 dedecore
2809 2857 3066 2923 aIIecisti,
3104 2867 3273 2913 totum
3304 2860 3425 2915 vita:

1865 2957 1968 3003 tuae
2000 2957 2212 3018 tempus
2241 2950 2560 3019 perdidisti?
2595 2949 2743 3018 prius
2773 2958 3039 3005 scortator
3070 2966 3210 3016 eras,
3239 2960 3423 3021 postea

1865 3041 2086 3108 rapuisti
2118 3056 2182 3095 ac
2209 3056 2363 3095 suum
2398 3040 2550 3094 alteri
2582 3040 2882 3104 detraxisti,
2911 3042 3144 3111 perjurio
3179 3052 3244 3097 et
3278 3043 3421 3099 blas-

1864 3131 2080 3200 phemia
2132 3140 2183 3186 te
2226 3132 2580 3187 obstrinxisti.
2631 3131 2883 3198 Quaenam
2926 3132 3019 3186 tibi
3069 3132 3257 3188 salutis
3302 3148 3425 3203 spes

1865 3232 1988 3274 esse
2017 3222 2222 3289 queat?
2266 3221 2459 3276 Actum
2490 3229 2573 3276 est
2600 3221 2666 3275 de
2696 3229 2767 3276 te.
2816 3221 2959 3276 Nihil
2979 3222 3129 3279 aliud
3160 3233 3424 3293 superest,

203 3317 349 3371 illius
373 3315 513 3370 male
536 3314 848 3369 recordatus
875 3321 975 3377 est,
999 3321 1107 3368 etc.
1131 3332 1149 3364 ι
1184 3312 1250 3365 Et
1278 3320 1396 3381 post
1421 3310 1523 3365 alia
1552 3308 1762 3366 Patrem
1794 3354 1836 3410 Γ
1867 3327 2030 3385 quam
2060 3320 2122 3366 ut
2150 3313 2429 3381 praesentis
2458 3311 2646 3366 saltem
2676 3314 2799 3366 vita:
2818 3313 3180 3381 voluptatibus
3206 3314 3423 3371 fruaris.

205 3407 286 3460 sic
309 3406 577 3469 hortatur,
600 3412 663 3457 ut
684 3419 839 3457 suum
867 3404 1119 3473 populum
1149 3403 1262 3457 lucc
1291 3403 1481 3456 doceat
1505 3402 1763 3465 remedia,
1796 3396 1838 3413 “⁴
1873 3401 1995 3457 llaec
2024 3402 2224 3457 diaboli
2251 3402 2409 3456 verba
2440 3410 2581 3455 sunt.
2618 3400 2689 3455 At
2711 3416 2831 3457 mea
2856 3403 3123 3456 contraria
3151 3422 3162 3455 :
3190 3403 3424 3472 Periisti,

204 3498 401 3568 quibus
422 3496 635 3550 illorum
656 3494 782 3547 vitia
804 3502 1079 3554 curentur,
1101 3501 1157 3547 et
1178 3493 1257 3546 ira
1279 3492 1387 3547 Dei
1408 3494 1767 3562 reprimatur!

212 3608 231 3639 ι
260 3589 355 3643 llis
384 3587 640 3658 populum
668 3591 821 3639 tuum
855 3585 1081 3640 instrue.
1114 3583 1258 3637 Doce
1287 3597 1479 3653 panem
1507 3584 1767 3638 esurienti

208 3679 493 3751 frangere,
541 3685 597 3733 et
627 3690 887 3748 pauperes
920 3683 1062 3730 tecto
1091 3682 1343 3729 carentes
1384 3673 1669 3743 colligere,
1716 3682 1770 3727 et

207 3768 508 3821 nuditatem
539 3774 736 3835 tegere,
774 3779 875 3819 nec
905 3764 1329 3834 consanguineos
1356 3763 1629 3843 despicere
1655 3780 1667 3815 :
1708 3778 1769 3817 ac

210 3876 350 3916 nunc
376 3858 711 3928 praesertim,
739 3862 800 3911 ut
826 3850 1023 3911 bonum
1052 3864 1293 3910 nostrum
1320 3868 1387 3908 ex
1414 3855 1637 3923 penuria
1669 3856 1767 3917 sit,

209 3966 314 4006 non
349 3965 423 4005 ex
448 3947 778 4004 abundantia
802 3964 814 4002 :
838 3951 954 4016 ‘quo
982 3957 1204 3999 munere
1229 3943 1375 3998 Deus
1410 3945 1583 4012 magis
1607 3960 1768 4013 quam

211 4037 392 4093 multis
415 4036 779 4097 oblationibus
801 4033 1117 4106 magnisque
1140 4031 1515 4103 largitionibus
1539 4032 1772 4087 delecta-

211 4132 318 4183 ιιιτ.
349 4147 369 4180 ι
1026 4134 1031 4139 ’

213 4201 219 4206 “
280 4214 574 4286 Gregorius
596 4210 868 4283 Nysscnus
908 4214 962 4267 in
998 4221 1240 4268 oratione
1278 4212 1535 4266 adversus
1562 4224 1656 4266 eos
1680 4212 1773 4281 qui

212 4306 345 4361 alios
365 4303 615 4360 acerbius
641 4303 1026 4359 condemnant:
1047 4319 1066 4352 ι
1098 4300 1179 4356 Tu
1205 4311 1351 4365 vero,
1383 4298 1536 4368 cujus
1562 4301 1773 4357 animus

212 4409 357 4466 anger
374 4400 479 4458 est,
511 4401 745 4471 (menon
762 4392 829 4446 ad
851 4391 1116 4447 medicum
1144 4376 1441 4459 properas?
1468 4404 1566 4444 cur
1591 4404 1696 4444 non
1724 4391 1772 4445 ei

214 4486 519 4542 confitendo
550 4473 795 4540 morbum
823 4483 1062 4555 ostendis
1078 4482 1275 4547 tuum?
1308 4480 1447 4547 Quid
1471 4482 1694 4550 pateris,
1716 4490 1776 4535 ut

214 4579 552 4646 depascatur,
602 4581 664 4628 ut
704 4579 940 4643 superet,
985 4581 1046 4626 ut
1088 4571 1489 4626 iullammetur?
1539 4571 1776 4625 Tandem

1869 3494 1935 3547 ad
1963 3492 2188 3546 salutem
2215 3492 2466 3559 consequi
2498 3498 2665 3560 potes.
2716 3490 2926 3561 Stupris
2967 3508 3030 3547 ac
3064 3492 3267 3549 libidini
3302 3511 3427 3567 ope-

1869 3597 1982 3634 ram
2012 3581 2246 3634 dedisti?
2279 3588 2333 3634 at
2361 3580 2626 3649 pudicitite
2651 3583 2865 3637 studere
2891 3594 3061 3654 potes.
3094 3584 3427 3643 Adulterium

1873 3672 2178 3727 admisisti?
2211 3678 2265 3725 at
2294 3672 2396 3727 hac
2423 3672 2541 3727 labe
2569 3672 2782 3727 liberari
2815 3683 2985 3743 potes.
3041 3675 3338 3731 Cecidisti?
3373 3687 3428 3734 at

1872 3777 2154 3832 resurgere
2201 3771 2372 3830 potes.
2437 3763 2636 3834 Exigua
2686 3767 2998 3833 paenitentia
3053 3775 3142 3822 tua
3195 3770 3323 3822 est?
3374 3779 3430 3825 at

1870 3866 2061 3922 magna
2086 3852 2296 3906 Domini
2320 3851 2637 3922 benignitas.
2672 3852 2880 3907 Caedem
2908 3856 3245 3924 perpetrasti,
3272 3836 3428 3912 suum

1871 3943 2024 3997 alteri
2054 3943 2347 3998 ademisti?
2380 3951 2435 3997 at
2463 3944 2736 3997 meliorem
2767 3955 2998 4005 mentem
3038 3946 3213 4001 indue.
3257 3948 3427 4004 Adul-

1873 4034 2008 4087 terio
2045 4041 2100 4087 te
2139 4032 2471 4088 devinxisti?
2514 4042 2570 4087 at
2599 4034 2665 4088 ab
2697 4047 2763 4088 co
2793 4044 2844 4088 te
2872 4049 3106 4090 remove.
3148 4035 3431 4094 Sauciatus

1870 4126 1973 4178 es?
2016 4132 2072 4177 at
2105 4124 2427 4179 medicinam
2457 4124 2669 4189 adhibe,
2697 4131 2803 4179 etc.
2856 4126 3058 4180 Diurno
3098 4135 3335 4197 tempore
3377 4128 3430 4184 id

1873 4213 2099 4268 faciendi
2128 4214 2359 4282 spatium
2394 4228 2500 4267 non
2531 4214 2726 4278 habes,
2753 4229 2938 4269 verum
2967 4225 3019 4269 et
3050 4215 3428 4285 praefectorum

1872 4310 2066 4367 metus,
2105 4310 2160 4358 et
2191 4302 2452 4363 sodalium
2485 4302 2834 4372 colloquia,et
2861 4305 3192 4374 negotiorum
3219 4322 3348 4363 cura
3376 4317 3433 4363 et

1874 4392 2077 4446 alenda:
2106 4391 2273 4461 prolis
2303 4390 2536 4444 studium
2556 4432 2569 4455 ,
2602 4400 2655 4446 et
2682 4393 2869 4449 uxoris
2894 4396 3224 4462 procuratio,
3256 4407 3311 4453 et
3338 4413 3431 4467 pa-

1875 4484 2056 4537 randa).
2103 4497 2301 4537 mensa:
2344 4481 2667 4547 sollicitudo,
2716 4499 2781 4538 ac
2822 4483 3051 4555 denique
3082 4485 3300 4542 infinita:
3345 4501 3433 4542 res

1876 4573 2113 4626 animum
2143 4578 2294 4626 tuum
2320 4572 2643 4627 distrahunt.
2691 4571 2746 4626 Si
2779 4575 2834 4628 in
2868 4574 3006 4629 lecto
3031 4578 3134 4639 sis,
3177 4588 3336 4648 atquc
3376 4579 3432 4635 in

215 4662 518 4755 aliquando
532 4661 805 4735 resipisce,
840 4675 905 4716 ac
933 4661 1157 4731 teipsum
1187 4675 1370 4716 nosce.
1412 4660 1580 4715 Deum
1607 4657 1776 4714 oﬂ‘en-
1806 4682 1857 4739 ι)
1878 4649 2223 4731 ρεςοειιὸιιιιιι
2252 4668 2461 4716 tuorum
2493 4654 3042 4732 memoriavaenias,
3072 4664 3389 4737 collacryma
3415 4687 3429 4722 :

215 4755 366 4819 disti,
388 4748 451 4823 pi
462 4751 805 4808 "aleatorem,
822 4758 974 4805 tuum
1000 4748 1223 4805 irritasti
1245 4789 1261 4813 ,
1290 4763 1413 4803 eum
1441 4749 1531 4818 qui
1560 4757 1614 4803 et
1641 4764 1776 4817 prte-

188 4834 384 4897 sentis
410 4840 536 4894 vita:
562 4845 881 4911 potestatem
917 4837 1097 4904 habet,
1124 4845 1179 4893 et
1202 4836 1395 4893 futura:
1427 4837 1681 4892 Dominus
1714 4853 1778 4892 ac

212 4932 374 5001 iudex
401 4938 509 4985 est.
556 4927 773 4983 Deliciis
816 4927 1096 4998 indulgens
1144 4929 1199 4982 in
1245 4929 1493 4984 morbum
1530 4927 1778 4997 delapsus

217 5036 312 5077 es:
344 5033 472 5075 eum
502 5016 679 5073 inedia
705 5024 761 5073 et
778 5015 995 5086 jejuniis
1020 5030 1169 5071 cura.
1205 5015 1432 5069 Animus
1460 5013 1668 5068 laborat
1697 5016 1777 5069 ἰιι⁴

218 5107 568 5171 continentia,
583 5102 898 5161 adhibeatur
911 5101 1278 5174 temperantiae
1304 5102 1774 5157 medicamentum.

217 5197 494 5268 Multiplici
519 5189 595 5249 ac
623 5194 787 5249 nimia
813 5194 1053 5264 pecunia:
1078 5189 1367 5263 cupiditate
1394 5192 1446 5247 in
1478 5189 1670 5248 febrim
1696 5182 1807 5248 ιιι-⁷

219 5288 393 5342 cidisti
415 5325 432 5351 ,
474 5284 799 5338 liberalitate
823 5290 880 5338 et
904 5282 1244 5354 eleemosyna
1283 5281 1600 5350 depellatur.
1655 5281 1780 5336 Haec

221 5378 363 5431 enim
389 5382 475 5431 est
499 5372 725 5427 nimium
759 5372 984 5442 expleta:
1022 5372 1216 5429 mentis
1248 5372 1474 5441 curatio.
1527 5370 1688 5426 Laesit
1726 5380 1779 5427 te

221 5480 401 5520 rerum
428 5463 730 5519 alienarum
754 5460 1000 5530 direptio,
1043 5477 1165 5531 quae
1196 5470 1347 5532 rapta
1382 5469 1508 5517 sunt
1544 5460 1611 5514 ad
1647 5476 1777 5530 pro-

220 5553 366 5623 prios
393 5550 643 5606 dominos
670 5557 1037 5615 revertantur;
1084 5549 1421 5604 mendacium
1463 5558 1514 5604 te
1540 5549 1783 5620 proxime

222 5642 371 5697 duxit
394 5634 801 5706 ari-interitum,
828 5637 1023 5695 Partica
1052 5640 1216 5703 enim,
1257 5641 1450 5709 inquit,
1489 5658 1663 5695 omnes
1696 5641 1784 5711 qui

224 5730 509 5801 loquuntur
555 5727 917 5794 mendacium,
966 5729 1212 5785 veritatis
1246 5729 1440 5785 studio
1484 5729 1784 5798 periculum

224 5821 475 5883 evitetur,
504 5824 612 5872 etc.
662 5814 802 5884 Quid
828 5818 973 5873 enim
1002 5819 1147 5876 aliud
1188 5826 1272 5875 est
1310 5819 1649 5889 ptenitentia,
1674 5822 1784 5875 nisi

160 5954 201 5965 ,η
228 5907 506 5964 dissolutio
536 5915 595 5961 et
620 5907 828 5963 eversio
851 5911 1245 5979 praeteritorum
1266 5952 1280 5977 ,
1320 5926 1439 5981 qua:
1464 5910 1548 5965 vel
1580 5927 1638 5966 re
1708 5913 1787 5967 vel

542 5997 812 6059 ΡΑτιιοι..
858 5998 1059 6062 XCIX

1879 4761 2040 4837 atque
2072 4750 2173 4805 hac
2201 4749 2406 4804 ratione
2429 4763 2493 4803 ea
2520 4749 2699 4805 delere
2721 4758 2895 4820 potes.
2933 4751 3099 4808 Deum
3128 4762 3276 4810 tuum
3305 4770 3433 4829 roga

1878 4850 2039 4911 atque
2066 4841 2285 4894 obsecra
2311 4856 2324 4891 :
2364 4837 2559 4907 Sicque
2585 4853 2780 4909 corpus
2808 4856 2995 4896 somno
3024 4842 3194 4908 trade,
3223 4853 3433 4915 postea-

1878 4943 2039 4999 quam
2068 4929 2219 4999 prius
2244 4926 2464 4995 peccata
2491 4936 2581 4982 tua
2612 4929 2889 4985 confessus
2913 4929 3167 4999 {derisae
3197 4933 3434 4988 rationes

1880 5035 1910 5073 a
1941 5027 1991 5074 te
2020 5019 2136 5088 ipso
2159 5019 2422 5087 exegeris.
2462 5016 2554 5073 Sic
2575 5019 2718 5072 enim
2746 5019 2984 5087 requiem
3014 5016 3080 5073 a’
3080 5018 3188 5074 Deo
3222 5021 3431 5076 obtine-

1880 5107 1983 5161 bis.
2021 5107 2370 5162 Molestumne
2401 5121 2465 5161 ac
2489 5120 2651 5177 grave
2674 5114 2758 5161 est
2785 5107 2837 5159 in
2863 5105 3001 5160 lecto
3013 5105 3279 5175 jacentem
3301 5124 3435 5181 quo—

1878 5196 2078 5251 tidiana
2106 5203 2324 5266 peccata
2350 5194 2671 5265 supputare?
2703 5193 2837 5249 Cum
2862 5205 3040 5249 autem
3067 5210 3129 5250 ea
3155 5207 3429 5267 supputas,

1881 5285 2115 5353 animum
2151 5292 2298 5341 titum
2333 5282 2626 5351 suspende,
2660 5282 2833 5351 ipsum
2891 5283 3097 5355 expoli,
3135 5286 3305 5355 ipsum
3339 5300 3431 5358 ge-

1882 5377 2071 5431 hennzn
2094 5383 2238 5428 metu
2259 5374 2427 5444 aperi,
2456 5373 2557 5443 ipsi
2578 5374 2887 5437 sectionem,
2912 5388 3032 5442 quae
3048 5374 3230 5431 dolore
3252 5385 3436 5432 careat

1882 5466 2096 5520 adhibe.
2132 5462 2470 5518 Horrendum
2505 5462 2732 5518 tribunal
2766 5462 2861 5517 tibi
2893 5461 3064 5527 efﬁce,
3100 5465 3334 5519 animum
3359 5464 3435 5521 le-

1880 5554 2083 5608 niorem
2109 5552 2288 5617 redde,
2313 5561 2375 5607 ut
2396 5561 2612 5622 postero
2634 5551 2719 5605 die
2744 5549 2811 5605 ad
2833 5552 3192 5621 perpetranda
3213 5564 3433 5624 peccata

1880 5641 2222 5696 cunctantius
2248 5644 2492 5697 accedas.
2526 5660 2543 5693 ι

1949 5728 1999 5783 ι.
2013 5728 2447 5799 Clirysostomus,
2465 5730 2516 5783 in
2531 5720 2747 5783 homil'ia
2766 5696 2898 5785 10in
2917 5743 3076 5799 caput
3091 5745 3150 5787 ιιι
3165 5710 3395 5789 Matthxi
3416 5752 3430 5789 :

1888 5836 1905 5868 ι
1939 5816 2314 5873 Iamitentiam
2370 5832 2497 5873 vero
2532 5817 2684 5882 dico,
2733 5834 2839 5874 non
2885 5819 3055 5875 solum
3110 5830 3236 5875 uta
3281 5822 3437 5880 malis

1882 5909 2146 5978 prioribus
2175 5909 2511 5972 desistamus,
2542 5924 2727 5966 verum
2758 5912 2917 5966 etiam
2945 5919 3005 5964 ut
3028 5912 3286 5968 bonorum
3313 5929 3437 5985 ope-

2931 6000 3019 6061 38.
