3974 6418
622 473 762 525 "H95

1192 465 1520 521 THEODORI
1561 466 1866 519 Alitlllllil‘.
1908 463 2246 516 CAlt'l‘llAlt.
2291 462 2624 517 DOCTRINA
2667 463 2750 515 DE
2789 462 3220 516 ΙὊΕΜΤΕΝῊᾹ

3675 463 3787 515 “illi

625 591 740 629 rum
770 575 1019 626 l‘rUctibus
1049 575 1370 640 iaqdemnur.
1407 573 1598 626 Facile.
1635 572 1819 636 inquit,
1853 569 2047 633 fructus
2078 570 2155 618 «Ιὺ
2190 575 2224 622 Λ
2257 569 2621 635 quadruplum.
2656 568 2954 622 Provocasti
2978 571 3148 638 ling‘tzt
3173 579 3218 620 et
3257 586 3305 621 m
3327 569 3642 632 dedit-entia,
3675 572 3790 623 mul-

622 679 744 728 gnos
781 659 1100 729 paenitentia.
1132 659 1243 723 Quo
1293 671 1466 711 anu-ni
1519 665 1666 710 inn-lu
1713 658 2026 708 [γιιειτὶξέι-πιν
2073 670 2160 722 po-

625 753 863 811 terimus,
894 752 936 803 si
959 753 1137 816 utique
1171 752 1400 817 peccatis
1427 751 1642 804 adversa
1699 746 1980 798 faciamus"
2011 745 2160 796 Verbi

624 842 808 908 gratia,
837 839 1004 893 aliena
1036 840 1290 907 rapuisti?
1333 839 1501 906 incipe
1531 839 1727 889 donare
1778 833 1885 898 jam
1931 834 2157 900 propria.

625 928 800 996 Longo
833 942 887 979 es
929 936 1158 994 tempore
1217 926 1541 979 fornicatus?
1587 925 1626 974 Α
1677 923 1909 991 legitimo
1957 936 2162 987 quoque

623 1031 718 1068 usu
740 1014 1059 1088 suspendere
1081 1014 1329 1080 coniugii,
1359 1028 1419 1064 ac
1448 1019 1750 1079 perpetuam
1784 1009 2160 1061 continentiam

622 1104 810 1171 sepius
847 1091 1130 1168 paucorum
1177 1103 1381 1167 dierum
1426 1101 1670 1152 castitate
1698 1098 1977 1150 medicare.
2028 1096 2162 1163 h-jn-

627 1192 752 1243 riam
782 1191 862 1242 vel
891 1205 1048 1256 opcre
1086 1191 1354 1256 cuiquam,
1385 1188 1465 1242 vel
1501 1202 1740 1240 sermone
1783 1186 1982 1237 fecisti?
2026 1185 2163 1236 refer

621 1279 999 1330 benedictionis
1041 1278 1194 1329 verba
1247 1275 1532 1328 conviciis:
1584 1284 1637 1325 et
1690 1259 2040 1339 percutientcs
2079 1280 2158 1330 te,

623 1382 758 1418 nunc
788 1365 994 1426 officiis,
1033 1375 1152 1416 tunc
1180 1365 1336 1415 etiam
1361 1360 1630 1415 beneficiis
1652 1361 1860 1428 placare
1881 1359 2156 1411 contende.

623 1457 799 1525 Neque
837 1459 974 1509 enim
1022 1457 1295 1507 vulnerato
1332 1453 1525 1506 sufﬁcit
1555 1453 1618 1504 ad
1674 1451 1896 1502 salutem
1942 1458 2161 1502 tantum-

621 1545 776 1597 modo
801 1545 998 1613 spicula
1031 1545 1094 1598 de
1119 1558 1342 1611 corpore
1382 1541 1623 1600 evellere,
1664 1539 1754 1592 sed
1778 1539 1933 1590 etiam
1991 1553 2160 1592 rcmev

620 1634 702 1684 dia
742 1634 989 1685 adhibere
1016 1633 1336 1684 vulneribus.
1375 1630 1582 1683 Deliciis
1604 1637 1723 1679 ante
1773 1636 1824 1679 et
1856 1625 2159 1679 temulentia

618 1724 917 1776 dillluebas?
937 1705 1138 1788 jejunio
1166 1733 1217 1774 et
1247 1736 1395 1788 aqum
1417 1728 1538 1786 potu
1562 1725 1840 1782 utrumque
1859 1729 2157 1781 compensa,

617 1822 674 1863 nt
709 1812 898 1864 famem
951 1825 1168 1878 superes
1213 1809 1592 1862 imminentem.
1643 1803 1830 1856 Vidisti
1883 1802 2160 1869 impudicis

2265 657 2328 709 lis
2349 658 2661 708 contumelia
2699 658 2919 720 allectis,
2952 660 3181 711 vicissim
3221 660 3396 725 lingua
3424 659 3628 725 placato
3651 700 3666 721 ,
3708 675 3788 728 pu-

2263 761 2316 795 ra
2339 785 2346 794 .
2373 745 2619 797 emittens
2650 760 2853 811 preces,
2885 747 3196 800 benedicens
3220 746 3671 808 maledicentiims,
3691 747 3790 798 lan-

2259 833 2390 886 dans
2417 835 2790 902 vituperantes,
2827 835 3028 902 gratias
3071 851 3233 903 agens
3259 834 3502 900 i.-juriam
3533 837 3789 890 inferenti-

2261 923 2374 974 bus.
2409 923 2529 976 llaec
2560 939 2661 976 non
2691 933 2846 991 egent
2875 923 3050 977 multis
3089 925 3272 979 diebus
3302 925 3542 989 aunisvc,
3572 927 3662 979 sed
3692 929 3789 979 solo

2259 1013 2418 1063 animi
2451 1015 2734 1080 proposito,
2765 1024 2818 1067 et
2842 1016 2997 1067 unico
3023 1015 3105 1066 (Iit,-
3144 1015 3505 1083 perficiuntur.
3532 1017 3744 1076 Discede
3763 1033 3788 1069 a

2263 1099 2417 1158 malo,
2446 1101 2688 1154 virtutem
2710 1103 3046 1170 amplectere,
3069 1089 3263 1157 desis“!
3303 1118 3333 1154 a
3361 1104 3655 1172 pravitate:
3685 1104 3790 1156 Pol-

2261 1187 2417 1239 lirerc
2443 1196 2492 1240 te
2517 1190 2732 1255 posthac
2770 1191 2867 1244 ista
2912 1191 3015 1243 non
3062 1192 3502 1254 commissurum,
3559 1200 3613 1244 et
3666 1193 3792 1244 istud

2261 1275 2488 1328 sufficiet
2512 1277 2575 1329 ad
2598 1280 3008 1331 excusationem.
3043 1280 3151 1344 Ego
3179 1281 3431 1334 testilicor
3455 1295 3517 1334 ac
3543 1281 3792 1348 fidejubeo

2263 1363 2390 1421 fore,
2407 1372 2461 1415 ut
2480 1364 2522 1416 si
2542 1373 2776 1418 nostrum
2792 1368 3013 1435 quisque
3033 1369 3119 1435 qui
3142 1373 3368 1436 peccatis
3388 1368 3599 1421 obnoxii
3621 1386 3793 1423 sumus

2264 1452 2510 1504 recedens
2537 1469 2566 1505 a
2593 1455 2830 1521 pristinis
2843 1455 3014 1519 malis,
3042 1473 3105 1528 ex
3135 1457 3310 1510 animo
3330 1473 3557 1524 vereque
3571 1459 3791 1525 promit-

2262 1549 2333 1591 tat
2367 1541 2474 1593 Dea
2496 1557 2553 1608 se
2574 1551 2753 1609 postea
2778 1558 3044 1610 nunquam
3075 1545 3154 1610 ad,
3173 1544 3258 1596 illa
3289 1545 3580 1597 rediturum
3607 1583 3623 1605 ,
3672 1545 3791 1610 nihil

2261 1629 2399 1680 aliud
2428 1631 2564 1682 Deus
2599 1631 2821 1697 requirit
2845 1633 2911 1685 ad
2951 1635 3342 1688 excusationem
3395 1632 3666 1699 majorem,
3697 1605 3788 1689 οἷς.

2261 1716 2373 1768 Non
2402 1733 2614 1770 necesse
2636 1727 2715 1772 est
2747 1719 2991 1786 trajicere
3028 1736 3193 1783 mare,
3216 1736 3384 1788 neque
3429 1723 3684 1794 montium
3713 1739 3793 1775 su-

2261 1822 2446 1874 perare
2475 1808 2770 1871 cacumina,
2799 1810 2892 1862 sed
2924 1809 3064 1862 domi
3104 1809 3314 1871 sedens,
3344 1811 3386 1864 si
3414 1813 3663 1878 pietatem
3704 1828 3790 1865 ex-

616 1891 842 1955 alienum
904 1901 1145 1954 decorem
1206 1897 1405 1952 oculis?
1467 1896 1713 1949 feminam
1771 1891 1881 1957 jam
1942 1891 2155 1944 omnino
2187 1896 3792 1968 Bhibcas,multamque'cordiscompunctionem,potesillum

574 1977 576 1979 ’
617 2004 720 2042 non
747 1989 939 2050 videas,
985 1987 1182 2054 majore
1229 1994 1431 2039 tractus
1483 1984 1727 2038 cautione
1754 1987 1874 2047 post
1912 1980 2145 2033 vulnera.

618 2082 847 2145 Declina,
878 2081 1066 2148 inquit,
1091 2097 1121 2132 α
1149 2079 1305 2141 malo,
1335 2090 1379 2131 et
1409 2079 1492 2146 {ac
1532 2079 1740 2130 bonum.
1763 2077 1819 2128 In
1844 2073 2056 2125 homilia
2085 2072 2151 2124 45

616 2173 666 2224 in
694 2186 807 2237 cap.
847 2165 1127 2222 xuMatth.
1158 2183 1171 2220 :

614 2259 709 2312 dus
731 2263 753 2313 ‘2
776 2259 878 2310 noli
910 2258 1047 2310 enim
1073 2257 1200 2309 mihi
1226 2257 1421 2317 dicere,
1439 2265 1487 2307 te
1510 2257 1779 2308 moderate
1810 2255 1976 2306 aliena
1998 2260 2154 2317 atque

617 2349 794 2401 timide
821 2348 1085 2415 tetigisse:
1120 2348 1208 2399 sed
1246 2347 1413 2413 cogita
1465 2354 1677 2412 propter
1721 2347 1854 2396 hanc
1886 2357 1996 2396 rem
2036 2355 2152 2408 par-

616 2450 732 2486 vam
759 2451 916 2502 quant
953 2436 1188 2504 rapuisti,
1231 2452 1333 2487 non
1375 2451 1533 2503 parvo
1567 2445 1613 2486 te
1647 2437 1882 2486 cruciatu
1909 2434 1958 2485 in
1999 2441 2154 2485 aeter-

614 2543 738 2580 num
767 2543 883 2580 esse
911 2526 1246 2595 puniendum.
1281 2525 1333 2578 ld
1363 2526 1575 2592 inquam
1611 2507 1784 2592 cogita
1808 2534 1859 2576 et
1891 2522 2151 2590 pmniten-

615 2617 740 2669 tiam
763 2632 877 2684 age.
909 2616 1035 2680 Quis
1061 2629 1089 2666 a
1117 2615 1352 2668 convicio
1386 2623 1543 2680 atque
1589 2614 1972 2664 obtrectatione
2023 2611 2154 2660 liber

613 2707 729 2759 est?
765 2707 814 2757 id
862 2713 1035 2756 autem
1071 2703 1251 2771 procul
1298 2703 1455 2755 dubio
1497 2703 1732 2754 intrudit.
1783 2703 1908 2766 Quis
1950 2701 2153 2754 occulte

613 2794 907 2860 proximum
934 2791 1282 2844 calumniatus
1313 2806 1414 2842 non
1445 2793 1563 2843 est?
1597 2790 1724 2854 Quis
1761 2789 2002 2855 superbia
2050 2779 2152 2839 non

616 2881 891 2934 intumuit?
915 2881 997 2934 hic
1018 2881 1178 2931 etiam
1205 2879 1413 2932 czeteris
1447 2879 1691 2931 omnibus
1715 2876 2032 2928 iinuutndior
2053 2884 2151 2926 est.

613 2971 740 3035 Quis
765 2969 942 3024 oculos
967 2984 996 3020 a
1029 2968 1220 3021 lascivo
1247 2976 1460 3034 aspectu
1502 2966 1792 3018 continuit?
1821 2979 1974 3030 quem
2010 2963 2155 3016 adul-

616 3059 746 3111 terio
778 3057 1056 3123 deliquisse
1086 3069 1188 3107 nou
1235 3054 1568 3126 dubitamus?
1617 3053 1953 3120 quislrustra
2003 3051 2152 3105 fratri

615 3164 709 3200 suo
735 3149 914 3206 iratus,
945 3159 1045 3196 non
1069 3142 1286 3196 consilio
1306 3151 1463 3210 atque
1511 3143 1672 3193 reatui
1711 3157 1827 3201 rem
1851 3141 1970 3193 est?
2028 3140 2154 3204 Quis

1212 2187 1228 2217 ι
1263 2168 1389 2233 Quis
1419 2168 1733 2220 abavaritiaz
1763 2165 1979 2218 crimine
2003 2177 2152 2213 mun-
2186 2161 2192 2166 ’

2252 1988 2452 2046 videre,
2476 1997 2624 2053 potes
2648 1996 2808 2040 totam
2829 1989 3041 2041 diruere
3069 1989 3372 2050 maceriem,
3399 1997 3566 2042 totum
3590 1990 3793 2042 submo-

2252 2093 2374 2129 vere
2396 2078 2746 2139 obstaculum,
2777 2077 3084 2130 abbreviare
3115 2077 3215 2129 vim
3262 2076 3660 2144 longitudinem.
3699 2097 3715 2128 ι
3746 2076 3791 2129 J.

2251 2168 2654 2234 Chrysostomus
2694 2166 2914 2233 singulis
2940 2166 3251 2219 criminibus
3302 2166 3505 2236 singula
3557 2167 3794 2236 apposuit

2250 2265 2303 2308 et
2332 2257 2516 2307 idonea
2563 2256 2812 2315 remedia,
2842 2255 2892 2308 in
2940 2254 3126 2320 quibus
3149 2254 3448 2308 nullatenus
3487 2256 3790 2322 pmuitentia

2252 2343 2455 2410 publica
2481 2343 2908 2410 deprehenditur.
2947 2343 3002 2395 Si
3033 2343 3278 2410 loquatur
3303 2343 3367 2395 de
3387 2343 3660 2411 lacrymis,
3693 2352 3795 2397 sta-

2253 2439 2344 2490 tim
2372 2437 2718 2490 animadverti
2771 2450 2826 2487 se
2849 2436 3140 2502 intelligere
3184 2436 3448 2504 lacrymas
3478 2450 3596 2503 qua:
3628 2437 3678 2488 in
3709 2450 3791 2489 se-

2252 2536 2396 2580 creto
2426 2528 2612 2580 domus
2632 2541 2757 2588 suae,
2786 2536 2955 2592 et.per
2975 2534 3182 2579 noctem
3235 2525 3286 2578 in
3323 2525 3460 2579 lecto
3487 2525 3668 2579 elfusze
3696 2526 3794 2580 cri-

2251 2616 2392 2668 mina
2424 2616 2601 2669 delent
2625 2634 2636 2667 :
2672 2616 2715 2669 si
2747 2630 2872 2669 vero
2903 2615 2967 2668 de
2985 2614 3218 2684 jejuniis,
3242 2632 3344 2669 non
3372 2631 3435 2670 ea
3463 2631 3560 2684 pro
3589 2618 3794 2686 quibus-

2253 2703 2377 2756 libet
2410 2703 2736 2768 criminibus,
2761 2705 2895 2758 sicut
2939 2705 2989 2756 in
3037 2704 3342 2770 pmnitentia
3392 2705 3619 2772 publica,
3650 2721 3791 2758 man'

2252 2795 2362 2847 dari
2385 2794 2640 2857 declarat,
2666 2795 2754 2847 sed
2785 2802 2984 2846 tantum
3006 2809 3103 2862 pro
3135 2793 3438 2857 deliciarum
3466 2802 3518 2846 et
3543 2794 3794 2848 temulen—

2253 2889 2339 2940 tia:
2366 2888 2615 2954 peccatis.
2648 2887 2890 2941 Affirmat
2935 2888 3159 2956 denique
3197 2887 3423 2940 remedia
3451 2901 3480 2938 a
3509 2899 3565 2937 se
3609 2898 3796 2952 propo-

2253 2974 2374 3036 sita,
2412 2975 2530 3027 licet
2593 2989 2696 3028 non
2756 2975 2934 3028 multis
2965 2976 3189 3038 diebus,
3254 2988 3352 3028 nec
3407 2973 3572 3026 multo
3620 2972 3795 3036 labore

2252 3073 2461 3131 egeant,
2482 3079 2541 3118 ea
2567 3071 2742 3118 tamen
2769 3066 2984 3118 omnino
3024 3064 3113 3118 suf
3113 3065 3287 3127 licere,
3311 3078 3409 3117 nec
3434 3063 3631 3130 aliquid
3658 3063 3794 3115 aliud

2257 3149 2417 3202 Deum
2447 3151 2715 3217 requirere
2735 3150 2796 3202 ad
2828 3152 3220 3205 excusationem
3244 3149 3518 3217 majorem.

616 3252 715 3287 non
746 3233 1061 3301 perjuravit?
1092 3235 1162 3285 De
1190 3247 1293 3300 quo
1333 3233 1458 3298 quid
1484 3245 1696 3297 possunt
1729 3231 1902 3280 dicere
1929 3227 2144 3283 vidi-tis,
2178 3215 2217 3272 (ἶ
2319 3215 2668 3307 [imponimus
2713 3238 2764 3291 in
2812 3238 3029 3306 epistola
3061 3240 3126 3293 ad
3176 3215 3449 3293 Rusliéum
3476 3279 3489 3291 .
3525 3257 3542 3288 ε
3577 3238 3795 3304 Quando

615 3341 730 3376 cum
759 3325 846 3390 qui
876 3323 1094 3391 juravit,
1130 3337 1248 3373 eum
1277 3337 1304 3371 a
1334 3321 1470 3372 malo
1493 3333 1608 3371 esse
1651 3319 1980 3368 rozm-ntlain.
2023 3316 2150 3379 Quis

615 3410 890 3479 aliquando
917 3404 1224 3461 mammona:
1259 3422 1442 3459 servus
1481 3420 1582 3458 non
1614 3404 1743 3456 fuit?
1785 3406 1870 3471 qui
1918 3404 2150 3471 proferto

615 3502 739 3557 fecit
768 3514 832 3553 ne
857 3498 1049 3552 Christi
1074 3513 1256 3551 servus
1278 3498 1362 3549 sit.
1395 3496 1611 3550 Possum
1636 3503 1688 3547 et
1710 3494 1810 3545 alia
1842 3495 1922 3545 his
1951 3492 2148 3557 majora

615 3603 887 3644 recensere
913 3604 924 3638 :
958 3587 1047 3639 sed
1077 3589 1184 3639 htec
1215 3585 1527 3638 sufficientia
1558 3583 1679 3634 duxi
1702 3583 1769 3634 ad
1798 3581 2150 3648 COIl'lPUIICliO-

593 3676 732 3734 'nem
762 3692 853 3730 vos
896 3676 1160 3737 inducere,
1204 3674 1302 3726 nisi
1343 3672 1460 3740 quis
1490 3672 1640 3724 valde
1685 3670 1919 3738 lapideus
1945 3677 2036 3721 aut
2069 3669 2145 3719 in-

615 3774 852 3821 scnsatus
879 3772 977 3819 cst.
1007 3763 1136 3815 Nam
1166 3763 1206 3816 si
1238 3763 1439 3830 singula
1494 3763 1714 3815 istorum
1756 3761 1822 3813 ad
1861 3760 2147 3828 gehennam

615 3857 911 3915 deducunt,
967 3853 1090 3920 quid
1141 3852 1370 3904 futurum
1406 3861 1518 3911 est,
1567 3853 1610 3903 si
1665 3851 1728 3902 ad
1775 3865 1936 3902 unum
1975 3850 2147 3900 omnia

616 3949 838 4005 coeunt?
886 3946 1157 4013 Quomodo
1191 3946 1382 4013 igitur,
1408 3945 1632 4010 inquies,
1664 3943 1852 3995 salvari
1901 3941 2149 4009 possibile

615 4042 725 4093 est?
754 4041 796 4092 si
826 4037 1061 4106 opposita
1091 4034 1173 4088 his
1205 4034 1547 4086 adhibeamus
1579 4031 1830 4091 remedia,
1854 4030 2148 4082 misericor-

616 4131 753 4182 diam
786 4131 836 4181 in
861 4141 1135 4194 pauperes,
1158 4125 1447 4176 orationem
1491 4121 1967 4188 compunctionem,
1991 4119 2148 4186 pmni-

617 4219 860 4279 tentiam,
909 4215 1251 4268 humilitatem
1278 4254 1291 4272 ,
1323 4212 1604 4264 contritum
1631 4225 1722 4264 cor
1745 4210 1997 4278 apprime,
2025 4223 2147 4261 eon-

618 4317 867 4376 teuqrtum
908 4319 1080 4358 rerum
1107 4303 1462 4371 praesentium.
1523 4299 1657 4351 Mille
1711 4314 1935 4366 namque
1965 4296 2146 4350 salutis

618 4418 635 4446 κ
651 4401 726 4451 ias
751 4399 885 4450 Deus
923 4395 1071 4448 nobis
1096 4391 1388 4460 propesuit,
1421 4389 1700 4442 dummodo
1721 4387 1998 4455 diligenter
2021 4384 2147 4438 veli-

618 4504 731 4538 mus
764 4483 1050 4537 attendere.
1087 4480 1579 4533 Animadvertamus
1613 4478 1770 4545 igitur
1798 4492 1913 4539 nos,
1940 4476 2010 4527 ita
2036 4489 2146 4527 me-

617 4575 838 4626 dic-inani
864 4559 1192 4637 recipiamus,
1219 4576 1276 4620 ut
1307 4583 1401 4635 per
1441 4566 1616 4620 omnia
1658 4565 1886 4618 remedia
1930 4564 2147 4616 vulnera

617 4669 795 4713 nostra
829 4673 1095 4719 curemus,
1122 4665 1176 4709 et
1221 4655 1453 4710 maculas
1492 4655 1860 4720 detergamus:
1894 4652 2040 4718 Quod
2077 4651 2152 4704 fa-

615 4753 715 4806 cile
739 4749 977 4810 facimus,
1000 4749 1042 4800 si
1081 4748 1445 4800 misericordes
1489 4746 1676 4808 simus,
1699 4746 1739 4798 si
1768 4745 1852 4798 his
1872 4746 1959 4813 qui
2004 4745 2155 4798 nol-is

615 4841 780 4896 dolori
804 4840 1028 4899 fuerant,
1054 4850 1382 4904 nequaquam
1419 4836 1728 4899 irascimur;
1783 4836 1824 4889 si
1854 4835 2052 4903 gratias
2082 4835 2150 4886 .in

612 4934 857 4989 omnibus
880 4931 986 4984 Deo
1013 4927 1237 4997 agimus,
1279 4922 1577 4992 jejunantes
1605 4939 1702 4992 pro
1748 4925 1968 4987 viribus,
2002 4939 2156 4976 oran-

614 5035 692 5076 tes
713 5020 941 5078 assidue,
981 5017 1180 5068 amicos
1223 5015 1372 5068 nobis
1410 5029 1473 5067 ex
1525 5029 1819 5066 mammona
1853 5013 2146 5080 iniquitatis

615 5098 884 5167 facientes.
916 5107 1006 5160 Sic
1053 5105 1194 5158 enim
1241 5113 1381 5156 certe
1410 5105 1697 5172 poterimus
1738 5112 1791 5155 et
1835 5103 2145 5156 delictorum

612 5205 814 5258 veniam
841 5201 1218 5266 impetrare,et
1247 5191 1583 5246 futura-bona
1613 5192 1880 5259 consequi.
1920 5211 1937 5241 ι
1976 5191 2030 5242 In
2056 5191 2146 5242 ho-

616 5293 754 5344 milia
778 5292 841 5343 de
866 5289 1018 5340 beato
1045 5282 1348 5351 Philogonio
1375 5300 1385 5334 :
1421 5298 1438 5330 ι
1466 5280 1692 5333 Proinde
1719 5289 1770 5332 et
1795 5289 1847 5331 tu
1871 5292 2008 5332 nunc
2032 5279 2146 5345 qui-

616 5382 710 5433 bus
741 5378 896 5431 rebus
921 5371 1216 5444 provocasti
1247 5372 1408 5425 Deum
1432 5409 1446 5431 ,
1491 5384 1587 5437 per
1614 5369 1708 5421 bas
1732 5383 1940 5420 rursum
1988 5367 2148 5420 facito

614 5467 912 5536 propitium.
943 5459 1246 5516 Provocasti
1277 5459 1417 5512 illum
1457 5455 1796 5526 pecuniarum
1825 5455 2023 5522 rapina,
2052 5469 2147 5522 per

613 5557 822 5610 easdem
852 5553 992 5606 illum
1025 5549 1323 5609 reconcilia,
1347 5562 1569 5614 cumque
1593 5556 1647 5600 et
1679 5552 1826 5613 rapta
1851 5544 2146 5598 restitueris

617 5647 718 5701 illis
743 5660 874 5714 quos
902 5640 1088 5711 injuria
1117 5639 1365 5694 aﬂeceras
1403 5646 1458 5690 et
1489 5637 1588 5689 alia
1618 5637 1836 5702 insuper
1860 5633 2142 5692 addideris,

619 5737 774 5793 dicito
794 5738 937 5804 juxta
967 5733 1239 5786 Zachmnm
1267 5749 1277 5782 :
1311 5728 1492 5785 Reddo
1531 5728 1784 5791 omnium,
1817 5743 1933 5795 qn:c
1966 5715 2140 5794 rapui,

2250 3314 2516 3396 ingressus
2566 3335 2646 3380 est
2699 3328 2866 3381 David
2926 3329 2991 3382 ad
3042 3327 3334 3382 Bethsabee
3382 3342 3601 3381 uxorem
3659 3327 3795 3382 Uria:

2248 3416 2418 3478 Ethci,
2446 3422 2498 3469 et
2523 3431 2552 3468 a
2574 3415 2778 3468 Nathan
2802 3417 3149 3484 prophetante
3170 3422 3463 3482 correptus,
3492 3414 3794 3482 respondit:

2252 3503 2493 3566 Peccavi;
2523 3505 2806 3573 statimque
2842 3507 3034 3558 meruit
3071 3506 3254 3566 audire
3287 3523 3298 3557 :
3343 3504 3409 3557 Et
3461 3507 3716 3560 Dominus
3764 3520 3794 3557 a

2251 3601 2299 3644 te
2321 3592 2535 3645 abstulit
2557 3601 2848 3661 peccatum,
2883 3601 2987 3647 etc.
3021 3592 3232 3648 Iustitia
3257 3591 3386 3661 justi
3420 3593 3794 3649 nondibcrabit

2248 3695 2366 3733 eum
2397 3680 2448 3732 in
2481 3695 2792 3748 quacunque
2821 3681 2905 3735 die
2941 3683 3257 3760 peccaverit.
3313 3684 3380 3736 Et
3408 3683 3662 3751 iniquitas
3687 3671 3788 3737 ini-

2249 3769 2337 3836 qui
2361 3783 2463 3822 non
2483 3769 2691 3823 nocebit
2715 3771 2763 3822 ei
2807 3785 3118 3840 quacunque
3141 3772 3225 3825 die
3271 3786 3558 3826 conversus
3594 3773 3786 3826 fuerit:

2249 3860 2671 3925 unumquemque
2688 3858 2910 3926 judicat,
2933 3859 3068 3912 sicut
3089 3859 3367 3914 invenerit.
3391 3859 3498 3914 Nec
3523 3863 3789 3930 praeterita

2247 3945 2564 4009 considerat,
2593 3947 2685 4000 sed
2708 3948 2986 4014 przesentia
3014 3968 3026 4001 :
3070 3949 3114 4003 si
3154 3957 3326 4002 tamen
3350 3956 3528 4004 vetera
3567 3952 3789 4005 crimina

2248 4037 2446 4089 novella
2471 4037 2812 4102 conversione
2840 4047 3126 4094 mutentur.

2315 4127 2569 4197 Sulpitius
2619 4126 2848 4182 Severus
2882 4129 2934 4181 in
2963 4127 3194 4183 Historia
3237 4131 3341 4184 divi
3373 4131 3620 4197 Martini,
3671 4149 3786 4202 cap.

2246 4215 2312 4267 2i
2338 4233 2350 4266 :
2390 4234 2406 4264 ‹
2443 4216 2796 4269 Testabantur
2819 4215 2980 4269 etiam
3007 4216 3166 4284 aliqui
3192 4231 3258 4270 ex
3286 4215 3556 4282 fratribus,
3581 4219 3792 4274 audisse

2248 4320 2303 4358 se
2330 4304 2620 4358 (temonem
2645 4304 2905 4371 protervis
2935 4303 3217 4358 Martinum
3245 4307 3461 4360 vocibus
3511 4307 3792 4377 increpan-

2250 4403 2371 4457 tem,
2400 4409 2492 4446 cur
2519 4393 2656 4445 intra
2678 4394 3056 4446 monasterium
3081 4393 3285 4462 aliquos
3312 4410 3377 4449 ex
3399 4394 3678 4461 fratribus,
3697 4397 3788 4467 qui

2249 4482 2372 4535 olim
2401 4482 2715 4548 baptismum
2737 4479 2958 4534 diversis
2983 4481 3253 4536 erroribus
3276 4481 3642 4548 perdidissent,
3660 4499 3792 4539 con-

2253 4583 2432 4621 versos
2455 4575 2635 4635 postea
2661 4568 2963 4635 recepisset,
2987 4574 3334 4635 exponentem
3358 4569 3580 4623 crimina
3609 4573 3793 4643 singu-

2254 4657 2419 4711 lorum
2445 4673 2457 4708 :
2501 4655 2783 4709 Martinum
2812 4655 3019 4714 diabolo
3042 4665 3418 4724 repugnaan
3449 4659 3791 4727 respondisse

2252 4755 2554 4801 constanter
2582 4747 2800 4814 antiqua
2843 4745 3036 4801 delicta
3091 4746 3322 4801 melioris
3351 4747 3472 4803 vita:
3503 4763 3788 4804 conversa-

2251 4839 2391 4890 tione
2426 4831 2676 4906 purgari:
2707 4842 2762 4888 et
2803 4850 2898 4904 per
2930 4835 3348 4890 misericordiam
3373 4835 3582 4891 Domini
3607 4837 3786 4894 absol-

2255 4926 2448 4980 vendos
2470 4939 2587 4978 esse
2615 4924 2845 4992 peccatis
2867 4924 2959 4993 qui
2991 4938 3215 4996 peccare
3245 4925 3602 4988 desinerent.»

2314 5013 2653 5083 Augustinus,
2684 5012 2776 5066 lib.
2805 5013 2872 5067 de
2911 5012 3040 5067 Fide
3082 5021 3136 5067 et
3175 5012 3463 5081 Operibus,
3510 5029 3630 5084 cap.
3676 5013 3783 5070 26:

2251 5125 2266 5153 ι
2299 5103 2403 5159 Sed
2429 5105 2528 5156 nisi
2549 5112 2728 5156 essent
2750 5102 2988 5170 quredam
3011 5101 3082 5154 ita
3107 5103 3286 5172 gravia
3311 5109 3368 5156 ut
3389 5103 3547 5156 etiam
3569 5119 3792 5167 excomg

2248 5194 2601 5247 municatione
2626 5186 3050 5262 plectenda§int,
3078 5203 3181 5244 non
3223 5191 3424 5247 diceret
3457 5191 3780 5262 Apostolus:

2246 5281 2570 5350 Congregatis
2600 5279 2735 5333 vobis
2756 5289 2800 5332 et
2826 5295 2936 5333 meo
2964 5280 3167 5348 spiritu,
3183 5279 3385 5334 tradere
3409 5281 3666 5349 ejusmodi
3689 5284 3785 5336 lio-

2251 5373 2434 5424 minem
2459 5369 2668 5424 Satamc
2696 5371 2750 5422 in
2788 5370 3048 5422 interitum
3069 5370 3262 5433 carnis,
3287 5379 3344 5422 ut
3371 5371 3582 5439 spiritus
3607 5374 3781 5441 saluus

2250 5460 2315 5511 ait
2339 5459 2391 5511 in
2413 5458 2494 5510 die
2515 5456 2723 5508 Domini
2751 5455 2894 5509 Iesu.
2927 5455 3073 5508 Unde
3099 5455 3257 5508 etiam
3277 5453 3438 5510 dicit:
3467 5455 3549 5510 Ne
3577 5458 3780 5528 lugeam

2250 5546 2432 5598 multo:
2468 5559 2530 5600 ea:
2563 5545 2622 5597 iis
2661 5544 2748 5612 qui
2784 5553 2902 5596 ante
2940 5551 3303 5610 peccaverunt,
3342 5552 3390 5596 et
3430 5559 3532 5598 non
3569 5557 3778 5614 egerunt

2249 5633 2591 5701 paenitentiam
2643 5647 2793 5699 super
2851 5629 3224 5682 immunditiam
3277 5641 3324 5683 et
3386 5630 3778 5697 fornicationem

2248 5738 2398 5791 quam
2446 5732 2720 5790 gesserunt.
2766 5720 2892 5772 Item
2947 5720 3047 5774 nisi
3079 5727 3255 5775 essent
3280 5721 3518 5788 qmcdam
3566 5736 3671 5775 non
3717 5738 3779 5774 ea
