3974 6442
255 515 382 568 “9'1

1077 517 1162 566 Ait
1198 513 1356 568 OMNl
1395 512 1746 570 NOVITATJS
1787 507 2170 564 SUSPICIONE
2207 506 2580 562 VINDICATA.

3265 505 3393 560 H98

253 625 544 679 humilitate
591 624 909 692 ptenitentiae
947 626 1196 684 sananda,
1238 624 1405 692 qualis
1449 626 1498 676 in
1547 624 1776 676 Ecclesia
1809 625 1848 678 Α
1878 619 2001 687 Cap.
2033 617 2096 671 16
2120 632 2137 668 .·
2172 635 2189 666 ‹
2215 616 2498 670 Conversio
2543 624 2715 668 autem
2747 623 2869 668 tunc
2903 629 3023 666 vera
3060 615 3312 682 probatur
3344 616 3398 672 in

253 714 406 766 datur
429 713 506 766 eis
529 713 620 779 qui
668 715 875 779 preprie
902 712 1216 779 pcenitentes
1240 722 1514 774 vocantur,
1545 711 1636 763 sed
1664 711 1777 776 qni-

253 803 473 855 busdam
515 801 905 867 correptionum
965 799 1387 860 medicamentis,
1433 815 1537 851 non
1581 801 1781 852 diceret

253 889 364 957 ipse
401 888 670 949 Dominus,
700 886 909 954 Corripe
935 901 1068 958 eum_
1087 886 1220 938 inter
1248 895 1293 938 te
1318 896 1365 938 et
1393 888 1558 954 ipsum
1583 887 1777 959 solum;

256 975 320 1028 Et
345 975 390 1026 si
418 982 465 1026 te
488 973 709 1025 audierit
737 972 965 1024 lucratus
995 987 1047 1024 es
1076 971 1286 1038 fratrem
1315 980 1476 1024 tuum.
1509 971 1780 1024 Postremo

257 1063 354 1116 nisi
378 1069 558 1116 essent
578 1061 816 1127 quaedam
841 1061 954 1112 sine
975 1059 1164 1125 quibus
1191 1059 1301 1111 haec
1325 1059 1430 1109 vita
1458 1073 1558 1110 non
1585 1059 1780 1127 agitur,

255 1167 358 1204 non
380 1150 737 1216 quotidianam
768 1146 1019 1201 medelam
1043 1155 1262 1214 poneret
1290 1147 1340 1198 in
1364 1147 1601 1200 oratione
1623 1161 1780 1213 quam

255 1239 451 1300 docuit,
479 1246 580 1291 etc.
605 1257 622 1288 ›
654 1235 743 1289 Sic
771 1234 998 1287 remedia
1023 1234 1304 1286 criminum
1327 1234 1650 1286 occultorum
1680 1248 1795 1285 non!

257 1327 430 1379 minus
475 1333 652 1394 aperte
705 1324 1094 1390 distinguuntur
1133 1336 1164 1373 a
1215 1321 1458 1375 remediis
1503 1321 1784 1373 criminum

255 1405 615 1481 publicorum,
661 1413 712 1465 id
757 1419 836 1464 est
876 1409 1068 1477 publici
1113 1409 1376 1471 scandali,
1419 1410 1556 1462 sicut
1601 1409 1785 1460 eodem

256 1502 414 1555 modo
458 1499 688 1554 declarat
709 1506 920 1551 sanctus
946 1495 1266 1562 Augustinus
1289 1491 1339 1546 in
1365 1494 1575 1547 homilia
1600 1494 1784 1545 ultima

256 1605 322 1643 ex
360 1607 412 1652 ι,
454 1602 572 1655 cap.
609 1588 691 1648 fl,
722 1599 878 1653 quam
923 1599 953 1635 a
1000 1581 1246 1636 remediis
1296 1589 1628 1650 peccatorum
1673 1581 1786 1632 sine

258 1674 450 1742 quibus
484 1674 594 1725 lucc
637 1672 742 1724 vita
785 1685 888 1722 non
930 1667 1102 1736 agitur
1135 1674 1190 1718 et
1221 1681 1443 1733 quorum
1483 1667 1785 1734 quotidiana
1817 1720 1820 1723 .

259 1761 462 1814 medela
492 1768 590 1812 est.

325 1848 613 1901 Cassianus
642 1845 693 1898 in
740 1844 924 1898 Collat.
952 1861 1050 1907 xx,
1078 1847 1142 1899 de
1169 1847 1271 1898 fine
1297 1843 1637 1911 poenitentiae,
1668 1855 1782 1909 cap.

1879 707 2106 766 homine,
2143 705 2187 757 si
2215 705 2452 770 impietas
2499 710 2550 755 et
2580 702 2824 768 iniquitas
2847 700 3067 768 pellatur
3091 716 3155 754 ex
3180 701 3392 755 corde.»

1877 823 1943 831 -—
1966 793 2031 844 Et
2072 806 2185 859 cap.
2217 791 2318 842 f7:
2357 808 2374 839 ι
2405 789 2694 844 Conversio
2730 802 2855 856 ergo
2893 787 2981 839 illa
3022 787 3075 839 in
3118 776 3402 855 conspectu

1879 879 1971 931 Dei
1996 887 2142 946 grata
2169 885 2250 930 est
2276 885 2329 930 et
2361 883 2592 943 accepta,
2620 876 2673 927 in
2705 889 2806 942 qua
2834 874 2986 927 simul
3014 883 3067 928 et
3093 874 3210 928 fidei
3246 875 3406 928 recti-

1879 966 2004 1018 tudo
2047 973 2286 1018 servatur
2329 973 2380 1034 et
2420 964 2540 1016 vitae
2585 963 2730 1015 bona:
2772 961 2948 1030 regula
2987 961 3315 1015 custoditur:
3346 961 3399 1014 id

1878 1059 1988 1112 est,
2010 1059 2072 1103 ut
2099 1051 2456 1118 principaliter
2477 1058 2618 1102 recta
2644 1057 2885 1102 teneatur
2903 1049 2967 1102 de
2992 1048 3099 1100 Deo
3121 1047 3401 1108 sententia,

1880 1141 2064 1192 deinde
2097 1142 2336 1207 proximo
2360 1139 2671 1192 exhibentur
2694 1137 2919 1191 charitas
2945 1138 3194 1191 divinitus
3235 1138 3402 1204 impe-
3497 1189 3502 1198 _

1883 1235 2014 1279 rata.
2036 1246 2054 1276 ι

1950 1317 2151 1386 Eligius
2177 1315 2539 1370 Noviomensis
2566 1316 2864 1382 episcopus,
2895 1316 2947 1368 in
2975 1313 3187 1368 homilia
3212 1313 3283 1366 2:
3311 1329 3330 1362 ε
3351 1310 3406 1366 Si

1882 1420 2007 1458 vero
2035 1414 2140 1456 tam
2167 1418 2367 1471 pauper
2405 1404 2522 1470 quis
2549 1401 2706 1456 fuerit
2747 1413 2804 1454 ut
2843 1416 3021 1454 veram
3061 1400 3409 1453 innocentiam

1882 1507 2000 1544 eum
2046 1491 2377 1558 simplicitate
2402 1491 2520 1557 puri
2558 1491 2734 1543 cordis
2758 1498 2811 1543 et
2839 1490 3082 1543 castitate
3125 1488 3319 1542 mentis
3358 1497 3412 1539 et

1882 1580 2116 1648 corporis
2134 1578 2321 1632 offerre
2345 1579 2638 1646 nequiverit
2664 1597 2675 1630 :
2695 1580 2825 1632 duos
2846 1578 3028 1632 saltem
3053 1585 3304 1638 turtures,
3328 1576 3410 1628 vel

1882 1668 2013 1720 duos
2048 1668 2216 1733 pullos
2239 1667 2519 1729 columbae;
2553 1666 2606 1720 id
2635 1677 2734 1732 est,
2760 1668 2862 1720 duo
2886 1664 3300 1734 compunctionis
3324 1677 3412 1732 ge-

1885 1767 2028 1815 nera,
2057 1753 2259 1807 timoris
2286 1753 2484 1806 scilicet
2512 1760 2567 1805 et
2593 1754 2806 1816 amoris,
2833 1752 3036 1814 offerat,
3067 1765 3230 1804 unum
3269 1749 3411 1802 vide-

1885 1841 2035 1904 licet,
2078 1841 2176 1894 hoc
2201 1831 2300 1902 est,
2333 1842 2573 1894 timorem
2595 1856 2690 1909 pro
2725 1850 2958 1908 peccato,
2997 1856 3092 1909 pro
3120 1856 3223 1908 quo
3264 1841 3413 1892 timet

263 1937 328 1989 10
355 1953 367 1985 :
404 1953 420 1982 ι
452 1933 763 1985 Noverimus
809 1940 996 2008 autem
1020 1947 1135 1995 nos,
1163 1941 1223 1985 ut
1267 1931 1506 1998 superius
1541 1929 1785 1987 diximus,
1822 1931 1866 1988 Β
1888 1937 1941 2003 et
1977 1929 2140 1998 gemit
2167 1943 2232 1983 ne
2261 1929 2328 1980 ad
2357 1930 2541 1982 tartari
2566 1931 2818 1998 supplicia
2844 1933 3200 2000 pertrahatur.
3230 1929 3418 1984 Postea

264 2036 388 2079 tunc
446 2024 664 2072 ilemnm-
708 2033 805 2086 pro
839 2019 1118 2086 praeteritis
1165 2017 1483 2071 satisfecisse
1536 2015 1785 2084 peccatis,

262 2131 381 2169 cum
413 2115 512 2181 ipsi
541 2122 712 2165 motus
758 2121 913 2179 atque
943 2110 1178 2173 affectus,
1208 2126 1300 2178 per
1332 2124 1464 2177 quos
1491 2107 1790 2175 paenitenda

261 2201 625 2256 commisimus
667 2198 862 2250 fuerint
893 2199 957 2250 de
998 2199 1193 2272 nostris
1228 2197 1472 2250 cordibus
1519 2192 1789 2260 amputati.

263 2289 414 2354 Quod
441 2296 615 2340 tamen
636 2285 808 2337 nullus
835 2283 1071 2336 obtinere
1103 2297 1256 2349 posse
1283 2296 1340 2335 se
1363 2283 1544 2335 credat
1571 2281 1660 2348 qui
1691 2293 1793 2331 non

253 2369 413 2446 'prius
436 2377 578 2442 ipsas
607 2387 792 2426 causas
816 2379 974 2438 atque
1001 2371 1264 2432 materias,
1295 2383 1390 2435 pro
1415 2369 1604 2435 quibus
1630 2368 1680 2418 in
1708 2365 1796 2416 illa

265 2467 529 2534 collapsus
567 2471 648 2518 est
675 2461 918 2523 crimina,
945 2460 1088 2513 omni
1119 2460 1335 2527 spiritus
1377 2456 1582 2510 fervore
1626 2453 1798 2506 sucei-

267 2553 406 2606 derit
433 2559 492 2604 ut
520 2550 670 2603 verbi
705 2549 875 2617 gratia
901 2550 944 2601 si
982 2549 1036 2600 in
1066 2547 1461 2600 fornicationem
1491 2544 1572 2596 vel
1599 2542 1799 2595 adulte-

238 2630 404 2696 lrium
440 2639 738 2709 perniciosa
781 2629 1092 2691 feminarum
1141 2635 1497 2688 familiaritate
1541 2632 1800 2699 collapsus

267 2743 366 2795 est,
408 2745 614 2784 summa
641 2728 974 2782 festinatione
999 2729 1156 2782 etiam
1201 2727 1370 2794 ipsum
1397 2741 1577 2778 earum
1603 2725 1801 2776 devitet

269 2830 540 2890 aspectum
567 2837 580 2872 :
606 2826 697 2871 aut
723 2827 866 2872 certe
899 2817 942 2871 si
969 2832 1064 2884 per
1090 2815 1462 2870 abundantiam
1490 2813 1596 2867 vini
1623 2811 1799 2881 epula-

250 2924 494 2979 rumque
531 2916 612 2962 est
659 2907 925 2960 nimietate
968 2906 1270 2967 succensus,
1299 2903 1625 2958 illicientium
1653 2900 1800 2958 cibo-

271 3013 390 3050 rum
417 2997 685 3068 crapulam
716 3010 918 3049 summa
943 2996 1270 3048 districtione
1295 2994 1534 3063 castiget.
1578 2995 1644 3048 Et
1687 3007 1805 3046 rur-

274 3102 411 3151 sum,
442 3087 488 3140 si
519 3087 570 3138 in
597 3084 906 3154 periurium,
947 3092 1038 3136 aut
1063 3083 1279 3147 furtum,
1322 3078 1414 3135 aut
1440 3084 1799 3144 homicidium,

274 3181 369 3226 aut
428 3171 803 3256 blasphemiam
826 3210 839 3232 ,
905 3168 1246 3238 pecuniarum
1318 3169 1580 3224 desiderio
1645 3179 1804 3238 atque

277 3280 456 3320 amore
495 3272 767 3332 correptus
805 3263 1059 3326 incurrit,
1096 3261 1373 3316 materiam
1415 3264 1650 3317 avaritiae
1693 3263 1836 3317 ille-.

277 3355 494 3408 ctrieem
538 3366 646 3403 suae
683 3350 1004 3416 deceptionis
1049 3349 1312 3411 abscidat;
1343 3351 1388 3402 si
1427 3350 1480 3402 in
1525 3349 1810 3405 iracundia:

278 3442 465 3502 vitium
513 3439 770 3508 superbia:
819 3438 1060 3507 passione
1106 3437 1447 3506 propellitur,
1495 3440 1809 3507 arrogantia:

280 3530 445 3600 ipsius
488 3527 722 3580 fomitem
763 3540 966 3579 summa
1008 3523 1317 3578 humilitatis
1360 3525 1554 3579 virtute
1596 3526 1807 3580 convel-

281 3619 378 3681 lat,
401 3625 506 3672 etc.
538 3637 557 3668 ι

353 3705 687 3774 Fulgentius,
730 3705 797 3758 de
841 3703 1202 3756 lncarnatione
1252 3713 1305 3758 et
1347 3704 1528 3760 Gratia
1575 3704 1812 3760 Christi:

290 3811 310 3845 ε
336 3791 533 3860 Nempe
559 3806 681 3845 cum
708 3791 818 3859 ipse
843 3790 1084 3844 Salvator
1107 3799 1285 3844 noster
1306 3794 1530 3860 propria:
1555 3795 1700 3846 vocis
1724 3795 1816 3847 im-

206 3894 208 3896 '
285 3884 432 3952 perio
463 3883 747 3935 humanam
769 3881 1013 3935 convenit
1044 3880 1364 3935 voluntatem
1395 3882 1608 3936 dicens:
1639 3881 1816 3936 Paeni-

290 3974 500 4036 temini,
537 3981 592 4026 et
617 3973 816 4026 credite
848 3971 1149 4040 Evangelio,
1175 3972 1338 4026 claret
1385 3981 1555 4026 tamen
1598 3975 1719 4042 quia
1759 3983 1817 4027 ut

288 4062 447 4116 homo
478 4063 531 4116 in
561 4061 724 4113 Deum
750 4061 965 4114 credere
992 4059 1238 4127 incipiat,
1279 4075 1310 4113 a
1337 4060 1444 4114 Deo
1475 4062 1666 4129 accipit
1705 4076 1818 4130 poe-

291 4151 563 4205 nitentiam
592 4149 658 4202 ad
686 4149 866 4211 vitam,
903 4148 975 4201 ita
1004 4156 1059 4200 ut
1087 4148 1300 4202 omnino
1327 4143 1542 4202 credere
1571 4165 1672 4202 non
1701 4165 1819 4218 pos-

291 4239 377 4303 sit,
405 4239 507 4292 nisi
533 4237 895 4306 paenitentiam
921 4237 1056 4291 dono
1083 4237 1176 4302 Dei
1203 4236 1502 4291 miserantis
1527 4240 1816 4306 acceperit:

293 4341 408 4392 qua:
428 4333 512 4379 est
535 4333 707 4378 autem
740 4323 1048 4392 poenitentia
1077 4324 1322 4386 hominis,
1351 4325 1452 4378 nisi
1478 4328 1697 4379 mutatio
1728 4341 1818 4379 vo-

293 4414 566 4468 luntatis?»
591 4414 706 4468 Lib.
731 4429 747 4466 ι
773 4414 838 4467 de
860 4413 1186 4466 Remissione
1208 4421 1562 4480 peccatorum,
1587 4430 1702 4483 cap.
1722 4415 1815 4467 f5:

1888 2034 2014 2072 vero
2035 2019 2257 2072 alterum
2283 2020 2334 2071 in
2358 2019 2738 2080 holocaustum,
2762 2021 2813 2073 id
2837 2029 2916 2074 est
2941 2036 3172 2074 amorem
3195 2035 3288 2089 pro
3314 2034 3420 2073 cae-

1890 2108 2036 2162 lestis
2056 2107 2241 2174 patriae
2273 2107 2554 2170 desiderio,
2581 2124 2698 2161 cum
2724 2107 2833 2174 jam
2861 2110 3064 2162 veniam
3095 2124 3418 2177 praesumens

1892 2211 1995 2249 non
2021 2198 2178 2265 gemit
2201 2212 2296 2265 pro
2315 2198 2588 2266 supplicio,
2609 2201 2699 2253 sed
2723 2202 2843 2269 quia
2866 2203 3043 2255 tandiu
3070 2218 3098 2255 a
3121 2202 3418 2256 desiderato

1895 2286 1986 2338 Dei
2013 2301 2174 2355 regno
2202 2285 2488 2340 differtur.»

1963 2372 2019 2424 ln
2050 2373 2260 2425 homilia
2295 2374 2348 2425 lf
2379 2391 2390 2426 :
2426 2392 2442 2422 ι
2478 2375 2593 2430 Duo
2626 2385 2749 2430 sunt
2776 2393 3001 2445 namque
3038 2390 3231 2448 genera
3273 2394 3420 2433 com-

1894 2462 2212 2528 punctionis,
2234 2461 2424 2528 quibus
2448 2463 2756 2530 semetipsOs
2781 2465 3000 2518 Domino
3027 2467 3078 2518 in
3105 2477 3226 2520 arca
3251 2468 3423 2521 cordis

1899 2549 2170 2600 immolant
2212 2547 2418 2609 fideles;
2468 2549 2715 2602 nimirum
2763 2551 2819 2605 si:
2855 2553 3132 2605 Dominum
3191 2536 3424 2607 sentiens
3477 2613 3482 2616 _

1897 2635 2069 2686 anima
2091 2635 2237 2702 prius
2266 2635 2452 2690 timore
2477 2640 2864 2706 compungitur,
2889 2640 2968 2692 vel
2993 2644 3191 2708 postea,
3220 2657 3420 2697 amore.
3504 2700 3506 2703 ,

1898 2720 2049 2776 Prius
2075 2737 2190 2776 sese
2215 2723 2265 2775 in
2296 2724 2540 2794 lacrymis
2567 2725 2752 2791 afficit;
2783 2729 2904 2795 quia
2930 2729 3051 2782 dum
3083 2739 3420 2796 peccatorum

1899 2826 2112 2864 suorum
2140 2815 2464 2877 recordatur,
2489 2829 2586 2882 pro
2613 2817 2695 2869 his
2723 2819 2923 2886 perpeti
2955 2820 3203 2888 supplicia
3227 2828 3426 2874 aeterna

1900 2900 2261 2968 pertimescit:
2297 2912 2352 2954 at
2397 2904 2518 2957 dum
2563 2904 2716 2974 longa
2746 2909 2931 2960 mortis
2956 2911 3222 2963 anxietate
3269 2909 3430 2966 fuerit

1901 2986 2128 3043 formido
2151 3001 2481 3058 consumpta,
2526 2994 2764 3060 quadam
2799 2994 2908 3061 jam
2935 2997 2998 3050 de
3024 2999 3430 3067 praesumptione

1902 3077 2069 3130 veniae
2101 3080 2356 3132 securitas
2385 3082 2644 3145 nascitur,
2685 3090 2737 3136 et
2767 3084 2820 3136 in
2860 3099 3091 3138 amorem
3137 3086 3431 3142 caelestium

1907 3165 2212 3233 gaudiorum
2243 3167 2446 3219 animus
2481 3167 2868 3222 inflammatur:
2893 3182 2944 3223 et
2971 3175 3058 3240 qui
3089 3175 3234 3241 prius
3270 3173 3434 3229 ﬂebat

1911 3273 1976 3312 ne
2003 3259 2283 3312 duceretur
2310 3260 2374 3312 ad
2401 3261 2739 3329 supplicium;
2767 3265 3096 3331 postmodum
3136 3266 3260 3320 ﬂere
3287 3281 3432 3320 ama-

1908 3348 2112 3399 rissime
2138 3349 2336 3415 incipit,
2362 3351 2483 3417 quia
2508 3348 2746 3404 differtur
2768 3367 2796 3404 a
2827 3367 3004 3422 regno,
3033 3354 3432 3428 Contemplatur

1907 3436 2098 3492 etenim
2140 3451 2289 3490 mens
2313 3439 2402 3505 qui
2429 3440 2534 3491 sint
2558 3439 2631 3491 illi
2657 3439 2960 3510 angelorum
2989 3445 3154 3525 chqri,
3182 3462 3298 3516 qua:
3323 3450 3432 3520 ipsa

1905 3525 2130 3580 societas
2153 3525 2425 3580 beatorum
2452 3529 2748 3596 spirituum,
2775 3547 2892 3601 quae
2934 3534 3180 3604 maiestas
3214 3545 3430 3596 aeterna:

1873 3645 1876 3652 -
1908 3613 2342 3692 visionisDei,‘et
2367 3616 2587 3684 amplius
2613 3618 2813 3688 plangit
2851 3622 2972 3689 quia
2999 3622 3151 3678 bonis
3191 3628 3436 3693 perenni-

1911 3706 2008 3757 bus
2035 3704 2199 3768 deest,
2233 3719 2390 3772 quam
2419 3705 2575 3760 flebat
2616 3709 2760 3776 prius
2786 3725 2905 3765 cum
2941 3714 3077 3767 mala
3103 3725 3297 3770 aeterna
3325 3733 3437 3774 me-

1910 3793 2106 3845 tuebat.
2144 3793 2432 3864 Utramque
2455 3806 2628 3849 autem
2659 3807 2847 3853 nostra:
2887 3804 3301 3871 compunctionis
3340 3809 3437 3862 ho-

1912 3880 2067 3933 stiam
2109 3891 2374 3952 gratanter
2400 3886 2637 3953 accipere
2679 3888 2920 3958 dignetur
2955 3891 3226 3960 Christus;
3269 3898 3437 3965 quiet

1913 3985 2009 4038 pro
2048 3981 2262 4040 peccato
2290 3973 2582 4040 lugentibus
2615 3984 2770 4044 atque
2802 3977 3005 4033 afﬂictis
3041 3982 3326 4038 clementer
3352 4001 3437 4040 er-

1917 4069 2028 4113 rata
2053 4061 2290 4127 dimittit,
2314 4071 2367 4116 et
2388 4077 2482 4130 pro
2511 4064 2747 4134 ingressu
2772 4069 2891 4123 vita:
2917 4069 3146 4126 caelestis
3170 4082 3276 4128 tota
3299 4091 3441 4131 meno

1917 4152 1986 4205 tis
2007 4151 2293 4206 intentione
2318 4151 2595 4217 ferventes,
2622 4165 2817 4210 aeterna
2842 4173 2949 4214 sure
2971 4161 3187 4217 visionis
3214 4164 3329 4220 luce
3356 4182 3439 4221 re-

1919 4237 2025 4290 ficit
2067 4236 2218 4293 Jesus
2262 4229 2502 4294 Christus
2543 4242 2792 4297 Dominus
2835 4255 3030 4300 noster.
3056 4268 3074 4300 ι
3122 4251 3184 4303 Et
3212 4265 3278 4304 ne
3321 4254 3440 4323 quis

1918 4325 2183 4378 existimet
2209 4327 2310 4380 duo
2354 4327 2466 4381 haec
2503 4344 2690 4398 genera
2725 4335 3138 4402 compunctionis
3181 4342 3442 4407 paeniten-

1921 4413 2042 4465 tiam
2069 4413 2328 4481 publicam
2356 4415 2624 4484 complecti
2641 4456 2655 4475 ,
2685 4418 2901 4486 ipsemet
2923 4429 3100 4488 postea
3129 4437 3440 4485 convertens

299 4521 316 4554 ι
349 4505 422 4559 De
450 4505 554 4558 illis
580 4519 708 4558 vero
745 4502 835 4573 qui
867 4503 1003 4556 intra
1030 4502 1302 4557 ecclesiam
1328 4502 1484 4570 positi
1519 4503 1669 4557 malis
1696 4518 1820 4572 epe-
1848 4525 1894 4586 ο
1920 4517 2215 4557 sermonem
2255 4504 2319 4556 ad
2367 4505 2598 4573 publicos
2640 4510 2986 4576 ptenitentes,
3024 4522 3246 4572 testatur
3283 4535 3340 4574 se
3377 4523 3443 4577 de

293 4596 440 4649 ribus
467 4595 796 4657 insistebant,
824 4597 900 4650 sic
925 4597 992 4650 ad
1019 4595 1319 4651 Corinthios
1346 4597 1577 4666 loquitur
1606 4599 1820 4652 medici-

253 4693 258 4697 '
295 4684 400 4738 nali
438 4698 717 4737 sermone:
748 4681 828 4735 Ne
864 4684 1046 4738 iterum
1085 4701 1200 4738 cum
1242 4702 1446 4749 venero,
1475 4686 1704 4740 humiliet
1743 4703 1823 4739 me

293 4773 430 4827 Deus
458 4773 596 4843 apud
621 4789 724 4835 ros,
745 4783 792 4825 et
815 4772 1015 4842 lugeam
1043 4774 1228 4828 multos
1250 4792 1314 4828 ea:
1338 4777 1416 4828 his
1439 4777 1527 4844 qui
1561 4786 1678 4830 ante
1709 4795 1824 4846 pec-

293 4870 565 4924 caverunt,
595 4871 640 4914 et
674 4878 776 4915 non
819 4871 1024 4930 egerunt
1050 4864 1392 4932 paenitentiam
1428 4881 1579 4931 super
1604 4866 1822 4918 immun-

293 4949 442 5014 ditia,
467 4959 517 5002 et
550 4949 884 5016 fornicatione
917 4958 966 5001 et
1002 4949 1320 5018 impudicitia
1357 4966 1510 5021 quam
1543 4959 1822 5021 gesserunt.

302 5039 403 5094 Vec
432 5041 561 5093 istos
584 5039 766 5106 utique
794 5037 962 5092 tristis
995 5038 1216 5103 doleret,
1244 5055 1342 5094 nec
1375 5041 1495 5095 illos
1523 5042 1829 5096 humiliatus

296 5130 498 5184 doleret
532 5128 831 5195 Apostolus,
862 5128 904 5182 si
941 5128 1114 5197 impiis
1135 5126 1195 5182 'et
1235 5129 1426 5197 iniquis
1465 5132 1829 5185 exacerbanti-

299 5220 394 5272 bus
434 5217 667 5270 divinam
707 5215 964 5282 justitiam
1001 5219 1113 5271 sine
1157 5220 1498 5273 conversione
1539 5221 1713 5275 cordis
1741 5236 1825 5274 re-

301 5309 603 5362 missionem
630 5313 960 5373 peccatorum
987 5307 1225 5365 crederet
1266 5307 1632 5362 conferendam
1663 5328 1673 5360 :
1705 5325 1824 5364 cum

300 5399 410 5464 ipsa
465 5395 707 5449 remissio
754 5402 1086 5462 peccatorum
1137 5397 1341 5449 nonnisi
1389 5398 1442 5450 in
1491 5400 1829 5464 conversione

301 5486 473 5539 cordis
499 5484 751 5538 sortiatur
773 5482 1032 5537 effectum.
1054 5503 1072 5534 ι
1091 5514 1158 5522 -
1176 5484 1302 5551 Cap.
1331 5485 1393 5537 l5
1413 5499 1427 5538 :
1457 5505 1474 5535 ‹
1503 5487 1670 5558 Ipsius
1690 5489 1827 5541 enim

304 5574 629 5627 remissionis
655 5572 869 5626 effectus
896 5574 947 5625 in
983 5574 1157 5627 cordis
1190 5576 1530 5631 conversione
1569 5578 1826 5637 consistit.

303 5669 404 5714 etc.
437 5661 576 5726 Quid
615 5668 695 5714 est
739 5662 879 5715 enim
917 5661 1059 5715 aliud
1088 5663 1446 5716 remissionem
1496 5673 1828 5731 peccatorum

304 5750 588 5820 consequi,
621 5749 716 5830 nisi
759 5766 788 5802 a
834 5752 1033 5817 peccati
1079 5751 1432 5806 dominatione
1461 5754 1707 5806 liberari?
1738 5775 1831 5806 »-

1919 4590 2018 4642 alia
2046 4591 2190 4657 prius
2211 4591 2437 4646 locutum
2459 4608 2596 4654 esse.
2618 4595 2669 4649 id
2695 4605 2776 4650 est
2798 4599 2860 4651 de
2884 4600 3188 4668 paenitentia
3213 4615 3439 4675 secreta,

1919 4693 2036 4744 quae
2060 4679 2368 4732 criminibus
2388 4681 2606 4734 occultis
2633 4687 2898 4753 competit.
2980 4701 2983 4703 ·
3082 4691 3087 4701 ‘

1989 4766 2061 4819 Ex
2101 4768 2183 4821 his
2213 4756 2454 4822 omnibus
2494 4769 2822 4827 manifestum
2851 4784 2951 4841 est,
2976 4788 3166 4846 prieter
3185 4785 3443 4851 pmniten-
3520 4771 3522 4773 i

1921 4855 2045 4907 tiam
2074 4855 2354 4934 publicam,
2377 4858 2586 4924 qualem
2620 4857 2667 4912 J.
2700 4860 2930 4916 Morinus
2954 4865 3222 4932 describit,
3259 4869 3442 4929 Patres

1927 4944 2170 5012 antiquos
2203 4945 2439 4999 docuisse
2466 4955 2544 5000 tot
2564 4947 2663 5001 alia
2688 4963 2804 5004 esse
2843 4954 3092 5019 remedia,
3117 4971 3234 5024 qua

1926 5033 2187 5085 nationem
2216 5034 2638 5102 gravissimorum
2684 5038 2844 5091 animi
2889 5042 3188 5098 morborum
3232 5052 3443 5103 omnino

1926 5120 2202 5186 sufficiunt,
2227 5119 2354 5192 quot
2378 5133 2499 5178 sunt
2527 5125 2747 5180 crimina
2770 5129 2991 5184 occulta.
3026 5132 3173 5188 Unde
3196 5137 3323 5190 satis
3346 5137 3444 5191 mi-

1926 5213 2034 5264 rari
2075 5227 2178 5265 non
2209 5227 2420 5280 possum
2445 5214 2583 5282 quod
2607 5216 2688 5268 vir
2723 5232 2938 5273 summae
2972 5223 3279 5277 eruditionis
3305 5223 3445 5278 afﬁn-

1926 5301 2168 5362 maverit,
2195 5300 2238 5353 si
2267 5314 2494 5372 canones
2537 5301 3006 5372 intelligendisint
3032 5309 3098 5364 de
3137 5311 3445 5366 criminibus

1926 5388 2164 5461 publicis,
2202 5389 2321 5441 inde
2342 5390 2497 5458 sequi
2524 5391 2704 5444 Patres
2743 5394 2987 5463 antiquos
3017 5397 3446 5464 granssimornm
3525 5435 3537 5453 ρ

1929 5479 2088 5530 animi
2119 5479 2419 5532 morborum
2453 5481 2774 5534 sanationem
2805 5497 3020 5551 prorsus
3052 5485 3362 5554 neglexisse,
3391 5496 3447 5540 et

1928 5565 1992 5616 de
2020 5563 2327 5619 criminibus
2363 5567 2582 5621 occultis
2609 5569 2801 5624 nullam
2827 5587 3007 5625 curam
3047 5575 3290 5643 gessisse.
3329 5577 3445 5631 Non

1928 5649 2094 5703 solum
2118 5651 2256 5704 enim
2288 5653 2385 5704 hoc
2414 5665 2773 5728 argumentum
2801 5658 2956 5712 nimis
2977 5662 3165 5728 probat
3187 5662 3251 5716 de
3276 5666 3444 5731 pmni-
3522 5657 3528 5666 ’

1929 5738 2090 5790 tentia
2117 5739 2320 5806 publica
2344 5754 2438 5806 pro
2465 5742 2767 5796 criminibus
2795 5746 3033 5811 occultis,
3055 5751 3145 5802 sed
3171 5750 3328 5804 etiam
3350 5767 3447 5818 pro
