3974 6438
566 445 697 498 H99

3388 74 3401 89 τ

2378 110 2405 125 τ’
3402 100 3563 137 ,⁸Ὓὶ

2514 178 2521 187 ο

1108 443 1437 499 THEODORI
1473 446 1778 501 ARClilEP.
1820 448 2086 503 CANTle

2199 450 2532 504 DOCTRIN'A
2573 452 2657 505 DE
2693 450 3121 506 NENITENTIA

3566 457 3697 508 i200

563 553 867 605 criminibus
911 552 1145 617 publicis,
1186 567 1301 604 cum
1344 551 1523 604 Patres
1552 561 1807 604 testentur
1834 550 2077 617 antiquos
2109 560 2149 612 Α
2178 557 2399 620 superbo
2427 566 2626 608 tumore
2649 562 3003 618 contemnere,
3029 566 3281 610 venenata
3323 559 3420 613 sibi
3456 576 3547 615 ore
3588 580 3699 618 mg-

564 651 793 690 canones
834 636 1149 702 pestilentiae
1189 635 1407 701 publica:
1433 651 1533 689 non
1578 637 1942 704 intelligendos
1968 650 2083 693 esse

563 723 628 774 de
668 723 907 775 omnibus
944 722 1248 775 criminibus
1276 724 1510 789 publicis,
1541 732 1697 790 atque
1735 723 1888 775 aliam
1925 722 2084 774 fuisse

564 809 916 876 paenitentiam
935 825 1049 876 quas
1073 809 1135 859 ad
1161 809 1519 861 remissionem
1544 808 1888 875 quorumdam
1914 807 2084 858 crimi-

565 911 682 946 num
731 896 848 948 licet
894 896 1217 963 publicorum
1249 894 1538 955 sufﬁceret,
1567 896 1701 945 sicut
1752 896 1802 945 in
1845 894 2081 959 sequenti

561 983 731 1049 capite
755 984 1192 1035 demonstraturus.

1152 1106 1371 1161 CAPUT
1412 1107 1492 1161 Vi.

561 1212 706 1263 Idem
750 1223 1101 1278 argumentum
1135 1210 1187 1263 J.
1218 1212 1407 1263 Morini
1451 1211 1732 1277 refellitur:
1767 1211 2082 1262 demonstra-

626 1292 709 1330 tur
740 1276 918 1331 Patres
957 1280 1131 1331 testari
1156 1280 1389 1345 antiquos
1418 1276 1633 1330 canones
1663 1280 1963 1343 paznitentite
1989 1295 2083 1343 pa-

628 1346 769 1398 biim'
793 1346 1140 1413 intelligendos
1170 1344 1404 1397 nonesse
1435 1344 1497 1396 de
1526 1344 1753 1397 omnibus
1785 1345 2080 1396 criminibus

626 1413 867 1480 publicis;
896 1426 1042 1481 mque
1081 1413 1233 1464 aliam
1277 1413 1432 1478 fuisse
1476 1413 1816 1481 paenitentiam
1861 1428 1973 1479 qmc
2016 1413 2082 1463 nd

626 1478 968 1532 remissioncnt'
994 1482 1242 1546 minorum
1285 1481 1554 1530 criminum
1598 1478 1914 1545 publicorum
1943 1481 2080 1546 sufﬁ-

623 1564 731 1599 cere
760 1548 1144 1599 arbitrarentur.
1186 1545 1327 1597 Unde
1367 1547 1682 1612 dignoscitur
1719 1562 1950 1612 numnam
1980 1545 2081 1612 cri-

624 1616 759 1694 mina
815 1616 1015 1682 publica
1066 1614 1280 1681 publica:
1335 1611 1638 1683 pwititentitc
1686 1611 1907 1665 obnoxia
1966 1611 2078 1679 fur-

629 1691 747 1734 rint.

622 1786 874 1855 Origenes
935 1790 984 1839 in
1021 1788 1426 1842 Commentariis
1468 1787 1519 1839 in
1568 1786 1899 1850 Mattbceum,
1951 1789 2076 1841 edit.

558 1874 711 1935 Hnet,
741 1882 867 1926 tum.
896 1873 936 1933 l,
968 1888 1083 1942 pag.
1109 1873 1246 1926 554:
1281 1892 1298 1922 ι
1327 1874 1772 1939 Quemadmodum
1803 1876 1959 1944 igitur
1992 1877 2101 1944 qui

554 1961 677 2014 talia
701 1962 764 2014 de
788 1962 926 2014 omni
954 1971 1168 2029 peccato
1190 1961 1327 2015 dicta
1349 1976 1466 2013 esse
1483 1963 1806 2029 pronuntiat,
1834 1964 1943 2015 sive
1968 1978 2084 2032 pec.

550 2055 725 2101 catum
774 2046 896 2099 illud
923 2048 1092 2101 credes
1135 2047 1233 2110 sit,
1282 2049 1395 2101 sive
1436 2049 1766 2113 veneficium,
1812 2052 1921 2103 sive
1951 2065 2085 2119 pue-

553 2150 728 2187 rarum
758 2146 1013 2201 sapt-nm,
1038 2135 1145 2186 sive
1172 2134 1368 2201 aliquid
1391 2135 1580 2196 simile,
1607 2136 1935 2189 occasionem
1959 2152 2084 2204 prm-

554 2225 665 2277 buit
708 2239 803 2276 cur
830 2238 1083 2275 summam
1132 2223 1329 2275 Christi
1365 2224 1671 2291 patientiam
1710 2235 1762 2279 et
1796 2230 2081 2295 procrasti-

555 2310 814 2361 nazionetn
845 2310 1019 2361 animo
1046 2311 1642 2376 comprehenderemus;
1669 2312 1738 2365 ita
1764 2330 1793 2368 e
1818 2317 2085 2368 contrario

552 2400 639 2465 qui
683 2397 895 2453 fratrem
941 2400 1004 2452 ab
1049 2413 1113 2451 eo
1155 2398 1244 2467 qui
1281 2397 1442 2451 frater
1478 2401 1769 2468 appellatur
1812 2403 2081 2467 distinxit,

552 2503 673 2540 eum
722 2489 810 2555 qui
854 2497 1070 2555 propter
1114 2487 1329 2539 minima
1374 2496 1588 2554 peccata
1636 2490 1827 2556 quibus
1873 2492 2083 2545 obnoxii

551 2583 675 2629 sunt
710 2576 968 2637 homines,
1000 2584 1115 2643 post
1147 2576 1603 2642 reprehensionem
1634 2592 1733 2627 non
1763 2578 1917 2629 fuerit
1962 2593 2087 2631 con-

553 2675 758 2723 versus,
790 2662 1081 2715 habendum
1120 2676 1235 2713 esse
1262 2661 1415 2713 docet
1441 2675 1535 2727 pro
1576 2661 1788 2713 ethuico
1826 2671 1879 2714 et
1917 2662 2086 2731 pubi?-

546 2761 701 2810 cano,
735 2757 946 2816 prepter
972 2755 1186 2815 peccata
1228 2762 1343 2815 qum
1372 2763 1472 2800 non
1505 2749 1570 2800 ad
1614 2757 1834 2803 mortem
1855 2790 1868 2808 .
1903 2751 1998 2807 vel,
2029 2759 2087 2804 ut

548 2851 611 2888 ea
657 2837 707 2888 in
761 2833 1014 2912 Numeris'
1044 2834 1123 2887 lex
1168 2835 1422 2907 appellat,
1470 2836 1737 2890 mortifera
1779 2853 1883 2889 non
1930 2848 2078 2901 sunt;

548 2921 683 2988 quod
716 2922 893 2989 utique
929 2921 1083 2974 nimis
1121 2920 1333 2975 crudele
1363 2922 1595 2985 videtur;
1638 2935 1735 2973 nec
1760 2924 1900 2974 enim
1934 2918 2085 2975 facile

547 3026 860 3078 quemquam
896 3011 1118 3079 reperiri
1151 3024 1305 3076 posse
1342 3011 1588 3072 arbitror,
1617 3011 1703 3076 qui
1749 3025 1853 3064 non
1900 3019 1981 3063 ter
2015 3013 2083 3063 ob

550 3098 686 3150 idem
716 3112 863 3150 noxa:
888 3111 1050 3165 genus
1077 3097 1233 3149 fuerit
1264 3094 1588 3167 objurgatus,
1622 3099 1906 3162 maledicti,
1937 3099 2080 3153 verbi
2110 3136 2153 3194 ί,
2184 3094 2375 3147 summi
2404 3094 2543 3160 regis
2572 3094 2994 3154 intraverant,'et
3016 3094 3104 3156 qui
3127 3094 3369 3143 altarium
3398 3094 3481 3143 his
3501 3094 3713 3144 obnoxii

550 3184 735 3250 gratia,
762 3199 865 3250 quo
892 3184 1154 3246 maledici,
1184 3184 1264 3237 vel
1289 3186 1379 3250 qui
1407 3187 1486 3237 ira
1514 3186 1920 3249 excandescunt,
1963 3202 2084 3250 pro-
2136 3175 2154 3197 ⁴
2190 3200 2346 3237 manu
2391 3190 2870 3250 contrectaverant,
2916 3190 3007 3234 aut
3029 3189 3171 3234 veste
3200 3182 3542 3250 contigerant,
3576 3189 3635 3233 ut
3661 3180 3714 3233 in

2240 3217 2346 3237 \Illll
2391 3217 2870 3253 υυηιιιιιιιιγιυιιο,
2916 3217 3007 3234 aut
3038 3217 3171 3234 suasu
3200 3217 3542 3250 ιυιιιιδυιιιιιι)

550 3184 735 3253 gratia,
762 3199 865 3252 quo
892 3184 1154 3246 maledici,
1184 3184 1264 3237 vel
1289 3186 1379 3252 qui
1407 3187 1486 3237 ira
1514 3186 1920 3249 excandescunt,
1963 3202 2084 3255 pro-

549 3270 866 3338 pinquorum
910 3271 1110 3322 nomini
1154 3270 1465 3331 detrahunt;
1510 3272 1589 3324 vel
1630 3272 1958 3336 vinolentia);
2004 3274 2083 3324 vel

549 3359 805 3412 orationis
831 3357 1098 3412 mendacis
1122 3368 1175 3411 et
1203 3359 1405 3421 otiose,
1439 3360 1520 3413 vel
1549 3360 1765 3415 alterius
1794 3363 2084 3431 cujuspiam

550 3446 716 3514 eulpc
742 3460 804 3499 ex
834 3446 897 3499 iis
922 3460 1037 3513 qua:
1062 3445 1237 3499 multis
1264 3446 1520 3501 inhaerere
1540 3448 1759 3501 solent.»
1788 3448 2085 3503 Secundum

549 3530 849 3601 Apostoium
883 3532 900 3584 l
927 3531 991 3583 ad
1016 3531 1256 3586 Corinth.
1283 3547 1400 3599 cap.
1452 3548 1500 3585 v1
1530 3549 1541 3584 :
1577 3531 1751 3602 Neque
1778 3534 1972 3596 molles,
2003 3552 2089 3588 ne—

546 3637 644 3689 que
669 3622 834 3684 arari,
868 3636 1025 3690 neque
1053 3619 1255 3681 ebriosi,
1283 3636 1490 3689 regnum
1524 3619 1616 3673 Dei
1649 3622 2007 3690 possidebunt;
2037 3631 2090 3676 et

550 3718 725 3763 tamen
747 3709 1001 3779 Origenes
1028 3717 1253 3763 testatur
1274 3723 1471 3762 morem
1500 3725 1602 3763 non
1630 3709 1788 3765 fuisse
1814 3711 2080 3773 Ecclesiae,

549 3805 608 3850 ut
652 3797 953 3859 maledicos,
997 3797 1275 3866 nequidem
1314 3811 1404 3851 eos
1434 3798 1523 3865 qni
1557 3799 1965 3866 propinquorum
1997 3815 2089 3851 no-

554 3885 683 3938 mini
730 3886 1109 3948 detrahebant,
1155 3892 1206 3937 et
1252 3885 1487 3939 ebriosos
1532 3880 1739 3954 publica
1778 3886 2086 3955 poenitentia

549 3974 778 4044 puniret.
806 3975 861 4029 Si
887 3974 1005 4043 quis
1031 3972 1245 4039 obiiciat
1274 3974 1339 4026 ab
1364 3973 1590 4043 Origene
1629 3974 1740 4028 haec
1766 3976 1980 4029 minima
2004 3990 2090 4028 vo-

474 4088 479 4093 ·
550 4068 681 4130 cari,
711 4064 947 4118 attendat
992 4062 1180 4116 Patres
1229 4064 1414 4115 borum
1465 4070 1767 4129 temporum
1800 4078 1904 4117 non
1937 4064 2089 4116 aliter

550 4160 753 4207 locutos
777 4164 911 4205 esse.
938 4150 1114 4215 Quare
1147 4149 1281 4217 apud
1311 4157 1551 4202 sanctum
1576 4148 1891 4218 Cyprianum
1929 4151 2089 4207 idolo-

550 4242 719 4297 latria:
744 4240 941 4295 crimen
989 4253 1252 4292 summum
1288 4224 1371 4291 est
1406 4237 1673 4301 delictum,
1719 4240 2086 4307 gravissimum

550 4340 601 4383 ct
628 4338 917 4384 extremum
944 4347 956 4381 :
987 4330 1190 4381 minora
1230 4343 1369 4391 vero,
1410 4326 1723 4381 adulterium
1766 4336 1819 4382 et
1863 4329 2087 4383 homici—

555 4419 719 4471 tiittm.
785 4481 789 4486 ν
1255 4416 1273 4477 ξ

617 4505 909 4573 Cyprianus
956 4504 1009 4556 in
1056 4502 1190 4555 libro
1234 4503 1296 4554 de
1339 4500 1561 4569 Lapsis:
1604 4518 1621 4549 ι
1653 4499 1943 4556 Studebant
1985 4519 2082 4555 au-

552 4596 716 4664 gendo
751 4593 1067 4662 patrimonio
1108 4577 1328 4659 singuli;
1358 4597 1410 4644 ct
1433 4590 1585 4644 obliti
1628 4590 1754 4657 quid
1781 4592 2080 4651 credentes,

553 4694 641 4739 aut
666 4686 761 4738 sub
788 4684 1037 4751 apostolis
1076 4690 1196 4735 ante
1226 4682 1494 4743 fecissent,
1534 4689 1624 4733 aut
1668 4694 1873 4748 semper
1913 4680 2084 4735 facere

554 4762 828 4839 deberent,
872 4774 1154 4827 insatiabili
1200 4772 1502 4840 cupiditatis
1545 4772 1731 4826 ardore
1773 4774 2087 4841 ampliandis

554 4863 888 4919 facultatibus
915 4862 1254 4932 incubabant.
1279 4859 1393 4913 Non
1419 4859 1471 4912 in
1515 4860 1876 4913 sacerdotibus
1905 4860 2086 4929 religio

554 4958 759 5018 devota,
787 4970 889 5009 non
927 4954 977 5007 in
1022 4951 1277 5006 ministris
1305 4949 1433 5005 tiles
1461 4949 1685 5017 integra,
1709 4964 1813 5002 non
1844 4949 1895 5003 in
1920 4951 2091 5017 operi-

555 5048 651 5098 bus
698 5040 1076 5100 misericordia,
1105 5052 1208 5091 non
1242 5038 1295 5091 in
1338 5037 1575 5091 moribus
1619 5035 1915 5105 disciplina.
1957 5035 2087 5091 Cor—

558 5142 708 5202 rupta
736 5128 899 5185 barba
926 5128 978 5181 in
1007 5126 1169 5190 viris;
1204 5126 1257 5180 in
1284 5122 1491 5178 feminis
1518 5122 1686 5178 forma
1722 5122 1913 5178 fucata.
1938 5123 2093 5177 Adul-

562 5221 709 5273 terati
740 5225 857 5285 post
885 5215 975 5268 Dei
1015 5227 1204 5267 manus
1228 5211 1388 5274 oculi,
1432 5210 1604 5281 capilli
1648 5212 1918 5265 mendacio
1953 5209 2093 5265 colo-

562 5312 677 5363 rati.
725 5308 800 5360 Ai
833 5303 1136 5373 decipienda
1179 5302 1336 5357 corda
1377 5299 1689 5369 simplicium
1717 5300 1918 5356 callida:
1954 5298 2093 5354 frau-

561 5399 670 5453 des.
712 5392 1182 5449 circumveniendis
1223 5390 1473 5445 fratribus
1513 5390 1742 5444 subdola:
1770 5391 2089 5445 voluntates.

561 5483 785 5552 iit-gere
816 5496 933 5534 cum
973 5479 1267 5536 infidelibus
1294 5478 1559 5532 vinculum
1599 5478 1938 5542 matrimonii,
1968 5494 2093 5548 pro-

563 5575 780 5625 stituere
803 5568 1079 5639 gentilibus
1107 5567 1338 5621 membra
1368 5565 1562 5621 Christi
1591 5580 1606 5619 :
1636 5580 1739 5621 non
1763 5566 1943 5635 iurare
1973 5580 2090 5621 tan-

569 5670 677 5712 tum
720 5666 932 5718 temere,
962 5656 1052 5709 sed
1096 5656 1265 5709 adhuc
1288 5644 1447 5709 etiam
1478 5654 1713 5724 peierare
1740 5672 1754 5710 :
1782 5657 2089 5724 praepositos

2180 640 2423 717 iedicere,
2449 643 2583 695 odiis
2624 643 2976 708 pertinacibus
3005 643 3225 696 invicem
3265 646 3553 715 dissidere:
3589 655 3697 721 epi-

2179 729 2318 795 scOpi
2364 729 2594 795 plurimi,
2621 744 2751 795 quos
2775 738 2826 780 et
2854 730 3182 782 hortamento
3220 746 3334 784 esse
3372 746 3574 801 oportet
3599 751 3698 792 cm-

2180 815 2307 865 tcris
2347 822 2399 867 et
2439 816 2693 881 exemplo,
2740 815 2913 867 divina
2960 818 3324 883 procuratione
3377 831 3697 890 contempta.

2178 911 2546 966 procuratores
2590 915 2763 953 rerum
2790 902 3115 955 saecularium
3147 902 3277 966 fieri,
3322 905 3565 960 derelicta
3607 925 3697 962 ea-

2181 988 2384 1051 tbedra,
2413 989 2562 1055 plebe
2605 990 2830 1052 deserta,
2866 1004 2962 1057 per
2996 990 3191 1044 alienas
3225 994 3515 1060 provincias
3546 1000 3698 1053 ober-

2182 1087 2385 1139 rantes,
2438 1079 2803 1145 negotiationis
2861 1088 3169 1146 quaestuosa:
3219 1085 3476 1138 nundinas
3534 1101 3695 1140 aucu-

2180 1165 2309 1231 pari.
2336 1165 2638 1217 Esuricntcs
2662 1162 2715 1220 in
2745 1165 2973 1219 Ecclesia
2998 1166 3246 1220 fratribus
3274 1185 3374 1222 non
3397 1174 3696 1234 subvenire,

2180 1252 2371 1324 habere
2422 1236 2692 1319 argentum
2739 1252 2953 1320 largiter
2998 1254 3157 1316 velle,
3202 1256 3386 1310 fnnins
3440 1259 3699 1313 insidiosis

2181 1336 2445 1389 fraudibus
2476 1352 2677 1403 rapere,
2704 1340 2877 1391 usuris
2917 1341 3383 1408 multiplicantilms
3428 1345 3576 1400 fenus
3607 1363 3699 1399 au-

2179 1440 2316 1493 gere.
2348 1445 2365 1475 ι
2397 1426 2470 1477 Ev
2523 1427 2605 1479 bis
2651 1428 2823 1479 verbis
2860 1429 3021 1481 sancti
3066 1429 3314 1497 Cypriani
3355 1432 3541 1499 colligo
3578 1450 3697 1489 cum

2179 1522 2360 1567 sancto
2405 1504 2715 1579 Augustino'
2739 1514 2829 1565 lib.
2861 1531 2918 1566 ιιι
2955 1525 3134 1568 contra
3181 1519 3452 1584 epistolam
3490 1520 3699 1574 Parme-

2180 1601 2341 1663 niani,
2370 1616 2556 1653 avaros
2596 1609 2650 1653 et
2681 1616 2894 1666 rapaces
2919 1603 3254 1671 qubrcgnum
3283 1604 3372 1658 Dci
3408 1622 3507 1659 non
3535 1611 3700 1676 passi-

2179 1689 2390 1748 delmnt,
2420 1689 2740 1754 temporibus
2764 1691 2928 1741 sancti
2953 1690 3195 1758 Cypriani
3222 1694 3271 1743 in
3297 1693 3523 1747 Ecclesia
3542 1694 3701 1749 fuisse

2181 1774 2454 1836 toleratos;
2484 1789 2578 1826 nec
2602 1790 2797 1826 merent
2824 1775 3066 1828 Ecclesia:
3089 1776 3248 1849 fuisse
3270 1787 3323 1830 ut
3348 1781 3563 1833 crimina
3585 1796 3699 1833 ma-

2184 1861 2335 1922 ritice,
2377 1861 2499 1927 furti
2538 1870 2590 1913 et
2628 1862 2875 1930 perjurii,
2913 1864 3117 1930 publica
3160 1866 3465 1932 pcenitentia
3507 1868 3695 1935 plcet»

2183 1957 2382 2002 rentur.

2250 2035 2505 2089 Paeianus
2536 2038 2586 2089 in
2615 2036 2876 2093 Pancnesi
2902 2042 2964 2090 ad
2990 2038 3351 2104 pmaitcntiam
3377 2058 3389 2092 :
3425 2059 3450 2088 τ
3470 2039 3697 2093 Primum

2183 2123 2358 2191 igitur,
2383 2131 2444 2174 ut
2464 2124 2709 2183 diximus,
2732 2124 2797 2177 de
2817 2126 2970 2181 modo
2988 2128 3315 2208 peccantium
3343 2136 3461 2179 retr.
3482 2138 3699 2182 ctemns.

2182 2210 2362 2263 scdulo
2405 2211 2734 2276 requirentes
2770 2226 2887 2279 qua:
2918 2212 3022 2264 sint
3044 2223 3278 2280 peccata,
3307 2228 3424 2281 qua:
3446 2215 3663 2267 crimina
3690 2234 3700 2264 :

2182 2315 2247 2354 nc
2274 2294 2391 2368 quis
2419 2301 2702 2364 existimet,
2730 2310 2945 2370 propter
2977 2302 3246 2354 innumera
3271 2303 3459 2355 delicta
3483 2318 3706 2370 quorum

2183 2384 2454 2439 fraudibus
2493 2388 2669 2439 nuilus
2712 2387 2963 2440 immunis
2983 2395 3085 2451 est,
3117 2402 3219 2450 me,
3258 2403 3413 2442 omne
3438 2390 3707 2442 hominum

2183 2490 2368 2544 genus,
2401 2476 2680 2527 indiscreta
2713 2476 2999 2542 pmnitendi
3030 2476 3143 2543 iege
3166 2478 3540 2545 constringere.
3561 2478 3708 2546 Apnal

2185 2564 2358 2616 Mosen
2386 2572 2440 2616 et
2466 2571 2690 2625 veteres,
2742 2564 2943 2616 minimi
2970 2577 3176 2631 quoque
3217 2567 3437 2632 peccati,
3484 2572 3539 2617 et
3579 2580 3708 2631 qua-

2183 2654 2381 2706 drantis
2411 2653 2588 2715 unius,
2620 2660 2677 2705 ut
2704 2652 2778 2705 ita
2800 2652 3041 2716 dixerim,
3072 2653 3169 2716 rei,
3204 2653 3257 2705 in
3286 2652 3467 2706 eodem
3494 2650 3717 2704 infelici-

2183 2742 2307 2794 tatis
2339 2741 2589 2794 :nstuario
2615 2739 2834 2793 volutati
2867 2748 3009 2793 sunt.
3040 2740 3105 2792 Et
3126 2741 3214 2807 qui
3245 2741 3462 2793 sabbata
3486 2740 3715 2793 violave-

2183 2839 2320 2891 rant,
2351 2837 2406 2881 ct
2430 2829 2519 2894 qui
2549 2828 2814 2879 immunda
2860 2826 3204 2894 contigerant,
3248 2835 3303 2881 et
3339 2825 3428 2893 qui
3470 2840 3709 2879 escarum

2182 2918 2343 2969 vetita
2387 2924 2849 2985 prmsumpserant,
2894 2925 2942 2967 et
2980 2915 3069 2983 qui
3097 2916 3514 2979 murmurabant,
3541 2924 3597 2969 et
3624 2916 3712 2983 qui

2182 3006 2381 3073 pariete
2418 3014 2686 3072 corrupto,
2735 3012 2789 3057 et
2828 3004 2919 3071 qui
2969 3012 3112 3056 veste
3159 3003 3416 3057 maculata
3462 3004 3711 3072 templum

2184 3094 2375 3147 summi
2404 3093 2543 3160 regis
2572 3093 2994 3154 intraverant,'et
3016 3091 3104 3156 qui
3127 3090 3369 3143 altarium
3398 3091 3481 3143 his
3501 3092 3713 3144 obnoxii

2186 3273 2375 3328 ratium
2426 3271 2711 3326 ascendere
2759 3271 2916 3324 citius
2963 3269 3153 3333 fuerit,
3199 3278 3289 3322 aut
3336 3270 3501 3322 emori
3551 3270 3715 3322 satius

2185 3377 2340 3430 quam
2372 3363 2481 3415 hmc
2505 3361 2750 3414 universa
2786 3374 3017 3413 servare.
3050 3358 3143 3412 liis
3169 3359 3332 3425 igitur
3356 3374 3452 3412 nos
3474 3359 3716 3411 omnibus

2187 3452 2469 3518 multisque
2513 3460 2769 3517 prmterca
2820 3447 3117 3500 carnalibus
3163 3447 3304 3501 vitiis
3350 3456 3406 3499 ut
3445 3446 3607 3500 citius
3651 3445 3715 3497 ad

2184 3538 2445 3592 destinata
2474 3539 2697 3605 quisque
2731 3537 3021 3604 perveniat,
3054 3536 3265 3605 sanguis
3296 3536 3497 3588 Domini
3530 3535 3717 3589 libera—

2186 3626 2260 3678 vit
2298 3626 2594 3691 redemptos
2635 3637 2664 3677 a
2713 3624 2963 3677 servitute
3005 3605 3158 3692 legis,
3207 3630 3259 3676 et
3309 3621 3550 3676 libertate
3596 3621 3716 3677 ﬁdei

2185 3713 2563 3779 emancipatos.
2619 3711 2841 3777 ideoque
2890 3709 3155 3780 apostolus
3202 3709 3433 3772 Paulus;
3485 3707 3584 3762 Vos
3625 3723 3719 3761 att-

2187 3808 2325 3863 tem,
2378 3800 2578 3867 inquit,
2624 3800 2679 3850 in
2735 3798 3017 3863 libertatem
3076 3798 3428 3850 vocati—estis.
3483 3795 3606 3849 Hmc
3628 3795 3716 3852 illa

2187 3887 2424 3948 libertas,
2465 3886 2604 3953 quod
2635 3900 2737 3938 non
2767 3884 3011 3938 omnibus
3046 3884 3386 3953 astringimur
3412 3884 3603 3951 quibus
3631 3898 3719 3938 re.

2187 3985 2328 4029 teres
2358 3977 2703 4037 tenebantur;
2752 3974 2843 4027 sed
2892 3973 3083 4028 donata
3130 3968 3189 4028 u'l.
3226 3975 3299 4027 ita
3337 3974 3557 4029 dixerim
3586 3972 3717 4026 silva

2186 4065 2497 4119 delicto.um
2538 4073 2594 4115 ct
2632 4063 2986 4117 remediorum
3024 4063 3345 4132 indulgentia
3378 4064 3635 4117 destinata
3665 4064 3717 4118 in

2186 4164 2353 4219 pauca
2396 4149 2628 4204 conclusi
2669 4162 2851 4202 sumus
2895 4159 2949 4202 et
2994 4150 3332 4213 necessaria;
3382 4164 3498 4218 quzc
3528 4160 3582 4204 ct
3609 4166 3718 4203 θυι·-

2187 4255 2310 4294 vare
2360 4239 2669 4293 facillimum
2712 4247 2852 4300 esset
2898 4238 3254 4302 credentibus,
3308 4246 3357 4291 et
3404 4254 3623 4299 cavere;
3662 4246 3719 4291 nt

2192 4331 2531 4407 meritissimo
2570 4330 2847 4383 Tartarum
2887 4345 2989 4384 non
3017 4338 3287 4383 recusaret
3315 4330 3403 4398 qui
3434 4338 3593 4383 tanta:
3620 4328 3715 4383 do-

2117 4446 2162 4500 υ
2191 4425 2389 4478 nationi
2435 4427 2692 4492 ingratus,
2741 4438 2806 4476 ne
2851 4424 2963 4477 bzee
3005 4423 3216 4490 quidem
3242 4437 3407 4489 pauca
3437 4429 3715 4474 servasset.

2197 4513 2323 4577 Quae
2347 4513 2455 4565 sint
2489 4519 2661 4563 autem
2698 4511 2817 4570 ista,
2857 4511 3142 4563 videamus.
3191 4508 3314 4562 Post
3353 4509 3556 4562 Domini
3602 4523 3721 4577 pas-

2192 4604 2415 4663 sionem,
2448 4600 2666 4667 apostoii
2712 4600 2950 4653 tractatis
2994 4600 3236 4653 omnibus
3280 4608 3436 4668 atque
3467 4598 3721 4653 discussis

2197 4689 2473 4758 epistolam
2512 4688 2857 4750 tradiderunt,
2901 4686 2985 4740 bis
3010 4685 3099 4753 qui
3123 4701 3189 4740 ex
3215 4686 3458 4755 gentibus
3483 4685 3722 4739 credide-

2194 4787 2341 4843 rant,
2391 4776 2774 4846 perferendam.
2832 4774 3077 4843 Epistola:
3120 4774 3379 4828 sententia
3426 4774 3535 4827 haec
3579 4772 3717 4826 fuit:

2199 4862 2472 4933 «Apostoli
2525 4869 2579 4915 et
2627 4859 2922 4929 presbyteri
2967 4856 3158 4912 fratres
3201 4858 3285 4911 bis
3328 4859 3417 4925 qui
3464 4864 3588 4910 sunt
3613 4857 3719 4910 An-

2196 4950 2446 5004 ctiocbiae
2470 4956 2526 5002 et
2551 4944 2749 5017 Syriae,’
2766 4954 2820 5001 et
2843 4944 3039 5001 Cilicia:
3084 4943 3334 4998 fratribus
3371 4943 3461 5012 qui
3506 4951 3629 4997 sunt
3654 4957 3719 4997 ex

2198 5059 2215 5089 ι
2238 5039 2482 5109 gentibus
2519 5037 2759 5093 salutem.
2813 5034 3070 5100 Quoniam
3104 5032 3420 5086 'andivimus
3465 5034 3717 5101 quosdam

2199 5149 2215 5179 ι
2239 5144 2302 5183 ex
2329 5127 2480 5183 nobis
2515 5126 2727 5189 exiisse,
2755 5132 2809 5179 et
2834 5125 3176 5188 conturbasse
3209 5137 3303 5176 vos
3327 5122 3517 5176 verbis.
3541 5142 3561 5173 ι
3589 5122 3716 5175 item

2193 5215 2365 5270 infra:
2397 5214 2618 5267 «Visum
2663 5218 2748 5264 est
2785 5209 2925 5264 enim
2965 5218 3146 5262 sancto
3191 5207 3410 5275 Spiritui
3454 5214 3508 5260 et
3546 5207 3716 5268 nobis,

2200 5324 2217 5355 ι
2239 5305 2435 5360 nullum
2482 5301 2703 5368 amplius
2741 5298 2934 5368 imponi
2976 5296 3126 5351 vobis
3147 5294 3351 5381 pondus
3370 5301 3719 5381 prteterquam

2201 5411 2218 5442 ι
2240 5393 2353 5446 b:ec
2375 5408 2387 5443 :
2416 5402 2629 5443 necesse
2651 5393 2732 5440 est
2756 5380 3165 5457 atabstineaﬁei
3178 5395 3271 5459 vos
3297 5381 3363 5435 ab
3391 5380 3717 5449 idolothytis,

2201 5498 2219 5529 ι
2242 5488 2295 5533 et
2318 5477 2589 5547 sanguine,
2616 5483 2674 5539 et
2699 5468 3336 5561 forniaﬁonchIIi-bus
3355 5470 3716 5529 observantes.

2201 5585 2220 5615 ι
2239 5567 2374 5619 bene
2399 5561 2588 5633 egetis,
2617 5558 2800 5613 valete.
2824 5549 2843 5607 ἑ
2872 5555 2995 5610 llaec
3014 5549 3095 5631 est
3114 5552 3243 5607 Novi
3266 5555 3585 5610 Testamenti
3611 5564 3716 5607 tota

2196 5652 2480 5708 conclusio.
2510 5650 2792 5717 Despectus
2814 5646 2870 5699 in
2898 5645 3085 5699 multis
3099 5641 3325 5711 Spiritus
3351 5652 3581 5705 sanctus,
3609 5643 3715 5696 hanc
