3974 6442
299 512 421 568 {20!

1110 529 1197 582 AB
1234 533 1398 587 OMNl
1433 533 1789 590 NOVITATIS
1824 532 2211 588 SUSPICIONE
2250 533 2618 588 VlNDlCATA.

3302 532 3432 586 illi)
3496 586 3501 591 γ

298 622 467 687 nobis,
496 628 738 694 capitalis
766 633 981 696 periculi
1008 640 1328 703 conditione,
1358 644 1567 712 legavit.
1602 646 1816 711 Reliqua
1846 653 1891 704 Α
1922 638 2026 704 fur,
2056 642 2245 695 Paulus
2286 642 2594 695 sententiam
2637 642 2840 704 extulit,
2887 656 3006 694 cum
3050 642 3199 705 dixit,
3249 645 3431 711 dignos

294 721 510 778 peccata
542 716 814 771 meliorum
844 737 1057 789 operum
1087 735 1511 798 compensatione
1532 744 1811 788 curantur:

298 798 408 852 hmo
433 815 555 855 vero
582 806 681 857 tria
710 809 951 874 crimina,
986 823 1042 866 ut
1066 808 1294 872 basilisci
1334 821 1553 887 alicujus
1591 823 1812 888 alllatus,

295 892 351 935 ut
375 889 557 941 veneni
597 890 752 955 calix,
797 903 856 947 ut
894 897 1062 953 letalis
1088 905 1309 966 arundo,
1347 909 1621 961 metuenda
1650 919 1809 963 sunt:

294 986 396 1025 non
424 976 563 1028 enim
601 980 766 1033 vitare
800 984 1045 1049 animam,
1076 991 1167 1042 sed
1192 992 1505 1061 intercipere
1533 1009 1808 1050 noverunt.

292 1058 461 1121 Quare
495 1067 749 1120 tenacitas
792 1071 1113 1129 humanitate
1160 1079 1465 1140 redimetur,
1519 1085 1812 1136 convicium

290 1148 646 1206 Satisfactione
665 1153 986 1222 pensabitur,
1010 1164 1223 1218 tristitia
1243 1164 1593 1233 jucunditate,
1614 1174 1813 1238 asperi-

289 1243 369 1287 tas
394 1235 627 1301 lenitate,
658 1246 913 1309 gravitate
942 1249 1146 1314 levitas,
1171 1254 1444 1309 honestate
1472 1245 1811 1324 perversitas,

286 1330 338 1374 et
370 1338 713 1395 qumcunquc,
744 1337 1023 1389 contrariis
1050 1341 1326 1395 emendata
1354 1344 1651 1409 protieiunt.
1676 1347 1811 1412 Quid

287 1423 412 1464 vero
432 1412 590 1480 faciet
613 1427 939 1486 contemptor
964 1422 1089 1476 Dei?
1117 1426 1251 1490 Quid
1274 1437 1394 1496 aget
1414 1434 1812 1497 sanguinarius?

285 1501 431 1565 Quod
462 1505 747 1559 remedium
776 1510 943 1577 capiet
974 1512 1293 1569 fornicator?
1331 1522 1564 1587 nunquid
1590 1531 1678 1574 aut
1701 1524 1811 1589 pla-

287 1601 407 1639 care
456 1589 730 1644 Dominum
763 1595 999 1652 desertor
1025 1601 1186 1667 ipsius
1216 1606 1439 1671 poterit:
1471 1617 1557 1659 aut
1599 1624 1809 1663 conser—

285 1687 411 1727 vare
437 1679 740 1743 sanguinem
770 1697 939 1746 suum,
968 1688 1054 1752 qui
1087 1689 1217 1741 fudit
1242 1692 1493 1754 alienum;
1524 1703 1610 1748 aut
1638 1698 1812 1750 redin-

246 1794 251 1807 .
285 1766 490 1826 tegrare
520 1763 611 1815 Dei
640 1768 907 1833 templum,
937 1773 1024 1837 qui
1057 1774 1181 1828 iilud
1219 1778 1524 1834 hruicando
1565 1783 1810 1836 violavit?

282 1847 383 1900 lsta
423 1857 546 1903 sunt
579 1855 842 1921 capitalia,
887 1852 1097 1924 fratres,
1130 1863 1227 1915 ista
1259 1868 1521 1929 mortalia,
1565 1878 1666 1922 etc.
1704 1870 1805 1923 Ae—

1918 738 2089 781 morte
2116 742 2233 781 esse
2254 728 2343 795 qui
2371 727 2492 803 talia
2519 713 2695 795 agunt.
2720 747 2736 778 ι
2784 726 2979 780 Saltem
3017 730 3442 794 consuetudinis,

1912 832 2070 882 quam
2120 816 2408 896 improbat,
2459 818 2573 884 ipse
2619 818 2764 871 testis
2802 826 2884 870 est
2924 826 3136 871 sanctus
3189 818 3433 873 Basilius.

1915 903 2096 955 lltrum
2118 919 2242 957 vero
2272 919 2384 957 mos
2412 919 2564 971 quem
2594 913 2804 959 sanctus
2833 905 3091 958 Pacianus
3120 914 3340 959 testatur
3367 924 3429 959 ex

1909 990 2187 1044 traditione
2230 991 2582 1059 apostolorum
2626 993 2976 1055 descendisse,
3012 992 3127 1059 jure
3156 996 3432 1061 reprehen-

1909 1078 2109 1131 dendus
2156 1081 2244 1142 sit,
2288 1082 2365 1133 sic
2393 1082 2604 1148 exponit
2633 1081 2795 1148 ipsius
2815 1079 2977 1133 frater
3000 1090 3213 1134 sanctus
3237 1082 3431 1151 Grego-

1870 1192 1875 1195 -
1910 1165 2020 1217 rius
2050 1164 2331 1233 Nyssenus.

1977 1250 2261 1319 Gregorius
2308 1253 2574 1321 Nyssenns
2618 1255 2668 1306 in
2716 1256 2931 1321 epistola
2978 1258 3221 1309 canonica
3250 1258 3432 1309 adle-

1910 1338 2073 1390 toium
2119 1338 2461 1406 cpisc0pum:
2497 1358 2514 1388 ι
2538 1341 2723 1393 Restat
2764 1342 2827 1393 ad
2868 1342 2977 1394 hzrc
3020 1351 3074 1393 ut
3120 1342 3429 1396 irascentem

1909 1425 2099 1476 anima:
2123 1434 2325 1491 partem
2363 1427 2760 1480 examinandam
2797 1444 3145 1497 proponamus
3182 1471 3195 1492 ,
3227 1432 3433 1497 quando
3494 1436 3498 1440 ‘

1908 1508 2051 1576 lapsa
2096 1526 2125 1563 a
2171 1512 2309 1565 bono
2355 1513 2445 1566 ine
2486 1530 2582 1566 usu
2614 1516 2665 1566 in
2692 1525 2961 1582 peccatum
3003 1518 3267 1570 ceciderit.
3304 1517 3451 1571 Cum'

1909 1607 2083 1651 autem
2128 1600 2291 1653 multa
2343 1603 2450 1656 sint
2498 1619 2614 1671 qua:
2657 1620 2751 1671 per
2788 1606 2917 1658 iram
2958 1605 3085 1658 ﬁunt
3118 1618 3351 1674 peccata,
3381 1620 3432 1661 ct

1906 1687 2077 1740 munis
2112 1690 2319 1756 generis
2356 1690 2508 1751 mala,
2543 1691 2740 1758 placuit
2771 1694 3011 1746 omnibus
3037 1695 3230 1746 nostris
3260 1695 3432 1747 Patri-

1908 1769 2023 1835 lms,
2064 1774 2111 1825 in
2143 1774 2260 1827 aliis
2292 1776 2500 1842 quidem
2541 1792 2642 1829 non
2690 1778 2906 1831 nimium
2954 1780 3210 1833 subtiliter
3256 1796 3428 1848 agere,

1909 1874 2003 1911 nec
2050 1860 2266 1913 nimium
2300 1862 2351 1913 in
2387 1877 2451 1915 eo
2477 1862 2636 1915 studii
2673 1878 2951 1931 Opemque
2986 1880 3202 1932 ponere,
3238 1876 3294 1945 ut
3321 1882 3428 1921 om-

283 1936 439 2002 eipite
468 1940 755 1993 remedium
797 1944 839 1996 si
883 1945 1163 2014 desperare
1203 1954 1469 2019 cuipistis;
1509 1958 1552 2009 si
1591 1959 1808 2012 tniseros

1910 1944 1992 1993 nia
2023 1959 2137 2010 qua:
2162 1961 2224 1997 ex
2260 1947 2336 1997 ira
2368 1945 2711 2000 nascerentur
2736 1949 2921 2001 delicta
2948 1961 3223 2004 curarent:
3251 1968 3430 2019 quam—

285 2037 378 2074 vos
415 2026 722 2092 agnoscitis,
753 2029 795 2081 si
822 2030 1031 2086 timetis.
1058 2055 1074 2085 ι
1122 2035 1278 2090 Multa
1301 2050 1421 2092 sunt
1452 2042 1502 2093 in
1532 2044 1628 2096 hoc
1658 2048 1806 2098 testi--

282 2112 459 2164 monio
504 2115 731 2167 maxime
776 2120 1152 2175 consideranda
1177 2140 1190 2176 :
1218 2126 1256 2177 l.
1290 2128 1544 2183 Pacianus
1577 2133 1810 2187 declarat

281 2213 308 2251 a
336 2214 392 2251 se
425 2202 619 2268 requiri
667 2219 906 2271 quzenam
937 2210 1041 2262 sint
1066 2212 1288 2267 crimina
1317 2217 1521 2282 publica
1549 2223 1806 2288 pceniten-

280 2287 348 2337 tia
383 2288 674 2355 plectenda,
709 2308 774 2346 ne
798 2296 914 2362 quis
940 2299 1205 2354 existimet
1230 2318 1286 2357 se
1314 2308 1443 2359 velle
1466 2322 1621 2363 omne
1645 2328 1806 2380 genus

280 2372 565 2429 humanum
614 2379 892 2435 indiscreta
939 2383 1053 2454 lege
1096 2391 1379 2455 pmnitendi
1422 2398 1800 2466 constringere.

273 2459 333 2512 ll.
362 2460 499 2514 Dieit
528 2462 558 2514 ll
582 2464 704 2518 lcles
731 2482 877 2521 nova:
905 2469 1034 2540 legis
1063 2473 1130 2526 ab
1156 2478 1371 2543 antiqua
1401 2479 1513 2548 lege
1541 2459 1803 2539 servitutis

275 2549 525 2603 iiberatos
565 2552 629 2605 ad
667 2569 832 2621 pauca
860 2559 1099 2615 redactos
1127 2578 1241 2618 esse
1267 2574 1320 2618 ct
1338 2568 1660 2634 neCessaria,
1689 2590 1803 2640 qua:

274 2647 325 2689 et
354 2653 566 2692 servare
606 2640 911 2701 facillimum
942 2660 1081 2702 esset
1114 2660 1165 2704 ct
1191 2669 1397 2708 cavere.
1450 2659 1527 2710 ΙΙΙ.
1556 2660 1656 2713 Ista
1684 2677 1799 2729 quae

272 2726 449 2779 caveri
473 2727 681 2790 debent,
709 2730 775 2782 ab
802 2735 1048 2800 apostolis
1086 2746 1262 2791 notata
1302 2757 1418 2796 esse
1462 2745 1543 2797 his
1589 2749 1795 2800 verbis:

274 2811 456 2869 Visum
497 2827 581 2872 est
622 2818 841 2887 Spiritui
863 2835 1046 2880 sancto
1071 2836 1125 2882 et
1152 2832 1324 2898 nobis,
1354 2834 1553 2888 nullum
1579 2839 1801 2905 amplius

273 2902 469 2969 imponi
508 2907 655 2959 vobis
695 2912 897 2975 pondus
930 2924 1278 2985 prmterquam
1310 2921 1420 2975 haec
1444 2937 1456 2974 :
1483 2902 1693 2979 necesse
1720 2936 1799 2981 est

272 2997 328 3042 ut
373 2990 681 3047 abstineatis
724 3010 816 3050 vos
861 2999 928 3051 ab
969 3000 1293 3072 idolothytis,
1340 3018 1395 3060 et
1430 3014 1701 3079 sanguine,
1743 3023 1797 3067 et

270 3074 635 3143 fornicatione,
674 3090 777 3135 etc.
806 3084 891 3139 ιγ.
930 3086 1050 3142 Hcce
1076 3091 1179 3144 tria
1208 3094 1433 3147 crimina
1452 3074 1625 3150 vocari
1654 3074 1796 3168 capi—

271 3164 471 3221 talialet
500 3170 758 3234 mortalia,
801 3179 855 3225 et
897 3174 1006 3227 sola
1053 3193 1169 3231 esse
1204 3194 1319 3247 quae
1359 3186 1676 3251 ptenitentiie
1696 3164 1822 3255 p—u-v

1909 2032 1985 2083 vis
2007 2031 2276 2099 Scriptura
2304 2051 2403 2087 non
2432 2034 2598 2087 solum
2628 2037 2812 2090 vulnus
2837 2039 3126 2106 prohibeat,
3160 2042 3249 2095 sed
3271 2043 3428 2095 etiam

1906 2131 2058 2168 omne
2104 2121 2392 2172 convicium
2428 2121 2505 2174 vel
2546 2122 2900 2186 maledictum,
2948 2134 3000 2177 et
3043 2127 3086 2179 si
3122 2128 3247 2193 quid
3286 2128 3432 2182 aliud

1904 2201 2158 2267 ejusmodi
2186 2205 2265 2257 ira
2290 2205 2447 2259 eilicit
2470 2224 2485 2259 :
2515 2208 2604 2261 sed
2633 2196 2797 2262 solam
2822 2210 2978 2263 credis
3001 2214 3294 2267 cautionem
3317 2217 3428 2270 suis

1903 2290 2072 2357 pmnis
2103 2292 2523 2356 introduxerunt,
2564 2303 2666 2348 etc.
2704 2295 2878 2348 Altera
2917 2306 3088 2350 autem
3126 2299 3428 2353 idololatria:

1902 2378 2124 2442 species,
2147 2378 2222 2431 sic
2247 2380 2384 2431 enim
2412 2380 2618 2434 divinus
2647 2384 2913 2449 apostolus
2942 2388 3217 2441 avaritiam
3253 2392 3429 2458 appel-

1903 2462 1993 2523 lat,
2042 2465 2218 2517 nescio
2257 2468 2516 2533 quomodo
2555 2470 2752 2539 alisque
2796 2471 2897 2524 ulla
2944 2488 3109 2541 [meum
3154 2478 3355 2530 tne-leta
3396 2496 3422 2530 a

1900 2546 2142 2603 Patribus
2164 2554 2512 2619 praetermissa
2544 2556 2628 2607 sit.
2660 2554 2814 2623 Atqui
2857 2557 2956 2611 hoc
2990 2561 3185 2614 malum
3215 2563 3420 2628 quidem

1900 2636 2105 2690 videtur
2126 2653 2237 2691 esse
2261 2640 2415 2694 trium
2439 2644 2599 2696 animi
2624 2645 3052 2700 constitutionum
3074 2650 3296 2713 affectio,
3319 2663 3420 2707 etc.

1902 2725 1964 2776 Et
1987 2735 2044 2777 ut
2075 2727 2126 2779 in
2158 2728 2455 2784 universum
2483 2733 2674 2796 dicam,
2702 2734 2789 2787 hic
2819 2734 3031 2790 morbus
3060 2752 3175 2790 cum
3211 2751 3421 2807 aposto-

1898 2812 1997 2865 lica
2024 2816 2256 2869 avaritia:
2278 2817 2579 2883 definitione
2599 2825 2879 2877 consentit.
2900 2824 3117 2880 Diviuus
3137 2829 3274 2881 enim
3298 2845 3418 2897 apo-

1895 2904 2059 2957 stolus
2098 2921 2212 2959 eam
2257 2924 2359 2962 non
2405 2911 2572 2963 solum
2615 2913 2979 2979 idololatriam,
3008 2918 3277 2987 sedetiam
3314 2938 3422 2975 om-

1895 2993 2038 3045 nium
2068 2994 2322 3049 malorum
2352 3000 2577 3052 radicem
2604 3005 2983 3068 pronuntiavit,
3014 3015 3114 3059 etc.
3150 3006 3252 3061 Sed
3271 3010 3335 3062 de
3357 3012 3440 3063 iis.

1894 3081 2134 3146 quidem,
2177 3087 2423 3151 quoniam
2456 3089 2505 3141 id
2530 3104 2559 3141 a
2590 3090 2830 3145 Palrihus
2871 3097 3279 3161 praetermissum
3316 3114 3422 3162 est.

1894 3169 2137 3225 sufficere
2163 3176 2408 3229 existimo
2444 3180 2647 3245 publica
2681 3183 2930 3237 doctrinm
2953 3187 3173 3251 ratione,
3202 3205 3260 3243 ea
3288 3208 3419 3260 quo-

270 3250 417 3306 διίρω
462 3255 694 3309 mmedio
737 3258 984 3327 indigem.
1022 3264 1081 3317 ν,
1115 3246 1332 3335 Reliqua
1360 3246 1582 3338 ’ρθρωω
1610 3246 1792 3331 ,ηεῙίφ
1817 3246 1862 3310 C
1891 3261 2043 3312 modo
2088 3262 2197 3315 ﬁeri
2248 3272 2415 3331 potest
2447 3282 2655 3332 curare,
2700 3270 2858 3323 veluti
2906 3275 3154 3339 quosdam
3205 3281 3418 3332 morlos

272 3352 387 3390 rum
446 3354 664 3407 operum
719 3350 1145 3414 compensatione
1198 3357 1395 3408 curari.
1467 3357 1579 3412 Non
1631 3362 1793 3428 igitur

271 3434 413 3478 recte
440 3425 491 3480 Ι.
522 3427 754 3483 Morinos
795 3434 1077 3500 concludit,
1120 3440 1340 3494 crimina
1378 3444 1444 3497 de
1480 3425 1675 3513 quibus
1710 3446 1792 3501 in-

272 3511 427 3580 telligi
469 3529 574 3567 non
613 3526 834 3583 possunt
872 3523 1073 3589 antiqui
1100 3540 1329 3580 canones
1359 3511 1699 3598 paenitentiae,
1727 3537 1792 3589 ab

270 3599 499 3667 antiquis
519 3600 762 3658 Pati-ibus
780 3620 995 3674 prorsus
1015 3611 1251 3677 neglecta
1281 3613 1461 3671 fuisse.

335 3733 559 3788 Basilius
592 3732 650 3789 in
692 3739 909 3805 epistola
954 3746 1204 3798 canonica
1252 3748 1315 3800 ad
1351 3748 1785 3816 Amphilochium,

270 3835 383 3870 can.
415 3820 520 3873 50'.
555 3840 571 3870 ι
592 3821 666 3875 De
700 3825 784 3877 his
822 3828 910 3894 qui
939 3830 1150 3897 rapiunt
1176 3847 1429 3888 canonem
1458 3839 1667 3905 quidem
1693 3854 1788 3891 an—

270 3905 468 3971 tiquum
489 3923 592 3961 non
616 3910 885 3975 habemus,
915 3916 1005 3969 sed
1028 3920 1292 3985 propriam
1328 3926 1643 3976 sententiam
1673 3942 1791 3991 pro-

269 3991 505 4057 ferimus,
536 4004 595 4048 ut
622 3997 719 4064 ipsi
752 4008 806 4052 et
829 4002 918 4067 qui
945 4016 1067 4055 cum
1099 4004 1177 4058 eis
1206 4008 1414 4074 rapiunt
1444 4010 1610 4063 tribus
1638 4013 1789 4066 annis

267 4080 372 4133 sint
394 4091 545 4135 extra
574 4086 855 4140 orationes.
883 4108 900 4139 ι
943 4089 1075 4143 Cum
1105 4104 1317 4148 sanctus
1356 4096 1576 4152 Basilius
1618 4102 1695 4151 (ιρι
1716 4096 1788 4152 ta-

267 4177 345 4221 ret
375 4182 431 4220 se
454 4170 680 4237 primum
706 4187 820 4226 esse
844 4176 932 4243 qui
956 4179 1312 4244 paenitentiam
1336 4183 1594 4249 publicam
1626 4195 1789 4252 rapto-

267 4254 408 4307 ribus
449 4256 717 4319 indixerit,
763 4258 997 4328 nunquid
1024 4264 1221 4329 idcirco
1254 4266 1435 4321 Patres
1461 4272 1659 4336 antiqui
1688 4273 1788 4324 cri-

266 4356 381 4395 men
425 4351 617 4410 raptus
637 4360 853 4411 prorsus
897 4350 1238 4419 neglexerunt
1280 4364 1334 4407 et
1379 4356 1574 4414 nullam
1618 4359 1681 4410 de
1726 4375 1789 4411 eo

264 4444 443 4483 curam
492 4443 781 4500 gesserunt.
813 4435 915 4489 Sed
945 4438 1063 4491 vide
1099 4439 1340 4510 Origenis
1381 4444 1647 4497 homiliam
1671 4448 1704 4498 5
1734 4447 1786 4498 in

263 4514 478 4571 Levitici
524 4534 640 4587 cap.
670 4537 754 4601 vr,
798 4523 884 4576 ubi
924 4527 1112 4598 asserit
1153 4543 1337 4583 omnes
1384 4542 1639 4599 raptores,
1676 4538 1785 4589 sive
1818 4548 1864 4604 D

262 4604 573 4667 mulierum,
606 4608 715 4660 sive
742 4609 964 4665 aliarum
993 4629 1187 4678 rerum,
1232 4632 1337 4670 non
1373 4634 1526 4686 posse
1567 4636 1780 4691 regnum

262 4691 352 4745 Dei
381 4695 665 4761 possidere,
692 4697 790 4750 nisi
819 4700 883 4753 de
911 4701 977 4754 iis
999 4704 1203 4769 egerint
1226 4707 1604 4772 pcenitentiam.

329 4825 552 4880 Basilius
571 4828 640 4880 ’ir.
666 4834 920 4898 prommio
942 4834 1005 4891 ad
1026 4835 1214 4890 librum
1245 4839 1544 4894 Ethicorum
1570 4860 1581 4893 :
1616 4862 1632 4892 ι
1657 4838 1778 4897 Sine

260 4912 414 4965 dubio
450 4914 676 4981 pessima
717 4932 810 4973 nos
850 4922 1054 4990 decepit
1098 4908 1451 4991 consuetudo;
1485 4929 1597 4983 sine
1622 4932 1776 4984 dubio

259 5013 567 5065 magnorum
593 5001 643 5053 in
674 5004 823 5058 nobis
847 5007 1100 5061 malorum
1125 5025 1282 5064 causa
1311 5016 1515 5066 exstitit
1536 5030 1774 5079 perversa

257 5083 522 5136 hominum
551 5088 782 5151 traditio,
813 5108 927 5159 qua:
950 5094 1187 5149 videlicet
1225 5112 1286 5149 ex
1326 5101 1554 5166 peccatis
1586 5104 1775 5166 partim

257 5170 549 5232 declinarit,
589 5176 777 5240 partim
817 5180 955 5232 nullo
989 5182 1287 5238 discrimine
1329 5186 1558 5240 adhibito
1598 5204 1772 5241 susce-

256 5258 390 5323 perit
413 5275 425 5308 :
451 5270 506 5311 et
529 5276 646 5312 eum
672 5263 795 5328 aliis
818 5267 1152 5322 vehementer
1178 5285 1233 5322 se
1262 5258 1530 5326 assimulet
1553 5290 1771 5328 succen—

255 5358 395 5406 sere,
426 5345 586 5398 veluti
635 5350 933 5415 homicidio,
981 5355 1235 5410 adulterio
1260 5366 1313 5410 et
1336 5361 1537 5412 czeteris
1566 5363 1770 5429 generis

255 5430 509 5497 ejusdem,
541 5430 640 5486 aha
664 5451 727 5488 ne
748 5436 966 5506 simplici
994 5442 1203 5507 quidem
1232 5445 1584 5512 increpatione
1616 5450 1768 5516 digna

248 5516 463 5583 iudicet,
494 5521 650 5574 veluti
674 5523 1016 5592 iracundiam,
1044 5530 1358 5596 convicium,
1390 5534 1767 5592 temulentiam,

255 5611 553 5669 avaritiam,
594 5622 647 5663 ct
675 5613 717 5664 si
747 5629 846 5681 qua
873 5624 994 5669 sunt
1016 5618 1098 5670 his
1123 5618 1332 5683 similia,
1363 5621 1615 5674 adversus
1656 5638 1770 5689 qua:

256 5699 422 5750 untzia
457 5697 576 5752 aliti
607 5701 760 5753 etiam
801 5704 861 5768 is,
894 5719 953 5756 ex
983 5704 1125 5770 cujus
1150 5720 1241 5759 ore
1265 5706 1503 5761 Christus
1533 5708 1774 5776 loqueba-

1892 3363 1953 3399 cx
2011 3349 2294 3416 repletionc
2334 3362 2499 3417 ortos,
2541 3356 2866 3424 inexplebilis
2906 3364 3135 3417 avaritiae
3188 3364 3419 3421 allectio~

1891 3449 2006 3496 nes,
2054 3438 2290 3491 oratione
2330 3452 2629 3510 purgantes.
2670 3444 2846 3500 Solum
2894 3459 3064 3503 autem
3110 3450 3326 3517 furtum,
3365 3466 3418 3508 et

1891 3524 2245 3591 sepulcrorum
2274 3528 2625 3596 eﬂ'ossionem,
2647 3543 2699 3587 et
2724 3538 3053 3606 sacrilegium
3084 3543 3208 3595 vitia
3232 3545 3413 3599 existi-

1892 3612 2111 3676 mamus,
2142 3616 2278 3680 quod
2308 3617 2383 3670 sic
2409 3633 2437 3670 a
2466 3618 2679 3673 Patrum
2705 3626 3100 3691 consequentia,
3132 3629 3241 3681 luce
3266 3632 3416 3687 nobis

1891 3697 2103 3750 traditio
2129 3697 2264 3752 facta
2289 3702 2374 3754 sit.
2406 3702 2564 3772 Atqui
2592 3708 2726 3773 apud
2751 3708 2980 3767 divinam
3009 3711 3329 3781 Scriptorum
3358 3728 3413 3773 et

1891 3783 2041 3836 fenus
2066 3793 2120 3838 et
2143 3802 2301 3840 usura
2347 3800 2468 3844 sunt
2504 3793 2785 3860 prohibita,
2817 3808 2869 3849 et
2897 3812 2990 3865 per
3018 3802 3290 3867 quamdam
3320 3822 3411 3872 po.

1892 3873 2127 3937 tentiam,
2177 3877 2241 3928 ad
2288 3892 2435 3931 suam
2479 3882 2860 3957 possessionem
2906 3886 3073 3938 aliena
3118 3891 3426 3954 tmducere,.

1887 3960 2089 4014 etiamsi
2121 3963 2215 4015 sub
2243 3974 2542 4020 contractus
2568 3977 2659 4020 aut
2681 3974 3045 4026 transactionis
3093 3980 3265 4042 specie
3310 3981 3407 4032 hoc

1891 4046 2109 4102 fortasse
2153 4049 2344 4107 factum
2391 4056 2477 4108 sit.
2523 4056 2779 4122 Quoniam
2819 4076 2943 4129 ergo
2987 4079 3079 4117 nos
3111 4068 3315 4132 qtti'lrnt
3341 4072 3405 4121 ad

1888 4151 2144 4188 canonum
2193 4147 2503 4205 potestatem
2546 4148 2921 4211 assequendam
2971 4149 3069 4201 title
3114 4153 3251 4219 digni
3301 4170 3400 4206 non

1888 4237 2087 4286 sumus,
2125 4224 2175 4276 in
2203 4226 2265 4278 iis
2290 4243 2404 4293 quae
2428 4244 2491 4281 ex
2520 4229 2758 4286 confesso
2784 4236 3040 4302 prohibita
3076 4248 3213 4301 sunt,
3246 4255 3403 4294 cano-

1889 4310 2058 4362 nicam
2101 4316 2413 4369 sententiam
2448 4316 2600 4370 dictis
2622 4319 2732 4386 jam
2764 4322 3084 4389 adjicicmus.
3113 4345 3127 4374 ι
3180 4328 3418 4380 Sumtus.

1887 4395 2167 4465 Gregorius
2192 4400 2453 4469 Nyssenus
2478 4421 2579 4459 non
2614 4409 2872 4475 vituperat
2901 4410 3143 4465 Ecclesim
3169 4429 3361 4468 morem
3384 4458 3396 4475 .

1888 4482 1950 4534 de
1975 4484 2142 4537 tribus
2172 4494 2369 4542 tantum
2404 4491 2712 4547 criminibus
2735 4509 2763 4546 a
2789 4506 2967 4550 saneto
2990 4498 3212 4554 Paeiano
3244 4518 3399 4572 supra

1885 4572 2077 4623 notatis
2115 4575 2316 4640 publice
2361 4579 2645 4645 ponitendi
2677 4599 2688 4633 :
2729 4584 2835 4636 imo
2871 4585 3133 4639 existimat
3157 4590 3398 4647 sufﬁcere

1884 4666 2072 4710 uetera
2113 4670 2349 4727 peccata,
2397 4666 2674 4731 qua2_licet
2714 4685 2742 4721 a
2787 4686 2944 4738 regno
2973 4671 3062 4725 Dei
3101 4676 3395 4741 excludant,

1882 4746 1998 4798 aliis
2041 4748 2281 4801 remediis
2319 4764 2521 4813 curare,
2552 4761 2604 4804 et
2628 4754 2783 4807 veluti
2820 4760 3067 4823 quosdam
3100 4764 3306 4816 morbos
3331 4779 3398 4821 ex

1879 4832 2162 4899 repletione
2210 4845 2393 4899 ortos,
2447 4839 2770 4905 inexplebilis
2819 4847 3051 4898 avaritia:
3098 4834 3394 4904 .L'ectiones

1877 4934 2116 4987 purgare.
2148 4921 2219 4973 Ne
2242 4924 2360 4990 quis
2398 4941 2520 4978 vero
2549 4927 2723 4981 forsan
2764 4945 3048 4997 opponeret
3083 4938 3391 4989 sententiam

1874 5006 2041 5057 sancti
2064 5006 2238 5060 Basilii
2263 5019 2312 5062 et
2336 5011 2570 5079 Gregorii
2599 5014 2931 5080 Nazianzeni,
2964 5022 3050 5084 qui
3082 5023 3130 5073 in
3159 5025 3392 5075 oratione

1859 5084 1935 5144 '59
1960 5093 2035 5144 sic
2081 5093 2343 5160 loquitur:
2379 5097 2546 5161 «Quid
2592 5110 2762 5153 autem
2803 5102 2985 5156 Novati
3026 5110 3384 5161 crudelitatem

1870 5192 1962 5243 pro
1991 5178 2100 5244 lege
2132 5180 2371 5245 habeam,
2417 5186 2504 5251 qui
2544 5188 2815 5241 avaritiam
2861 5191 3088 5257 quidem,
3144 5194 3239 5246 hoc
3283 5204 3383 5257 est,

1868 5266 2087 5318 alterum
2118 5268 2418 5325 idololatriae
2439 5287 2624 5339 genus,
2652 5275 2791 5328 nullo
2812 5277 3065 5344 supplicio
3087 5280 3381 5345 vindicavit,

1868 5353 2101 5421 s‘tuprum
2153 5366 2325 5409 autem
2374 5362 2444 5413 ita
2484 5374 2617 5415 s:t:ve
2667 5365 2953 5433 acerbeque
3003 5369 3381 5432 condemnavit,

1871 5442 2014 5505 quasi
2047 5444 2180 5493 nuda
2213 5445 2319 5511 ipse
2356 5450 2528 5503 carnis
2569 5461 2620 5503 ct
2659 5455 2893 5520 corporis
2926 5466 3071 5521 parte
3097 5468 3378 5513 constaret.

1875 5526 2035 5578 \‘eluti
2080 5529 2398 5596 ofjeetioucs
2444 5539 2784 5601 prmvcnicus,
2832 5541 2941 5594 ha-c
2976 5546 3045 5597 ita
3092 5562 3146 5599 se
3188 5547 3384 5601 sentire

1872 5612 2081 5677 latctur,
2131 5619 2393 5682 quoniam,
2438 5622 2619 5691 inquit,
2669 5641 2761 5676 nos
2798 5629 3008 5694 quidem
3035 5632 3098 5683 ad
3126 5647 3379 5688 canonum

1871 5712 2179 5769 pozestatem
2207 5711 2577 5776 ςιδέσνιιιειιάίιηι
2610 5713 2705 5767 ιὶίέρ
2736 5716 2872 5785 digni
2899 5734 2999 5772 non
3027 5736 3221 5774 minus.
3255 5742 3272 5772 ›
