3974 6468
596 482 732 535 nos
1154 478 1489 533 Timonem
1524 477 1832 532 saeuum.
1871 436 2165 530 caurum

2165 476 2207 525 ι.
2252 476 2584 529 DOCTBINA
2628 477 2714 530 DE
2751 476 3185 531 PUENITENTIA
3607 476 3734 531 1204

660 588 966 641 Ambrosius
1005 587 1094 641 lib.
1125 603 1159 639 ιι
1190 586 1254 639 de
1278 587 1613 651 Pmnitentia,
1652 600 1769 654 cap.
1803 586 1868 637 10
1894 601 1909 637 :
1942 606 1960 635 ι
1980 585 2110 638 Nam
2140 587 2185 643 Δ
2214 583 2455 646 voluerit,
2484 600 2829 653 magnamque
2869 588 3156 640 ostenderit
3181 586 3569 655 pmnitentiam,
3599 602 3737 642 asse-

590 677 635 747 si
662 688 788 729 vere
811 681 1028 742 agerent
1059 673 1444 740 paenitentiam,
1481 672 1772 725 iterandam
1797 680 1975 740 postea
2006 688 2108 726 non
2210 676 2400 736 quetur
2446 671 2585 724 haud
2636 672 2794 726 dubie
2842 687 2947 725 non
2971 673 3238 740 vulgarem
3283 673 3729 729 consolationem:

590 752 854 827 putarent,
885 760 1008 827 quia
1032 759 1167 811 sicut
1197 771 1356 810 unum
1390 757 1665 825 baptisma,
1692 757 1764 810 ita
1802 749 1906 809 una
1944 759 2111 833 pteni-
2208 756 2297 823 qui
2327 764 2505 810 autem
2533 759 2814 812 simultatis
2838 768 2991 813 tenax
3020 769 3121 824 cst,
3164 760 3380 829 singulis
3414 763 3599 817 diebus
3620 779 3735 830 pec-

585 849 768 914 tentia,
818 864 936 917 qua:
974 858 1147 902 tamen
1184 848 1391 916 publice
1431 847 1622 915 agitur.
1663 845 1798 899 Nam
1817 846 2111 913 quotidiani
2207 851 2380 894 catum
2410 842 2555 907 facit,
2583 858 2680 897 nec
2712 860 2937 913 unquam
2961 845 3085 899 illud
3112 847 3351 899 absolvit.
3377 846 3487 902 Illic
3514 848 3568 901 in
3586 849 3733 902 adul-

522 964 527 967 -
583 952 680 991 nos
717 937 872 992 debet,
914 938 1172 1005 panitet-ta
1220 936 1443 1004 peccati.
1493 936 1597 989 Sed
1642 936 1755 988 hac
1801 936 2107 989 delictorum
2208 929 2360 992 terio,
2392 939 2594 991 wntra,
2629 931 2783 984 simul
2835 948 2952 985 cum
2982 931 3179 1001 flagitio
3206 933 3470 1001 expletum
3502 944 3584 989 est
3612 952 3734 1005 pcc-
3820 956 3825 959 ‘

581 1024 903 1089 graviorum,
946 1023 1032 1075 illa
1069 1023 1344 1077 leviorum.
1371 1022 1681 1085 i—Quaenam
1726 1036 1852 1074 vero
1888 1022 1993 1074 sint
2026 1022 2110 1075 de-
2205 1024 2380 1070 calum
2409 1035 2421 1069 :
2454 1018 2540 1071 hic
2582 1019 2816 1085 quotidie
2866 1020 3004 1074 idem
3031 1021 3203 1075 scelus
3248 1029 3521 1075 tentatur:
3574 1039 3728 1091 quam

580 1108 705 1162 Iicta
732 1109 949 1175 leviora,
994 1109 1072 1161 sic
1107 1108 1340 1161 declarat
1379 1108 1429 1159 in
1473 1108 1837 1161 exhortatione
1861 1108 1927 1159 ad
1953 1123 2109 1175 agen-
2206 1104 2364 1171 igitur
2390 1104 2598 1156 veniam
2633 1106 2979 1172 sperabimus,
3011 1107 3101 1173 qui
3129 1122 3225 1160 nos
3252 1108 3340 1160 tali
3375 1107 3561 1162 bellua:
3594 1110 3729 1163 ultro

578 1194 701 1247 dam
734 1194 1097 1261 paenitentiam
1124 1212 1136 1245 :
1167 1193 1337 1258 «Quid
1375 1202 1456 1247 est
1482 1195 1616 1247 bene
1640 1194 1816 1248 vivere
1851 1205 1968 1264 post
1994 1210 2105 1262 pte-
2205 1190 2490 1247 dedimus?
2531 1212 2549 1242 ι
2581 1192 2649 1245 Ει
2672 1194 2725 1245 in
2774 1194 2956 1247 eadem
3001 1195 3214 1251 homilia
3259 1197 3324 1251 de
3370 1197 3724 1264 juramcntis:

580 1280 896 1335 nitentium?
922 1280 1052 1333 doce
1076 1295 1190 1334 nos.
1215 1280 1343 1333 Dico
1370 1280 1536 1344 vobis,
1563 1280 1822 1334 abstinere
1850 1283 1915 1333 ab
1939 1282 2107 1334 ebric-
2211 1297 2228 1327 ι
2267 1278 2623 1348 Quadraginta
2676 1281 2790 1334 dies
2819 1279 2931 1347 jam
2986 1285 3375 1350 praeterierunt,
3428 1287 3474 1340 si
3526 1286 3727 1342 Pascha

575 1373 707 1430 tate,
743 1382 772 1419 a
796 1367 1239 1435 concupiscentia,
1267 1383 1295 1419 a
1334 1368 1493 1431 furto,
1524 1384 1552 1420 a
1594 1368 1732 1420 man
1776 1369 2003 1435 eloquio,
2042 1370 2109 1422 ab
2204 1381 2410 1435 quoque
2438 1384 2645 1422 sacrum
2667 1373 2998 1438 prmterierit,
3020 1374 3144 1447 nulli
3169 1375 3279 1443 jam
3306 1376 3494 1431 deinde
3522 1380 3725 1432 veniam

576 1456 693 1523 ipso
745 1457 1088 1511 immoderato
1122 1459 1250 1520 risu,
1281 1473 1310 1510 a
1336 1460 1495 1511 verbo
1537 1459 1726 1519 otioso,
1769 1457 1907 1529 unde
1936 1458 2106 1511 reddi-
2203 1454 2360 1518 dabo,
2391 1470 2492 1508 non
2522 1459 2952 1523 admonitionem,
2992 1463 3085 1514 sed
3111 1462 3215 1514 vim
3270 1462 3476 1530 imperii
3505 1472 3559 1517 et
3584 1481 3727 1519 sevc-

574 1543 680 1596 turi
708 1552 830 1597 sum
862 1544 1099 1599 homines
1123 1546 1379 1599 rationem
1406 1546 1459 1598 in
1494 1546 1576 1599 die
1597 1545 1797 1613 iudicii,
1829 1545 1964 1599 Ecce
1989 1560 2105 1615 qua:
2206 1539 2413 1593 ritatem
2466 1557 2566 1595 non
2614 1545 3050 1597 contemnendam
3100 1545 3377 1600 adhibebo.
3429 1548 3545 1601 Non
3586 1552 3724 1604 enim

571 1630 706 1684 levia
741 1631 870 1693 dixi,
913 1640 969 1685 ut
1006 1640 1235 1686 tacerem
1280 1634 1457 1702 gravia
1489 1642 1543 1687 et
1585 1633 1851 1703 pestifera.
1876 1654 1894 1685 ι
1927 1634 2105 1702 Itaque
2202 1626 2314 1681 haec
2357 1627 2523 1681 valida
2572 1638 2653 1683 est
2697 1630 3090 1689 consuetudinis
3140 1635 3447 1687 excusatio:
3480 1652 3577 1689 cur
3623 1653 3725 1691 non

571 1723 800 1778 Sanctus
846 1722 1154 1777 Ambrosius
1188 1723 1413 1778 afﬁrmat
1458 1739 1660 1778 morem
1686 1739 1790 1778 non
1818 1725 1981 1779 fuisse
2006 1725 2104 1779 Ec-
2199 1720 2480 1787 prastendit
2515 1719 2601 1773 fur
2650 1722 3102 1784 consuetudinem,
3147 1731 3199 1775 et
3222 1739 3251 1775 a
3293 1725 3554 1792 supplicio
3591 1726 3722 1779 libe-

572 1812 750 1866 clesixc
777 1813 840 1865 de
872 1813 1115 1867 omnibus
1152 1814 1382 1881 peccatis
1418 1813 1662 1881 publicis,
1704 1814 1902 1868 scilicet
1932 1814 2102 1868 ehi-ie-
2131 1873 2173 1881 _
2203 1809 2396 1861 ratur?
2426 1807 2534 1862 Cur
2560 1826 2665 1863 non
2718 1811 2855 1864 idem
2907 1811 3031 1865 facit
3077 1811 3337 1865 homicida
3375 1823 3430 1866 et
3476 1814 3723 1868 adulter?
3750 1840 3791 1877 ι-

572 1901 719 1961 tatis.
750 1900 873 1954 furti
899 1909 952 1954 et
974 1901 1112 1965 aliis,
1149 1873 1357 1969 publice
1390 1873 1693 1969 paenitendi.
1726 1900 1853 1967 Quae
1880 1908 2099 1970 peccata
2131 1873 2176 1932 Β
2200 1893 2314 1948 Iam
2343 1895 2503 1965 igitur
2526 1896 2781 1952 denuntio
2826 1905 2880 1952 ct
2904 1906 3167 1967 protestor
3188 1898 3231 1953 si
3285 1902 3597 1956 conveniam
3619 1906 3725 1955 sin-

568 2002 673 2041 non
699 1988 828 2041 levia
852 1996 904 2041 et
933 1990 1137 2041 minora
1164 1997 1552 2055 nuncupantur,
1582 1988 1682 2041 nisi
1705 2003 1826 2042 cum
1855 1988 2099 2043 maximis
2199 1983 2349 2050 811105
2370 1991 2423 2036 et
2443 1985 2666 2053 capiam.
2704 1985 2835 2038 Nam
2860 1986 3002 2039 haud
3025 1987 3182 2061 dubie
3223 1988 3433 2056 capiam
3464 2006 3477 2040 :
3510 1990 3650 2056 quod
3679 1988 3722 2043 si

564 2082 623 2128 et
645 2075 974 2145 gravioribus
1010 2075 1215 2130 delictis
1238 2084 1563 2143 comparata,
1602 2084 1657 2129 ut
1685 2076 1794 2144 jam
1821 2090 1885 2130 ex
1915 2085 2099 2130 sancto
2197 2071 2583 2139 deprehendam
2609 2072 2811 2141 aliquos
2843 2074 2955 2127 haec
2979 2073 3103 2126 vitia
3129 2090 3234 2127 non
3269 2078 3587 2141 correxisse,
3613 2092 3722 2145 pce-

561 2160 827 2234 Cypriano
850 2164 1332 2217 animadvertimus.
1495 2156 1580 2211 λη
2195 2174 2318 2211 nam
2348 2159 2614 2227 irrogabo,
2644 2161 2848 2213 edicam
2873 2168 2931 2212 ut
2974 2158 3102 2214 foris
3125 2169 3275 2215 extra
3299 2177 3449 2216 sacra
3473 2164 3721 2232 mysteria

630 2247 861 2303 Joannes
892 2248 1300 2317 Chrysostomus
1337 2267 1439 2305 non
1491 2250 1659 2304 solum
1706 2251 1929 2303 crimina
1974 2265 2097 2319 gra-
2196 2245 2503 2300 consistant.
2549 2265 2566 2297 ι
2611 2244 2868 2301 Similiter
2912 2262 3009 2314 pro
3066 2249 3379 2315 spectaculis
3407 2248 3454 2302 J.
3490 2250 3721 2321 Chryso-

562 2341 798 2403 vissima,
846 2341 1120 2404 adulteria,
1172 2341 1453 2396 homicidia
1475 2350 1529 2395 et
1554 2342 1653 2395 alia
1702 2340 1931 2407 ejusdem
1976 2356 2040 2410 ge
2066 2370 2093 2382 —
2194 2345 2393 2390 stemus
2420 2353 2523 2391 non
2550 2338 2772 2407 amplius
2827 2339 3110 2407 pharmaea
3154 2338 3310 2399 levia,
3363 2338 3454 2392 sed
3494 2341 3718 2409 styptica

560 2428 728 2489 neris,
782 2428 870 2481 sed
925 2427 1171 2482 imiidiam
1216 2438 1270 2481 et
1310 2429 1652 2491 iracundiam,
1697 2435 1751 2481 et
1776 2428 1988 2496 quidem
2002 2427 2089 2494 ju-
2192 2436 2244 2480 et
2276 2428 2541 2482 mordacis
2566 2427 2889 2496 pmnitentiaa
2911 2429 3132 2498 publica
3175 2430 3467 2484 adhibenda
3496 2446 3616 2485 esse
3632 2432 3716 2499 ju-

561 2526 857 2570 ramentum
916 2517 1121 2585 publica
1200 2519 1513 2585 paenitentia
1583 2517 1902 2585 puniendum
1974 2530 2092 2569 esse
2191 2515 2333 2568 dicat
2357 2514 2594 2582 pluribus
2642 2516 2697 2569 in
2734 2515 2881 2581 locis,
2928 2532 2991 2571 ac
3010 2519 3302 2586 prtesertim
3347 2519 3401 2572 in
3444 2520 3661 2575 homilia
3686 2523 3715 2574 'l

560 2606 783 2661 censuit.
844 2606 913 2658 At
960 2606 1162 2672 privata
1208 2606 1519 2659 auctoritate
1556 2619 1658 2656 non
1702 2603 1955 2656 canonica
1992 2601 2092 2654 hoc
2190 2601 2255 2653 ad
2277 2611 2436 2669 caput
2453 2601 2644 2657 Genes.
2666 2618 2707 2668 ι,
2732 2603 2818 2657 his
2842 2604 3058 2657 verbis:
3088 2621 3105 2653 ε
3141 2602 3320 2672 Neque
3345 2606 3488 2658 enim
3512 2621 3717 2675 semper

557 2708 591 2744 a
636 2706 693 2745 se
744 2693 968 2760 primum
1023 2684 1276 2745 statutum
1329 2707 1449 2746 esse
1504 2692 1616 2759 ipse
1655 2693 1709 2744 in
1754 2690 1969 2745 homilia
2023 2689 2091 2742 42
2189 2689 2399 2756 expedit
2434 2690 2719 2758 pbarmaca
2750 2689 2884 2743 levia
2931 2690 3216 2745 adbibere:
3258 2693 3350 2746 sed
3391 2694 3602 2759 quando
3644 2693 3721 2745 ul-

555 2779 628 2833 ad
655 2794 771 2847 cap.
803 2779 1039 2847 Matthaei
1065 2795 1138 2832 xu
1173 2779 1238 2832 de
1270 2778 1485 2831 invidia
1513 2787 1694 2846 aperte
1740 2777 1974 2831 declarat
2005 2777 2091 2831 his
2187 2792 2283 2829 cus
2305 2776 2566 2831 curationi
2614 2777 2832 2841 resistit,
2862 2784 3073 2845 Oportet
3117 2780 3342 2848 styptica
3367 2788 3421 2832 et
3444 2780 3712 2834 mordacia

552 2865 737 2919 verbis
765 2882 779 2917 :
822 2884 840 2914 ι
874 2864 1142 2930 Quomodo
1194 2866 1351 2934 igitur
1377 2880 1442 2918 ne
1494 2880 1697 2918 veneno
1726 2879 1822 2917 suo
1851 2879 1948 2917 nos
1972 2863 2090 2917 inti-
2190 2881 2218 2917 a
2238 2867 2467 2918 lmovere
2490 2879 2596 2933 quo
2630 2866 2815 2919 morbo
2859 2873 3167 2919 occurratur
3195 2866 3350 2920 citius
3378 2884 3390 2919 :
3419 2868 3593 2921 sciant
3622 2867 3718 2937 igi-

557 2954 689 3017 ciat,
719 2954 1016 3007 faciemus?
1047 2954 1100 3007 Si
1129 2954 1373 3007 dabimus
1397 2968 1629 3021 operam,
1662 2961 1721 3005 ut
1747 2953 2088 3020 quemadmo-
2189 2960 2274 3002 ttir
2315 2964 2499 3003 omnes
2543 2951 2627 3004 bis
2680 2951 2990 3005 criminibus
3037 2951 3271 3015 obnoxii,
3309 2954 3353 3006 si
3401 2963 3522 3022 post
3576 2955 3714 3009 hanc

557 3048 685 3100 dum
709 3045 1016 3099 fornicatori
1045 3044 1193 3098 nefas
1231 3045 1296 3097 ad
1323 3045 1600 3097 ecclesiam
1649 3043 1871 3111 ingredi,
1910 3044 1986 3096 sic
2007 3043 2085 3096 in-
2185 3046 2425 3092 nostram
2483 3038 2894 3095 admonitionem
2927 3037 2980 3091 in
3026 3054 3089 3091 ea
3143 3039 3455 3109 negligentia
3510 3056 3715 3094 manse-

555 3133 679 3187 vido
712 3146 954 3201 quoque:
988 3132 1091 3185 imo
1124 3146 1251 3185 vero
1289 3131 1452 3184 multo
1480 3131 1646 3199 magis
1692 3130 1897 3183 invidus
1925 3145 2082 3197 quam
2116 3192 2152 3201 Α
2188 3126 2313 3188 rint,
2342 3140 2446 3177 non
2470 3125 2783 3179 toleraturos
2808 3134 2927 3189 nos,
2974 3126 3065 3179 sed
3092 3124 3294 3195 legibus
3343 3127 3715 3181 ecclesiastiris

558 3192 849 3275 fornicator
876 3235 907 3273 a
948 3229 1088 3273 coetu
1144 3218 1375 3271 ﬁdelium
1420 3192 1847 3271 exterminandus
1895 3192 1994 3270 est.
2027 3192 2153 3268 SiC
2185 3228 2397 3278 usuros,
2446 3222 2500 3267 et
2554 3230 2738 3283 magna
2792 3215 3101 3290 austeritate
3145 3192 3414 3281 docturos,
3465 3234 3533 3271 ne
3587 3220 3711 3274 talia

560 3308 704 3362 enim
727 3321 866 3359 nunc
891 3320 1009 3360 cum
1042 3306 1095 3358 id
1125 3304 1317 3357 malum
1347 3302 1648 3357 indifferens
1667 3318 1801 3370 pene
1825 3303 2082 3363 videatur,
2183 3299 2403 3369 posthac
2426 3301 2709 3371 negligant,
2736 3315 2865 3355 neve
2904 3309 3048 3355 tanto
3089 3310 3389 3372 contemptu
3423 3305 3601 3358 divina
3624 3322 3715 3359 an-

556 3412 587 3448 a
614 3393 876 3449 nonnullis
900 3394 1164 3462 spernitur
1190 3411 1201 3445 :
1234 3392 1469 3461 profecto
1499 3393 1543 3445 si
1571 3392 1821 3444 atrocitas
1845 3391 2086 3459 maligni-
2182 3387 2330 3441 Ciant
2353 3386 2578 3455 eloquia.
2618 3407 2635 3439 ι
2670 3387 2801 3446 Cum
2825 3387 2985 3458 igitur
3009 3384 3059 3441 J.
3085 3387 3489 3460 Chrysostomus
3513 3406 3571 3461 se
3595 3408 3711 3461 pro-

553 3481 684 3536 latis
732 3485 845 3550 ejus
890 3481 1133 3534 omnibus
1169 3479 1418 3547 patuerit,
1472 3477 1623 3531 facile
1669 3478 1735 3530 ab
1770 3492 1832 3530 ea
1886 3477 2084 3531 resilic-
2182 3476 2396 3551 liteatur
2446 3477 2633 3531 horum
2681 3478 3012 3532 decretorum
3069 3480 3294 3548 primum
3323 3491 3614 3548 auctorem,
3646 3487 3712 3539 de

555 3583 693 3622 mus.
723 3567 1093 3636 Lacrymarum
1138 3566 1299 3634 igitur
1350 3565 1521 3620 fontes
1553 3565 1604 3619 in
1634 3563 1841 3620 fletibus
1868 3580 2082 3618 manare
2180 3579 2284 3631 quo
2306 3565 2484 3631 plures
2506 3567 2977 3634 conquerebantur,
3032 3569 3162 3622 satis
3190 3571 3417 3624 ostendit
3446 3572 3559 3626 haec
3602 3583 3709 3627 sta-

555 3655 808 3708 deleerent
835 3670 898 3708 ex
947 3653 1132 3707 oculis.
1168 3654 1306 3708 Deus
1346 3655 1597 3717 orandus,
1655 3654 2082 3721 perdiscendum-
2181 3652 2344 3704 tuisse
2369 3650 2572 3719 privata
2594 3668 2699 3705 non
2724 3656 2975 3707 canonica
3009 3657 3363 3709 auctoritate:
3396 3673 3459 3710 ac
3484 3659 3707 3726 proinde

555 3759 658 3810 que
705 3743 797 3797 tibi
823 3751 921 3805 est,
959 3742 1318 3810 turpissimum
1348 3742 1595 3811 ﬂagitium
1640 3758 1758 3797 esse
1785 3742 2075 3796 invidiam:
2178 3756 2281 3793 non
2335 3740 2387 3793 in
2419 3756 2564 3795 more
2613 3740 2859 3796 Ecclesia:
2894 3742 3055 3798 fuisse
3098 3745 3345 3812 positum,
3404 3753 3462 3798 ut
3518 3746 3707 3801 saltem

553 3832 632 3885 sic
681 3831 823 3883 enim
874 3830 1093 3886 affectus
1134 3831 1376 3889 celeriter
1430 3838 1678 3905 tanquam
1729 3848 1756 3885 a
1784 3832 2081 3899 periculoso
2180 3836 2303 3880 tunc
2335 3828 2584 3895 temporis
2620 3829 2736 3881 haec
2768 3830 2986 3883 crimina
3037 3831 3244 3897 publica
3294 3828 3514 3900 publica:
3536 3826 3705 3902 pceni-

556 3919 741 3973 morbo
763 3919 951 3989 fugies,
982 3935 1046 3974 ac
1072 3920 1434 3988 pmnitentiam
1462 3936 1604 3991 ages.
1660 3920 1761 3975 Sed
1788 3921 1907 3989 quis
1934 3922 2079 3990 igno—
2178 3917 2356 3970 tentia:
2381 3916 2607 3995 obnoxia
2636 3916 2850 3975 fuerint.

552 4012 656 4067 rat,
686 4005 913 4073 inquies,
939 4005 1126 4060 vitium
1154 4019 1271 4060 esse
1296 4005 1585 4060 invidiam?
1611 4006 1820 4074 Ignorat
1845 4007 2075 4073 quidem,
2245 4004 2595 4073 Hieronymus
2619 4005 2673 4058 in
2706 4006 2842 4061 libro
2862 4023 2920 4059 ιιι
2951 4007 3004 4061 In
3032 4008 3197 4076 Epist.
3222 4011 3289 4063 ad
3315 4009 3549 4076 Galatas,
3578 4028 3695 4081 cap.

553 4102 614 4147 ut
648 4093 797 4157 dicis,
834 4108 1032 4148 nemo:
1072 4108 1175 4147 non
1222 4101 1397 4147 tamen
1451 4091 1607 4148 sicuti
1653 4093 2074 4156 fornicationem,
2176 4108 2246 4145 v:
2285 4110 2303 4141 ι
2344 4091 2480 4160 Ergo
2502 4092 2554 4144 in
2603 4093 2778 4163 anima
2813 4094 2866 4147 in
2909 4110 3013 4163 qua
3058 4082 3333 4163 peccatum
3382 4101 3696 4167 regnaverit,

551 4181 980 4235 ant'adulterium
1009 4181 1411 4233 abominandam
1456 4182 1672 4235 ducunt.
1702 4180 1854 4246 Quod
1878 4190 1937 4234 ut
1964 4197 2077 4235 ere-
2182 4194 2286 4232 non
2310 4188 2486 4247 potest
2510 4180 2602 4233 Dei
2649 4195 2870 4250 regnare
2892 4198 3129 4251 regnum.
3174 4182 3302 4248 Quae
3325 4186 3457 4238 enim
3489 4190 3702 4255 partici-

552 4271 665 4331 das,
725 4281 919 4346 quaeso,
960 4267 1046 4321 dic
1088 4268 1217 4320 mihi
1247 4285 1259 4319 :
1290 4268 1499 4336 quando
1556 4268 1854 4336 quisquiam
1897 4282 2076 4323 amare
2174 4267 2312 4334 patio
2336 4266 2559 4334 justitice
2584 4275 2630 4319 et
2658 4262 2917 4337 iniquitati
2943 4271 2967 4322 Ρ
2993 4269 3118 4335 Quae
3141 4273 3548 4347 communicatio
3573 4275 3703 4329 lucis

550 4356 712 4419 flevit,
741 4343 1072 4422 quoniamin
1125 4353 1373 4408 invidiam
1407 4354 1583 4423 lapsus
1621 4356 1809 4408 esset?
1856 4353 2075 4421 Quando
2174 4354 2242 4407 ad
2269 4356 2544 4409 tenebras?
2574 4357 2677 4421 Qui
2722 4373 3008 4413 consensus
3056 4359 3265 4414 Christo
3311 4370 3366 4415 et
3401 4343 3613 4416 BéIiil‘l‘?
3634 4364 3701 4418 Et

551 4448 720 4499 Deum
746 4446 936 4514 aliquis
986 4440 1272 4513 propitium
1327 4460 1441 4498 esse
1462 4445 1562 4498 sibi
1606 4444 1796 4508 oravit,
1826 4446 2073 4513 quoniam
2104 4486 2154 4545 υ
2174 4450 2420 4545 putamus
2452 4458 2548 4497 nos
2589 4454 2805 4513 regnum
2834 4445 2927 4499 Dei
2969 4446 3239 4514 consequi,
3273 4449 3317 4501 si
3349 4464 3376 4501 a
3405 4448 3702 4506 fornicatio-

554 4536 751 4589 invidia
778 4542 1061 4603 peccasset.
1100 4534 1263 4587 Nemo
1296 4543 1441 4588 certe
1485 4551 1731 4603 unquam.
1764 4535 1867 4589 Sed
1893 4552 2074 4604 quam-
2104 4526 2152 4545 "
2179 4543 2266 4593 ne,
2320 4526 2630 4593 idololatria,
2667 4538 2721 4583 et
2742 4531 3009 4586 veneficiis
3058 4534 3316 4588 immunes
3345 4536 3530 4590 simus.
3562 4538 3699 4594 Ecce

553 4624 635 4675 vis
661 4622 902 4673 omnibus
917 4621 1231 4676 invidentior
1256 4622 1555 4675 hominibus
1579 4623 1665 4685 sit,
1686 4621 1884 4691 jejunio
1903 4631 2072 4677 tamen

2176 4617 2485 4681 inimicitiae,
2513 4618 2801 4682 contentio,
2836 4619 2934 4683 ira,
2984 4620 3116 4683 rixa,
3166 4620 3440 4686 dissensio,
3468 4626 3697 4681 ebrietas

554 4708 754 4776 aliquo,
782 4714 873 4759 aut
894 4719 1058 4773 parvo
1091 4715 1308 4775 argento
1335 4708 1650 4774 pauperibus
1691 4709 1815 4761 dato
1839 4695 2073 4763 effecisse
2173 4718 2382 4772 quoque
2408 4713 2462 4757 et
2489 4713 2675 4759 amem
2706 4720 2822 4772 qua?
2841 4708 3000 4773 parva
3027 4707 3366 4772 arbitramur,
3411 4710 3698 4765 excludunt

555 4795 738 4855 credit,
770 4802 828 4847 ut
860 4793 989 4845 nihil
1013 4793 1132 4845 mali
1182 4793 1507 4847 cornmisisse
1552 4796 1811 4857 videatur,
1842 4811 1959 4849 eum
1990 4805 2071 4850 ta-
2174 4808 2269 4846 nos
2300 4808 2327 4843 a
2362 4806 2521 4860 regno
2549 4792 2661 4847 Dei.
2687 4791 2795 4845 Nec
2826 4790 2987 4846 refert
3037 4808 3142 4846 uno
3173 4794 3290 4861 quis
3312 4808 3342 4847 a
3368 4794 3694 4851 beatitudine

555 4894 676 4931 men
702 4878 932 4930 omnium
975 4878 1201 4944 pessima
1247 4885 1402 4944 atque
1434 4878 1805 4932 scelestissima
1834 4882 2072 4948 passione
2171 4881 2496 4940 excludatur,
2528 4895 2593 4932 an
2617 4880 2852 4948 pluribus
2878 4899 2891 4932 :
2922 4893 3039 4934 cum
3061 4883 3234 4934 omnia
3263 4872 3693 4940 similitcrcxclu-

556 4975 793 5020 vexetur.
835 4985 852 5015 ι
884 4964 1023 5017 Idem
1051 4964 1107 5019 S.
1157 4962 1561 5033 Chrysostomus
1613 4967 1677 5019 de
1725 4968 1992 5022 iracundia
2024 4979 2076 5022 et
2173 4971 2314 5023 dant.
2357 4989 2375 5019 ι
2418 4968 2482 5020 Et
2510 4969 2562 5021 in
2594 4970 2705 5022 haec
2728 4970 2885 5023 verba
2919 4969 3160 5037 Epistolze
3207 4970 3535 5037 posterioris,
3572 4988 3687 5043 cap.

557 5052 869 5120 iuramentis
890 5059 1113 5105 testatur
1140 5054 1191 5105 in
1223 5052 1434 5105 homilia
1463 5053 1526 5106 de
1573 5053 1837 5107 simultate
1862 5070 1953 5107 seu
1975 5056 2072 5111 ira;
2172 5070 2266 5106 xm
2291 5068 2305 5106 :
2334 5054 2504 5106 Timeo
2531 5057 2661 5107 cnim
2693 5072 2753 5107 ne
2780 5055 2909 5121 forte
2928 5071 3044 5107 cum
3070 5070 3246 5107 venero
3269 5072 3369 5109 non
3390 5059 3564 5126 quales
3580 5059 3688 5112 volo

565 5160 583 5188 ι
616 5139 683 5193 Ut
716 5139 877 5201 enim,
906 5139 1091 5206 inquit,
1132 5138 1474 5191 fornicantem
1522 5139 2074 5208 blasphemantemquc
2170 5142 2420 5193 inveniam
2471 5157 2576 5206 vos,
2602 5151 2648 5195 et
2689 5134 2778 5210 ego
2826 5142 3057 5195 inveniar
3092 5159 3122 5194 a
3155 5143 3290 5195 vobis
3347 5142 3548 5211 qualem
3589 5161 3686 5198 non

559 5225 875 5293 impossibile
908 5234 990 5279 est
1038 5241 1201 5278 sacra:
1253 5238 1449 5278 mensae
1491 5224 1797 5292 participem
1833 5226 1966 5289 fieri,
1999 5226 2068 5277 ita
2171 5229 2342 5292 vultis,
2374 5245 2434 5281 ne
2460 5229 2590 5296 forte
2623 5218 2987 5294 contentiones,
3041 5229 3412 5296 wmulaliones,
3443 5234 3687 5287 animosi-

559 5326 765 5380 quoque
788 5313 876 5379 qui
901 5312 1199 5365 inimicitias
1223 5313 1380 5376 fovet,
1407 5320 1497 5365 aut
1524 5314 1575 5365 in
1597 5313 1675 5366 ira
1700 5314 1936 5380 pertinax
1970 5324 2069 5377 est,
2168 5328 2315 5379 tates,
2345 5318 2699 5382 dissensiones,
2740 5319 3093 5381 detractiones,
3118 5322 3513 5386 susurrationes,
3536 5324 3687 5390 inﬂa-

560 5416 660 5453 non
689 5407 861 5468 potest
889 5399 989 5453 frui
1041 5408 1217 5453 sancta
1252 5400 1636 5454 communione.
1692 5400 1869 5469 Neque
1896 5402 1946 5454 id
1976 5402 2073 5453 im—
2168 5404 2350 5468 tiones,
2396 5406 2666 5460 seditiones
2710 5408 2813 5459 sint
2846 5408 2979 5459 inter
3012 5422 3114 5458 vos.
3164 5424 3183 5456 ι
3228 5407 3449 5475 Propter
3492 5406 3685 5466 haecsc

561 5488 781 5539 merito:
813 5487 901 5553 qui
930 5487 1067 5539 enim
1112 5488 1480 5540 meretricatus
1502 5497 1601 5549 est,
1644 5496 1735 5540 aut
1757 5488 2067 5542 adulterium
2169 5489 2374 5545 dicebat
2408 5493 2739 5547 severissime
2789 5493 3072 5547 vindicare.
3122 5492 3252 5557 Quid
3285 5494 3498 5558 faceret,
3520 5498 3565 5550 si
3593 5514 3683 5551 no-

562 5573 839 5633 eommisit,
869 5573 1023 5627 simul
1047 5581 1103 5625 ut
1130 5574 1358 5625 animum
1391 5574 1636 5639 explevit,
1665 5575 1821 5628 linem
1854 5584 2070 5642 peccato
2169 5588 2292 5631 stris
2322 5580 2639 5646 temporibus
2673 5579 2966 5642 adveniret,
2987 5580 3195 5646 quibus,
3230 5579 3294 5633 ad
3336 5575 3681 5649 comparatio-

562 5660 834 5726 imposuit;
861 5661 997 5727 quod
1043 5660 1085 5711 si
1121 5659 1429 5725 resipiscens
1482 5676 1538 5713 se
1581 5676 1608 5712 τι
1636 5660 1783 5728 lapsu
1839 5663 2067 5717 excitare
2166 5681 2281 5717 nom
2335 5665 2552 5720 aliorum
2603 5668 2897 5730 criminum,
2935 5668 3033 5720 ista
3063 5682 3127 5719 ne
3167 5676 3417 5734 putantur
3468 5671 3675 5739 quidem

2834 5784 2879 5799 ᾗ
