3974 6410
243 480 372 534 1205

1060 481 1144 532 ΑΒ
1183 481 1344 534 ΟΜΝΙ
1386 479 1741 533 NOVITATIS
1781 480 2171 537 SILSI’lClONE
2215 480 2585 536 \‘l-NDICATA.

3281 481 3409 536 tibi;

235 603 356 648 esse
380 598 617 657 peccata.
657 609 676 640 ›
721 589 841 643 ιιωε
898 589 1026 642 falsa
1072 591 1342 658 persuasio
1390 591 1570 658 procul
1613 590 1769 642 dubio
1799 592 1841 646 Α
1874 591 2086 644 utinime
2117 593 2458 660 largiebatur,
2507 600 2780 643 contentus
2803 594 2908 643 suis
2964 596 3190 660 propriis
3229 597 3407 656 rebus,

239 684 363 730 nata
389 685 522 740 crat,
550 692 616 729 ex
644 690 708 729 eo
734 677 874 744 quod
911 677 1012 730 ista
1037 686 1252 745 peccata
1277 693 1393 744 qua:
1424 677 1543 729 licet
1589 676 1768 729 exclu-

239 766 367 818 dant
390 783 417 819 a
444 779 607 835 regno
634 766 751 830 Dei,
779 781 882 819 non
908 774 1078 819 tamen
1103 766 1305 833 publica
1335 774 1387 817 et
1421 766 1581 818 ardua
1609 765 1766 832 poeni-

237 855 423 918 tentia,
479 855 572 908 sed
632 854 752 908 aliis
798 855 1045 909 remediis
1097 853 1360 906 facillimis
1411 854 1585 906 curari
1633 853 1767 906 sole-

240 950 377 995 rent.
471 1014 473 1016 η

307 1030 648 1098 Augustinus,
680 1030 817 1084 libro
844 1031 907 1083 de
942 1030 1065 1082 Fide.
1090 1039 1141 1081 et
1188 1028 1467 1096 Oper-ibus,
1517 1045 1630 1096 cap.
1670 1029 1766 1080 19:

243 1136 262 1168 ι
299 1120 400 1184 Qui
450 1129 625 1172 autem
660 1120 944 1186 opinantur
985 1127 1037 1170 ct
1089 1128 1275 1172 ctetera
1321 1117 1666 1184 eleemosynis
1695 1114 1771 1166 fa-

237 1207 337 1259 cile
367 1206 720 1274 compensari,
755 1206 852 1258 tria
897 1214 1070 1258 tamen
1113 1219 1230 1258 esse
1276 1221 1379 1257 non
1409 1204 1650 1256 dubitant
1683 1217 1772 1254 ex-

237 1295 713 1348 eommuuicatione
741 1293 1021 1360 punienda,
1058 1293 1226 1346 donec
1253 1293 1564 1360 pmnitentia
1596 1293 1771 1345 humi-

239 1382 372 1435 liore
402 1379 674 1444 sanentur,
702 1381 1104 1447 impudicitiam,
1151 1380 1520 1440 idololatriam,
1555 1376 1773 1432 homici-

236 1468 402 1520 dium.
440 1467 618 1537 Neque
641 1469 779 1521 enim
825 1484 963 1521 nunc
989 1483 1121 1536 opus
1141 1477 1220 1518 est
1248 1481 1482 1535 quzerere
1509 1466 1678 1533 qualis
1707 1467 1774 1519 sit

236 1573 421 1610 corum
451 1558 552 1610 ista
575 1557 858 1620 sententia,
880 1563 941 1609 'et
969 1567 1143 1608 utrum
1165 1556 1470 1624 corrigenda
1500 1570 1564 1606 an
1588 1570 1771 1623 appro-

236 1645 430 1706 banda,
489 1660 554 1698 ne
602 1660 735 1713 opus
779 1652 1081 1712 susceptura
1135 1643 1407 1695 mittamus
1443 1643 1493 1694 in
1537 1641 1769 1711 longum,

238 1741 342 1785 etc.
385 1752 404 1783 ι
436 1732 545 1785 Etsi
583 1741 797 1787 sanctus
825 1732 1146 1802 Augustinus
1175 1732 1299 1784 alibi
1336 1731 1576 1783 videatur
1599 1732 1773 1784 dicere

213 1821 414 1874 omnia
440 1821 660 1874 crimina
706 1822 876 1887 poenis
921 1821 1142 1888 publica:
1176 1821 1496 1888 pmnitentia:
1547 1819 1769 1872 obnoxia

234 1925 372 1972 esse,
401 1911 491 1964 sed
521 1909 791 1976 requisitis
813 1909 992 1961 multis
1037 1909 1439 1969 conditionilms,
1470 1924 1600 1976 quas
1638 1907 1771 1960 infra

237 2000 525 2053 referemus
553 2019 564 2051 :
599 2015 737 2052 nunc
775 2011 946 2052 tamen
981 2007 1202 2051 testatur
1230 1998 1405 2064 plures
1433 2012 1546 2049 esse
1599 1997 1648 2047 in
1679 1997 1772 2049 lic-

232 2088 394 2141 clesia
435 2089 544 2155 qui,
575 2089 687 2141 sine
709 2087 867 2140 dubio
923 2087 1108 2140 iisdem
1162 2086 1452 2138 rationibus
1497 2085 1622 2136 moti
1656 2084 1773 2150 qui-

235 2178 335 2230 bus
367 2177 712 2228 movebantur
769 2175 968 2241 antiqui
1021 2174 1226 2235 Patres,
1279 2184 1332 2225 et
1362 2173 1501 2225 inter
1550 2180 1773 2224 czeteros

233 2272 450 2317 sanctus
475 2263 738 2316 Paciamts
760 2271 813 2314 et
843 2261 1128 2330 Gregorius
1175 2258 1457 2329 Nysseuus,
1503 2259 1772 2312 existima-

234 2352 364 2405 bant
395 2352 507 2404 haec
539 2351 642 2403 tria
671 2351 913 2410 crimina,
965 2347 1368 2416 impudicitiam,
1399 2346 1768 2405 idololatrian],

234 2439 600 2499 homicidium,
654 2437 762 2490 sola
808 2453 923 2490 esse
963 2452 1078 2504 quae
1116 2434 1410 2488 humilioris
1451 2433 1772 2501 puniitentia:

233 2527 482 2580 remediis
513 2526 825 2594 indigerent,
847 2539 966 2578 cum
994 2532 1183 2576 czetera
1212 2522 1556 2590 clcemosynis
1584 2529 1637 2573 et
1659 2520 1774 2571 aliis

231 2610 492 2680 ejusmodi
515 2611 665 2665 facile
687 2610 1016 2678 compcnsari
1039 2618 1270 2677 possent.

301 2701 591 2764 Postremo,
648 2708 706 2752 ut
756 2699 966 2752 traditio
999 2697 1214 2750 Patrum
1266 2695 1552 2748 deducatur
1607 2709 1771 2760 usque

230 2793 295 2844 ad
331 2791 689 2854 Theodorum,
723 2788 991 2859 egregium
1019 2787 1172 2855 Eligii
1200 2785 1430 2853 episcopi
1464 2785 1775 2837 Noviumeu-

230 2879 307 2933 sis
357 2879 716 2932 testimonium
762 2875 1029 2944 proferam
1054 2890 1120 2930 ex
1145 2874 1359 2928 homilia
1391 2875 1454 2925 lli
1487 2892 1498 2924 :
1539 2891 1556 2922 ι
1594 2873 1772 2926 Ρωιιί-

231 2969 395 3020 tentia
445 2975 623 3019 autem
677 2965 762 3017 illa
791 2974 870 3018 cst
899 2979 1042 3025 vera,
1074 2975 1128 3016 ut
1156 2965 1261 3031 jam
1294 2962 1518 3029 amplius
1567 2977 1670 3013 non
1701 2959 1775 3011 fa-

229 3060 339 3108 ciat
359 3057 517 3110 homo
547 3055 681 3108 mala
708 3067 825 3122 qua:
854 3054 1037 3121 gessit,
1067 3053 1155 3105 sed
1187 3053 1250 3104 de
1303 3049 1581 3117 praeteritis
1609 3049 1776 3116 [νωιιὶ-

232 3153 339 3195 teat
361 3143 501 3195 etde
528 3141 718 3194 futuris
742 3149 947 3204 caveat,
979 3155 1072 3193 nec
1109 3139 1173 3191 ad
1226 3140 1335 3206 ipsa
1368 3138 1554 3189 iterum
1588 3151 1766 3188 rever-

231 3240 393 3282 tatur.
425 3230 490 3283 Et
524 3231 663 3294 ideo,
696 3229 1014 3291 charissimi,
1039 3227 1189 3292 juxta
1235 3226 1526 3279 Psalmistae
1551 3229 1733 3277 vocem
1759 3241 1772 3286 ;
1800 3193 1847 3254 ο

231 3308 559 3370 declinemus
588 3331 617 3368 a
648 3315 786 3367 malo
837 3323 892 3366 et
924 3313 1182 3368 faciamus
1210 3313 1403 3364 bonum
1431 3328 1442 3362 :
1472 3320 1526 3363 et
1557 3318 1611 3362 ut
1640 3312 1775 3363 scire

229 3405 443 3474 possitis
488 3403 751 3471 quomodo
785 3401 837 3456 id
884 3403 995 3455 fieri
1029 3411 1284 3470 oporteat,
1337 3400 1513 3453 audite
1541 3415 1658 3466 quae.
1693 3399 1773 3450 di-

231 3495 366 3546 cturi
395 3509 577 3547 smnus
606 3493 880 3545 attentius.
914 3491 1224 3557 Quicunque
1277 3490 1533 3556 superbus
1563 3487 1660 3541 fuit
1687 3495 1777 3539 aut

231 3585 425 3647 elatus,
457 3584 711 3650 reprimat
764 3582 1062 3649 superbiam
1095 3594 1266 3642 suam,
1290 3587 1343 3631 et
1369 3579 1434 3631 sit
1487 3577 1701 3630 humilis
1725 3587 1776 3629 ct

233 3674 452 3741 simplex
484 3690 497 3733 ;
536 3673 658 3739 quia
689 3670 825 3723 Deus
865 3668 1094 3737 superbis
1132 3668 1338 3729 resistit,
1376 3665 1650 3718 humilibus
1677 3680 1772 3716 au-

232 3771 331 3814 tem
357 3761 445 3812 dat
480 3761 716 3828 gratiam.
754 3757 855 3822 Qui
900 3764 1018 3810 erat
1044 3755 1348 3817 iraeumlus,
1381 3754 1483 3817 vel,
1515 3755 1657 3821 quod
1694 3763 1774 3805 est

234 3849 487 3908 deterius,
519 3846 832 3901 furibundus
860 3853 914 3896 et
940 3843 1139 3906 minax,
1169 3851 1446 3910 protervus
1464 3849 1622 3908 atque
1649 3855 1771 3894 cru-

234 3935 384 3997 delis,
415 3941 716 4001 compescat
748 3930 1020 3985 saevitiam
1049 3944 1196 3982 suam
1250 3938 1302 3980 et
1329 3929 1520 3983 mentis
1547 3927 1773 3981 crudeli-

237 4033 420 4085 tatem,
453 4029 506 4074 et
529 4021 600 4074 sit
627 4019 853 4087 patiens,
889 4015 1036 4070 mitis
1059 4022 1216 4082 atque
1257 4014 1668 4094 pius,'quoniam
1694 4013 1770 4065 ira

235 4115 334 4166 viri
361 4111 625 4180 justitiam
655 4108 750 4162 Dei
799 4122 902 4160 non
930 4115 1182 4174 Operatur
1208 4121 1222 4165 ;
1253 4113 1306 4156 et
1345 4104 1542 4171 absque
1570 4103 1772 4171 patien-

236 4206 307 4258 tia
339 4212 393 4256 et
418 4202 613 4269 pietate
633 4211 852 4267 regnum
871 4196 964 4249 Dei
984 4194 1234 4260 consequi
1265 4208 1420 4260 nemo
1445 4201 1638 4260 potest.
1669 4192 1768 4257 Qui

236 4291 335 4343 fuit
361 4295 631 4357 grassator
682 4285 821 4337 idem
875 4280 1130 4343 carnifex,
1186 4281 1314 4341 sive,
1359 4282 1494 4346 quod
1521 4287 1602 4333 est
1629 4281 1772 4334 dete-

238 4385 368 4444 rius,
396 4379 682 4440 homicida,
712 4389 997 4429 conversus
1025 4381 1146 4441 agat
1175 4372 1384 4438 dignam
1408 4371 1769 4437 pauitantiam

234 4480 288 4524 et
311 4471 380 4523 sit
405 4474 710 4520 mansuetus
738 4473 790 4516 et
819 4464 934 4532 pius
962 4479 973 4514 ε
1012 4463 1259 4527 quoniam
1302 4461 1438 4512 sicut
1472 4458 1766 4522 homicidae,

236 4558 336 4612 nisi
367 4556 582 4625 dignam
633 4553 837 4620 egerint
884 4549 1269 4618 pmniteutiam,
1320 4548 1481 4599 vitam
1518 4556 1766 4599 mternam

238 4645 488 4713 consequi
517 4657 622 4695 non
651 4647 892 4709 possunt,
932 4639 1004 4690 ita
1034 4652 1130 4689 nec
1155 4644 1502 4702 grassatores,
1537 4635 1622 4701 qui
1655 4635 1768 4686 sine

235 4738 432 4807 pietate
485 4733 797 4786 miserorum
853 4728 1086 4780 membra
1117 4726 1370 4778 dilaniant
1413 4726 1520 4774 sive
1551 4724 1764 4774 detrun-

237 4832 379 4880 cant.
418 4821 518 4886 Qui
572 4825 690 4871 erat
738 4816 945 4870 invidus
977 4815 1085 4866 sive
1144 4811 1376 4872 odiosus,
1431 4825 1714 4863 conversus
1737 4828 1764 4862 a

237 4911 435 4966 malitia
463 4922 581 4970 sua,
629 4906 699 4958 sit
739 4904 996 4970 benignus
1041 4908 1194 4966 atque
1246 4899 1562 4961 misericors,
1599 4899 1766 4952 discat

237 5000 452 5066 diligere
479 4979 693 5046 fratrem
721 5004 870 5043 suum
899 5002 1052 5054 quem
1076 4987 1220 5052 prius
1239 4986 1361 5036 odio
1391 4985 1635 5037 habebat.
1664 4986 1762 5048 Qui

239 5087 335 5138 fuit
360 5082 648 5137 fornicator
671 5094 760 5129 aut
795 5073 996 5129 adulter
1029 5088 1119 5125 seu
1150 5073 1404 5130 incestus,
1438 5071 1759 5132 immundus,

239 5185 523 5228 conversus
574 5174 695 5235 agat
721 5161 1104 5233 paenitentiam,
1158 5167 1210 5210 ct
1238 5159 1482 5224 deinceps
1515 5158 1653 5210 vivat
1683 5175 1764 5209 so-

237 5261 348 5312 brie
396 5267 557 5324 atque
583 5253 932 5312 continenter,
961 5256 1061 5300 etc.
1095 5245 1193 5310 Qui
1213 5253 1326 5297 crat
1354 5259 1555 5305 scurra,
1584 5243 1634 5294 id
1662 5253 1762 5303 est,

241 5349 468 5401 minatur
499 5343 673 5410 turpia
699 5345 909 5392 sectans
933 5343 987 5387 et
1012 5332 1279 5386 immunda
1334 5331 1570 5396 loquens,
1598 5331 1764 5381 corri~

238 5444 326 5505 gat
357 5430 721 5495 semetipsum,
747 5434 800 5478 et
825 5425 1030 5478 desinat
1065 5435 1182 5473 esse
1226 5419 1364 5485 quod
1416 5416 1513 5469 fuit
1548 5434 1557 5466 :
1597 5416 1763 5468 discat

239 5503 430 5578 bonum
455 5516 617 5585 loqui,
651 5514 740 5583 qui
763 5511 907 5580 prius
936 5525 1065 5563 vana
1089 5516 1142 5562 et
1175 5507 1345 5573 turpia
1372 5503 1630 5572 loquendo
1657 5509 1762 5556 tam

239 5628 293 5664 St:
318 5624 478 5675 quam
517 5603 784 5655 auditores
809 5615 930 5651 suos
957 5595 1265 5650 maculabat.
1299 5594 1396 5656 Qui
1433 5601 1546 5645 crat
1571 5605 1763 5642 avarus

240 5711 322 5753 aut
355 5709 534 5756 tenax,
589 5692 638 5743 id
690 5697 789 5750 cst,
817 5689 902 5755 qui
943 5687 1108 5737 aliena
1162 5682 1418 5749 cupiebat,
1465 5691 1513 5732 ct
1551 5681 1634 5746 qui
1671 5696 1761 5730 sua

1871 677 1940 728 sit
1972 677 2145 745 largus
2173 687 2227 730 et
2253 677 2519 731 beneficus
2547 693 2559 729 :
2591 677 2642 731 id
2668 686 2766 740 est,
2819 679 2987 732 aliena
3026 696 3129 734 non
3157 682 3406 750 concupi-

1871 775 2002 829 scat,
2029 783 2131 820 non
2179 769 2371 835 rapiat,
2407 782 2507 820 non
2557 768 2844 832 fraudetur,
2893 779 2943 822 et
2997 772 3305 837 inquantnm
3331 774 3406 825 vi-

1871 870 1956 908 res
1988 855 2036 906 ei
2065 864 2367 923 suppetunt,
2418 860 2673 924 porrigat.
2711 857 2812 920 Qui
2836 860 3111 926 furaimtur
3150 861 3264 929 jam
3307 877 3406 914 non

1871 943 2091 1008 furatur,
2147 943 2238 996 sed
2273 945 2432 1010 magis
2482 943 2673 994 laboret
2727 947 2983 1012 operando
3037 949 3268 1000 munibus
3301 952 3406 1000 suis

1869 1032 2214 1098 quodlbonum
2239 1043 2330 1095 est,
2359 1043 2411 1084 ut
2441 1033 2618 1084 habent
2647 1036 2779 1085 unde
2818 1035 3006 1087 tribuat
3059 1039 3406 1101 necessitatem

1869 1112 2098 1185 patienti.
2168 1119 2264 1184 Qui
2315 1131 2426 1172 erat
2479 1131 2815 1181 comessator,
2857 1122 3046 1186 idest,
3102 1124 3266 1192 glutto
3317 1136 3408 1177 aut

1871 1209 2129 1271 ebriosus,
2154 1210 2222 1261 sit
2247 1225 2438 1276 parcus
2468 1219 2520 1261 et
2548 1211 2773 1262 sobrius.
2803 1210 2901 1274 Qui
2922 1224 3266 1265 consueverat
3287 1230 3410 1280 pro--

1870 1307 1989 1366 pter
2018 1299 2298 1351 lmmanam
2323 1297 2512 1350 famam
2538 1300 2818 1352 indiscrete
2855 1315 2940 1352 res
2971 1285 3092 1353 suas
3122 1302 3171 1353 in
3210 1303 3330 1354 cibo
3354 1312 3403 1355 et

1871 1397 1996 1453 potu
2049 1385 2306 1454 superflue
2356 1385 2643 1449 effundere,
2689 1386 2857 1440 discat
2910 1389 3292 1442 rationabiliter
3316 1405 3407 1440 eas

1872 1476 2176 1543 dispensare
2200 1493 2214 1540 ;
2244 1477 2492 1543 quoniam
2520 1477 2655 1529 sicut
2677 1477 2998 1531 abominatio
3040 1488 3120 1531 est
3144 1480 3278 1546 apud
3304 1479 3405 1530 Da-

1874 1565 2071 1616 minnm
2127 1565 2370 1626 avaritia,
2401 1565 2451 1617 id
2496 1573 2577 1617 cst
2610 1566 2881 1628 tenacitas,
2910 1567 2979 1617 ita
3026 1575 3298 1632 peccatum
3325 1576 3405 1617 est

1874 1652 2160 1705 indiscreta
2205 1651 2392 1704 effusio
2415 1658 2434 1702 ’τ
2471 1668 2565 1704 nee
2613 1660 2824 1706 tenaces
2865 1653 3004 1705 enim
3035 1667 3129 1706 nos
3152 1668 3268 1705 esse
3295 1654 3404 1705 vult

1875 1741 2031 1803 Deus,
2058 1755 2155 1793 nec
2181 1739 2445 1808 prodigos,
2475 1740 2525 1790 id
2553 1749 2635 1792 est
2679 1740 2891 1793 ellusos.
2923 1740 3019 1804 Qui
3046 1747 3157 1792 erat
3183 1739 3404 1792 mendax

1875 1839 1966 1883 aut
1999 1829 2262 1890 falsarius,
2294 1829 2523 1896 corrigat
2551 1828 2744 1880 malum
2788 1843 2961 1889 suum,
3010 1835 3062 1879 ct
3092 1836 3262 1879 cesset
3289 1840 3405 1878 esse

1875 1919 2046 1986 qualis
2071 1916 2188 1979 fuit,
2228 1918 2402 1984 sitque
2424 1924 2630 1966 amator
2652 1915 2888 1966 veritatis
2911 1924 2964 1966 et
2993 1913 3339 1965 rectitudinis.
3379 1931 3396 1960 ι

1873 2007 1964 2060 Sic
1991 2006 2226 2072 exceptis
2258 2005 2567 2057 criminibus
2614 2003 2875 2062 adulterii,
2906 2001 3193 2061 homicidii,
3216 2009 3268 2053 et
3289 2001 3404 2052 aliis

1871 2096 2059 2162 quibus
2106 2095 2260 2161 digna
2316 2093 2944 2159 competit-pmnitentia,
2993 2091 3160 2158 qualis
3207 2100 3326 2143 tunc
3351 2080 3428 2141 iu-

1874 2185 2106 2237 Ecclesia
2138 2182 2344 2250 publice
2393 2182 2506 2247 agel
2531 2188 2669 2241 atur,
2709 2187 2934 2232 testatur
2968 2187 3181 2230 sanctus
3209 2178 3408 2243 Eligins

1872 2285 2060 2327 cretera
2084 2282 2321 2340 peccata,
2353 2272 2514 2324 veluti
2539 2269 2816 2337 superbiae,
2865 2267 3146 2319 iracunlia:
3175 2275 3227 2318 ct
3261 2267 3398 2318 sevi-

1873 2365 1978 2422 ti.t-,
2015 2378 2131 2429 qua:
2190 2361 2475 2413 excludunt
2503 2375 2531 2409 a
2559 2373 2717 2423 regno
2763 2357 2892 2413 Dci:
2947 2356 3150 2407 iutilia:
3198 2365 3247 2407 et
3275 2353 3402 2412 odii,

1873 2451 2034 2502 animi
2081 2449 2250 2516 turpia
2285 2456 2335 2500 et
2368 2446 2635 2498 immunda
2687 2445 2957 2504 sectantis,
3013 2443 3243 2494 uraritiw
3293 2457 3404 2508 quu-

1874 2552 1943 2591 est
1994 2538 2247 2589 idolorum
2305 2536 2537 2595 scrritus,
2597 2534 2887 2592 ebrietatis,
2937 2531 3322 2599 prodigalitatis
3356 2538 3409 2581 ct

1875 2626 2156 2687 tnetnlacii,
2192 2625 2309 2677 aliis
2341 2623 2586 2676 remediis
2616 2622 2765 2675 facile
2791 2622 2982 2674 curari.

1945 2738 2076 2789 lline
2108 2745 2318 2789 constat
2359 2750 2461 2787 non
2495 2749 2590 2803 pro
2620 2734 2864 2786 omnibus
2889 2724 3195 2784 criminibus
3236 2729 3404 2796 publi—

1875 2828 1950 2881 cis
1977 2826 2238 2894 publicam
2259 2825 2619 2895 pmnitentiam
2655 2821 2814 2872 fuisse
2849 2819 3168 2886 impositam.
3196 2815 3252 2868 Si
3275 2830 3399 2879 ergo

1875 2921 2239 2982 argumentum
2264 2909 2312 2964 J.
2365 2910 2550 2963 Morini
2593 2910 2654 2961 de
2699 2907 3006 2958 criminilms
3057 2904 3280 2971 publicis
3325 2904 3409 2956 ni-

1875 3002 2036 3052 mium
2069 2999 2272 3066 probat,
2307 2996 2472 3048 multo
2501 2994 2666 3063 magis
2693 2995 2755 3045 de
2796 2992 3101 3044 criminibus
3143 2989 3359 3041 occultis
3388 3009 3397 3039 :

1874 3101 2102 3154 cumque
2138 3092 2505 3153 argumentum
2555 3082 2692 3149 quod
2725 3081 2880 3132 nimis
2926 3080 3126 3147 probat,
3157 3076 3302 3142 juxta
3327 3074 3402 3126 le-

1877 3192 1966 3244 ges
1997 3175 2284 3229 dialecticne
2315 3172 2441 3224 nihil
2469 3171 2692 3236 probet;
2731 3168 2955 3219 fateatur
2977 3165 3199 3231 quisque
3225 3176 3404 3214 neces-

1878 3279 1935 3314 se
1971 3271 2049 3314 est
2082 3260 2368 3313 secundum
2409 3264 2791 3324 argumentum,
2839 3268 2941 3318 quo
2974 3249 3020 3302 J.
3049 3249 3278 3301 Morinus
3304 3249 3407 3298 nti-

1875 3361 1959 3404 tur
1993 3349 2056 3402 ad
2112 3345 2581 3401 demonstrandum
2631 3343 2896 3408 antiquam
2952 3337 3196 3391 Ecclesim
3244 3334 3402 3386 fuisse

1874 3437 2082 3504 praxim
2115 3434 2178 3486 de
2204 3433 2516 3486 criminibus
2567 3427 2788 3481 occultis
2844 3425 3047 3493 publice
3094 3420 3403 3492 pcenitcndi,

1875 3525 2068 3577 nullius
2093 3538 2211 3576 esse
2239 3520 2508 3574 momenti.

2450 3669 2668 3722 CAPUT
2705 3667 2806 3720 \‘ll.

1874 3811 2097 3864 Tertium
2151 3813 2504 3877 argumentum
2529 3804 2606 3877 J._
2626 3802 2817 3877 Morini
2853 3799 3099 3877 refellitur
3129 3811 3146 3848 :
3175 3807 3222 3851 et
3249 3812 3401 3865 expo-

2233 3877 2377 3927 nitur’
2393 3872 2662 3940 Augustini
2691 3871 3052 3923 testimonium.

1946 4025 1963 4054 ι
2006 4004 2261 4065 Tertium,
2315 4000 2485 4067 inquit
2540 3997 2587 4051 J.
2646 3997 2896 4058 Moriuus,
2935 3995 2978 4048 si
3017 3993 3239 4047 crimina
3276 3994 3396 4059 quis

1871 4103 2055 4163 sponte
2078 4090 2437 4150 enuntiasset,
2466 4087 2651 4140 minori
2686 4094 2921 4153 tempore
2947 4085 2996 4135 in
3026 4082 3396 4141 substrationc,

1871 4181 2154 4240 auditione,
2178 4185 2304 4238 etc.,
2342 4180 2808 4232 commoraturum,
2857 4186 3012 4237 quam
3050 4169 3092 4221 si
3120 4175 3397 4221 accusatus

1869 4276 1921 4319 ct
1949 4265 2221 4319 convictus
2283 4269 2440 4315 esset.
2480 4261 2722 4326 Plerique
2774 4259 2913 4311 enim
2963 4271 3190 4310 canones
3213 4264 3264 4308 et
3298 4255 3395 4308 Pa-

1871 4360 2009 4403 trum
2056 4352 2305 4417 pleraque
2329 4350 2469 4403 dicta
2500 4350 2634 4401 hanc
2665 4348 2833 4415 legem
2869 4348 2976 4400 rcis
3005 4345 3281 4398 criminum
3318 4345 3396 4395 di-

1871 4449 2034 4502 ctant,
2065 4438 2212 4505 cujus
2260 4438 2335 4490 rei
2365 4437 2665 4490 testimonia
2716 4435 2878 4488 multa
2929 4435 3104 4501 legere
3128 4439 3277 4500 potes
3299 4431 3392 4483 lib.

1870 4546 1929 4590 ιι,
1960 4543 2006 4581 c.
2033 4533 2082 4578 t5.
2123 4527 2178 4578 Si
2213 4525 2436 4578 crimina
2486 4539 2646 4592 ponas
2693 4522 2898 4589 publica
2951 4534 3045 4588 pro
3068 4519 3243 4585 specie
3266 4517 3394 4568 ista-

1869 4634 1982 4670 rum
2015 4617 2182 4685 lcgum
2213 4615 2558 4681 explananda,
2583 4627 2697 4679 quae
2732 4612 2865 4663 ratio
2893 4609 3015 4676 tingi
3042 4614 3214 4673 potest
3237 4605 3386 4656 istius

1868 4703 2306 4772 temperamenti?
2342 4701 2396 4754 Si
2431 4702 2628 4754 crimen
2655 4699 2918 4766 publicum
2949 4704 3048 4755 est,
3079 4695 3188 4760 jam
3211 4693 3390 4745 convi-

1865 4795 1969 4844 ctio
1998 4804 2089 4860 per
2116 4806 2170 4843 se
2195 4789 2329 4841 facta
2365 4796 2445 4841 est
2471 4807 2482 4838 :
2523 4789 2631 4855 ipsa
2674 4785 2812 4844 facti,
2843 4793 2900 4834 ut
2926 4783 2993 4834 ita
3024 4782 3210 4840 dicam,
3238 4785 3388 4830 noto-

1869 4883 2026 4933 rietas
2069 4878 2382 4931 convictioni
2430 4873 2747 4940 :cquivaluit.
2801 4871 3009 4922 Delatus
3053 4867 3383 4932 tergiversari

1869 4985 1968 5018 nun
1993 4975 2180 5033 potest.
2215 4963 2320 5015 Imo
2351 4977 2413 5014 ne
2440 4961 2672 5014 delatore
2695 4957 2904 5026 quidem
2947 4969 3076 5024 opus
3098 4953 3252 5006 habet
3277 4953 3385 5014 epi-

1867 5068 2069 5117 scopus,
2102 5066 2217 5102 cum
2249 5057 2472 5115 ponatur
2503 5048 2699 5100 crimen
2730 5044 2992 5112 publicum
3017 5049 3071 5093 et
3103 5038 3380 5095 notarium,

1866 5139 1954 5189 sed
1983 5140 2254 5193 monitore,
2284 5148 2345 5185 ac
2372 5149 2436 5184 ne
2458 5134 2715 5185 monitore
2742 5130 2971 5197 quidem,
3023 5140 3138 5179 cum
3174 5139 3235 5175 eo
3261 5137 3381 5172 casu

1866 5228 2138 5292 episcOpus
2167 5221 2274 5274 sola
2302 5221 2534 5272 muneris
2560 5211 2840 5285 peragendi
2863 5212 3178 5266 conscientia
3207 5209 3382 5261 stimu-

1861 5314 1999 5364 latus
2034 5310 2295 5376 publicum
2345 5315 2691 5371 peecatorem,
2715 5314 2767 5356 et
2795 5301 3185 5370 resipiscentem
3217 5295 3380 5367 pumi-

1865 5398 2022 5451 tentia
2051 5395 2307 5459 castigare
2332 5392 2513 5459 possit.
2552 5411 2568 5441 ι

1931 5501 2223 5568 Responsio.
2257 5527 2322 5534 —
2360 5497 2604 5561 Quamvis
2661 5495 2847 5546 faterer
2891 5493 3086 5545 crimen
3131 5501 3246 5541 esse
3292 5500 3382 5539 oc-

1863 5589 2080 5649 cultum,
2107 5584 2231 5653 quid
2269 5583 2388 5635 inde
2428 5579 2769 5637 concluditur,
2818 5579 2858 5629 si
2884 5586 3061 5644 postea
3095 5581 3379 5639 spontanca

1864 5673 2249 5732 denuntiatione
2291 5683 2464 5721 coram
2495 5664 2753 5732 jwlicibus
2801 5663 3038 5715 Ecclesia:
3075 5661 3160 5712 liat
3207 5659 3380 5726 publi-
