3974 6466
3457 173 3648 206 ,σιμ-,ΑΕ

590 423 727 504 £9.01
1156 429 1494 483 'lllEUDOltl
1535 433 1848 489 ARCHIEP.
1887 438 2066 492 CAIv'T

2184 439 2234 489 ἃ.
2277 439 2615 492 ΒΟΟΤΗΙΝᾹ
2659 441 2742 493 DE
2783 442 3223 498 PtliivlTENTlA
3674 449 3800 504 {9.88

583 551 750 644 eam
808 548 1006 600 Veienti
1061 565 1203 601 enim
1241 566 1344 602 non
1378 551 1435 602 ﬁt
1470 551 1680 619 injuria.
1712 553 1880 607 Porro
1917 556 2015 607 ista
2056 556 2143 607 de-
2177 560 2217 612 Λ
2248 561 2339 602 aut
2361 551 2512 604 idolis
2537 556 2794 616 sel‘vicnS,
2819 566 2880 610 et
2901 559 3248 620 Caetera,'niSi
3273 561 3394 629 quia
3425 577 3540 614 eam
3568 562 3799 614 neruina-

584 638 848 734 miritiasio
880 651 998 704 qua)
1036 638 1210 691 varias
1234 641 1300 692 ob
1337 655 1529 693 causas
1565 641 1820 709 agebatur
1854 659 2032 696 coram
2057 646 2141 712 ju-
2244 640 2440 692 tionem
2465 642 2685 710 intelligi
2709 645 2873 696 voluit
2894 662 3010 712 quae
3034 646 3091 698 fit
3117 649 3167 700 in
3200 664 3518 717 quemquam
3541 666 3662 702 cum
3687 665 3800 704 sen-

583 725 787 780 dieibus
819 726 1086 791 Ecclesim,
1117 731 1407 794 praesertim
1440 746 1568 783 vero
1597 749 1662 784 ne
1685 732 1750 785 de
1779 735 2003 787 crimine
2029 733 2140 799 jam
2241 729 2405 781 tentia
2453 730 2640 782 ordine
2660 730 2947 796 judiciario
2977 743 3135 802 atque
3164 737 3468 805 integritate
3487 739 3802 806 profertur?

581 830 607 867 a
639 815 956 884 quibusdam
985 818 1195 888 cognito
1232 820 1306 872 rei
1330 822 1563 874 accusati
1591 831 1643 874 et
1670 825 1917 879 ,couvicti
1951 823 2078 889 majc

2239 815 2369 868 Nam
2402 818 2443 870 si
2472 819 2766 873 nominatio
2789 821 2897 874 sola
2927 823 3140 889 snlIicit,
3181 825 3332 878 multi
3361 827 3654 881 damnandi
3683 838 3802 881 sunt

576 907 891 1006 pu-zzitcuiia
917 910 1255 975 punirentur,
1285 928 1388 964 non
1412 922 1584 979 potest
1611 914 1776 981 accipi
1807 929 1901 981 pro
1931 915 2138 967 confes-
2237 909 2567 973 innocentes,
2603 911 2726 978 quia
2754 929 2891 980 saepe
2921 913 3054 968 falso
3079 916 3130 968 in
3158 932 3424 985 quoquam
3445 914 3680 971 crimina
3710 935 3800 972 no-

573 998 721 1048 sioae
751 1009 975 1061 secreta,
1026 1011 1432 1069 propterquam
1471 1005 1668 1058 nemini
1703 999 1936 1071 unquam
1987 1005 2135 1057 licuit
2238 998 2531 1051 "tutantur.
2570 1020 2586 1050 ι

569 1084 718 1150 insta
752 1102 984 1140 canones
1034 1090 1286 1141 mandare
1333 1092 1700 1156 ptlutitenliam
1753 1093 2041 1158 publicam,
2080 1105 2132 1143 ut
2304 1085 2648 1154 Persequitur
2670 1087 2717 1139 J.
2754 1089 3025 1146 Morinus:
3075 1113 3091 1144 ‹
3116 1083 3330 1150 Deinde
3357 1113 3579 1166 prorsus
3606 1098 3798 1166 impro-

571 1189 650 1231 tot
691 1179 906 1232 l’ttil‘uill
932 1180 1246 1233 testimoniis
1272 1197 1428 1248 supra
1459 1183 1960 1235 deuio:isti-avizuus.
1992 1184 2130 1250 Qua-
2231 1177 2405 1230 bubile
2427 1187 2507 1230 cst
2529 1194 2619 1232 eos
2649 1182 2714 1234 de
2739 1192 2958 1248 peccato
2980 1186 3192 1252 publico
3215 1196 3474 1240 secretam
3505 1204 3624 1241 esse
3640 1201 3797 1256 agen-

572 1288 627 1324 rc
660 1274 870 1324 tertium
902 1271 948 1325 J.
992 1273 1176 1324 Morini
1231 1282 1599 1341 ul‘b'JitiCJLlJlll
1653 1273 1797 1325 nullo
1849 1273 2002 1331 modo
2041 1291 2128 1325 \a-
2231 1269 3565 1340 dampmnitcntiampertinacitercontendisse,ut
3589 1285 3796 1331 conten-

565 1361 676 1417 lere
706 1371 898 1431 potest.
1333 1368 1336 1371 “
2230 1361 2423 1412 (ieiunat
2451 1362 2484 1412 ii
2512 1378 2642 1428 quos
2669 1365 2881 1416 refutat.
2903 1364 3094 1416 Statim
3121 1366 3263 1417 cn'm
3284 1366 3518 1418 occurrit
3545 1380 3796 1432 quorum-

631 1453 978 1521 l’erscquitur
1033 1452 1079 1507 J.
1115 1455 1389 1508 Met-imis;
1435 1481 1450 1503 ι
1490 1457 1719 1508 Sanctus
1779 1445 2120 1522 Augustiinzs,
2227 1451 2348 1504 dam
2379 1452 2685 1520 objectioni,
2744 1455 2832 1522 qui
2874 1463 2928 1506 ut
2959 1454 3183 1523 publice
3213 1455 3538 1523 poniitentiie
3569 1454 3797 1507 dedecus

563 1542 746 1598 bomil.
779 1544 865 1608 4-9,
896 1560 957 1598 ex
985 1544 1073 1608 50,
1105 1561 1152 1598 c.
1179 1546 1211 1598 5
1238 1553 1288 1600 et
1323 1547 1693 1613 sequentibus,
1727 1547 2003 1598 evidenter
2034 1547 2126 1597 azl-
2227 1542 2458 1595 vitarent
2487 1543 2847 1611 przctcxebiznt
2870 1558 2925 1597 se
2952 1545 3198 1613 privatim
3225 1554 3279 1597 et
3301 1543 3505 1598 occulte
3534 1545 3797 1611 poeniten-

560 1635 775 1688 motium
809 1637 904 1689 hoc
951 1653 1046 1691 nos
1095 1637 1247 1690 docet.
1278 1653 1290 1696 ;
1327 1637 1624 1705 baptizatos
1677 1645 1730 1689 et
1764 1636 1942 1689 ﬁdeles
1973 1651 2121 1688 cont-
2228 1632 2355 1684 tiam
2385 1647 2564 1700 agerc,
2598 1633 2747 1699 quasi
2773 1634 2983 1685 crimini
3015 1649 3112 1687 suo
3139 1634 3364 1688 clueu;lo
3390 1635 3597 1702 privata
3628 1634 3794 1701 pumi-

559 1726 720 1793 pellat
747 1745 756 1778 :
795 1745 809 1774 ι
853 1724 906 1778 Si
935 1742 1036 1779 non
1064 1727 1316 1795 potuistis
1346 1727 1543 1780 habere
1574 1727 1656 1778 vel
1685 1726 1928 1778 noluistis
1970 1726 2123 1792 pudi-
2227 1722 2391 1774 tentia
2414 1721 2702 1775 sulliccret.
2758 1721 2862 1776 Sed
2892 1724 2993 1777 hoc
3021 1733 3179 1795 negat
3207 1725 3537 1794 Augustinus
3560 1734 3616 1777 ct
3638 1739 3795 1792 nega-

563 1836 576 1862 ι
619 1817 794 1868 citiam
819 1815 1168 1884 coniugalem,
1206 1833 1298 1869 seu
1353 1817 1758 1878 continentiam,
1793 1825 1846 1868 ct
1871 1815 2122 1867 deviastis
2225 1809 2390 1864 tionis
2420 1827 2528 1864 suae
2559 1813 2819 1866 rationem
2846 1813 3049 1868 reddit:
3092 1833 3110 1865 ι
3148 1814 3313 1868 Nemo
3351 1811 3450 1868 sibi
3491 1815 3657 1877 dicat,
3706 1829 3796 1866 oc-

560 1927 576 1954 ι
618 1925 646 1957 a
677 1908 972 1975 proposito,
1026 1923 1116 1960 seu
1145 1907 1353 1960 vinculo
1383 1908 1669 1976 conjugali,
1705 1907 1786 1959 vel
1846 1907 2124 1958 devotione
2163 1893 2196 1945 εἰ
2233 1921 2249 1951 ι
2294 1903 2434 1956 culte
2459 1920 2579 1973 ago,
2613 1906 2748 1974 apud
2775 1905 2941 1958 Deum
2985 1891 3084 1977 ago
3113 1926 3124 1958 :
3160 1909 3306 1960 novit
3355 1908 3494 1962 Deus
3541 1909 3631 1978 qui
3661 1910 3790 1961 mihi

560 2016 574 2044 ι
618 1997 975 2059 continenti-.e,
1007 1998 1075 2050 sit
1106 1997 1157 2049 in
1188 1998 1338 2049 vobis
1370 1996 1518 2049 dolor
1569 2004 1621 2048 et
1651 1994 1922 2048 humilitas
1954 1993 2122 2061 pomi-
2233 2013 2248 2042 ι
2296 1995 2539 2062 ignoscit,
2568 1997 2690 2064 quia
2724 1998 2776 2049 in
2817 1999 2977 2051 corth
3027 2014 3147 2068 ago.
3178 1999 3317 2069 Ergo
3365 2001 3479 2055 sine
3518 2017 3681 2054 causa
3711 2003 3792 2053 di-

554 2087 751 2139 teutiat.
792 2107 807 2136 ι
842 2087 972 2152 Quia
1013 2102 1139 2140 vero
1196 2087 1348 2140 alicui
1406 2085 1588 2139 fot'sm
1625 2088 1912 2139 obscurum
1954 2093 2116 2147 esset,
2231 2102 2246 2131 ‹
2290 2092 2435 2136 ctum
2467 2093 2568 2144 cst,
2603 2085 2730 2150 Qua?
2761 2085 3028 2140 Solveritis
3059 2088 3109 2139 in
3149 2097 3313 2153 terra,
3344 2089 3514 2143 soluta
3552 2099 3712 2144 erunt
3739 2091 3788 2142 in

552 2176 693 2243 quoi
734 2177 939 2243 peccati
968 2192 1155 2245 genus,
1187 2191 1344 2242 quam
1373 2175 1738 2242 paenitentiam
1773 2173 2117 2240 inte‘tligerct,
2230 2195 2244 2222 ς
2287 2175 2424 2227 coclo
2447 2177 2469 2226 ἶ)
2502 2175 2639 2244 Ergo
2669 2176 2783 2228 sine
2814 2187 3123 2238 causa.sunt
3153 2178 3327 2232 claves
3356 2180 3495 2234 data)
3539 2181 3791 2235 Ecclesia:

550 2270 730 2321 statim
769 2269 867 2321 lme
897 2268 1169 2335 explicat'
1211 2286 1226 2316 ε
1269 2267 1518 2333 Ammius
1562 2267 1679 2319 dico
1715 2284 1725 2316 :
1766 2279 1922 2316 nemo
1952 2265 2115 2324 dicat,
2228 2284 2243 2312 ι
2299 2265 2387 2317 Ξιοί
2421 2266 2443 2318 ?
2501 2266 2825 2320 lruslramus
2887 2268 3234 2339 Emungi-lium
3293 2272 3408 2336 Dei,
3468 2271 3792 2326 frustramus

554 2377 570 2406 ι
622 2374 724 2410 non
756 2357 1013 2411 intellexi.
1047 2358 1144 2423 Qui
1174 2374 1290 2427 pos.
1324 2373 1518 2409 uxores
1548 2366 1756 2408 vestras
1809 2372 1904 2409 vos
1932 2355 2116 2407 illicito
2225 2372 2240 2402 ‹
2291 2355 2449 2408 verba
2485 2355 2730 2408 Christi?
2784 2357 3144 2424 promittimus
3201 2358 3352 2412 vobis
3398 2360 3540 2428 quod
3586 2360 3673 2414 ille
3700 2376 3787 2415 nc-

554 2471 569 2499 ι
613 2451 898 2504 concubitu
953 2450 1280 2508 maculasiis,
1329 2451 1370 2499 si
1401 2458 1594 2516 przetcr
1648 2463 1843 2499 uxores
1909 2457 2113 2499 vcstues
2230 2466 2244 2494 ‹
2295 2447 2424 2516 gat?
2469 2462 2642 2500 nonne
2667 2464 2760 2501 vos
2788 2448 3126 2518 decipimus?
3174 2449 3274 2514 Qui
3303 2451 3682 2520 pmnitentiatn
3703 2467 3791 2506 oc-

551 2558 567 2588 ι
607 2554 728 2591 cum
759 2539 934 2606 aliqua
961 2540 1165 2592 (‘Onctzi-
1191 2537 1342 2599 .istis,
1380 2538 1518 2608 agite
1559 2537 1952 2605 paenitentiam,
1984 2554 2113 2603 qua-
2229 2556 2243 2584 ‹
2291 2536 2430 2590 culte
2459 2537 2569 2588 vult
2595 2553 2754 2606 agere
2776 2538 2839 2591 de
2873 2555 2936 2592 eo
2963 2550 3181 2606 peccato
3201 2541 3288 2593 cui
3321 2541 3590 2609 publicam
3618 2542 3789 2610 impo-

549 2649 563 2676 ‹
608 2629 672 2680 lis
702 2629 951 2696 agiturin
983 2627 1242 2687 Ecclesia,
1277 2638 1330 2679 ut
1353 2645 1446 2695 pro
1472 2627 1624 2680 vobis
1652 2636 1771 2680 oret
1793 2625 2049 2679 Ecclesia.
2088 2645 2105 2675 ›
2223 2647 2238 2676 ‹
2284 2627 2395 2688 snit
2417 2628 2680 2692 Ecclesia,
2716 2627 2941 2682 frustrat
2991 2630 3335 2700 Evangelium
3367 2629 3589 2693 Christi,
3620 2643 3672 2686 et
3700 2648 3789 2687 su-

542 2722 615 2774 De
647 2721 908 2775 adulterio
938 2730 1245 2790 perpetrato
1294 2720 1367 2772 illi
1406 2719 1652 2788 qaaestio,
1697 2732 1868 2786 coque
1894 2717 2110 2785 potissi-
2226 2735 2242 2766 ι
2285 2733 2616 2785 pervacanea
2665 2719 2940 2772 existimat
2975 2719 3114 2773 illius
3158 2722 3342 2785 verba,
3371 2721 3568 2789 quibus
3604 2722 3787 2779 Eccle-

538 2828 684 2865 mum
719 2811 970 2864 ecculto:
1005 2811 1301 2878 generatim
1331 2808 1796 2877 cnim'quoslibct
1838 2805 2110 2858 adulteros
2220 2825 2236 2855 ι
2286 2808 2378 2860 sia:
2430 2809 2618 2861 tribuit
2668 2808 2866 2878 ligandi
2917 2819 3259 2878 potestatein,
3290 2827 3413 2864 cum
3455 2813 3526 2865 illi
3562 2813 3785 2884 ejusque

537 2903 839 2972 compellat,
898 2914 1094 2969 eosque
1127 2901 1239 2969 pari
1297 2911 1349 2952 ct
1396 2899 1701 2951 indistincta
1764 2895 2105 2956 necessitate,
2219 2917 2234 2944 σ
2285 2897 2522 2952 decretis
2550 2914 2668 2952 sese
2705 2915 2807 2953 non
2841 2901 3137 2954 submittat.
3167 2901 3452 2955 Existimat
3480 2903 3774 2957 Ecclesiam

537 2993 821 3061 verbisque
872 2993 936 3046 de
982 2992 1206 3044 crimine
1256 2989 1614 3059 lzypotlieticis
1646 3002 1763 3055 quin
1805 2987 1869 3039 de
1896 2984 2106 3053 publico
2216 3012 2233 3039 ι
2277 3005 2398 3041 eum
2424 2987 2626 3053 fallere,
2653 3001 2706 3044 et
2734 3006 2871 3044 vana
2895 2993 3234 3046 remissionis
3277 3003 3618 3062 peccatorum
3651 3009 3777 3056 pro-

533 3083 727 3136 stolide
795 3083 1224 3142 enuntiarentur,
1289 3083 1354 3131 al
1405 3078 1775 3145 pcenitenliam
1838 3075 2102 3144 publicam
2217 3097 2233 3127 ι
2282 3078 2555 3138 missione,
2590 3081 2632 3132 si
2656 3079 2806 3148 jussa
2839 3081 3045 3144 fecerit,
3086 3080 3354 3134 deludere.
3400 3103 3418 3133 ι

532 3173 855 3226 exhortatur
882 3180 937 3224 et
963 3171 1233 3240 astringit,
1270 3163 1661 3238 puziiitentiam’
1685 3165 1888 3219 scilicet
1933 3163 2104 3232 qualis
2133 3224 2173 3241 η
2283 3168 2581 3239 Responsio.
2625 3201 2693 3209 —
2733 3171 2800 3223 At
2848 3170 2975 3224 illud
3023 3185 3125 3225 non
3174 3188 3392 3241 prorsus
3432 3173 3784 3240 improbabile

531 3266 706 3333 agitur
735 3265 785 3316 in
823 3262 1084 3320 Ecclesia,
1123 3270 1183 3314 ut
1207 3276 1304 3328 pro
1325 3259 1390 3312 iis
1420 3268 1537 3312 oret
1567 3257 1827 3310 Ecclesia.
1863 3277 1880 3306 ›
2129 3229 2172 3281 (⁴
2204 3269 2307 3323 est,
2331 3274 2450 3312 cmn
2472 3259 2629 3328 paulo
2650 3260 2785 3313 inl'ra
2810 3271 3028 3316 sanctus
3053 3261 3381 3331 Augustinus
3407 3271 3636 3316 testctur
3661 3279 3784 3333 pec-

601 3357 904 3426 Responsio.
944 3386 1014 3394 -—
1051 3353 1184 3408 Cum
1213 3361 1430 3406 sanctus
1458 3351 1790 3420 Augustinus
1829 3349 1955 3401 alibi
1999 3364 2100 3401 s;c-
2203 3356 2382 3401 catum
2413 3347 2577 3401 celari
2609 3364 2712 3402 non
2743 3351 2996 3417 potuisse.
3027 3351 3212 3404 Nonne
3241 3361 3487 3418 poterant
3517 3352 3694 3405 dicere
3723 3367 3781 3404 se

526 3447 746 3516 plssimc
777 3446 1011 3499 declaret
1044 3443 1415 3512 pmnitentimn
1445 3441 1710 3510 publicam
1765 3438 1973 3492 nonnisi
2004 3453 2100 3505 pro
2203 3441 2267 3492 de
2324 3439 2557 3507 peccatis
2609 3441 2833 3508 publicis
2894 3443 3103 3495 occulte
3157 3456 3316 3510 agere
3369 3430 3778 3509 paenitentiam?

526 3537 752 3605 publicis
774 3535 1089 3588 criminibus
1116 3533 1365 3585 indit-iatn
1395 3547 1530 3592 esse,
1556 3539 1612 3583 ct
1638 3543 1735 3598 pro
1763 3527 1988 3582 occultis
2018 3542 2100 3578 se—
2200 3527 2408 3594 qualem
2445 3543 2549 3580 non
2576 3527 2743 3582 multo
2781 3541 2902 3598 post
2937 3531 3115 3600 plures
3155 3532 3326 3599 egisse
3357 3530 3519 3584 refert
3550 3531 3781 3586 Anasta-

521 3637 672 3682 creto
692 3623 1150 3679 l'actamsuniccrc
1170 3623 1524 3693 ,Isicutsupra
1548 3617 1906 3674 ostendimus:
1941 3632 2096 3669 nemo
2199 3617 2310 3670 sius
2340 3617 2544 3672 Sinaita
2574 3620 2641 3672 ad
2683 3619 2844 3678 linem
2881 3623 3140 3676 orationis
3166 3622 3232 3676 de
3262 3631 3444 3676 saneta
3478 3625 3667 3690 synaxi
3694 3623 3778 3677 his

523 3737 631 3774 non
660 3720 826 3782 videt,
858 3720 947 3773 ubi
975 3727 1197 3772 sanctus
1220 3717 1553 3788 Augustinus
1591 3714 1828 3782 loquitur
1867 3727 2094 3781 genera-
2198 3708 2376 3760 verbis
2401 3722 2413 3759 :
2451 3727 2468 3756 ‹
2507 3708 2656 3772 Esto,
2692 3709 2913 3764 fratrem
2940 3720 3088 3765 tuum
3109 3719 3443 3780 pcccatorem
3468 3726 3607 3773 esse,
3636 3711 3778 3764 unde

519 3812 614 3864 tim
642 3810 708 3863 de
734 3807 1270 3877 criminibuspublica
1289 3805 1603 3876 pmnitentia
1628 3800 1931 3872 puniendis,
1960 3815 2094 3853 non-
2197 3805 2418 3850 ett-teras
2443 3795 2558 3864 ejus
2599 3799 2840 3854 actiones
2866 3808 3168 3870 compertas
3198 3801 3399 3854 babes?
3443 3799 3579 3854 Nam
3620 3799 3776 3854 multi

520 3903 621 3956 nisi
653 3901 862 3970 publica
891 3899 1112 3969 intelligi
1139 3914 1324 3968 posse;
1387 3899 1536 3952 verbi
1567 3897 1760 3967 gratia,
1809 3910 1932 3949 cum
1973 3894 2093 3962 quis
2195 3889 2385 3941 crebro
2424 3891 2765 3958 reperiuntur
2795 3893 2887 3960 qui
2909 3892 3083 3961 palam
3112 3902 3420 3960 peccatum.
3449 3893 3542 3946 sed
3561 3893 3698 3946 Clam
3722 3902 3776 3945 οι

2193 3977 2402 4031 occulte
2431 3994 2679 4049 magnam
2726 3981 3107 4049 pmnitentiam‘
3131 3989 3375 4045 egerunt.
3408 3981 3475 4033 Et
3518 3997 3616 4035 nos
3657 3983 3772 4049 qui-

2191 4069 2311 4122 dem
2341 4070 2586 4140 novimus
2614 4071 2827 4139 quando
2854 4079 3097 4140 peccant,
3136 4080 3190 4124 at
3227 4085 3354 4124 vero
3397 4073 3772 4138 paenitentiam

2189 4165 2242 4210 et
2265 4157 2669 4212 conversionem
2714 4159 2924 4213 illorum
2958 4162 3286 4228 ignoramus,
3315 4170 3369 4214 et
3395 4176 3422 4211 a
3466 4161 3621 4214 nobis
3652 4162 3772 4229 qni-

2188 4247 2308 4300 dem
2327 4245 2641 4314 judicantur
2667 4257 3002 4318 peccatores,
3031 4251 3172 4316 apud
3197 4249 3370 4303 Deum
3406 4258 3586 4303 autem
3606 4248 3766 4318 justi-

2188 4341 2330 4392 licati
2359 4350 2505 4393 sunt.
2541 4362 2558 4393 ι

2254 4429 2407 4484 Joau.
2437 4431 2672 4485 Morinos
2700 4452 2710 4484 :
2751 4452 2768 4483 ι
2803 4433 2892 4487 Su'
2919 4433 3024 4488 lato
3061 4434 3160 4486 hoc
3190 4432 3518 4502 pmu'tcntiae
3541 4433 3766 4488 occulta:

2185 4522 2438 4589 soli'ragio
2472 4523 2614 4576 aliud
2647 4524 2973 4592 poenitentiae
3010 4523 3235 4592 publita:
3269 4524 3486 4592 agendis
3535 4523 3761 4592 impedi-

2186 4622 2422 4668 mentum
2457 4616 2612 4680 tollit,
2636 4613 3064 4674 erubescentiam
3089 4616 3313 4678 scilicet,
3337 4632 3440 4668 non
3471 4614 3763 4670 confessio-

2179 4703 2263 4757 nis
2284 4704 2529 4772 publicaz,
2561 4722 2684 4759 nam
2723 4721 2830 4760 non
2860 4707 3030 4774 magis
3056 4705 3361 4758 erubuisset
3390 4704 3600 4758 occulte
3630 4719 3759 4758 con-

2179 4792 2336 4858 ﬁteri,
2387 4811 2544 4863 quam
2593 4796 2804 4851 occulte
2856 4796 3140 4864 pmnitere,
3191 4809 3462 4864 unumque
3498 4793 3656 4848 facile
3692 4809 3758 4850 ex

2178 4882 2282 4938 alio
2309 4888 2674 4954 consequitur.
2709 4886 2908 4940 Deinde
2937 4885 3214 4954 probabile
3232 4884 3468 4948 videtur,
3500 4884 3609 4938 imo
3637 4899 3756 4937 cer-

2178 4981 2312 5038 tum,
2337 4991 2429 5029 eos
2468 4978 2534 5030 de
2573 4977 2768 5046 quibus
2793 4976 2906 5044 agit
2929 4975 3178 5044 primum
3209 4980 3430 5041 peccata
3455 4971 3752 5036 confessos,

2187 5063 2279 5117 sed
2326 5068 2696 5134 pcenitentiam
2743 5065 3048 5135 publicam.
3075 5059 3383 5125 recusasse,
3435 5069 3490 5114 et
3534 5063 3754 5130 privata:

2184 5155 2449 5208 actionem
2478 5156 2842 5225 praetexuisse.
2876 5153 3010 5207 Nam
3049 5138 3296 5206 totus‘cst
3323 5159 3542 5205 sanctus
3567 5153 3750 5220 Augu-

2180 5248 2353 5308 stinus
2378 5249 2445 5301 ad
2465 5249 2734 5302 actionum
2755 5247 3090 5318 publicarum
3113 5244 3484 5298 necessitatem
3513 5251 3751 5296 astruen-

2179 5342 2324 5395 dam.
2356 5341 2506 5395 Unde
2529 5340 2834 5394 necessario
2860 5336 3195 5412 inferendum
3224 5349 3316 5389 eos
3335 5335 3387 5387 in
3408 5348 3544 5401 quos
3569 5331 3748 5400 dispu-

2177 5444 2269 5497 tat,
2303 5443 2395 5486 aut
2410 5431 2522 5499 jam
2549 5430 2822 5486 confessos
2847 5443 2964 5483 esse
3000 5427 3271 5497 privatim,
3317 5431 3409 5477 aut
3444 5423 3509 5476 de
3540 5421 3744 5476 confes-

2173 5528 2324 5580 sione
2366 5525 2575 5594 privata
2629 5522 2776 5574 litem
2826 5519 3024 5573 nullam
3078 5516 3340 5576 movisse,
3399 5512 3492 5579 sed
3541 5519 3740 5565 tantum

2172 5615 2540 5686 pcenitcntiam
2562 5613 2829 5683 publicam
2851 5608 3212 5664 exborruisse.
3242 5604 3348 5659 Sed
3370 5603 3627 5672 quidquid
3653 5601 3735 5660 sil,

2172 5707 2411 5758 actiones
2439 5703 2678 5758 occultas
2708 5717 2811 5755 non
2852 5697 3111 5768 spectavit
3135 5695 3484 5764 Augustinus,
3520 5693 3612 5746 sed
3640 5708 3735 5760 pu-

2175 5798 2335 5842 lilir‘as
2389 5803 2629 5849 tantum.
2679 5792 2742 5843 de
2786 5789 2980 5858 quibus
3025 5786 3450 5842 erubescentiam
3506 5782 3739 5837 :‘;n‘.:'l..'.e

516 3995 644 4049 dicit
671 3993 814 4064 leges
843 3993 1027 4047 civiles
1051 3992 1299 4046 mulieres
1321 3992 1591 4044 adulteras
1618 3989 1828 4057 punire,
1857 3986 2093 4054 loquitur

515 4096 731 4138 tantum
752 4086 816 4138 de
847 4085 913 4138 iis
941 4099 1059 4152 qua:
1088 4085 1153 4138 de
1186 4082 1447 4136 adulterio
1488 4082 1746 4133 convicta:
1771 4087 1895 4132 sunt
1927 4078 1977 4130 in
2002 4075 2089 4142 ja-

513 4180 654 4232 dicit)
686 4178 950 4233 saeculari.
986 4177 1128 4231 Idem
1150 4192 1277 4230 vero
1305 4174 1638 4230 sentiendum
1667 4187 1784 4226 esse
1813 4169 2086 4239 dejudicio

510 4271 878 4325 ecclesiastico
899 4268 1129 4323 allirmat
1153 4277 1372 4323 sanctas
1408 4266 1736 4335 Augustinus
1765 4263 1817 4315 in
1863 4261 2081 4316 liomilia

517 4363 702 4415 nhitna
729 4377 795 4414 ex
823 4377 873 4425 1.,
903 4377 1021 4430 cap.
1063 4360 1156 4413 ηε
1193 4377 1209 4408 ‹
1247 4357 1353 4411 Nos
1380 4371 1526 4419 vero,
1560 4356 1754 4423 inquit,
1788 4369 1817 4406 a
1842 4369 2081 4407 conmm-

513 4454 672 4506 nione
698 4452 987 4521 prohibere
1016 4465 1338 4519 queinquam
1368 4463 1472 4502 non
1501 4461 1804 4515 possumus,
1833 4444 2081 4512 quamvis

509 4545 623 4596 ltrcc
653 4541 939 4611 prohibitio
971 4543 1202 4595 nondum
1247 4540 1315 4592 sit
1346 4538 1604 4599 mortalis,
1659 4537 1751 4589 sed
1793 4535 2081 4588 medicina-

510 4635 597 4697 lis,
631 4633 731 4686 nisi
757 4641 851 4686 aut
875 4629 1417 4702 sponteconfcssum,
1475 4636 1569 4681 aut
1626 4628 1679 4680 in
1737 4626 1918 4693 aliquo
1971 4623 2080 4676 sive

508 4725 751 4780 saeculari
774 4726 886 4779 sive
915 4723 1283 4778 ecclesiastico
1314 4721 1516 4788 judicio
1541 4720 1871 4773 nominatum
1923 4726 2083 4783 atque

506 4819 831 4872 convictum.
909 4816 1040 4883 Quis
1075 4815 1219 4868 enim
1246 4814 1346 4867 sibi
1395 4822 1681 4879 utrumque
1711 4811 1900 4863 audeat
1934 4823 2081 4860 assu-

507 4925 669 4973 mere,
717 4918 776 4963 ut
807 4910 1060 4978 cuiquam
1116 4907 1229 4974 ipse
1273 4905 1342 4958 sit
1387 4913 1439 4956 et
1471 4912 1753 4957 accusator
1779 4909 1833 4955 et
1872 4898 2080 4966 iudex?

503 4999 810 5067 Cuiusmodi
843 4998 1081 5068 regulam
1107 4998 1269 5050 etiam
1283 4995 1480 5048 Paulus
1510 4993 1782 5062 apostolus
1809 4993 1860 5045 in
1890 4992 2078 5045 eadem

501 5095 568 5150 ad
581 5089 888 5150 Corinthios
901 5090 1136 5159 Epistula
1165 5089 1309 5141 brevi
1320 5097 1400 5141 ter
1423 5087 1726 5140 insinuasse
1749 5083 2082 5167 intelligitur,

500 5202 622 5241 cum
649 5174 967 5253 quibusdam
1002 5178 1438 5233 commemoratis
1466 5176 1802 5238 criminibus,
1829 5174 2082 5227 ecclesia-

499 5278 619 5332 stici
651 5275 838 5346 judicii
868 5272 1098 5326 formam
1132 5271 1200 5323 ad
1235 5269 1413 5322 omnia
1437 5267 1628 5320 simiiia
1658 5282 1722 5318 ex
1759 5266 2076 5336 quibusdam

498 5365 672 5418 daret.
710 5381 728 5414 ›
790 5363 857 5415 Et
894 5358 1054 5430 paulo
1084 5367 1233 5426 pest:
1292 5374 1309 5403 ‹
1341 5353 1520 5408 Noluit
1544 5354 1685 5408 enim
1714 5353 1982 5406 homian
2008 5351 2074 5406 ab

501 5455 712 5508 homine
745 5450 977 5518 judicari
1008 5465 1074 5501 ex
1123 5447 1348 5500 arbitrio
1384 5444 1739 5512 suspicionis,
1795 5447 1879 5502 vel
1905 5443 2068 5496 etiam

497 5541 924 5598 extraordinario
951 5548 1206 5608 usurpato
1230 5537 1452 5607 judicio,
1502 5536 1594 5589 sed
1636 5535 1814 5603 potius
1861 5550 1926 5587 ex
1955 5533 2071 5602 lege

499 5635 590 5690 Dei
639 5632 929 5688 secundum
959 5631 1200 5685 ordinem
1229 5627 1495 5689 Ecclesire,
1555 5626 1667 5679 sive
1691 5623 1831 5676 ultro
1862 5621 2068 5676 confes-

498 5742 636 5786 sum,
667 5725 778 5778 sive
806 5732 1115 5778 accusatum
1145 5727 1303 5788 atque
1316 5718 1638 5772 convictum.
1669 5714 1915 5783 Alioquin
1943 5713 2069 5765 illud

504 5816 768 5880 -‘.urdixit,
819 5813 873 5866 Si
911 5812 1024 5882 quis
1073 5810 1237 5864 frater
1291 5810 1594 5863 nominatur
1633 5815 1724 5860 aut
1749 5805 2062 5858 forniCator.
