3974 6438
374 128 485 149 ἐτ-

78 127 371 213 Τ

226 411 360 472 I209

1057 426 1143 479 an
1178 427 1343 483 0)th
1382 422 1750 489 NOVtTATtS
1790 435 2190 497 susmcroxs‘
2234 445 2612 503 \‘lNDlCATA.

3313 462 3487 531 ίειο,

226 538 462 584 conatur.
505 548 541 580 ιη
571 524 795 587 ResiSIit
838 535 966 589 mihi
1014 537 1155 593 ﬁlius
1197 543 1533 609 pestilentia,
1574 553 1628 599 et
1664 561 1786 598 eru-
1815 550 1862 606 Α
1892 547 2205 610 Theodorus
2232 557 2396 613 refert
2424 562 2476 614 in
2506 580 2602 617 sua
2631 568 2903 632 provincia
2927 586 3030 626 non
3065 588 3185 629 esse
3219 580 3457 632 reconci-

232 635 252 670 ι
293 620 463 674 bascit
507 636 646 691 genu
690 622 851 692 ﬁgere
897 626 997 679 sub
1040 630 1409 686 benedictione
1466 633 1593 687 Dei?
1638 636 1789 700 Quod

231 727 250 759 ι
291 725 398 764 non
430 714 706 768 erubescit
739 715 1059 784 imperator,
1104 721 1371 775 erubescit
1409 739 1507 777 nec
1552 735 1785 792 senator,

230 820 248 850 ι
294 801 385 855 sed
427 810 636 859 tantum
680 807 920 871 curialis,
962 816 1066 864 etc.
1107 810 1392 881 Propterea
1437 813 1578 869 Deus
1624 814 1791 870 voluit

230 908 248 940 ε
292 899 351 945 ut
378 892 716 951 Theodosius
750 898 1040 967 imperator
1075 914 1256 971 ageret
1291 907 1658 975 paenitentiam
1688 923 1787 976 pu-

229 998 246 1029 α
291 982 486 1037 blicam
510 984 563 1037 in
586 996 872 1056 conspectu
893 990 1087 1059 populi,
1113 994 1342 1047 maxime
1369 997 1491 1063 quia
1513 1006 1789 1064 peccatum

227 1085 247 1119 ι
290 1070 407 1137 ejus
434 1072 596 1128 celari
632 1091 737 1130 non
777 1079 971 1146 potuit,
1012 1088 1066 1133 et
1099 1082 1366 1157 erubescit
1404 1092 1620 1139 senator
1648 1087 1787 1157 quod

226 1179 245 1212 ι
288 1178 394 1216 non
418 1165 688 1220 erubescit
712 1166 1020 1236 imperator,
1052 1179 1156 1225 etc.
1194 1192 1211 1223 ι
1232 1152 1356 1226 ἸΙορ
1381 1184 1462 1228 est
1489 1175 1629 1243 quod
1655 1190 1790 1245 prie—

218 1254 407 1307 sertim
451 1257 837 1327 erubescebant
883 1275 1053 1330 genua
1097 1262 1258 1331 ﬁgere
1296 1264 1349 1319 in
1398 1267 1621 1321 ecclesia
1664 1282 1787 1320 cum

216 1338 623 1409 paenitentibus,
651 1354 706 1399 et
746 1358 905 1417 caput
940 1351 1182 1405 manibus
1228 1362 1282 1406 et
1329 1352 1788 1412 benedictionibus

220 1433 558 1488 sacerdotum
585 1451 901 1507 supponere,
933 1456 997 1495 ac
1032 1430 1417 1512 consequenter
1443 1446 1509 1499 ab
1535 1448 1788 1503 Ecclesia:

218 1525 487 1581 sacriﬁcio
511 1536 565 1582 et
590 1528 824 1585 ﬁdelium
849 1541 992 1586 cmtu
1013 1536 1222 1604 expelli.
1254 1536 1322 1591 Ut
1349 1548 1525 1592 autem
1550 1540 1647 1593 ista
1675 1555 1787 1594 mo—

220 1614 372 1668 deste
412 1625 466 1671 et
491 1617 765 1696 humiliter
799 1622 1090 1692 perferant,
1120 1626 1400 1681 Theodosii
1450 1629 1786 1699 imperatoris

216 1705 464 1775 exemplo
507 1709 771 1766 hortatur.
819 1713 970 1781 Quod
1012 1727 1163 1772 notat
1201 1729 1417 1775 sanctus
1459 1720 1786 1792 Augustinus

213 1793 573 1853 Theodosium
603 1803 971 1870 pmuitcntiam
1002 1807 1268 1874 publicam
1312 1811 1502 1879 egisse,
1554 1812 1785 1867 maxime

1890 638 2183 709 liationem,
2216 648 2339 714 quia
2372 664 2476 703 non
2505 662 2586 705 est
2616 655 2821 721 publica
2856 661 3200 725 paenitentia;
3234 672 3459 721 conten-

1889 726 2080 797 detque
2107 733 2444 792 Theodorum
2476 755 2579 794 non
2615 743 2783 824 solum
2823 760 2922 814 pro
2951 754 3184 818 peccatis
3209 756 3454 824 occultis,

1889 819 1983 872 sed
2019 822 2179 875 etiam
2211 839 2318 893 pro
2360 827 2585 894 publicis
2622 820 2991 898 ptenitentiam
3035 841 3299 908 publicam
3337 819 3455 898 mu:-

1888 916 2053 964 tasse.
2085 912 2280 967 Verum
2308 917 2834 978 animadvertendum
2875 937 2975 993 est,
3026 930 3078 983 td
3123 918 3264 1000 quod
3310 935 3455 989 nullo

1889 1017 2124 1070 unquam
2146 1002 2399 1060 Ecclesia?
2426 1009 2643 1065 decreto
2666 1012 2763 1067 fuit
2783 1016 3097 1095 stabilitum,
3122 1035 3150 1073 a
3175 1012 3455 1099 Thbpdaro

1889 1111 1994 1150 non
2016 1098 2254 1165 potuisse
2277 1100 2470 1154 mutari
2495 1111 2680 1158 contra
2707 1120 2958 1179 canones,
3000 1110 3205 1165 scilicet
3232 1128 3328 1180 pro
3350 1114 3457 1167 cri-

1887 1189 2121 1243 minibus
2149 1191 2372 1245 occultis
2403 1193 2668 1262 publicam
2698 1198 3085 1265 pmnitentiam.
3126 1202 3202 1256 De
3226 1206 3453 1273 publicis

1886 1295 2015 1333 vero
2068 1281 2382 1337 criminibus
2434 1287 2777 1342 considerare
2823 1278 3056 1359 oportet,
3114 1293 3452 1351 Theodorum

1888 1374 2221 1441 disciplinam
2264 1378 2427 1430 totius
2475 1377 2760 1443 Ecclesite',
2814 1389 2921 1434 tam
2969 1382 3253 1437 Orientalis
3292 1400 3451 1454 quam

1888 1464 2266 1539 Occidentalis,
2317 1481 2646 1536 praponere;
2692 1480 2746 1523 et
2791 1486 2995 1525 morem
3044 1488 3205 1541 quem
3252 1475 3304 1529 in
3354 1492 3449 1531 sua

1886 1537 2161 1622 provincia
2182 1556 2482 1610 institutum
2513 1568 2807 1627 repererat,
2839 1568 3072 1629 spectata
3100 1562 3452 1643 plurimorum

1888 1646 2219 1711 inﬁrmitate,
2270 1648 2520 1704 maluisse
2561 1652 2791 1706 tolerare
2834 1666 2993 1722 quam
3035 1670 3157 1711 cum
3201 1656 3452 1713 scandala

1887 1736 2116 1791 aliorum
2144 1737 2354 1792 auferre
2389 1740 2598 1807 privata
2631 1742 2966 1795 auctoritate.
3008 1741 3361 1813 Quapropter,
3385 1759 3452 1798 ne
3546 1734 3548 1737 ’

1807 1836 1857 1901 ’ἡ
1886 1826 2009 1896 quis
2035 1827 2319 1882 severioris
2348 1828 2639 1897 disciplina:
2674 1841 2880 1883 amator
2910 1832 3176 1901 vituperet
3203 1833 3450 1890 Theodo-

213 1885 339 1952 quia
368 1898 644 1956 peccatum
670 1892 788 1962 ejus
831 1896 994 1951 celari
1039 1913 1143 1952 non
1172 1900 1364 1968 potuit,
1411 1902 1652 1957 criminis
1690 1919 1783 1959 ac—
1814 1884 1858 1941 Β
1887 1884 2026 1984 gum,
2056 1934 2212 1989 quem
2250 1919 2434 1987 patres
2460 1921 2513 1974 in
2540 1922 2757 1991 synodis
2798 1923 2941 1991 pium
2970 1939 3119 1992 teque
3147 1939 3213 1979 ac
3236 1925 3451 1982 doctum

208 1974 339 2031 culti
387 1982 759 2046 ptenitentiam
797 1986 1067 2054 publicam
1109 2004 1247 2043 navo
1287 1990 1429 2046 dicta
1477 1992 1779 2047 conﬁrmat.

207 2061 529 2125 Necessario
557 2073 701 2127 enim
738 2075 865 2131 hinc
887 2076 1117 2133 infertur
1156 2081 1398 2136 criminis
1431 2091 1487 2136 et
1509 2084 1701 2139 occulti
1727 2094 1782 2139 et

203 2155 405 2222 publici
434 2162 802 2227 pmnitentiam
847 2167 932 2236 agi
974 2168 1267 2237 publicam,
1311 2172 1403 2227 sed
1431 2173 1652 2242 publici,
1688 2183 1781 2229 aut

202 2246 295 2315 qui
323 2247 489 2304 celari
516 2262 623 2306 non
650 2261 828 2324 potest
847 2259 1133 2315 maxime.»

274 2358 582 2432 Responsio.
630 2396 702 2408 —-
751 2357 885 2437 Quis
923 2382 1075 2443 putet
1124 2384 1369 2433 sanctum
1420 2378 1774 2449 Augustinum

198 2448 495 2507 dialecticae
529 2457 783 2525 peritum,
814 2462 1084 2520 adulteras
1127 2467 1396 2536 quaslibet
1432 2448 1671 2525 occultos
1710 2470 1775 2525 ad

197 2540 462 2610 agendam
491 2545 756 2613 publicam
786 2554 1155 2619 pmnitcntiam
1194 2559 1490 2625 exhortari,
1537 2561 1640 2615 hoc
1672 2562 1776 2614 sci-

197 2625 325 2682 licet
350 2645 670 2700 argumento
696 2655 708 2689 :
741 2638 883 2695 Deus
907 2642 1069 2697 valuit
1094 2654 1154 2699 ut
1183 2647 1514 2702 Theodosius
1543 2649 1774 2719 impera-

196 2725 286 2771 tor
313 2731 498 2790 ageret
540 2727 911 2794 paenitentiam
952 2735 1221 2802 publicam
1266 2736 1317 2790 in
1359 2726 1646 2809 conspectu
1680 2755 1772 2808 po-

193 2808 329 2877 puli,
356 2814 593 2868 maxime
634 2820 760 2888 quia
784 2834 1065 2889 peccatum
1094 2824 1209 2895 ejus
1236 2829 1400 2883 celari
1430 2846 1534 2884 non
1563 2831 1766 2899 potuit;

194 2910 326 2969 ergo
350 2900 491 2955 Deus
514 2904 628 2959 vult
665 2917 724 2961 ut
753 2924 869 2973 vos,
893 2928 1119 2980 quorum
1141 2926 1359 2985 peccata
1390 2927 1511 2972 sunt
1538 2920 1766 2983 occulta,

1880 2008 2198 2074 laudarunt;
2247 2018 2456 2079 oportet
2498 2012 2783 2066 ostendere
2817 2029 2829 2064 :
2864 2012 2903 2065 I.
2956 2014 3321 2082 pmnitentiam
3354 2030 3451 2085 pu-

1880 2102 2095 2165 blicam,
2137 2101 2347 2169 qualem
2376 2101 2468 2155 lib.
2510 2118 2564 2155 IV
2605 2103 2669 2156 de
2696 2102 2871 2167 Puen.,
2905 2118 3022 2171 cap.
3051 2104 3105 2169 7,
3130 2103 3179 2177 ᾇ.
3213 2104 3453 2162 Marinus

1880 2189 2155 2255 describit,
2180 2198 2232 2244 et
2260 2205 2419 2260 quam
2446 2190 2627 2259 plures
2668 2192 2848 2247 dicunt
2878 2193 2943 2245 ab
2973 2193 3306 2247 incunabulis
3347 2194 3453 2250 Ec-

1880 2279 2057 2334 clesia:
2102 2280 2443 2334 constitutam
2478 2294 2596 2335 esse
2639 2282 2692 2334 in
2737 2281 3107 2337 afﬂictionibus
3135 2292 3188 2337 et
3213 2299 3450 2338 macera-

1878 2368 2113 2422 tionibus
2150 2369 2392 2437 corporis
2430 2368 2734 2424 manifestis
2780 2386 2845 2425 ac
2876 2369 3158 2436 diuturnis,
3196 2388 3301 2426 non
3329 2388 3448 2428 esse

1874 2457 2092 2511 omnino
2142 2457 2500 2511 necessariam
2565 2458 2631 2513 ad
2686 2460 3053 2514 remissionem
3112 2462 3445 2531 publicarum

1874 2548 2159 2602 criminum
2198 2550 2360 2602 etiam
2399 2549 2858 2619 gravissimorum.
2902 2551 2961 2604 ll.
2990 2551 3317 2617 Quibusnam
3358 2568 3447 2607 ra-

1875 2638 2107 2707 tionibus
2149 2639 2278 2691 moti
2308 2647 2432 2693 sunt
2464 2638 2666 2701 Patres,
2694 2648 2753 2692 ut
2790 2639 2982 2695 multos
3010 2650 3318 2711 peccatores
3343 2658 3444 2714 pu—
3506 2638 3509 2641 ’

1873 2726 2040 2780 blicos
2070 2728 2137 2779 ab
2163 2727 2247 2780 illa
2271 2729 2584 2797 pmnitentia
2611 2729 2925 2784 eximerent.

1940 2813 2179 2867 Justinus
2208 2815 2260 2867 in
2290 2814 2571 2883 Apologia;
2600 2814 2752 2882 juxta
2774 2817 3060 2872 Eusebium
3100 2820 3292 2889 prima,
3321 2837 3441 2891 qua:
3520 2856 3525 2860 -

1866 2902 2075 2973 idcirco
2117 2901 2254 2955 male
2301 2902 2611 2956 inscribitur
2660 2907 2891 2960 secunda
2938 2906 2991 2959 iu
3033 2908 3226 2962 editis:
3260 2928 3278 2959 ‹
3307 2910 3439 2966 Pro-
3506 2953 3510 2957 ‹

194 2988 368 3056 agatis
417 2993 786 3058 paenitentiam
848 3002 1150 3069 publicam?
1214 3004 1463 3088 Nunquid
1523 3016 1768 3077 prompta

1868 2993 2027 3061 pheta
2054 3008 2084 3045 a
2111 3008 2339 3061 persona
2367 2992 2541 3048 Patris
2570 2995 2698 3085 dicit
2733 3013 2745 3047 :
2795 2996 2863 3049 Et
2906 2996 3044 3051 diem
3077 3013 3324 3067 magnum
3358 2998 3441 3067 je-

193 3085 341 3131 esset
367 3084 677 3139 excusatio?
704 3085 815 3141 Imo
834 3087 976 3146 Deus
1005 3107 1109 3147 non
1134 3094 1245 3148 vult
1273 3104 1330 3149 ut
1356 3082 1575 3166 agamus
1599 3097 1768 3166 pteni-
1858 3080 2019 3148 Ῐυηίίν
2059 3090 2114 3135 εί
2152 3084 2318 3137 Ouum
2360 3097 2465 3137 "0”
2497 3084 2789 3149 δθδίίηθδίλ
2826 3100 2998 3155 neque
3034 3102 3153 3141 cum
3181 3090 3439 3145 veneritis

195 3167 420 3220 tentiam
457 3171 746 3239 publicam,
776 3175 1010 3237 maiune
1030 3169 1164 3236 ἐυιη
1203 3197 1481 3252 peccatum
1522 3191 1771 3240 ηοειιηυιησ
1796 3238 1833 3252 Α
1866 3170 2244 3240 utappareatis
2273 3172 2422 3235 mihi,
2451 3174 2733 3227 exaudiam
2758 3189 2872 3228 vos.
2902 3175 3077 3229 Plenm
3102 3184 3226 3231 sunt
3243 3192 3436 3234 manus

190 3254 357 3308 celari
386 3259 642 3325 potuerit.
665 3261 743 3346 _Ut
765 3264 930 3335 igitur
956 3238 1261 3326 exhortatio
1284 3274 1452 3328 sancti
1481 3274 1764 3346 Augustini

1869 3238 2058 3317 vestra:
2087 3262 2365 3329 sanguine.
2395 3263 2461 3317 Et
2490 3280 2611 3318 cum
2640 3263 2842 3321 aliertis
2870 3266 3099 3342 similam
3138 3277 3229 3321 aut
3257 3269 3440 3325 incen—

191 3344 593 3412 quodammodo
614 3340 810 3421 valeat,
838 3356 1014 3413 dicere
1043 3360 1297 3416 debemus
1323 3374 1541 3433 peccata
1578 3381 1766 3420 eorum

193 3444 333 3501 quas
360 3436 427 3489 ad
472 3439 738 3506 publicam
786 3446 1158 3515 paenitentiam
1195 3456 1455 3523 agendam
1500 3456 1761 3522 hortatur,

194 3525 410 3595 publica
436 3530 619 3588 fuisse.

264 3617 437 3675 Porro
466 3622 582 3678 ham
616 3627 799 3695 verba,
847 3632 1079 3687 maxime
1123 3651 1245 3691 cum
1289 3654 1393 3693 non
1436 3630 1574 3697 novo
1621 3643 1762 3698 dicto

186 3710 513 3768 caiiﬁrmant
544 3712 813 3785 publicani
850 3726 1220 3792 paenitentiam
1266 3733 1522 3800 agendam
1553 3749 1672 3789 esse
1697 3736 1762 3790 de

188 3802 430 3868 peccatis
471 3806 716 3874 occultis,
756 3812 857 3890 sed
906 3821 1109 3869 tantum
1153 3818 1392 3873 indicant
1438 3821 1551 3876 ﬁeri
1605 3840 1761 3894 posse

187 3902 409 3962 propter
432 3898 690 3965 quasdam
726 3902 858 3957 alias
889 3906 1140 3973 rationes,
1168 3924 1303 3979 quas
1328 3927 1485 3981 supra
1514 3918 1761 3984 exposuit

181 3982 471 4055 Origenes;
496 3997 551 4043 et
573 3992 858 4047 maximam
880 3995 1106 4064 publicae
1126 4002 1455 4068 paenitentia!
1473 3982 1751 4074 rationem,

179 4082 234 4129 et
262 4068 435 4131 solam
459 4093 578 4148 quin
605 4079 766 4137 fuerit
795 4100 825 4138 a
849 4083 1100 4142 Pat‘ribus
1132 4092 1357 4157 sancita,
1391 4108 1510 4149 esse
1551 4097 1755 4153 crimen

177 4166 449 4236 publicum
461 4211 473 4222 .

242 4257 293 4313 J.
324 4261 565 4320 Marinus
607 4268 859 4324 nonnulla
895 4272 1000 4326 alia
1031 4272 1248 4330 Patrum
1293 4279 1593 4334 testimonia
1630 4298 1753 4352 pro—

172 4354 347 4425 ponit,
392 4355 605 4426 quibus,
645 4374 715 4413 ne
741 4362 925 4417 eadem
970 4366 1164 4435 smpius
1199 4377 1523 4438 repetantur,
1558 4372 1752 4428 sufﬁcit

173 4448 538 4517 respondere:
568 4449 610 4504 I.
651 4450 863 4505 Nullum
911 4456 1274 4513 testimonium
1319 4460 1568 4529 proferri,
1608 4465 1750 4533 quod

1865 3370 2005 3418 sum,
2034 3355 2358 3413 abominatio
2388 3356 2514 3409 mihi
2547 3365 2649 3410 est.
2678 3355 2901 3428 Adipem
2932 3374 3189 3430 agnorum
3224 3370 3277 3415 et
3316 3378 3435 3418 san—

1864 3438 2378 3514 guinem'hircorum
2408 3445 2550 3499 nolo.
2584 3447 2713 3512 Quis
2746 3447 2888 3502 enim
2924 3449 3202 3519 requisivit
3229 3450 3341 3507 haec
3367 3466 3436 3508 ex

1862 3533 2111 3587 manibus
2154 3534 2382 3587 vestris?
2410 3533 2604 3610 Verum
2647 3535 2874 3591 dissolve
2904 3552 3115 3592 omnem
3145 3539 3437 3610 colligatio-

1862 3639 1984 3676 nem
2036 3623 2362 3691 iniquitatis;
2421 3606 2695 3694 disrbmpe
2747 3624 3027 3683 fasciculos
3077 3628 3431 3702 violentorum

1860 3722 2263 3779 contractuum;
2288 3729 2480 3785 vagum
2505 3715 2777 3794 et‘nudum
2800 3727 2915 3788 tege
2930 3756 2947 3784 ,
2972 3717 3156 3789 frange
3174 3721 3432 3777 esurienti

1857 3821 2050 3876 panem
2089 3816 2256 3859 tuum.
2304 3807 2373 3861 Et
2412 3807 2589 3876 qualia
2618 3810 2831 3876 quidem
2858 3810 2967 3864 sint
2998 3826 3117 3880 quae
3157 3827 3255 3881 per
3278 3820 3432 3867 vates

1857 3912 1982 3951 suos
2021 3911 2051 3950 a
2100 3896 2208 3951 Dea
2244 3906 2508 3967 praxcepta
2555 3898 2678 3963 sint,
2720 3901 2803 3955 his
2842 3901 3102 3970 exemplis
3135 3902 3431 3973 intelligere

1854 3987 2099 4055 potestis.
2151 4007 2167 4035 ι
2213 4017 2284 4026 -
2327 3987 2386 4041 1n
2443 3986 2652 4059 dialogo
2694 4004 2818 4043 cum
2870 3990 3153 4060 Tryphone
3195 3990 3422 4048 Iudaea:

1860 4094 1878 4126 ‹
1916 4075 2053 4141 Quid
2084 4077 2214 4130 mihi
2241 4075 2519 4147 jejunatis,
2548 4088 2605 4131 ut
2633 4078 2790 4133 hodie
2831 4079 3079 4134 audiatur
3104 4081 3158 4134 in
3192 4081 3429 4138 clamore

1816 4181 1957 4219 .vox
2000 4167 2213 4220 vestra?
2258 4165 2523 4233 Jejunium
2565 4167 2666 4222 hoc
2692 4183 2790 4239 ego
2824 4185 2929 4223 non
2960 4169 3116 4241 elegi,
3158 4178 3217 4226 ut
3254 4171 3306 4224 in
3337 4172 3426 4228 die

1852 4254 2096 4308 humiliet
2119 4256 2203 4308 vir
2232 4256 2462 4310 animam
2486 4272 2655 4311 suam.
2679 4256 2854 4326 Atque
2880 4258 2926 4313 si
2952 4257 3134 4315 (laeuis
3165 4269 3421 4332 tanquam

1851 4343 2111 4397 circulum
2136 4343 2330 4397 collum
2362 4360 2538 4410 suum,
2581 4354 2637 4400 et
2663 4359 2874 4401 saccum
2915 4347 3257 4419 cineremque
3295 4351 3423 4406 sub-

1849 4440 2082 4497 sternas,
2126 4449 2195 4487 ne
2237 4434 2283 4488 si
2331 4435 2547 4504 quidem
2597 4437 2857 4491 vacabitis
2895 4436 3158 4507 jejunium
3187 4447 3244 4495 et
3274 4440 3418 4498 diem

133 4596 141 4603 ,
172 4548 359 4606 aperte
384 4541 576 4609 probet
606 4556 707 4612 pro
727 4545 963 4613 peccatis
1004 4548 1228 4605 occultis
1252 4524 1562 4608 secundum
1585 4524 1748 4612 cano-
1775 4574 1822 4633 υ
1850 4524 2585 4633 θξξίξξνίιξξιξμῖξθξιξξξὶξξΪ-Νοιι
2628 4535 2787 4633 istius
2823 4528 2967 4585 modi
3009 4530 3274 4633 jejunium
3319 4548 3443 4633 ego-

170 4643 266 4683 nes
295 4630 568 4698 publicam
612 4635 983 4701 paenitentiam
1029 4640 1287 4709 agendam
1332 4658 1469 4698 esse.
1513 4643 1575 4698 II.
1618 4645 1747 4712 Quae

171 4716 362 4774 Patres
386 4718 575 4774 dicunt
609 4721 675 4777 de
701 4726 936 4791 peccatis
963 4729 1276 4797 capitalibus
1292 4734 1607 4802 ptenitentia
1649 4738 1746 4806 pu-

170 4807 303 4863 blica
327 4809 611 4873 diluendis,
642 4815 856 4868 nonnisi
879 4814 949 4870 de
972 4819 1289 4877 criminibus
1330 4824 1555 4891 publicis
1588 4825 1745 4880 intel-

172 4896 258 4968 ligi
297 4914 482 4969 posse,
532 4916 653 4955 cum
679 4901 873 4961 Patres
910 4906 1036 4963 alibi
1074 4909 1506 4968 manifestissime
1555 4916 1742 4971 distin-

169 4998 333 5056 guunt
381 4990 527 5045 inter
571 4991 797 5047 crimina
853 4996 1063 5065 publica
1109 5006 1165 5053 et
1207 5000 1436 5066 occulta,
1478 5011 1530 5057 et
1554 5005 1742 5073 'paeni-

172 5080 390 5135 tentiam
422 5096 545 5151 quae
596 5083 836 5153 utrisque
881 5088 1156 5156 competit,
1199 5090 1422 5146 occultis
1449 5095 1736 5162 occultam,

170 5170 394 5237 publicis
429 5171 718 5241 publicam.

752 5284 981 5344 CAPUT
1017 5291 1148 5347 VIII.

166 5367 515 5461 Expiz‘cantur
528 5374 771 5461 {laturiam
792 5380 941 5461 verba
961 5382 1334 5461 Pwnilentialig
1354 5402 1373 5439 .·
1394 5399 1549 5461 atque
1565 5401 1734 5447 osten-

230 5440 764 5524 diturpaenitenliam
772 5448 1049 5524 publicam,
1074 5457 1278 5524 qualem
1299 5440 1473 5513 1οαῖέῖ
1485 5440 1729 5518 Eligis

227 5510 496 5575 describit,
524 5528 620 5598 pro
641 5510 859 5598 publicis
900 5510 1200 5598 criminibus
1230 5510 1729 5598 etiamﬂgravissimi:

230 5598 329 5668 non
377 5581 770 5668 esse‘aasalute
820 5594 1196 5668 necessariam;
1245 5608 1293 5650 et
1333 5581 1493 5668 quare
1540 5600 1727 5658 Patres

223 5652 401 5715 βίω-ρο
418 5650 661 5718 publica:
683 5668 975 5722 peccatores
1004 5662 1068 5715 ab
1094 5680 1155 5716 ea
1181 5650 1481 5722 'cmnériiiil

226 5760 434 5832 Aliquis
481 5757 667 5820 forsan
718 5766 932 5845 objiciet
974 5774 1133 5828 verba
1175 5776 1585 5848 PtBllIlClllIﬂliS,
1636 5785 1724 5840 u'.i

1846 4613 1998 4683 elegi,
2039 4614 2165 4667 dicit
2203 4615 2461 4670 Dominus
2501 4634 2515 4669 :
2559 4616 2652 4672 sed
2693 4617 2838 4673 salve
2876 4634 3089 4673 omnem
3123 4618 3416 4692 colligatio-

1848 4718 1970 4760 nem
1996 4704 2314 4773 iniquitatis,
2347 4705 2495 4760 solve
2528 4706 2882 4776 obligationes
2906 4709 3259 4765 violentarum
3288 4727 3418 4769 con-

1847 4801 2137 4859 tractuum,
2173 4794 2356 4858 emitte
2379 4795 2684 4853 contractos
2709 4798 2764 4855 in
2792 4801 3107 4857 remissione
3129 4811 3182 4857 et
3198 4818 3416 4860 omnem

1845 4884 2204 4953 syngrapham
2231 4883 2475 4954 iniquam
2506 4886 2780 4958 discerpe;
2816 4888 3004 4963 frange
3029 4894 3289 4949 esurienti
3314 4908 3414 4964 pa-

1842 4964 1965 5029 n’em
2002 4982 2172 5041 tuum,
2200 4983 2256 5028 et
2280 4990 2478 5046 egenos
2514 4986 2678 5049 vagas
2715 4981 2876 5037 induc
2905 4983 2958 5038 in
2984 4984 3201 5040 domum
3239 4993 3407 5043 tuam.

1844 5063 1979 5118 Cum
2014 5064 2214 5120 videris
2240 5067 2461 5133 nudum,
2488 5071 2636 5139 operi
2672 5085 2794 5127 eum
2819 5091 2832 5126 :
2862 5082 2917 5129 et
2941 5077 3296 5133 e‘vernaculis
3321 5093 3411 5134 se-

1842 5156 2005 5211 minis
2033 5156 2130 5221 tui,
2162 5171 2230 5212 ne
2257 5174 2582 5229 quemquam
2625 5165 2950 5236 despexeris.
2992 5170 3140 5226 Tunc
3165 5180 3408 5244 erumpet

1840 5245 2161 5300 matutinum
2191 5246 2370 5301 lumen
2401 5257 2583 5317 tuum;
2615 5262 2669 5308 et
2697 5257 2954 5313 sanitates
2990 5262 3288 5327 peccatoris
3329 5263 3407 5319 ci-

1840 5334 1947 5388 tius
1986 5335 2228 5392 orientur
2256 5354 2269 5389 :
2300 5347 2354 5392 et
2374 5341 2584 5409 praeibit
2607 5352 2731 5398 ante
2758 5354 2810 5398 te
2828 5344 3038 5412 justitia
3064 5358 3173 5414 tua,
3210 5359 3265 5405 et
3289 5352 3408 5423 glo-

1838 5425 1917 5477 ria
1968 5423 2063 5477 Dei
2110 5425 2495 5496 complectetur
2544 5440 2615 5485 te.
2660 5431 2808 5489 Tunc
2843 5435 3117 5503 clamabis,
3163 5447 3217 5493 et
3260 5442 3403 5500 Deus

1834 5515 2085 5569 exaudiet
2107 5524 2160 5570 te
2189 5536 2202 5572 :
2235 5516 2408 5575 adhuc
2438 5529 2487 5575 te
2514 5522 2780 5593 loquente,
2813 5527 2987 5582 dicet:
3019 5530 3158 5586 Ecce
3186 5533 3397 5589 adsum.

1836 5603 1892 5658 Si
1918 5605 2205 5662 abstuleris
2230 5623 2260 5662 a
2287 5618 2339 5663 te
2363 5610 2773 5681 colligationem,
2808 5623 2862 5669 et
2890 5624 3143 5674 manuum
3172 5623 3396 5693 compli-

1833 5694 2120 5761 cationem,
2150 5704 2206 5751 et
2232 5696 2451 5753 verbum
2486 5704 2795 5769 murmuris,
2821 5714 2876 5759 et
2903 5707 3113 5763 dederis
3141 5712 3397 5769 esurienti

1833 5798 2025 5854 panem
2052 5794 2200 5841 tuum
2226 5802 2291 5842 ex
2319 5775 2518 5856 animo,
2568 5801 2619 5847 et
2668 5794 2899 5850 animam
2937 5799 3267 5857 humiliatarn
3297 5808 3400 5859 im.
