3974 6454
530 526 537 539 ι
616 456 740 550 uit

1156 488 1492 544 TIIEODORI
1527 487 1835 541 ARCIIIEI’.
1872 482 2212 538 CANTUAR.
2255 475 2593 532 DOCTRINA
2629 475 2714 529 DE
2751 444 3189 527 PQSNITENTIA

3518 105 3914 203 "1—

3637 462 3763 516 121?.

611 602 838 671 pleveris
872 618 885 649 :
917 611 1035 652 tunc
1064 599 1332 650 exorietur
1361 598 1413 649 in
1440 598 1667 649 tenebris
1693 596 1868 646 lumen
1902 603 2069 651 tuum,
2091 599 2143 643 ct
2174 596 2216 649 Α
2244 603 2364 639 cum
2403 584 2567 637 fratre
2607 596 2719 636 suo.
2765 581 2984 635 Viduam
3024 588 3075 633 et
3112 576 3397 645 pupillum,
3438 572 3763 643 peregrinum

616 692 844 744 tenebrat
871 700 971 741 tua:
992 696 1049 740 ut
1072 687 1334 739 meridies.
1370 705 1387 736 ι
1421 685 1641 737 Sanctus
1660 682 1895 735 Justinus
1915 680 2148 746 loquitur

615 779 681 829 de
701 777 1007 845 pmnitcntia
1027 790 1142 841 qua:
1167 773 1233 826 ad
1257 774 1617 827 remissionem
1645 771 2069 839 gravissimorum
2095 775 2149 819 et

614 865 940 934 publicorum
972 864 1249 916 criminum
1280 862 1488 929 penitus
1512 860 1701 913 sullicit
1737 876 1747 909 :
1786 867 2015 910 attamen
2044 870 2149 908 non

607 952 704 1018 illa
728 961 809 1005 est
839 951 1144 1019 poenitentia
1168 949 1371 1015 qualem
1412 947 1459 1001 J.
1510 947 1739 999 Marinus
1777 944 2049 1005 describit,
2098 950 2150 994 et

618 1040 973 1108 quamplures
999 1040 1097 1090 viri
1127 1038 1266 1089 docti
1307 1037 1553 1090 dixerunt
1579 1035 1643 1085 ab
1675 1030 1999 1084 incunabulis
2049 1029 2150 1081 Ec-

618 1127 794 1180 clesiae
844 1126 1177 1179 constitutam
1235 1136 1350 1174 esse
1401 1122 1452 1172 in
1508 1117 1874 1172 aﬂlictionibus
1916 1113 2153 1181 corporis

619 1214 912 1268 manifestis
938 1228 998 1265 ac
1019 1210 1296 1263 diuturnis.
1320 1208 1498 1273 Itaque
1520 1213 1731 1258 sanctus
1756 1202 1992 1256 Justinus
2017 1202 2153 1260 banc

617 1302 983 1369 pmnitentiam
1024 1298 1088 1349 ad
1116 1295 1475 1349 remissionem
1511 1291 1936 1360 gravissimorum
1983 1293 2036 1339 et
2052 1301 2155 1354 pu-

622 1389 879 1442 blicorum
910 1385 1190 1439 criminum
1228 1396 1330 1435 non
1368 1380 1603 1434 absolute
1642 1376 1993 1431 necessariam
2035 1387 2153 1428 esse

620 1480 891 1550 judicavit.

693 1566 1015 1636 Theophilus
1063 1561 1420 1634 Antiochenus
1469 1560 1534 1612 ad
1570 1556 1890 1617 Autolicum,
1939 1568 2031 1608 un.
2063 1569 2150 1607 In:

629 1678 647 1710 ι
680 1658 941 1713 Caeterum
975 1654 1137 1706 Isaias
1161 1649 1415 1718 propheta
1453 1646 1799 1699 communiter
1822 1655 2029 1705 omnes,
2058 1640 2159 1695 il-

622 1746 809 1817 primis
835 1753 1011 1797 tamen
1040 1738 1268 1800 Judmos,
1295 1734 1589 1801 compellat,
1617 1741 1674 1785 ut
1700 1730 1762 1783 ad
1791 1729 2157 1799 pmnitenliatn

626 1816 938 1895 convolent,
972 1830 1187 1883 dicens:
1216 1823 1443 1889 Quwrite
1471 1822 1778 1881 Dominum,
1822 1818 2031 1886 quando
2070 1816 2158 1873 ille

2241 681 2295 725 et
2322 684 2602 740 paupch
2642 669 2800 721 nolite
2837 664 3144 720 calumniari
3183 682 3195 714 :
3236 675 3404 730 neque
3434 659 3679 728 cogitetis
3716 658 3765 710 in

2242 763 2404 817 corde
2426 766 2603 813 vestro
2623 755 2983 831 unusquisque
3004 744 3198 824 malum
3222 749 3400 804 fratris
3434 748 3535 803 sui.
3577 764 3595 798 ι
3640 746 3772 799 San-

2242 858 2360 907 etus
2386 846 2709 915 Theophilus
2750 842 2987 913 pluribus
3019 838 3413 907 Scripturarum
3458 834 3772 889 testimoniis

2244 944 2298 990 et
2345 912 2653 1001 praecipuis,
2702 912 2882 986 veram
2927 924 3181 980 describit
3223 922 3619 992 paenitentiam,
3661 934 3773 988 qua:

2247 1019 2312 1071 ad
2340 1018 2699 1071 remissionem
2721 1012 3049 1083 publicorum
3074 1008 3568 1084 etgravissimorum
3595 1007 3773 1060 (ιι-ἰηιί-

2248 1120 2372 1157 num
2401 1103 2616 1155 omnino
2648 1098 2874 1156 suﬂlcit:
2904 1112 3129 1165 cumque
3167 1111 3273 1151 non
3310 1110 3373 1149 ea
3413 1096 3481 1148 sit
3517 1094 3775 1161 paeniten-

2249 1193 2322 1247 tia
2361 1205 2518 1258 quam
2558 1190 2737 1257 plures
2770 1188 3015 1240 dixerunt
3051 1185 3118 1237 ab
3163 1182 3491 1237 incunabulis
3532 1180 3779 1233 Ecclesia:

2248 1280 2586 1333 constitutam
2619 1289 2738 1330 esse
2765 1275 2819 1328 in
2852 1270 3221 1326 afﬂictionibus
3252 1280 3308 1324 et
3342 1268 3777 1323 macerationibus

2250 1368 2484 1436 corporis
2529 1363 2824 1421 manifestis
2872 1377 2935 1415 ac
2973 1359 3268 1423 diuturnis,
3295 1367 3501 1414 certum
3540 1365 3624 1410 cst
3664 1370 3781 1408 sau—

2250 1464 2393 1510 etum
2419 1453 2762 1522 Theophilum
2786 1492 2801 1515 ,
2850 1450 2917 1504 ad
2956 1450 3318 1504 remissionem
3358 1447 3690 1516 publicorum
3732 1454 3781 1496 et

2252 1542 2682 1614 gravissimorum
2728 1538 3008 1593 criminum
3034 1552 3140 1591 non
3168 1536 3404 1591 absolute
3434 1534 3782 1588 necessariam

2248 1618 2677 1703 iudicasse'banc
2705 1629 3087 1701 ptenitentiam.
3378 1670 3382 1675 .

2321 1722 2573 1785 Irenaeus,
2600 1721 2689 1775 lib.
2716 1734 2767 1773 Iv
2794 1719 3046 1773 adversus
3069 1715 3321 1779 haereses,
3359 1727 3476 1781 cap.
3499 1712 3568 1765 '52
3592 1729 3605 1763 :
3634 1730 3654 1762 ι
3684 1708 3787 1763 Sed

2259 1809 2519 1864 miserans
2552 1821 2736 1863 eorum
2771 1805 3018 1869 cmcitati,
3047 1810 3103 1858 et
3139 1817 3322 1858 verum
3359 1800 3676 1855 sacriﬁcium
3709 1799 3786 1851 iu-

624 1922 844 1977 inveniri
870 1888 1032 1989 potest
1054 1929 1072 1967 :
1094 1888 1324 1970 invocato
1351 1927 1487 1971 eum,
1523 1908 1733 1976 quando
1763 1908 1849 1959 ille
1876 1922 2029 1974 prope
2064 1913 2158 1958 est.
2193 1896 2239 1956 Ι
2261 1898 2511 1964 silum,
2549 1896 2691 1967 quod
2730 1894 3014 1950 εδει-θυεερ.
3054 1891 3478 1961 propitiabuntur
3515 1888 3698 1948 Deum,
3728 1891 3784 1936 ιιι

625 2008 954 2075 Dereliuquat
983 2004 1170 2073 impius
1195 2002 1327 2054 viam
1354 2013 1521 2059 suurn,
1551 2005 1597 2048 et
1627 1996 1703 2047 vir
1731 1994 1933 2062 iniquus
1962 1992 2159 2060 cogita-

627 2100 790 2151 tiones
818 2112 957 2155 θυαε,
990 2101 1034 2146 et
1063 2087 1431 2144 revertaturnd
1452 2085 1745 2146 Dominum,
1772 2094 1817 2135 cl
1836 2074 2162 2136 miserebitur

626 2186 770 2255 ejus,
802 2194 849 2237 et
882 2182 950 2235 ad
995 2180 1153 2234 Deum
1188 2187 1417 2231 nostrum
1439 2214 1452 2237 ,
1501 2173 1748 2240 quoniam
1794 2169 2080 2223 abundabit
2106 2178 2165 2223 ut

632 2276 883 2329 remittat.
915 2271 1060 2323 Alius
1082 2272 1338 2335 prteterea
1366 2262 1644 2329 preplieta,
1668 2258 1931 2322 Ezechiel,
1959 2257 2159 2325 inquit:

632 2361 783 2428 Quod
818 2360 863 2411 si
892 2356 1082 2423 impius
1116 2367 1332 2406 aversus
1372 2348 1531 2401 fuerit
1568 2347 1633 2399 ab
1661 2345 1904 2399 omnibus
1932 2343 2166 2411 peccatis

633 2450 744 2505 suis
773 2461 887 2515 qua;
928 2444 1071 2506 fecit,
1118 2450 1173 2495 et
1211 2438 1522 2494 custodierit
1561 2435 1737 2489 omn'a
1781 2441 1978 2486 statuta
2024 2446 2162 2496 mea,

636 2539 921 2605 feceritque
953 2534 1212 2604 judicium
1257 2538 1311 2583 et
1342 2528 1599 2596 justitiam
1621 2565 1633 2585 ,
1680 2524 1902 2577 vivendo
1930 2523 2073 2575 vivet
2112 2530 2168 2575 et

639 2642 743 2680 non
788 2624 1060 2679 morietur.
1092 2620 1316 2673 .0mnes
1363 2615 1667 2681 iniquitates
1711 2612 1825 2679 ejus
1867 2627 2000 2678 quas
2045 2609 2172 2663 fecit

639 2730 740 2772 nou
780 2712 990 2765 venient
1028 2709 1080 2759 in
1122 2704 1538 2758 recordationem
1574 2700 1708 2767 ejus,
1749 2701 1840 2752 sed
1881 2699 1933 2751 in
1966 2698 2171 2767 justitia

636 2816 732 2856 sua
769 2815 927 2869 quam
962 2797 1116 2860 fecit,
1147 2795 1306 2847 vivet.
1351 2791 1595 2859 Nunquid
1639 2790 1881 2843 desidero
1921 2797 2012 2841 aut
2054 2788 2172 2841 volo

638 2897 859 2942 mortem
895 2884 1063 2953 impii,
1102 2882 1230 2937 dicit
1262 2881 1513 2934 Dominus
1546 2879 1720 2931 Dens?
1760 2894 1825 2929 an
1865 2892 1968 2928 non
2006 2876 2174 2944 magis

644 2985 706 3029 ut
738 2979 1009 3026 convertat
1042 2984 1100 3024 se
1135 2984 1167 3022 a
1190 2969 1294 3023 viis
1334 2967 1444 3021 suis
1480 2974 1534 3020 et
1566 2966 1740 3018 vivat?
1775 2963 1942 3015 Isaias
1984 2962 2175 3015 iterum

644 3061 809 3129 inquit
860 3056 1229 3127 pmnitentiam
1282 3053 1597 3108 inculcans:
1648 3050 2035 3105 Convertimini
2083 3048 2175 3117 qui

644 3149 955 3217 profundum
1001 3145 1275 3201 consilium
1316 3145 1459 3198 initis
1501 3151 1556 3197 et
1599 3144 1860 3210 iniquum,
1910 3148 1969 3193 ut
2007 3139 2178 3193 salve-

2261 1987 2330 2041 ιι)
2358 2000 2424 2041 eo
2458 1986 2623 2039 vitam
2664 1982 2977 2054 percipiant.
3024 1976 3473 2054 Quemadmodum
3520 1973 3645 2027 alibi
3685 1972 3784 2024 ait:

2263 2071 2591 2130 Sacriﬁcium
2614 2048 2729 2123 Deo
2754 2048 2846 2123 ὧὶ·
2880 2048 3321 2126 contribulatum;
3363 2061 3494 2116 odor
3518 2058 3787 2114 suavitatis

2263 2162 2371 2222 Deo
2406 2178 2497 2217 cor
2528 2159 2827 2215 clariﬁcans
2854 2170 2975 2210 eum
3012 2153 3101 2222 qui
3130 2152 3420 2223 plasmavit,
3457 2159 3560 2204 etc.
3606 2149 3673 2201 Et
3691 2147 3790 2200 Za-

2263 2252 2474 2309 cbarias
2518 2256 2695 2301 autem
2744 2247 2797 2298 in
2841 2241 3114 2297 duodecim
3160 2239 3447 2309 prophetis,
3494 2235 3794 2306 significans

2263 2343 2342 2395 eis
2371 2334 2698 2391 voluntatem
2722 2330 2839 2396 Dei,
2865 2330 2940 2383 ait
2966 2348 2980 2382 :
3018 2326 3140 2382 Haec
3180 2326 3306 2380 dicit
3330 2324 3584 2378 Dominus
3627 2323 3794 2375 omni-

2215 2427 2223 2438 ’
2263 2437 2471 2500 potens.
2490 2424 2751 2479 iudicium
2764 2418 2965 2488 justum
2986 2415 3238 2484 iudicate,
3254 2413 3502 2483 pietatem
3525 2420 3580 2464 et
3596 2410 3791 2465 miscri-

2266 2496 2503 2568 cordiam
2541 2508 2700 2562 facite
2741 2504 3101 2572 unusquisque
3140 2500 3204 2553 ad
3238 2498 3452 2559 fratrem
3495 2513 3672 2552 suum.
3715 2496 3797 2549 Vi-

2267 2600 2425 2655 duam
2447 2606 2503 2651 et
2528 2595 2822 2665 orphanum
2845 2599 2900 2646 et
2918 2588 3238 2660 prosclytum
3259 2596 3313 2640 et
3332 2601 3617 2655 pauperem
3641 2585 3799 2639 nolite

2269 2684 2591 2755 opprimere,
2623 2688 2679 2735 et
2708 2677 3067 2746 unusquisque
3101 2674 3351 2755 malitiam
3378 2673 3562 2728 fratris
3585 2689 3666 2728 sm
3696 2688 3798 2725 non

2271 2734 2524 2840 rccrogitet
2569 2734 2623 2821 in
2666 2766 2828 2836 corde
2864 2734 3000 2827 suo:
3044 2771 3100 2815 et
3135 2734 3455 2829 judationem
3500 2760 3693 2813 falsam
3738 2775 3801 2811 ne

2274 2858 2585 2915 dilexeritis.
2614 2854 2875 2921 Quoniam
2906 2854 3018 2905 haec
3058 2852 3234 2905 omnia
3261 2851 3367 2911 odi,
3399 2850 3526 2903 dicit
3555 2850 3802 2904 Dominus

2274 2949 2625 3017 omnipotens.
2666 2943 2733 2996 Et
2775 2939 2941 2993 David
2996 2947 3169 2992 autem
3217 2937 3500 2993 similiter:
3533 2937 3664 3005 Quis
3704 2946 3799 2999 est,

2276 3038 2473 3107 inquit,
2522 3036 2681 3089 homo
2718 3031 2808 3100 qui
2838 3029 2951 3083 vult
2990 3029 3181 3089 vitam,
3217 3034 3271 3081 et
3311 3034 3454 3079 amat
3491 3026 3669 3078 videre
3698 3026 3805 3077 dies

2276 3124 2474 3179 bonos?
2511 3122 2709 3176 Cohibe
2752 3119 2983 3187 linguam
3028 3124 3172 3168 tuam
3215 3129 3247 3167 a
3273 3113 3429 3175 malo,
3465 3120 3518 3166 et
3548 3112 3687 3165 labia
3720 3122 3807 3163 tua

645 3238 793 3293 mini.
825 3234 1079 3290 Similiter
1099 3231 1353 3288 Jeremias
1376 3247 1390 3284 :
1412 3200 1788 3286 Convertiniini
1813 3200 1878 3282 ad
1899 3228 2178 3291 Dominum
2204 3216 2250 3278 C
2277 3228 2345 3267 ne
2379 3213 2656 3280 loquamur
2679 3206 2873 3263 domm?
2911 3203 3126 3259 Decum
3156 3219 3186 3256 ³
3212 3201 3432 3293 malo}?
3462 3200 3547 3293 mf
3583 3202 3806 3255 bonum;

644 3329 811 3381 Deum
842 3331 1094 3385 vestrum,
1123 3322 1560 3390 quemadmodum
1589 3318 1915 3373 vindemians
1951 3316 2018 3370 ad
2055 3333 2176 3371 car-

651 3413 858 3475 tallum,
902 3419 957 3465 et
1002 3410 1418 3465 misericordiam
1467 3407 1881 3475 consequemini.
1926 3406 2180 3459 'Plurima

654 3510 774 3557 sunt
819 3508 874 3553 et
916 3513 1192 3552 numerum
1243 3495 1355 3549 fere
1398 3511 1606 3549 omnem
1651 3494 1934 3558 excedunt,
1975 3508 2091 3562 quae
2128 3494 2181 3546 in

656 3586 929 3655 Scriptura
965 3600 1118 3640 sacra
1158 3585 1221 3639 de
1245 3584 1554 3653 paenitentia
1598 3583 1798 3651 agenda
1840 3583 2183 3650 comprehen-

657 3677 867 3738 duntur,
912 3682 1018 3728 etc.
1080 3674 1364 3741 Utriusque
1406 3672 1728 3726 Testamenti
1777 3670 2003 3723 ministri
2080 3684 2184 3722 uno

658 3764 945 3831 eodemque
982 3762 1180 3829 Spiritu
1220 3762 1459 3831 inspirati
1508 3761 1668 3813 locuti
1711 3767 1852 3813 sunt.
1908 3760 2070 3812 Isaias
2109 3760 2186 3813 sic

659 3852 850 3905 clamat
885 3864 900 3902 :
931 3847 1148 3902 Auferte
1193 3848 1450 3901 malitiam
1494 3855 1775 3900 conatuum
1820 3854 2113 3899 vestrorum
2156 3861 2186 3898 a

657 3950 939 4012 conspectu
974 3940 1248 3995 oculorum
1285 3953 1545 4001 meorum,
1585 3942 1788 3992 cessate
1849 3934 2186 3999 malefacere,

661 4030 845 4087 discite
884 4028 1196 4085 benefacere
1222 4066 1239 4093 ,
1278 4027 1499 4095 quaerite
1535 4024 1793 4094 judicium
1813 4019 1839 4089 ,’
1868 4023 2066 4077 salvate
2097 4037 2191 4090 0p-

660 4133 920 4191 pressum,
957 4116 1095 4186 agite
1136 4115 1190 4169 in
1216 4115 1415 4183 judicio
1457 4128 1683 4191 causam
1705 4112 1886 4181 pupilli
1922 4119 1975 4165 et
2003 4111 2187 4165 viduae.

660 4182 804 4261 Idem
833 4204 957 4258 alibi
982 4182 1140 4258 dicit:
1165 4182 1400 4255 Dissolve
1429 4182 1619 4268 iuipias
1645 4201 2025 4266 colligationcs,
2051 4200 2193 4253 solve

668 4290 943 4359 fasciculos
976 4304 1245 4352 onerosos,
1298 4288 1505 4342 dimitte
1550 4286 1847 4343 confractus
1889 4287 2104 4352 liberos,
2141 4299 2195 4342 et

667 4388 728 4441 ut
749 4377 1063 4446 dirumpatis
1088 4390 1243 4430 omne
1272 4391 1423 4430 onus.
1453 4374 1695 4443 Nunquid
1716 4360 1779 4428 ἰιι
1799 4376 2046 4444 partiaris
2071 4390 2193 4430 esu-

672 4467 825 4523 rienti
852 4481 1041 4535 panem
1071 4472 1237 4523 tuum,
1265 4473 1319 4516 et
1345 4476 1603 4531 pauperes
1630 4478 1788 4534 vagos
1816 4465 2116 4521 introducas
2140 4468 2193 4521 in

672 4554 920 4607 domum?
955 4552 1011 4604 Si
1045 4552 1237 4604 videris
1274 4552 1491 4613 nudum,
1522 4552 1726 4617 operies
1754 4566 1896 4616 eum,
1925 4562 1979 4606 et
2015 4570 2045 4607 a
2074 4570 2194 4623 pro-

676 4642 867 4710 pinquo
891 4647 981 4695 tuo
1006 4649 1057 4693 te
1083 4655 1185 4692 non
1214 4640 1522 4693 abscondes.
1550 4639 1695 4694 Tunc
1720 4641 2018 4710 proferetur
2043 4647 2193 4712 quasi

679 4725 869 4781 aurora
910 4722 1003 4780 lui
1049 4733 1169 4788 tua,
1217 4731 1271 4778 et
1312 4725 1509 4777 sanitas
1552 4731 1640 4778 tua
1681 4726 1930 4781 velociter
1973 4738 2190 4794 crescet,

678 4821 732 4867 et
760 4815 855 4869 ibit
883 4821 1004 4868 ante
1029 4823 1082 4868 te
1104 4814 1307 4882 justitia
1336 4824 1444 4866 tua.
1488 4812 1580 4866 llis
1608 4813 1915 4881 astipulatur
1940 4815 2195 4872 Jeremias

683 4902 860 4956 dicens
888 4916 903 4953 :
932 4900 1079 4954 State
1112 4900 1257 4967 iuxta
1286 4901 1420 4964 vias,
1448 4906 1502 4953 et
1531 4899 1936 4968 circumspicite,
1967 4903 2195 4957 interro-

580 5024 589 5029 -
684 4998 803 5055 gate
835 4990 898 5042 de
939 4990 1141 5053 semitis
1172 4989 1418 5056 antiquis,
1452 4996 1504 5040 et
1532 5002 1647 5055 quae
1685 4988 1770 5040 via
1810 4989 1995 5043 melior
2023 4989 2197 5056 fuerit,

684 5078 741 5128 In
761 5089 822 5128 ea
849 5076 1110 5129 ambulate
1133 5093 1145 5126 :
1172 5082 1227 5128 ut
1252 5074 1527 5127 inveniatis
1554 5074 1785 5141 requiem
1810 5089 1906 5144 pro
1930 5077 2202 5131 animabus

692 5161 875 5232 vestris
902 5178 915 5213 :
940 5159 1194 5227 judicium
1213 5161 1412 5230 justum
1436 5161 1697 5228 iudicate;
1738 5161 1860 5230 quia
1890 5162 1944 5214 in
1964 5163 2048 5232 his
2074 5178 2200 5217 eon-

690 5230 828 5303 sistit
866 5248 1110 5303 voluntas
1151 5248 1359 5302 Domini
1400 5249 1495 5303 Dei
1534 5251 1716 5302 vestri.
1764 5240 1897 5304 Huic
1943 5230 2205 5306 consentit

693 5337 890 5399 Moses,
942 5338 1031 5405 qui
1069 5337 1182 5389 ait:
1221 5337 1487 5390 Custodite
1516 5336 1803 5405 judicium,
1841 5344 1895 5392 et
1929 5341 2221 5407 appropi‘n-‘

693 5430 851 5493 quate
891 5422 956 5475 ad
996 5423 1270 5475 Dominum
1312 5422 1474 5474 Deum
1522 5429 1787 5487 vestrum,
1834 5425 1925 5491 qui
1978 5425 2206 5480 ﬁrmavit

694 5510 884 5564 cmlum
927 5518 981 5564 et
1020 5511 1249 5564 condidit
1296 5519 1507 5563 terram.
1559 5512 1639 5564 Ab
1692 5511 1775 5565 bis
1818 5526 1921 5565 non
1966 5514 2205 5568 dissentit

697 5596 997 5659 Zacharias,
1043 5596 1238 5649 dicens.
1270 5596 1522 5650 uindicate
1560 5595 1809 5662 judicium
1856 5598 2105 5663 veritatis,
2152 5608 2206 5653 et

701 5680 851 5733 facite
900 5682 1142 5766 pietatem
1197 5691 1349 5749 atque
1396 5680 1806 5735 miscricordiam
1854 5688 2204 5756 unusquisque

2278 3301 2487 3369 inquire
2526 3312 2729 3367 pacem,
2770 3303 2824 3349 et
2863 3307 3084 3362 sequere
3122 3306 3261 3346 eam.
3300 3309 3318 3341 ι
3342 3287 3484 3343 Aliis
3511 3287 3810 3356 Scriptura-

2277 3405 2396 3444 rum
2442 3376 2757 3443 testimoniis
2807 3389 3021 3438 sanctus
3070 3381 3300 3435 Irenzeus
3346 3377 3597 3433 describit
3641 3375 3810 3445 perfe—

2278 3484 2417 3531 ctam
2456 3489 2552 3544 pro
2588 3472 2899 3527 criminibus
2932 3471 3044 3525 sive
3077 3466 3300 3537 publicis
3337 3467 3448 3520 sive
3485 3465 3811 3535 gravissimis

2279 3559 2675 3633 paenitentiam,
2714 3574 2831 3628 qua:
2868 3567 3042 3613 tamen
3076 3572 3182 3610 non
3215 3556 3457 3611 consistit
3492 3555 3544 3608 in
3577 3555 3811 3608 alliich

2281 3651 2437 3705 nibus
2464 3658 2517 3702 et
2552 3645 2996 3701 macerationibus
3023 3644 3260 3716 corporis
3285 3641 3579 3743 manifestis
3606 3658 3669 3696 ac
3701 3641 3815 3696 diu-

2285 3740 2475 3794 turnis.

2353 3847 2596 3902 Clemens
2620 3845 3004 3902 Alexandrinus
3039 3843 3095 3898 iu
3135 3843 3273 3897 libro
3308 3856 3465 3911 quem
3511 3842 3808 3913 inscripsit:

2287 3938 2536 4002 Quisnam
2562 3934 2703 3999 diues
2735 3933 2952 3990 salutem
2979 3931 3216 4002 cumqui
3242 3931 3422 4001 possit,
3451 3932 3813 4001 pmnitcntiam

2260 4027 2486 4095 juvenis
2504 4066 2519 4088 ,
2568 4024 2661 4095 qui
2685 4024 2923 4084 instituto
2947 4022 3211 4095 latronum
3239 4021 3479 4090 collegio,
3509 4022 3623 4091 ipse
3638 4038 3819 4090 prem-

2287 4124 2379 4181 pto
2422 4114 2599 4166 animo
2643 4113 2747 4165 dux
2783 4126 2963 4165 eorum
3001 4109 3240 4174 euectus,
3283 4111 3551 4173 violentia,
3588 4113 3819 4166 aedibus

2287 4210 2446 4271 atque
2474 4199 2753 4254 atrocitate
2773 4207 2998 4253 cunctos
3025 4199 3326 4266 superabat,
3360 4198 3436 4252 sic
3470 4197 3633 4266 refert
3660 4217 3673 4250 :
3707 4219 3725 4250 ι
3755 4199 3820 4252 Ει

2266 4291 2629 4365 accedentem
2687 4301 2897 4352 senem,
2952 4285 3009 4341 id
3055 4293 3137 4341 est
3178 4285 3434 4341 Joannem
3491 4287 3816 4354 apostolum,

2284 4379 2633 4448 complexus,
2660 4377 2858 4448 gemitu
2905 4391 2968 4431 ac
3005 4376 3250 4430 lamentis
3290 4385 3544 4444 quantum
3590 4376 3819 4431 maxime

2222 4476 2523 4576 Dpoterat,
2561 4468 2769 4525 veniam
2808 4465 3053 4534 rogabat,
3095 4472 3150 4518 et
3188 4464 3434 4535 lacrymis
3463 4467 3614 4534 quasi
3654 4467 3820 4521 altero

2302 4574 2323 4576 -
2348 4574 2387 4576 η
2415 4559 2511 4576 1-,“
2542 4556 2799 4576 ι,έ.ε,---
2835 4555 3141 4576 -___.:-L-._-_
3195 4554 3349 4576 ηιμ.-
3385 4555 3615 4576 .ι.-...--...
3655 4543 3753 4576 _;_,
3781 4558 3792 4576 ι

2292 4559 2518 4627 quodam
2542 4556 2806 4625 baptismo
2829 4555 3159 4626 capiebatur,
3189 4554 3352 4609 solam
3379 4555 3620 4609 dextram
3647 4558 3819 4611 occul-

2293 4655 2431 4702 tans.
2471 4647 2604 4702 Tum
2644 4646 2912 4717 apostolus
2951 4644 3213 4715 spondens
3254 4660 3317 4699 ac
3355 4644 3599 4713 dejerans
3631 4662 3688 4701 se
3730 4663 3817 4701 vc-

2293 4738 2434 4791 niam
2472 4737 2570 4813 ipsi
2604 4752 2634 4817 ρ
2661 4735 2943 4790 Servature
2978 4735 3357 4805 impetravisse,
3383 4750 3648 4804 oransque
3673 4752 3737 4791 ac
3767 4739 3817 4791 in

2293 4838 2461 4905 genua
2481 4816 2808 4891 provolutus,
2826 4830 2883 4881 et
2907 4822 3147 4876 dextram
3176 4823 3341 4891 ipsam
3358 4816 3588 4890 juvenis,
3619 4834 3678 4879 ut
3697 4835 3819 4893 pote

2293 4910 2605 4979 penitentia
2641 4916 2978 4979 expurgatam
3015 4910 3343 4972 deosculans,
3370 4911 3541 4980 ipsum
3575 4912 3628 4966 in
3654 4915 3818 4969 eccle-

2296 4996 2429 5051 siam
2480 4995 2705 5050 reduxit.
2773 4996 2974 5052 Exinde
3012 4996 3205 5066 partim
3249 4997 3449 5051 crebris
3495 5000 3819 5057 orationibus

2299 5082 2462 5136 Deum
2502 5083 2810 5150 deprecans,
2847 5082 3044 5151 partim
3080 5083 3399 5139 continuatis
3441 5100 3547 5139 una
3586 5101 3706 5141 cum
3733 5088 3818 5157 ju-

2299 5185 2432 5224 vene
2468 5171 2624 5224 simul
2664 5170 2962 5235 decertans,
3002 5172 3248 5226 omnibus
3288 5172 3512 5242 denique
3538 5174 3815 5232 verborum

2300 5258 2560 5312 illecebris
2594 5258 2823 5312 animum
2865 5259 2982 5327 ejus
3023 5259 3345 5324 demulcens,
3390 5275 3494 5315 non
3532 5264 3679 5330 prius
3694 5269 3812 5321 abs-

2302 5344 2464 5398 cessit
2496 5360 2652 5414 quam
2688 5344 2831 5400 illum
2866 5345 3112 5400 Ecclesia:
3148 5347 3497 5416 restituisset,
3547 5365 3816 5419 magnum-

2305 5446 2407 5499 que
2442 5432 2659 5485 sinceraa
2690 5431 3012 5499 ptenitentiae
3048 5433 3370 5502 exemplum,
3412 5444 3465 5488 et
3499 5437 3700 5492 iterata:
3737 5454 3815 5492 re-

2305 5519 2654 5589 generationis
2690 5520 2871 5589 ingens
2901 5520 3288 5585 documentum,
3321 5531 3374 5574 et
3406 5523 3699 5589 conspicua;
3739 5542 3814 5579 cc-

2306 5607 2645 5659 surrectionis
2689 5615 2938 5673 tmpaeum
2986 5607 3227 5661 omnibus
3270 5609 3598 5662 ostendisset.
3654 5630 3673 5660 ι
3740 5612 3811 5664 En

2309 5708 2549 5764 magnum
2583 5693 2898 5761 pmoitcntite
2935 5695 3245 5761 exemplum,
3277 5695 3412 5762 quod
3450 5696 3681 5749 declarat
3718 5702 3813 5752 cri-
