3974 6428
255 494 388 549 iﬁlli
1039 496 1128 548 AB
1164 491 1328 550 ΟΜΝ]
1365 491 1722 548 ΝονιτΑτιδ
1756 489 2149 547 δυδιηωυᾱιυ
2192 488 2560 546 HNDICATA.
3282 490 3414 546 {2M

270 611 393 663 uina
430 610 636 679 publica
678 619 731 663 et
762 610 1070 678 gravissima
1108 611 1307 679 absque
1346 608 1610 662 diuturnis
1656 604 1786 659 allli-
1811 606 1859 660 Δ
1886 610 2030 657 ratas
2064 605 2309 658 mulieres
2332 643 2346 668 ,
2397 612 2451 656 et
2483 602 2812 666 confitentes,
2839 580 2920 656 vel
2948 604 3414 672 quomodocnnque

251 697 518 751 etionihus
541 705 595 750 et
621 697 1065 751 macerationibus
1090 697 1328 765 corporis
1351 696 1479 749 dilui
1503 708 1679 763 posse.

322 782 603 852 ﬂuensque
640 785 939 839 testimonia
980 784 1198 837 Patrum
1230 783 1385 853 plane
1422 782 1786 835 demonstrant

251 870 516 939 publicam
548 872 916 940 pmnitentiam
955 887 1073 941 quae
1112 870 1355 925 consistit
1398 870 1451 922 in
1493 867 1788 921 afflictioni-

254 959 410 1012 nibus
441 967 493 1012 et
519 960 961 1013 macerationibus
995 959 1234 1028 corporis
1260 956 1554 1011 manifestis
1588 972 1651 1009 ac
1674 956 1789 1009 diu-

254 1043 425 1096 turnis
454 1058 556 1097 non
586 1059 705 1098 esse
731 1044 969 1099 absolute
997 1045 1371 1099 necessariam.
1412 1044 1542 1096 lllud
1580 1058 1787 1111 quoque

252 1133 357 1186 erit
382 1135 715 1201 perspicuum
747 1135 906 1187 etiam
933 1136 1056 1188 dum
1085 1137 1314 1187 maxime
1341 1136 1453 1187 haec
1475 1134 1787 1201 ptenitentia

252 1220 493 1290 vigebat,
528 1223 572 1276 si
617 1224 958 1276 ostendamus
996 1224 1309 1290 quibusnam
1344 1224 1634 1276 rationibus
1658 1223 1785 1276 moti

252 1308 363 1363 sint
395 1310 579 1364 Patres
615 1320 673 1364 ut
705 1312 900 1367 multos
939 1294 1245 1382 peccatores
1278 1310 1516 1379 publicos
1554 1326 1585 1363 a
1613 1312 1787 1379 pugni-

257 1398 419 1452 tentia
446 1399 654 1468 publica
682 1400 995 1453 eximerent.
1168 1466 1175 1477 ν
1296 1391 1305 1401 ’

324 1486 509 1541 Patres
543 1489 751 1542 concilii
781 1488 1238 1551 Ncoemsariensis,
1265 1502 1383 1542 can.
1415 1484 1452 1541 9'
1467 1506 1478 1538 :
1518 1505 1535 1535 ι
1566 1486 1789 1554 Presby-

257 1577 337 1629 ter
376 1568 420 1629 si
458 1586 855 1646 praeoccupatus
891 1577 1150 1645 corporali
1196 1585 1414 1645 peccato
1449 1577 1786 1644 provehatur,
1830 1610 1849 1621 κ

255 1672 308 1717 et
354 1663 627 1718 confessus
672 1665 833 1719 fuerit
876 1666 940 1720 de
970 1680 1026 1719 se
1052 1667 1192 1733 quod
1237 1674 1360 1718 ante
1405 1662 1788 1717 ordinationem

254 1752 549 1819 deliquerit,
581 1753 758 1807 oblata
788 1770 890 1809 non
924 1763 1217 1818 conscCret,
1244 1761 1463 1807 manens
1494 1753 1544 1806 in
1575 1751 1791 1820 reliquis

252 1841 471 1906 oliiciis,
525 1852 741 1912 pmpter
788 1844 1018 1897 studium
1067 1844 1282 1897 bonum.
1321 1863 1339 1894 ι
1391 1843 1521 1895 Nam
1573 1837 1789 1910 peccata

1885 692 2152 745 convictas
2182 690 2449 758 publicare
2480 693 2693 757 quidem
2731 697 2909 757 patres
2934 693 3099 744 nostri
3133 693 3416 759 prohibue-

1884 790 2026 843 runt,
2058 795 2122 833 ne
2150 779 2409 834 convictis
2437 779 2625 833 mortis
2666 793 2880 832 causam
2920 779 3266 846 praebeamus.
3312 780 3415 835 Eas

1885 881 2062 925 autem
2099 878 2240 923 stare
2268 869 2382 922 sine
2411 868 2780 922 communione
2805 867 3078 935 jusserunt
3110 867 3277 922 donec
3310 869 3412 922 im-

1885 958 2118 1025 pleretur
2148 964 2352 1023 tempus
2376 953 2717 1022 poenitentiae.
2751 972 2772 1004 ι

1905 1076 1911 1082 ι
1954 1044 2242 1112 Gregorius
2305 1042 2673 1096 Nazianzenus
2720 1042 2773 1095 in
2814 1042 3054 1096 oratione
3097 1043 3166 1097 39
3209 1060 3222 1095 :
3282 1062 3299 1092 ι
3334 1044 3417 1097 Si-

1886 1130 2099 1198 quidem
2136 1130 2212 1184 illi
2248 1129 2555 1198 paenitentia
2603 1129 2820 1181 minime
2843 1128 3188 1195 ducebantur,
3220 1132 3416 1199 optimo

1879 1220 2000 1288 jure
2031 1236 2124 1275 eos
2157 1221 2379 1288 repulit;
2412 1234 2534 1271 nam
2574 1234 2642 1272 ne
2676 1219 2787 1286 ipse
2819 1217 3029 1285 quidem
3069 1234 3161 1272 eos
3199 1220 3415 1287 recipio,

1885 1310 1976 1379 qui
2004 1304 2087 1363 vel
2121 1310 2266 1362 nullo
2304 1308 2460 1362 modo
2487 1308 2570 1362 vel
2609 1324 2716 1361 non
2754 1296 2885 1361 satis
2907 1308 3290 1376 deprimuntur,
3323 1323 3427 1367 nec,

1886 1406 2095 1467 patrato
2119 1397 2329 1451 crimini
2354 1411 2537 1464 parem
2563 1396 2683 1449 vitae
2711 1396 3131 1450 emendationem
3162 1396 3415 1451 afferunt:

1886 1486 2121 1553 Cumque
2148 1485 2364 1553 recipio,
2398 1483 2795 1538 convenientem
2827 1483 2957 1550 ipsis
2982 1484 3155 1537 locum
3186 1486 3415 1554 assigno,

1887 1575 1969 1629 sin
1996 1581 2171 1627 autem
2198 1566 2447 1642 lacrymis
2479 1571 2767 1635 confectos,
2794 1571 3195 1640 haudquaquam
3249 1572 3421 1629 imita-

1885 1664 2050 1718 hor.»
3221 1706 3227 1710 .

1949 1737 2189 1804 .Joanncs
2228 1749 2636 1819 Cbrysostomus
2660 1788 2677 1811 ,
2716 1748 2772 1802 in
2814 1747 3031 1804 humilia
3076 1747 3142 1801 de
3177 1746 3341 1803 David
3366 1755 3421 1801 et

1893 1838 2083 1892 Saule:
2129 1856 2147 1887 ‹
2176 1837 2336 1901 Nihil,
2371 1838 2619 1904 inquam,
2638 1836 2937 1891 istiusmodi
2963 1836 3274 1907 frigidorum
3301 1850 3421 1890 vcr-

252 1931 454 1998 reliqua
488 1907 725 1999 plerique
764 1933 1012 1985 dixerunt
1046 1946 1142 2001 per
1174 1947 1361 1985 manus
1402 1907 1786 1999 impositionem
1825 1907 1865 1967 3
1890 1929 2082 1982 borum
2116 1927 2325 1984 loeutus
2352 1935 2434 1979 est
2455 1926 2795 1994 puLIieanus,
2833 1925 3025 1994 quibus
3063 1926 3262 1978 utimur
3286 1940 3420 1994 quo-

252 2032 407 2086 posse
453 2020 668 2072 dimitti.
738 2014 948 2075 Crimen
992 2021 1254 2075 occultum
1303 2023 1414 2090 ipsa
1457 2019 1788 2074 confessione

251 2107 312 2157 lit
353 2106 641 2173 publicum.
692 2107 791 2172 Qui
828 2112 1013 2161 tamen
1059 2109 1187 2162 illud
1230 2108 1524 2169 commisit,
1573 2117 1789 2175 propter

250 2210 441 2247 manus
482 2195 872 2264 impositionem
902 2212 1059 2266 quam
1108 2198 1162 2250 in
1203 2197 1535 2251 ordinatione
1564 2198 1787 2266 accepit,

250 2298 282 2332 a
328 2283 643 2349 ptBllllClllia
694 2285 903 2351 publica
959 2286 1233 2339 liberatur.
1311 2279 1475 2350 Quam
1529 2288 1787 2341 rationem

248 2372 472 2438 posthac
500 2372 835 2426 Innocentius
862 2373 882 2425 l
907 2373 1206 2428 confutassc
1245 2374 1452 2426 videtur
1485 2375 1537 2426 iu
1565 2374 1784 2441 cpistola

248 2461 319 2515 ad
345 2461 624 2529 episcopos
658 2460 998 2525 Macedoniae,
1027 2477 1142 2530 cap.
1175 2462 1228 2525 4,
1254 2461 1338 2516 his
1362 2462 1537 2516 verbis
1563 2479 1574 2512 :
1605 2482 1622 2511 ι
1651 2463 1789 2531 Ergo

250 2548 294 2601 si
332 2548 404 2600 ita
456 2556 570 2611 cst,
615 2548 940 2615 applicentur
983 2549 1050 2602 ad
1095 2549 1477 2603 ordinationem
1525 2550 1786 2618 sacrilegi,

251 2635 479 2689 adulteri
519 2642 677 2703 atque
713 2636 948 2689 omnium
988 2624 1268 2723 criminum
1313 2639 1421 2700 rei,
1464 2639 1585 2704 quia
1632 2638 1790 2691 benc-

251 2725 483 2779 dictione
530 2725 881 2778 ordinationis
938 2724 1161 2778 crimina
1215 2725 1299 2778 vel
1357 2726 1483 2778 vitia
1541 2736 1791 2793 putantur

252 2813 474 2867 auferri.
514 2812 699 2867 Nullus
739 2814 810 2867 sit
846 2814 1171 2882 paenitentia:
1202 2813 1350 2868 locus
1383 2815 1504 2882 quia
1538 2816 1586 2867 id
1618 2824 1790 2884 potest

240 2911 508 2973 .przestare
542 2902 803 2955 ordinatio
838 2903 977 2970 quod
1009 2902 1164 2969 longa
1200 2903 1492 2957 satisfactio
1537 2914 1791 2971 put-stare

252 2988 546 3043 consuevit.
585 3008 604 3041 ι

322 3076 550 3130 Basilius
588 3077 640 3130 in
681 3078 900 3147 epistola
946 3070 1199 3134 canonica
1243 3080 1310 3134 ad
1346 3080 1787 3148 Amphilochium,

255 3182 373 3220 can.
400 3165 505 3218 5-2:
537 3184 555 3215 ι
586 3165 683 3231 Qui
710 3176 980 3235 peccaturo
1009 3169 1075 3223 ad
1100 3178 1321 3223 mortem
1345 3177 1563 3238 peccant
1588 3170 1787 3232 clerici,

255 3270 285 3307 a
326 3258 490 3322 gradu
551 3256 763 3322 quidem
817 3258 1192 3329 deponuntur,
1229 3273 1259 3310 a
1298 3258 1554 3313 laicorum
1611 3267 1784 3311 autem

250 3342 622 3395 communione
676 3343 777 3395 non
825 3353 1091 3396 arcentur.
1152 3343 1266 3396 Non
1309 3344 1449 3396 enim
1498 3345 1788 3397 vindica'is

252 3429 335 3481 bis
370 3429 420 3480 iu
451 3429 697 3496 idipsnm.
732 3449 751 3480 ι
797 3430 1048 3495 Quamvis
1089 3432 1305 3485 alterius
1337 3432 1624 3500 disciplima
1653 3434 1788 3485 auti—

252 3514 511 3582 quissiuta’
546 3517 653 3570 sint
693 3518 963 3584 exempla,
1005 3520 1116 3573 11ωο
1156 3527 1329 3572 tamen
1373 3522 1588 3588 antiqua
1629 3530 1709 3574 est
1735 3530 1788 3574 et

254 3602 406 3656 valde
446 3603 691 3670 probata,
732 3619 892 3672 quam
929 3615 1151 3668 sanctus
1190 3607 1417 3661 Basilius
1462 3618 1520 3660 ut
1548 3608 1656 3675 jam
1692 3626 1787 3663 suo

254 3700 490 3759 tempore
541 3692 830 3746 stabilitam
878 3693 1058 3758 refert,
1102 3705 1157 3747 ct
1201 3695 1350 3762 cujus
1394 3707 1575 3763 postea
1603 3698 1787 3752 Patres

254 3788 419 3833 testes
459 3774 583 3834 sunt
618 3795 681 3835 ac
719 3780 1023 3837 defensores
1058 3822 1069 3834 .
1109 3782 1331 3853 Optatus
1367 3785 1695 3839 Milevitauus
1733 3788 1784 3839 iu

253 3864 358 3919 line
382 3866 474 3920 lib.
505 3881 575 3931 ll;
613 3867 833 3922 Siricius
866 3869 918 3923 in
947 3870 1164 3937 epistola
1191 3872 1255 3924 ad
1278 3870 1565 3925 Himerium
1595 3873 1785 3927 Tarra-

250 3967 556 4018 eonenscm,
586 3970 700 4023 cap.
718 3955 810 4019 ll;
841 3957 1024 4011 Patres
1048 3959 1256 4013 concilii
1282 3959 1709 4028 Carthaginiensis
1727 3978 1781 4026 v,

251 4054 371 4094 can.
392 4042 477 4105 il;
507 4041 600 4110 qui
630 4056 797 4097 canon
829 4044 1055 4099 refertur
1090 4047 1142 4099 in
1172 4047 1376 4117 integro
1402 4050 1579 4102 codice
1609 4050 1784 4103 Eccle-

252 4129 344 4181 sia:
375 4127 659 4195 Africaine,
696 4145 814 4184 can.
844 4131 943 4195 27;
984 4130 1331 4203 Hieronymus
1371 4135 1424 4188 in
1460 4137 1678 4204 cpistola
1718 4138 1783 4190 ad

254 4214 635 4281 Sabinianum;
665 4218 989 4288 Augustinus
1022 4220 1114 4278 lib.
1152 4237 1168 4274 ι
1198 4224 1261 4276 de
1292 4222 1562 4291 Baptismo
1596 4234 1782 4279 contra

252 4302 558 4359 Donatistas
584 4320 700 4374 cap.
731 4308 781 4360 1.
810 4307 919 4361 Leo
945 4307 967 4360 Ι
1000 4309 1055 4361 in
1079 4323 1162 4376 ep.
1194 4309 1259 4362 ad
1282 4310 1555 4365 Rusticum
1582 4312 1783 4368 Narbo-

252 4407 490 4446 nensem.
536 4409 675 4463 resp.
722 4410 799 4450 n:
843 4416 862 4447 ‹
898 4396 1068 4463 Quod,
1117 4398 1303 4466 inquit,
1356 4400 1468 4453 sine
1517 4401 1677 4455 dubio
1716 4417 1781 4456 ex

1890 2016 2019 2070 tidie
2044 2030 2140 2068 nos
2166 2053 2181 2077 ,
2229 2013 2484 2068 conviciis
2520 2028 2583 2067 ac
2608 2012 2906 2066 maledictis
2929 2019 3299 2081 aspcrgcntcs,
3329 2012 3421 2066 sed

1887 2121 2067 2159 amare
2097 2106 2371 2172 suspirans
2398 2113 2701 2173 pectusque
2712 2104 3033 2171 percutiens,
3062 2104 3163 2161 hoc
3190 2111 3423 2157 tantum-

1885 2195 2042 2251 modo
2068 2195 2221 2259 dixit,
2245 2193 2513 2262 Propitius
2535 2202 2650 2247 esto
2670 2192 2799 2246 mihi
2824 2195 3111 2260 peccatori,
3133 2201 3187 2247 et
3209 2194 3424 2248 descen-

1887 2285 1965 2338 dit
1984 2282 2322 2349 jnstiﬁeatus.
2350 2283 2510 2337 Vides
2525 2281 3120 2350 eeleritatcmiAccepit
3146 2282 3417 2349 probrum,

1886 2383 1941 2427 et
1987 2374 2155 2428 abluit
2199 2374 2483 2441 probrum;
2529 2372 2743 2441 agnovit
2784 2380 3039 2440 peccata,
3083 2379 3137 2425 ct
3180 2370 3424 2440 deposuit

1886 2470 2101 2532 peccata
2122 2501 2137 2525 ,
2180 2472 2236 2513 et
2256 2462 2539 2515 criminum
2565 2461 2831 2514 accusatio
2866 2457 3005 2514 facta
3030 2468 3112 2514 est
3136 2459 3208 2513 illi
3236 2459 3419 2514 crimi-

1887 2566 2013 2603 num
2041 2550 2313 2615 remissio,
2359 2558 2413 2603 et
2447 2550 2616 2603 hostis
2647 2548 2877 2606 insciens
2906 2548 3079 2602 factus
3116 2556 3199 2602 est
3226 2546 3426 2603 beneﬁ-

1888 2652 2002 2692 cus.
2043 2637 2184 2701 Quot
2208 2636 2419 2691 labores
2458 2644 2611 2690 erant
2650 2634 2935 2704 publicano
2970 2634 3258 2698 subeundi,
3280 2632 3421 2702 jeju--

1887 2727 2082 2790 nando,
2114 2727 2260 2779 humi
2286 2727 2617 2788 dormienda,
2642 2724 2905 2794 vigilando
2925 2764 2940 2786 ,
2966 2724 3102 2778 bona
3127 2737 3221 2776 sua
3242 2721 3425 2791 egenis
3482 2736 3485 2739 ‘

1888 2814 2259 2881 impertienda,
2289 2815 2445 2883 longo
2472 2822 2707 2881 tempore
2752 2814 2803 2865 in
2842 2828 2999 2866 sacco
3039 2820 3093 2867 et
3127 2813 3306 2866 cinere
3338 2824 3424 2864 se-

1889 2904 2083 2969 dendo,
2124 2912 2183 2957 ut
2218 2903 2303 2956 illa
2330 2912 2436 2956 tam
2464 2902 2629 2956 multa
2658 2886 2881 2969 peccata
2913 2910 3091 2970 posset
3130 2902 3425 2970 deponere?

1887 2995 2130 3048 At'nuue
2154 3010 2274 3048 eum
2297 2994 2427 3048 nihil
2460 2994 2560 3048 tale
2595 2992 2809 3056 fecerit,
2840 2991 3064 3060 simplici
3100 2994 3265 3065 verbo
3310 3006 3424 3045 om-

1889 3097 2010 3135 nem
2058 3082 2299 3149 deposuit
2334 3083 2669 3149 iniquitatem
2694 3120 2708 3145 ,
2748 3095 2811 3134 ac
2850 3080 3044 3148 probra
3079 3080 3423 3148 conviciaque

1892 3169 2179 3232 Pharismi,
2223 3169 2622 3237 quividebatur
2661 3168 2806 3222 illum
2842 3169 3157 3223 contumelia
3196 3168 3418 3231 allicere,

1889 3265 2210 3326 pepererunt
2238 3257 2457 3326 iustitia:
2485 3270 2757 3319 coronam,
2789 3256 2941 3323 idque
2979 3256 3094 3309 siue
3122 3256 3419 3317 sudoribus,

1887 3351 2001 3404 sine
2032 3349 2302 3402 laboribus
2324 3387 2338 3411 ,
2368 3356 2422 3401 et
2450 3347 2650 3415 absque
2688 3347 2827 3417 longi
2855 3347 3104 3415 temporis
3140 3362 3337 3400 mora.»
3362 3346 3421 3400 lu

1886 3436 2102 3492 homilia
2134 3437 2157 3489 l
2204 3437 2269 3490 de
2312 3437 2624 3505 ptcnitentia
2652 3455 2663 3488 :
2702 3454 2719 3485 ι
2751 3435 2910 3505 Cujus
2938 3442 3113 3488 autem
3149 3436 3225 3488 rei
3250 3435 3419 3502 gratia

1885 3525 2203 3593 praefinitum
2232 3527 2461 3593 spatium
2491 3527 2557 3579 ad
2596 3535 2703 3579 tam
2744 3526 2903 3579 breve
2939 3533 3145 3593 tempus
3184 3524 3422 3592 redegit?

1885 3630 1990 3682 quo
2037 3625 2091 3669 et
2136 3615 2484 3668 barbarorum
2531 3616 2705 3668 discas
2749 3616 3016 3698 virtutem,
3080 3615 3197 3668 dico
3240 3623 3416 3668 autem

1884 3704 2237 3756 Ninivitarum
2266 3702 2436 3756 tribus
2468 3703 2654 3757 diebus
2684 3710 2883 3755 tantum
2910 3708 3250 3770 peccatorum
3284 3701 3414 3754 iram

1884 3790 2087 3844 solvere
2115 3790 2401 3843 valentium
2444 3808 2456 3842 :
2505 3798 2664 3856 atque
2700 3790 2791 3844 Dei
2825 3790 3156 3845 clementiam
3193 3788 3415 3842 admire—

1883 3879 1987 3941 ris,
2038 3866 2195 3931 trium
2220 3879 2423 3932 dierum
2452 3879 2762 3950 pmuitentia
2797 3880 3026 3933 contenti
3064 3887 3139 3932 tot
3162 3893 3259 3946 pro
3291 3894 3412 3946 pce-

1881 3967 2047 4019 catis?
2075 3974 2233 4033 tuque
2265 3966 2636 4034 desperatione
2663 3981 2767 4019 non
2798 3980 3017 4020 eorruas
3036 4005 3049 4028 ,
3087 3966 3186 4019 etsi
3226 3967 3415 4020 millies
3448 3980 3451 3983 '

1880 4055 2200 4121 peccaveris.
2259 4053 2708 4118 Quemadmodum
2750 4055 2890 4107 enim
2930 4054 3104 4107 anima
3155 4054 3413 4122 pigritans

1881 4149 2038 4206 atque
2069 4140 2354 4209 negligens,
2385 4155 2682 4207 quanquam
2711 4142 2931 4195 multum
2958 4143 3024 4194 ad
3048 4143 3409 4210 paenitentiam

1881 4228 2132 4295 temporis
2179 4227 2430 4294 accipiat,
2478 4227 2608 4280 nihil
2649 4235 2899 4296 operatur
2934 4243 3211 4297 magnum,
3244 4242 3412 4296 neque

1879 4315 1979 4366 sibi
2008 4315 2106 4381 ipsi
2139 4315 2301 4366 Deum
2346 4316 2414 4367 ob
2450 4309 2701 4368 desidiam
2741 4316 3015 4379 conciliat;
3048 4317 3123 4370 sic
3163 4318 3249 4383 qui
3289 4333 3411 4385 pro-

1878 4403 2301 4471 positoexeitato
2326 4398 2513 4465 fervet,
2545 4411 2703 4471 atque
2730 4404 2893 4457 multa
2916 4417 3037 4457 cum
3064 4403 3273 4457 solertia
3296 4420 3408 4473 pte.
3445 4392 3449 4397 ’

252 4483 541 4551 apostolica
569 4486 850 4539 traditione
873 4486 1161 4552 descendit,
1186 4489 1469 4543 secundum
1495 4491 1634 4558 quod
1659 4491 1785 4544 scri-
1811 4505 1861 4562 ι)
1884 4492 2157 4545 nitentiam
2182 4491 2432 4555 ostendit,
2452 4492 2600 4546 brevi
2621 4494 2871 4562 temporis
2893 4502 3158 4547 momento
3187 4493 3405 4563 long:evi

251 4580 397 4639 ptum
442 4581 525 4627 est
549 4590 563 4624 :
588 4575 844 4630 Sacerdos
871 4576 917 4629 si
953 4578 1268 4643 peccaverit,
1312 4579 1432 4644 quis
1471 4578 1643 4631 orabit
1684 4595 1781 4649 pro

251 4659 348 4711 eo?
378 4658 529 4713 Unde
564 4660 861 4727 bujusmodi
898 4663 1057 4731 lapsis
1096 4663 1160 4716 ad
1185 4665 1584 4729 promerendam
1624 4667 1780 4719 mise-

253 4745 533 4797 ricordiam
577 4746 667 4799 Dei
702 4748 907 4814 privata
944 4757 1026 4802 est
1065 4751 1355 4818 expetenda
1396 4755 1643 4817 secessio,
1690 4755 1778 4808 ubi

251 4831 357 4886 illis
384 4832 696 4897 satisfactio,
718 4834 763 4888 si
788 4834 945 4888 fuerit
970 4836 1145 4904 digna,
1170 4837 1237 4888 sit
1260 4836 1417 4889 etiam
1446 4836 1730 4892 fructuosa.
1752 4860 1771 4892 ι

249 4919 436 4974 Patres
479 4922 686 4976 concilii
712 4922 1057 4990 Epauncnsis,
1086 4939 1205 4976 can.
1235 4924 1338 4977 9:2:
1371 4942 1387 4973 ί
1421 4923 1476 4976 Si
1504 4926 1778 4995 presbyter

250 5016 342 5062 aut
367 5008 622 5061 diaconus
657 5010 857 5061 crimen
897 5008 1119 5076 capitale
1152 5011 1497 5072 commiserit,
1533 5012 1598 5065 ab
1626 5009 1783 5067 oflleii

252 5096 451 5150 honore
494 5096 764 5164 depositus
810 5097 862 5150 in
908 5097 1285 5151 monasterium
1336 5099 1659 5163 retrudatur,
1708 5100 1781 5153 ibi

252 5187 613 5241 tantummodo
638 5225 653 5249 ,
708 5186 940 5254 quandiu
995 5186 1184 5242 vixerit
1207 5224 1221 5248 ,
1274 5188 1641 5243 communione
1691 5203 1782 5242 su-

250 5279 465 5331 menda.
496 5298 516 5329 ι
542 5279 610 5332 Ει
632 5279 864 5333 Isidorus
890 5275 1232 5345 llispalcnsis,
1261 5275 1352 5329 lib.
1379 5293 1418 5331 ιι
1445 5279 1510 5330 de
1534 5277 1784 5332 ecclesia-

249 5366 395 5421 sticis
418 5366 649 5430 Ofﬁciis,
679 5382 796 5437 cap.
822 5366 887 5420 l6
921 5384 934 5419 :
975 5383 993 5415 ι
1025 5364 1292 5418 Honorum
1323 5366 1580 5419 duntaxat
1610 5365 1778 5433 digni-

252 5462 355 5508 tate
391 5464 632 5519 servata,
685 5456 757 5507 ita
795 5462 853 5507 ut
898 5470 927 5507 a
966 5454 1323 5507 sacerdotibus
1378 5461 1430 5505 et
1466 5452 1638 5505 levitis
1671 5453 1777 5507 Deo

253 5550 450 5597 tantum
482 5551 617 5596 teste
639 5542 748 5604 fiat,
780 5557 809 5593 a
838 5542 1042 5595 exteris
1071 5558 1191 5593 \cro
1221 5549 1424 5595 astante
1459 5554 1634 5595 coram
1671 5541 1775 5594 Deo

206 5668 213 5674 .
250 5628 552 5680 solemuiter
577 5628 867 5681 sacerdote.
901 5646 918 5677 ι

315 5715 609 5769 Basiliusin
637 5716 816 5769 eadem
835 5730 912 5784 cp.
947 5717 1211 5777 canonica,
1244 5732 1356 5769 mm.
1389 5715 1449 5768 Si
1484 5734 1492 5762 τ
1522 5735 1535 5765 ε
1560 5717 1770 5771 Adulte-

1880 4577 2128 4645 temporis
2169 4586 2384 4645 peccata
2427 4578 2600 4632 delere
2644 4579 2868 4646 poterit?
2908 4579 3092 4633 Nonne
3119 4580 3276 4633 tertio
3301 4580 3398 4634 Pe-

1877 4673 1989 4719 trus
2024 4652 2270 4734 negavit?
2296 4678 2471 4718 nonne
2517 4667 2671 4721 tertio
2709 4682 2829 4720 eum
2861 4665 3205 4734 iuramento?
3232 4682 3405 4722 nonne

1878 4753 1996 4805 vilis
2023 4751 2295 4819 cujusdam
2342 4752 2546 4805 ancilla:
2593 4753 2754 4806 verba
2800 4754 3021 4806 timens?
3060 4753 3194 4817 Quid
3236 4755 3404 4825 ergo?

1875 4841 2188 4910 Oportuitne
2217 4842 2361 4895 illum
2396 4842 2461 4893 ad
2495 4841 2854 4908 paenitentiam
2888 4840 3082 4895 multos
3107 4856 3274 4895 annos
3299 4850 3403 4895 ter-

1880 4931 2035 4985 rere?
2064 4943 2425 4997 nequaquam;
2458 4930 2549 4983 sed
2580 4930 2761 4982 eadem
2810 4936 2961 4982 nocte
3007 4929 3183 4998 lapsus
3224 4937 3306 4984 est
3344 4939 3399 4984 et

1874 5004 2117 5083 erectus;
2158 5012 2452 5086 vulnusque
2475 5026 2530 5070 et
2563 5018 2879 5071 medicinam
2908 5016 3110 5085 accepit
3139 5035 3151 5069 :
3175 5025 3395 5087 aegrota.

1875 5107 1970 5170 vit,
2002 5112 2162 5174 atque
2188 5106 2253 5159 ad
2283 5105 2513 5173 priorem
2535 5105 2688 5159 rediit
2714 5105 3014 5157 sanitatem.
3044 5123 3063 5155 ι
3459 5091 3461 5094 ⁴

1943 5193 2001 5246 In
2048 5192 2265 5265 homilia
2308 5190 2372 5243 de
2413 5190 2569 5243 beato
2622 5179 2964 5259 Pliilogonio:
3000 5208 3018 5241 ι
3046 5190 3227 5258 Neque
3267 5193 3393 5250 mihi

1876 5281 2154 5349 quisquam
2179 5278 2390 5341 dixerit,
2420 5266 2649 5340 Vereor,
2680 5277 2848 5331 habeo
2875 5279 3248 5333 conscientiam
3272 5296 3392 5349 pec-

1876 5365 2009 5420 catis
2033 5364 2294 5432 oppletam
2320 5402 2335 5427 ,
2371 5363 2629 5416 sarcinam
2670 5362 2987 5429 circumfero
3007 5365 3389 5432 gravissimam.

1877 5451 2080 5508 Sullieit
2106 5437 2246 5505 enim
2272 5452 2457 5504 horum
2488 5450 2717 5518 quinque
2743 5451 2944 5503 dierum
2974 5460 3207 5522 tempus,
3238 5455 3283 5507 si
3310 5470 3389 5508 so-

1876 5540 2020 5593 brius
2050 5539 2234 5601 fueris,
2263 5538 2305 5590 si
2326 5524 2562 5604 attentus
2583 5576 2597 5600 ,
2631 5537 2674 5590 si
2698 5537 3025 5605 vigilaveris,
3060 5552 3117 5593 ut
3139 5540 3386 5593 multitu-

1873 5629 2046 5682 dinem
2073 5636 2404 5696 peccatorum
2434 5626 2620 5679 reddas
2657 5627 3078 5680 contractiorem.
3131 5628 3236 5682 Nec
3262 5629 3387 5687 illud

1870 5715 2131 5783 perpende
2153 5713 2287 5782 quod
2318 5716 2329 5767 l
2354 5728 2470 5766 rcvc
2502 5723 2704 5782 tempus
2732 5716 2934 5777 μὴδρά
2966 5715 3087 5769 illud
3110 5719 3380 5772 considera
