3974 6466
709 466 836 546 1-2ἷῦ

1242 465 1573 521 THEODORI
1609 466 1917 521 ARCHIEP.
1956 454 2175 519 CANTU

2267 501 2292 516 ..
2331 462 2664 518 DOCTRINA
2700 465 2786 517 DE
2822 462 3250 520 ΡΈΝΙΪΕΝΤΙΑ

3676 462 3804 521 ηις

699 578 835 641 quod
862 576 1113 643 benignus
1136 584 1218 629 est
1239 575 1508 641 Dominus,
1537 576 1951 646 quandoquidem
1978 584 2031 627 et
2056 575 2198 628 Nini-
2224 576 2273 633 Α
2296 588 2399 626 non
2423 582 2528 627 tam
2551 575 2802 643 temporis
2821 574 3160 643 longitudine,
3188 590 3345 644 quam
3374 576 3550 628 cordis
3573 588 3817 643 compun-

698 662 816 714 vita:
848 661 998 713 tridui
1027 662 1197 728 spatio
1227 669 1426 713 tantam
1452 663 1581 713 iram
1606 661 1699 715 Dei
1727 676 1757 713 a
1786 676 1842 715 se
1871 660 2197 728 depulerunt,

695 762 793 801 nec
813 732 1013 801 obstitit
1031 748 1132 800 illis
1155 750 1402 815 temporis
1428 749 1682 814 angustia,
1721 746 1811 800 sed
1839 747 1998 799 animi
2028 760 2199 811 prom-

692 833 912 900 ptitudo,
936 833 1249 900 amplectens
1261 834 1464 886 Domini
1490 834 1878 901 benignitatem,
1895 841 2060 884 totum
2084 849 2199 899 per-

691 932 843 985 agere
879 918 1055 970 valuit.
1099 919 1163 970 Et
1204 921 1450 971 meretrix
1499 920 1582 970 illa
1625 920 1769 971 brevi
1809 919 2056 984 temporis
2084 934 2195 968 mo-

689 1013 866 1058 mento
905 1020 1021 1057 cum
1051 1007 1115 1059 ad
1142 1006 1403 1059 Christum
1428 1007 1764 1068 accessisset,
1811 1006 1983 1057 omnia
2008 1007 2195 1073 probra

687 1091 858 1144 diluit.
894 1091 1024 1156 Quia
1045 1100 1098 1145 et
1122 1093 1558 1146 calumniantibus
1572 1094 1760 1146 Judmis
1780 1093 1915 1160 quod
1941 1093 2079 1145 illam
2106 1094 2195 1144 a‘d-

688 1179 947 1243 misisset,
977 1187 1280 1246 tantamque
1318 1181 1628 1247 puebnisset
1659 1180 1931 1243 ﬁduciam,
1957 1181 2194 1234 Christus

685 1265 789 1318 illis
826 1266 1032 1334 quidem
1076 1266 1337 1318 silentium
1381 1267 1641 1334 imposuit,
1685 1266 1821 1320 hanc
1871 1281 1995 1319 vero
2040 1266 2192 1318 malis

683 1349 926 1405 omnibus
970 1350 1245 1403 liberatam
1270 1389 1285 1416 ,
1322 1352 1761 1418 comprobatoque
1803 1352 1941 1404 illius
1994 1352 2191 1413 studio,

686 1439 759 1491 ita
788 1439 996 1492 domum
1029 1439 1246 1492 remisit.
1286 1438 1419 1504 Quid
1444 1440 1513 1493 ita
1543 1441 1786 1493 tandem?
1811 1442 2057 1508 quoniam
2083 1442 2187 1494 fer-

678 1525 823 1577 venti
853 1525 1044 1587 animo,
1070 1533 1124 1578 et
1147 1524 1386 1599 ﬂagranti
1417 1525 1575 1578 corde
1592 1564 1605 1588 ,
1636 1526 1942 1593 ardentique
1968 1526 2190 1579 accessit

678 1612 803 1675 ﬁde,
828 1620 1138 1679 sanctosque
1163 1611 1277 1665 illos
1318 1626 1350 1664 a
1376 1622 1552 1666 sacros
1581 1611 1753 1680 attigit
1788 1615 1975 1680 pedes,
2004 1614 2190 1667 solutis

675 1698 899 1766 capillis,
928 1697 1156 1751 fontibus
1176 1698 1524 1767 lacrymarum
1550 1714 1615 1753 ex
1635 1699 1801 1753 oculis
1828 1700 2057 1764 emissis,
2084 1699 2183 1755 tin-

678 1793 871 1855 guento
902 1783 1132 1852 profuso.
1144 1802 1163 1835 ι

742 1910 1155 1965 Βεοοὶιὶατίιιςίιι
1183 1911 1398 1978 epistola
1426 1913 1490 1965 ad
1516 1911 1817 1966 Januarium
1843 1913 1905 1966 de
1927 1913 2184 1981 recipien-

672 1997 753 2051 dis
778 1995 975 2064 lapsis:
1007 2016 1025 2045 ι
1052 1996 1284 2062 Qualiter
1309 2010 1463 2063 rogo.
1503 1998 1566 2050 de
1592 1999 1945 2052 misericordia
1975 1998 2181 2052 Domini

673 2097 949 2151 possumus
990 2082 1295 2150 desperare,
1334 2084 1422 2150 qui
1465 2086 1623 2137 etiam
1660 2086 1983 2140 Pharaonem
2006 2087 2181 2155 arguit

675 2182 836 2234 quare
861 2182 1186 2236 nequaquam
1210 2169 1463 2235 ptenitcre
1490 2172 1728 2238 dignatus
1754 2175 1852 2235 sit,
1881 2184 1981 2225 etc.
2035 2174 2181 2227 Salo—

669 2270 793 2307 mon
843 2255 928 2306 illc
962 2256 1246 2316 mirabilis,
1291 2256 1378 2321 qui
1410 2257 1599 2308 meruit
1631 2260 1881 2311 assistrici
1922 2260 2033 2323 Dei,
2085 2261 2182 2313 hoc

667 2350 750 2392 cst
773 2341 1071 2407 sapientiae,
1097 2340 1354 2408 copulari,
1394 2342 1442 2392 in
1472 2342 1874 2409 alienigenarum
1907 2345 2179 2398 mulierum

674 2428 896 2478 incurrit
929 2427 1222 2493 amplexus,
1268 2437 1320 2480 et
1360 2430 1566 2481 vinculo
1592 2430 1819 2483 libidinis
1846 2433 2176 2499 illaqueatus,

670 2512 828 2564 etiam
858 2512 1112 2579 sacrilegii
1143 2526 1320 2565 errore
1356 2529 1411 2564 sc
1440 2514 1654 2578 polluit,
1689 2517 1807 2582 quia
1844 2517 2179 2570 simulacrum

666 2601 894 2656 Chamos
922 2602 1199 2654 Moabitico
1221 2602 1363 2653 idolo
1376 2602 1649 2654 fabricavit
1672 2618 1685 2654 :
1711 2605 1800 2657 sed
1829 2606 1917 2671 qui
1944 2620 2038 2673 per
2064 2619 2178 2672 pro-

662 2690 875 2759 phetam
904 2688 1109 2753 culpam
1139 2688 1331 2740 erroris
1365 2689 1593 2756 agnovit,
1628 2690 1857 2756 nunquid
1880 2692 2179 2744 misericor-

665 2774 764 2828 dia:
812 2772 1036 2825 emlestis
1076 2773 1298 2826 extorris
1337 2776 1447 2826 est?
1486 2774 1560 2827 Ac
1586 2774 1807 2828 forsitan
1833 2777 2000 2839 dicas,
2042 2777 2175 2830 Nus-

664 2872 822 2926 quam
850 2873 966 2911 eum
993 2858 1045 2909 in
1070 2873 1270 2912 canone
1291 2859 1404 2926 lego
1423 2861 1756 2927 paenituisse,
1783 2875 1951 2928 neque
1973 2862 2177 2915 miseri-

669 2929 901 2998 cordiam
928 2952 1282 2997 consecutum.
1322 2946 1454 2997 Audi
1481 2961 1632 3013 ergo,
1662 2946 1845 3012 frater,
1870 2949 2173 3016 ptenitentia

670 3036 801 3103 ejus,
830 3049 943 3101 qua:
980 3050 1081 3087 non
1124 3035 1424 3088 inscribitur
1450 3038 1669 3105 publicis
1700 3039 1927 3107 legibus,
1955 3039 2173 3094 fortasse

664 3122 784 3175 ideo
809 3122 1175 3189 acceptabilior
1195 3123 1476 3191 iudicatur,
1505 3127 1751 3219 quia-non
1777 3128 1841 3179 ad
1875 3126 2059 3219 faciem
2196 3160 2239 3219 Ε

663 3209 794 3277 puli,
820 3209 910 3261 sed
945 3210 996 3261 in
1036 3218 1237 3263 secreto
1262 3212 1593 3265 conscientia:
1620 3213 1727 3265 Deo
1752 3220 1884 3267 teste
1907 3215 2164 3282 paenituit.

663 3295 882 3349 Veniam
908 3303 1081 3347 autem
1109 3311 1174 3349 ex
1208 3298 1306 3351 hoc
1331 3308 1665 3352 consecutum
1702 3316 1817 3354 esse
1842 3304 2169 3370 agnoscimus

663 3379 786 3447 quia
810 3393 928 3431 cum
957 3379 1153 3433 solutus
1182 3380 1365 3435 fuisset
1391 3398 1423 3435 a
1454 3400 1700 3451 corpore,
1745 3388 2000 3453 sepultum
2023 3390 2167 3443 illum

666 3466 805 3518 inter
825 3479 1001 3531 regum
1027 3466 1373 3521 lsraclitarum
1407 3485 1621 3538 corpora
1651 3471 1918 3539 Scriptura
1942 3489 2168 3528 comme-

665 3557 864 3612 morat;
893 3552 1029 3617 quod
1050 3560 1224 3606 tamen
1246 3554 1367 3607 alibi
1399 3557 1760 3623 peccatoribus
1787 3560 1993 3626 regiLus
2012 3560 2167 3613 abne-

663 3644 839 3705 gatum
851 3651 964 3689 esse
977 3639 1354 3707 cogndscimus,
1372 3643 1459 3708 qui
1480 3657 1645 3708 usque
1665 3643 1718 3695 in
1741 3645 2035 3697 ﬁnemvita:
2061 3662 2168 3700 suae

664 3722 718 3774 in
734 3724 983 3790 propositi
1012 3727 1349 3791 perversitate
1372 3737 1707 3782 manserunt:
1734 3739 1788 3782 et
1810 3732 1926 3785 ideo
1942 3734 2062 3799 quia
2088 3735 2167 3786 in—

664 3817 748 3862 ter
760 3824 906 3877 rcges
923 3812 1090 3877 justus
1112 3814 1301 3876 m‘eruit
1320 3815 1548 3882 sepeliri,
1565 3832 1667 3869 non
1680 3818 1776 3870 fuit
1795 3819 1995 3874 alienus
2022 3837 2051 3873 a
2073 3837 2163 3875 ve-

659 3898 745 3952 nia
766 3913 780 3949 :
802 3900 1003 3952 veniam
1023 3911 1195 3955 autem
1220 3904 1383 3969 ipsam
1402 3905 1519 3959 sine
1537 3908 1844 3973 paenitentia
1870 3926 1973 3965 non
1997 3912 2165 3979 potuit

657 3995 964 4052 promereri.
993 4005 1011 4035 ι

727 4112 1045 4180 Augustinus
1102 4113 1154 4165 in
1202 4113 1416 4167 homilia
1459 4116 1638 4170 ultima
1675 4133 1745 4173 ex
1794 4137 1847 4184 ι,
1893 4137 2007 4189 cup.
2055 4123 2158 4175 lt:

666 4217 684 4248 ι
710 4197 873 4251 Nemo
914 4200 1213 4263 arbitretur,
1244 4202 1450 4267 fratres,
1481 4214 1754 4272 propterea
1794 4225 1850 4262 se
1889 4213 2161 4266 consilium

659 4283 938 4339 salutifera:
1000 4284 1151 4351 hujus
1212 4290 1399 4342 debere
1445 4294 1765 4358 paenitentiae
1810 4308 2157 4366 contemnere,

659 4372 780 4439 quia
804 4373 994 4425 multos
1021 4373 1157 4426 forte
1195 4367 1416 4428 advertit
1447 4389 1499 4431 et
1543 4382 1685 4434 novit
1712 4383 1776 4435 ad
1808 4398 1955 4437 sacra
1981 4388 2159 4442 altaris

658 4456 927 4521 accedere,
954 4474 1172 4525 quorum
1218 4462 1337 4513 talia
1371 4464 1588 4516 crimina
1614 4482 1715 4518 non
1744 4470 1961 4535 ignorat.
2013 4474 2154 4529 Multi
2182 4448 2231 4504 Ι)

659 4543 798 4595 enim
846 4545 1174 4611 corriguntur
1215 4555 1272 4597 ut
1299 4548 1498 4601 Petrus.
1530 4569 1547 4599 ι
1591 4551 1761 4615 Quare
1790 4570 2013 4612 canones
2046 4562 2156 4627 epi-

660 4631 828 4696 scopis
850 4632 1156 4698 permittunt
1180 4633 1493 4697 ptenitcntiae
1536 4652 1714 4704 poenas
1751 4656 1814 4693 eo
1852 4641 2071 4697 leviores
2098 4662 2157 4699 ac

663 4714 889 4767 minores
926 4716 1170 4779 reddere,
1212 4732 1313 4782 quo
1337 4720 1499 4785 magis
1522 4724 1690 4776 cordis
1718 4730 2045 4795 compunctio
2068 4745 2159 4783 au-
2190 4752 2195 4757 ν

660 4806 809 4867 getur
834 4816 847 4851 :
878 4808 1033 4866 atque
1069 4800 1250 4855 Patres
1269 4803 1453 4856 docent
1481 4821 1579 4858 non
1611 4817 1711 4860 tam
1735 4813 2156 4868 considerandam

659 4900 773 4939 esse
814 4900 1107 4939 mensuram
1142 4891 1386 4954 temporis
1412 4906 1565 4957 quam
1589 4892 1799 4949 doloris.
1839 4893 2159 4967 Augustinus

658 4973 708 5023 iu
733 4972 1033 5025 Enchiridio
1058 4974 1122 5024 ad
1148 4972 1497 5036 Laurentium,
1541 4993 1656 5046 cap.
1686 4980 1751 5032 65
1777 4998 1788 5031 :
1831 5000 1849 5031 ι
1872 4985 1928 5036 ln
1954 4984 2157 5041 actione

658 5069 829 5112 autem
869 5060 1211 5127 pmnitentize,
1241 5062 1327 5113 ubi
1356 5063 1455 5114 tale
1485 5068 1682 5119 crimen
1704 5072 2034 5137 commissum
2057 5085 2154 5138 est,

655 5158 712 5197 ut
755 5147 796 5197 is
825 5146 915 5214 qui
954 5147 1211 5199 commisit
1252 5165 1281 5200 a
1306 5149 1496 5202 Christi
1517 5155 1669 5206 etiam
1709 5172 1922 5225 corpore
1951 5174 2157 5228 separe-

658 5243 771 5294 tur,
816 5249 915 5285 non
957 5242 1060 5285 tam
1104 5236 1475 5290 consideranda
1516 5250 1595 5292 est
1629 5257 1868 5297 mensura
1904 5250 2152 5315 temporis

656 5335 807 5384 qttam
852 5319 1059 5372 doloris.
1115 5321 1216 5374 Cor
1242 5324 1380 5375 enim
1421 5329 1701 5381 contritum
1742 5340 1794 5383 et
1827 5334 2149 5390 bumiliatum

657 5406 789 5457 Deus
817 5422 916 5458 non
943 5410 1159 5473 spernit.
1188 5430 1206 5460 ι
1246 5411 1351 5464 Leo
1377 5412 1418 5474 Ι,
1460 5415 1507 5466 in
1538 5431 1618 5484 cp.
1662 5419 1725 5471 ad
1776 5420 2002 5475 Nicetam
2043 5428 2151 5493 epi-

655 5507 864 5558 scopum
887 5493 1285 5561 Aquileienscm,
1306 5516 1417 5567 cap.
1442 5501 1504 5552 5:
1543 5521 1561 5551 ι
1587 5505 1962 5562 Consultationi
1983 5513 2152 5567 chari-

655 5581 776 5632 tatis
799 5587 893 5628 tne
917 5580 1012 5632 hoc
1038 5574 1191 5634 etiam
1223 5588 1629 5641 resvmndendum
1660 5606 1773 5647 esse
1802 5595 2145 5663 rrcdidimus;

2296 660 2467 712 ctione
2488 663 2752 727 pensanda
2779 671 2879 717 est.
2910 684 2929 714 ι

2362 747 2583 813 Vigilius
2602 764 2734 816 papa
2754 749 2796 813 Ι,
2825 750 2878 803 in
2900 767 2981 819 ep.
3004 748 3069 805 ad
3087 751 3379 805 Caesarium
3403 749 3762 803 Arelatensem
3793 766 3807 799 ι

2299 849 2315 877 ι
2346 830 2446 883 Sed
2476 833 2617 898 quia,
2642 835 2776 886 sicut
2805 836 3112 888 charitatem
3144 843 3285 888 tuam
3315 834 3449 893 bene
3469 848 3626 888 nosse
3650 834 3809 886 conli-

2293 917 2484 979 dimus,
2525 919 2710 971 modus
2743 921 3060 986 ptenitcntia:
3082 922 3416 988 prmsentium
3438 920 3611 990 potius
3638 935 3809 973 sacer-

2292 1002 2467 1054 dotum
2495 1005 2801 1072 inspectioni
2829 1009 3426 1075 committiturTutjuxta
3448 1010 3804 1078 compunctio-

2291 1089 2372 1140 nis
2414 1090 2656 1143 meritum
2702 1095 2867 1146 veniae
2909 1110 3117 1163 quoque
3160 1097 3331 1165 possit
3355 1096 3610 1165 indulgeri
3641 1112 3809 1149 reme-

2287 1173 2429 1225 dium
2455 1214 2469 1239 ,
2504 1184 2605 1230 tua:
2647 1179 2745 1232 hoc.
2780 1181 2955 1247 potius
2992 1183 3322 1237 aestimationi
3353 1183 3616 1236 credimus
3656 1184 3809 1259 relim

2287 1263 2568 1326 q'uendum.
2600 1282 2619 1313 ι
2665 1264 2813 1320 Unde
2866 1266 3165 1321 Gennadius
3200 1276 3422 1322 testatur
3470 1270 3524 1322 in
3562 1270 3695 1324 libro
3738 1270 3807 1324 de

2286 1346 2654 1402 ecclesiasticis
2686 1351 3042 1419 Dogmatibus,
3071 1369 3185 1424 cap.
3212 1355 3301 1419 53,
3328 1371 3359 1408 a
3381 1356 3685 1424 poenitentia
3707 1372 3805 1426 puo

2285 1431 2415 1485 blica
2445 1445 2663 1500 prorsus
2702 1436 2961 1493 immunes
2986 1455 3105 1494 esse
3130 1442 3423 1509 quicunque
3449 1455 3583 1496 verae
3604 1456 3665 1496 ac
3687 1456 3805 1510 per-

2285 1516 2433 1571 fecta:
2456 1522 2774 1587 poenitentiae
2804 1524 2948 1593 signa
2984 1527 3278 1581 certissima
3311 1527 3525 1581 dabant.
3566 1546 3587 1578 α
3614 1528 3717 1581 Sed
3749 1537 3805 1582 et

2283 1616 2499 1671 secreta,
2532 1610 2732 1677 inquit,
2769 1613 3124 1669 satisfactione
3156 1615 3284 1670 solvi
3313 1616 3554 1670 mortalia
3579 1617 3802 1669 crimina

2282 1708 2385 1745 non
2414 1709 2692 1762 negamus,
2738 1700 2831 1752 sed
2857 1709 3058 1755 mutato
3082 1703 3228 1770 prius
3259 1704 3495 1760 saeculari
3520 1705 3801 1767 habitu,et

2283 1780 2521 1835 confesso
2550 1784 2812 1853 religionis
2843 1789 3014 1843 studio
3046 1806 3142 1858 per
3169 1792 3289 1846 vita:
3319 1795 3717 1856 correctionem,
3742 1803 3801 1848 et

2209 1855 2254 1911 Β
2275 1865 2385 1936 jugi
2413 1869 2516 1923 imo
2536 1882 2783 1941 perpetuo
2808 1877 2949 1930 luctu
2973 1855 3258 1932 miserante
3290 1879 3417 1941 Deo,
3450 1881 3521 1933 ita
3547 1855 3800 1933 duntaxat

2279 1964 2337 2008 ut
2360 1960 2619 2012 contraria
2646 1975 2741 2028 pro
2765 1963 2830 2017 iis
2856 1980 2971 2032 quae
2995 1968 3246 2032 paenitet,
3276 1977 3425 2037 agat,
3463 1972 3518 2022 et
3554 1969 3801 2023 Euchari-

2276 2043 2429 2097 stiam
2456 2047 2697 2102 omnibus
2732 2048 3017 2105 Dominicis
3042 2053 3223 2107 diebus
3246 2054 3463 2123 supplex
3497 2063 3551 2108 et
3577 2054 3801 2109 submis-

2278 2124 2532 2198 sususque
2553 2134 2617 2185 ad
2638 2145 2857 2189 mortem
2879 2140 3147 2207 percipiat.
3174 2161 3191 2191 ι
3212 2142 3443 2210 Denique
3457 2142 3644 2196 Patres
3666 2159 3796 2195 una—

2274 2217 2401 2268 nimi
2424 2233 2678 2273 consensu
2709 2224 2978 2276 declarant
2993 2227 3123 2279 nihil
3148 2227 3283 2279 aliud
3308 2243 3463 2295 quam
3489 2230 3797 2282 charitatem

2275 2318 2307 2356 a
2348 2304 2707 2371 peccatoribus
2745 2313 3010 2378 requirere
3033 2314 3194 2367 Deum
3233 2331 3264 2368 a
3291 2331 3396 2384 quo
3421 2318 3627 2370 nonnisi
3656 2319 3797 2387 cupi-

2276 2392 2437 2445 ditate
2467 2407 2821 2462 recesserunt;
2871 2402 2972 2455 hoc
3006 2416 3123 2456 esse
3162 2404 3213 2456 in
3248 2419 3353 2472 quo
3396 2407 3645 2462 consistit
3686 2417 3796 2462 tota

2274 2478 2355 2530 lcx
2384 2489 2436 2533 et
2459 2486 2724 2550 propheta:
2751 2505 2762 2537 :
2803 2502 2864 2540 ac
2891 2498 3161 2556 propterea
3181 2491 3364 2559 jugum
3386 2509 3505 2547 esse
3527 2511 3717 2560 suave,
3741 2504 3797 2551 et

2273 2581 2406 2619 onus
2428 2570 2568 2632 leve,
2614 2574 2674 2624 al
2702 2576 2838 2640 quod
2875 2576 3115 2633 Christus
3144 2594 3328 2634 omnes
3354 2591 3508 2636 vocat
3535 2584 3626 2651 qui
3653 2583 3795 2638 labo-

2274 2663 2457 2708 rantet
2469 2658 2745 2711 criminum
2773 2658 3220 2728 ponderc‘onerati
3236 2672 3377 2719 sunt.
3395 2668 3671 2721 lnnumera
3686 2668 3793 2723 fere

2273 2741 2337 2793 de
2378 2742 2476 2795 hac
2520 2760 2577 2796 re
2618 2745 2826 2799 Patrum
2860 2750 3155 2803 testimonia
3188 2752 3423 2818 proferre
3446 2769 3679 2820 possem,
3701 2756 3791 2807 sed

2271 2828 2502 2883 omnium
2545 2830 2711 2883 instar
2743 2834 2846 2885 erit
2889 2833 3115 2888 Salviani
3163 2837 3540 2901 testimonium,
3583 2840 3673 2906 qui
3715 2840 3792 2894 sic

2271 2912 2501 2979 loquitur
2528 2914 2579 2969 in
2611 2917 2742 2971 libro
2768 2935 2839 2972 vn
2880 2921 2944 2974 de
2971 2937 3094 2997 vero
3117 2923 3321 2977 Iudicio
3362 2934 3415 2977 et
3434 2925 3788 2999 \Providentia

2271 2998 2360 3053 Dei
2386 3018 2399 3053 :
2432 3020 2450 3051 ‹
2477 3001 2774 3075 Prmscrtim
2799 3022 2917 3059 cum
2946 3023 2974 3059 a
3002 2992 3313 3069 nolisDeus
3332 2992 3784 3074 nihilbnerosum,

2271 3086 2397 3139 nihil
2418 3103 2572 3155 grave
2601 3092 2793 3158 exigat,
2818 3102 2919 3146 etc.
2956 3094 3089 3159 Quid
3120 3110 3343 3163 namque
3374 3097 3484 3150 ait?
3523 3097 3700 3151 Venite
3722 3100 3787 3150 ad

2269 3188 2345 3223 me
2374 3189 2564 3236 omnes,
2594 3178 2680 3244 qui
2720 3176 2961 3231 laboratis
2999 3188 3045 3232 et
3090 3184 3284 3234 onerati
3306 3185 3425 3236 estis
3446 3224 3459 3247 ,
3489 3196 3536 3237 et
3560 3203 3651 3254 ego
3675 3188 3788 3253 reli-

2264 3260 2397 3311 ciam
2430 3277 2529 3313 vos.
2572 3262 2752 3315 Tollite
2768 3265 2951 3333 jugum
2977 3284 3143 3320 meum
3168 3286 3319 3338 super
3338 3287 3423 3323 vos
3441 3310 3457 3334 ,
3483 3281 3530 3324 et
3554 3273 3733 3326 discite
3753 3293 3786 3326 α

2264 3362 2340 3397 me
2365 3348 2482 3415 quia
2508 3350 2642 3401 milis
2662 3367 2773 3402 sum
2807 3361 2854 3403 et
2880 3354 3086 3406 humilis
3116 3356 3302 3419 corde,
3343 3366 3391 3409 et
3421 3358 3685 3412 invenietis
3711 3376 3787 3412 re-

2262 3436 2425 3500 quiem
2451 3438 2715 3491 animabus
2758 3442 2950 3500 vestris.
3008 3441 3198 3510 Jugum
3229 3444 3361 3496 enim
3406 3461 3574 3498 meum
3610 3463 3781 3512 suave,

2260 3532 2306 3575 et
2332 3540 2458 3577 onus
2486 3541 2652 3578 meant
2688 3526 2809 3580 leve.
2866 3528 2978 3582 Non
3000 3545 3123 3599 ergo
3150 3546 3246 3585 nos
3283 3533 3349 3585 ad
3373 3532 3607 3588 laborem
3632 3545 3785 3590 vocat

2262 3605 2540 3672 Dominus,
2570 3612 2660 3663 sed
2688 3613 2752 3665 ad
2781 3614 3133 3669 refectionem.
3172 3616 3304 3682 Quid
3330 3634 3555 3687 namque
3580 3637 3611 3673 a
3631 3622 3781 3676 nobis

2260 3694 2441 3762 exigit,
2480 3696 2604 3763 quid
2630 3700 2867 3765 praestari
2897 3702 2995 3754 sibi
3028 3717 3055 3754 a
3086 3703 3236 3756 nobis
3266 3704 3441 3771 jubet,
3487 3707 3588 3759 nisi
3617 3708 3781 3762 solam

2260 3785 2618 3838 tantummodo
2632 3784 2806 3849 ﬁdem,
2837 3790 3151 3851 castitatem,
3179 3790 3548 3856 humilitatem,
3578 3795 3781 3849 sobrie-

2260 3875 2441 3933 tatem,
2457 3871 2891 3939 misericordiam,
2907 3877 3239 3930 sanctitatem
3254 3879 3402 3945 ’ἔρυξε
3414 3881 3779 3948 utiqueomnia

2258 3970 2359 4007 non
2387 3968 2609 4012 onerant
2633 3974 2727 4012 nos
2753 4000 2767 4023 ,
2803 3962 2904 4015 sed
2931 3973 3122 4016 ornant
3155 3984 3168 4017 :
3199 3980 3292 4019 nec
3321 3966 3487 4020 solum
3510 3969 3644 4033 hoc,
3685 3973 3778 4026 sed

2259 4043 2386 4097 adeo
2407 4045 2567 4098 vitam
2586 4057 2901 4115 prmsentem
2940 4060 3159 4116 ornant,
3204 4062 3261 4107 ut
3287 4052 3513 4108 futuram
3540 4049 3658 4124 plus
3690 4076 3775 4114 or-

2258 4146 2382 4184 nare
2410 4135 2631 4199 possint.
2645 4156 2663 4185 ι

2323 4217 2436 4271 Non
2457 4220 2622 4272 solum
2650 4221 2738 4289 qui
2770 4225 3207 4279 convertebantur
3229 4235 3287 4280 ut
3312 4228 3532 4295 Petrus,
3563 4248 3668 4286 non
3696 4236 3772 4288 eis

2255 4307 2618 4373 imponebatur
2637 4312 2941 4378 pteuitentia
2961 4314 3188 4381 publiea,
3212 4316 3301 4369 sed
3317 4319 3475 4370 etiam
3492 4321 3670 4373 multis
3684 4324 3770 4389 qui

2255 4402 2313 4445 ut
2338 4392 2529 4457 ludas,
2576 4405 2666 4449 aut
2702 4406 2759 4449 ut
2801 4409 2924 4465 pote
2972 4402 3129 4455 nimis
3161 4403 3353 4457 infirmi
3397 4406 3766 4464 tolerabantur.

2255 4479 2345 4531 llla
2371 4490 2451 4533 est
2485 4484 2711 4537 secunda
2737 4486 2869 4539 ratio
2890 4502 3046 4554 quam
3071 4488 3392 4558 Augustinus
3410 4480 3581 4548 refert
3601 4496 3653 4548 in
3677 4499 3769 4551 lto-

2256 4567 2397 4620 milia
2422 4584 2483 4622 cx
2515 4584 2565 4633 L,
2590 4585 2703 4640 cap.
2740 4573 2793 4623 Η
2822 4591 2833 4625 :
2868 4593 2884 4623 ι
2915 4575 3059 4629 Multi
3080 4578 3217 4630 enim
3245 4580 3575 4649 corriguntur
3595 4591 3652 4636 ut
3673 4585 3767 4638 Pe-

2257 4659 2385 4716 trus,
2416 4656 2563 4709 multi
2590 4659 2876 4713 tolerantur
2899 4670 2956 4714 ut
2975 4661 3153 4717 Judas.
3182 4685 3201 4715 ι
3240 4666 3488 4721 Eamdem
3511 4671 3764 4727 rationem

2255 4738 2378 4791 alibi
2423 4741 2646 4808 explicat
2672 4752 2881 4799 sanctus
2918 4746 3239 4816 Augustinus
3273 4752 3325 4803 in
3352 4752 3440 4806 lib.
3471 4753 3537 4806 de
3562 4754 3765 4812 Fide-ct

2254 4824 2532 4891 Operibus,
2559 4844 2674 4896 cap.
2702 4830 2735 4881 5
2760 4847 2772 4881 :
2819 4849 2837 4879 ‹
2864 4832 3153 4902 Utrumque
3176 4835 3464 4891 faciendum
3487 4849 3597 4901 est,
3632 4844 3765 4896 sicut

2252 4920 2305 4963 et
2344 4912 2661 4970 infirmitatis
2696 4918 2971 4973 diversitas
3001 4926 3273 4986 admonet,
3298 4940 3477 4980 corum
3504 4944 3634 4996 quos
3660 4933 3761 4985 nti-

2252 5014 2355 5065 que
2383 5017 2486 5055 non
2525 5005 2817 5070 perdendos
2841 5046 2855 5069 ,
2901 5011 2990 5061 sed
3031 5003 3365 5079 corrigendos
3400 5017 3760 5088 curandosque

2252 5089 2572 5154 suscepimus
2596 5130 2609 5150 ,
2652 5101 2704 5143 et
2731 5092 2861 5145 alius
2885 5096 2980 5158 sic,
3012 5097 3145 5149 alius
3178 5109 3351 5155 autem
3396 5104 3474 5156 sic
3497 5107 3759 5161 sanandus

2249 5182 2364 5225 est:
2404 5175 2474 5226 ita
2509 5178 2667 5230 etiam
2707 5187 2787 5231 est
2828 5182 2959 5235 ratio
3004 5185 3361 5241 dissimulandi
3408 5199 3463 5242 ct
3505 5191 3757 5246 tolerandi

2252 5258 2414 5312 malos
2436 5260 2489 5312 in
2517 5261 2747 5317 Ecclesia
2773 5282 2785 5316 :
2816 5274 2870 5318 et
2903 5277 2982 5321 est
3009 5286 3189 5325 rursus
3222 5273 3354 5325 ratio
3385 5277 3671 5345 castigandi
3706 5289 3757 5334 et

2254 5347 2604 5414 corripiendi,
2652 5366 2754 5403 non
2791 5351 3095 5410 admittendi
3134 5360 3266 5413 vela
3292 5366 3652 5421 communione
3678 5383 3759 5421 ro-

2254 5435 2509 5486 movendi.
2550 5435 2736 5491 Errant
2762 5448 2931 5494 autem
2963 5444 3200 5501 homines
3231 5464 3329 5502 non
3354 5462 3622 5507 servantes
3650 5468 3757 5508 mo-

2252 5519 2392 5581 dum,
2426 5531 2614 5575 etcum
2642 5526 2691 5577 in
2723 5542 2875 5579 unam
2903 5520 3099 5596 partem
3137 5536 3434 5601 procliviter
3472 5539 3550 5593 ire
3587 5557 3756 5610 cu‘pb

2257 5608 2373 5672 rint,
2430 5624 2529 5661 non
2572 5614 2852 5680 respiciunt
2904 5617 3089 5670 {ii-rium
3136 5626 3461 5681 auctoritatis
3489 5629 3590 5682 alia
3615 5608 3755 5684 testi.
