3974 6414
80 121 429 185 ιιιιιιε-ν·

172 180 191 191 ..ι

102 194 111 203 ι

225 440 358 492 i9.”

1059 453 1144 506 AB
1179 452 1339 507 OMNI
1379 456 1530 510 NOV]
1547 460 1726 514 l‘ATlS
1764 464 2146 520 SUSPICIONE
2186 468 2548 526 VINDICATA.

3203 482 3333 535 1213

218 549 415 646 tritinia,
444 552 638 618 quibus
661 555 859 652 poSsint
885 558 949 610 ab
978 558 1062 611 illa
1093 561 1378 615 intentione
1405 568 1654 626 revocari,
1687 577 1738 620 et
1770 577 1810 627 Α
1839 575 2104 636 pecuniam
2134 576 2310 630 tollere
2337 617 2350 640 ,
2411 595 2512 632 non
2565 581 2813 633 dubitavit
2855 593 3069 651 accepta
3121 590 3336 654 pecunia

220 633 273 686 in
303 648 365 687 ea
389 650 506 703 quae
528 652 592 689 ex
623 639 856 706 utrisque
885 651 1168 712 temperata
1198 658 1278 700 est
1306 650 1522 704 veritate
1546 668 1606 705 ac
1637 670 1745 708 mo-

220 718 493 774 deratione
517 722 826 777 consistere.

247 828 252 832 -
287 803 614 873 Augustinus
644 810 695 860 in
723 811 941 878 epistola
969 812 1036 883 48
1058 813 1331 870 Vincentio
1358 828 1539 873 contra
1577 823 1743 875 Dona-

220 896 337 942 tum
352 899 403 943 et
424 891 612 958 Rogat.
631 893 694 945 dc
719 896 1039 969 corrigendis
1062 900 1318 954 lizereticis
1344 920 1356 957 :
1382 922 1397 952 ι
1416 903 1634 972 Propter
1655 910 1743 961 bo-

218 992 320 1030 nos
344 979 463 1031 mali
486 981 737 1033 tolerandi
768 992 888 1034 sunt
910 1001 922 1036 :
952 985 1087 1037 sicut
1109 986 1457 1042 toleraverunt
1478 995 1741 1059 prophetae

219 1075 405 1119 contra
428 1084 562 1137 quos
598 1078 742 1122 tanta
768 1071 1042 1135 dicebant,
1091 1090 1188 1128 nec
1213 1072 1628 1132 communionem
1657 1096 1739 1133 sa—

218 1164 611 1207 cramentorum
652 1157 787 1208 illius
814 1158 990 1226 populi
1028 1160 1395 1228 relinquebant
1427 1182 1439 1214 :
1470 1166 1604 1219 sicut
1633 1167 1741 1234 ipse

217 1239 472 1293 Dominus
497 1251 769 1295 nocentem
797 1242 982 1296 ludam
1006 1261 1172 1313 usque
1210 1248 1273 1299 ad
1300 1251 1605 1318 cendigmun
1630 1256 1740 1323 ejus

214 1328 413 1381 exitum
445 1329 721 1394 toleravit,
756 1340 809 1385 et
845 1346 963 1385 eum
990 1349 1194 1388 sacram
1220 1350 1420 1389 cernam
1450 1355 1565 1392 cum
1593 1343 1740 1395 inno-

214 1415 462 1467 centibus
506 1419 895 1471 communicare
937 1421 1175 1485 permisit
1215 1440 1226 1475 :
1270 1425 1405 1477 sicut
1453 1428 1741 1482 tolerarunt

212 1502 438 1565 apostoli
468 1500 560 1555 eos
587 1504 674 1570 qui
720 1513 825 1571 per
855 1505 1100 1559 invidiam
1120 1546 1134 1569 ,
1180 1511 1317 1577 quod
1354 1512 1515 1578 ipsius
1544 1516 1733 1570 dialuli

210 1585 398 1637 vitium
430 1597 528 1647 cst,
575 1588 840 1643 Christum
880 1593 1292 1649 annuntiabant:
1325 1600 1460 1652 sicut
1499 1603 1738 1656 toleravit

209 1670 508 1738 Cyprianus
534 1674 845 1748 collegarum
887 1666 1194 1743 avaritiam,
1237 1698 1411 1751 quam,
1452 1690 1733 1742 secundum

210 1761 250 1811 A
259 1761 543 1829 poslolum,
556 1764 1151 1833 appellatidololatria'm.
1166 1787 1185 1818 ι
1370 1774 1375 1777 ⁷

1844 658 2010 722 ipsum
2064 660 2334 715 Dominum
2381 666 2622 719 vendere.
2660 666 2933 722 Videamus
2974 674 3096 738 quid
3140 674 3206 726 ad
3237 676 3337 728 ista

1842 741 2087 797 Dominus
2133 748 2463 813 respondeat,
2508 752 2676 803 videte
2724 752 2933 817 fratres,
2978 773 3079 809 non
3122 758 3197 811 illi
3240 759 3335 822 ait,

1840 828 2057 897 Propter
2076 831 2209 885 furta
2234 843 2321 887 tua
2349 838 2480 890 dicis
2518 839 2635 891 ista.
2668 839 2852 894 Furem
2881 853 3112 908 noverat,
3140 855 3192 898 et
3214 862 3337 913 pro-

1839 915 1961 967 dere
1991 918 2215 981 nolebat,
2246 922 2333 972 sed
2360 924 2530 988 potius
2569 926 2745 993 toleral
2765 938 2848 988 at,
2900 937 2953 979 et
2983 930 3046 981 ad
3071 930 3337 995 perferen-

1837 1001 1930 1053 dos
1956 1004 2119 1055 malos
2139 1006 2189 1056 in
2219 1006 2448 1061 Ecclesia
2479 1011 2625 1063 nobis
2648 1014 2935 1079 exemplum
2960 1016 3220 1081 patientiae
3239 1018 3330 1071 de-

1836 1090 2174 1140 monstrabat.
2197 1109 2217 1140 ›

1900 1172 2237 1239 Augustinus,
2263 1175 2353 1229 lib.
2386 1194 2443 1231 ιιι
2465 1189 2648 1234 contra
2675 1185 2946 1251 epistolam
2984 1186 3330 1251 Parmeniaui,
3386 1220 3391 1225 ο

1836 1272 1949 1324 cap.
1977 1260 2009 1310 2
2036 1278 2048 1311 :
2082 1278 2099 1308 ‹
2136 1260 2264 1314 Cum
2295 1278 2422 1316 vero
2448 1264 2586 1319 idem
2604 1273 2817 1323 morbus
2838 1276 3086 1337 plurimos
3109 1288 3332 1341 occupa-

1835 1346 1988 1405 verit,
2020 1348 2146 1398 nihil
2173 1349 2310 1403 aliud
2341 1350 2490 1405 bonis
2510 1361 2674 1407 restat
2687 1371 2840 1421 quam
2862 1359 3006 1410 dolor
3031 1368 3083 1412 et
3098 1361 3332 1428 gemitus,

1832 1442 1891 1483 ut
1916 1449 2010 1500 per
2038 1434 2160 1487 illud
2183 1437 2384 1504 signum
2404 1440 2539 1506 quod
2562 1442 2822 1495 Ezechicli
2863 1453 3042 1497 saneto
3073 1447 3333 1499 revelatur

1833 1518 1975 1570 illa-si
1994 1522 2215 1575 evadere
2238 1524 2303 1575 ab
2326 1524 2526 1578 illorum
2546 1529 2835 1599 vastatione
2856 1538 3167 1584 mereantur.
3190 1533 3336 1586 ideo-

1832 1617 1931 1668 que
1981 1605 2115 1656 idcm
2146 1605 2425 1672 Apostolus
2448 1625 2563 1663 cum
2604 1612 2713 1680 jam
2761 1613 2951 1666 multos
2978 1617 3334 1683 comperisset,

1831 1697 1884 1742 et
1924 1689 2186 1743 immunda
2213 1692 2414 1745 luxmia
2458 1702 2511 1746 et
2548 1695 2977 1752 fornicationibus
3002 1699 3334 1767 inquinatos,

1831 1777 1895 1826 ad
1929 1777 2136 1828 eosdem
2163 1778 2460 1835 Corinthios
2486 1782 2539 1835 in
2565 1784 2793 1837 secunda
2821 1786 3048 1853 Epistula
3076 1789 3328 1849 scribens,

278 1867 628 1937 Augustinus,
681 1869 730 1923 in
765 1870 854 1925 lib.
891 1888 948 1925 ιιι
991 1882 1172 1927 contra
1214 1877 1487 1944 epistolam
1518 1879 1729 1934 Parme-
1766 1862 1804 1916 Β
1833 1868 1932 1913 "0“
1958 1863 2134 1915 "idem
2160 1867 2395 1934 ρνωεῖρίι
2416 1877 2473 1920 ut
2494 1884 2612 1921 cum
2638 1871 2824 1924 talibus
2852 1889 2947 1926 "CC
2966 1874 3135 1926 Cibum
3161 1890 3333 1927 sume-

207 1952 375 2016 niani,
407 1969 523 2023 cap.
548 1955 580 2008 4
612 1972 624 2006 :
664 1974 682 2005 ‹
712 1956 855 2011 Dixit
876 1958 1039 2012 Isaias
1062 1998 1077 2023 ,
1114 1960 1378 2026 Recedite,
1431 1968 1562 2019 exite
1618 1967 1734 2021 inde

204 2047 259 2091 et
287 2040 613 2095 immundum
654 2042 806 2096 nolite
857 2052 1107 2113 tangere:
1132 2045 1233 2100 Sed
1266 2063 1361 2103 cur
1394 2049 1506 2118 ipse
1547 2052 1599 2105 in
1646 2053 1732 2105 illo

203 2125 401 2192 populo
446 2127 837 2182 immunditiam
866 2145 1021 2201 quam
1070 2134 1298 2200 graviter
1342 2138 1626 2204 arguebat,
1678 2140 1731 2191 in

203 2226 317 2299 una
331 2214 539 2267 cumeis
556 2217 960 2285 congregatione
982 2220 1246 2288 tangebat,
1265 2229 1365 2274 etc.
1390 2222 1529 2276 Dixit
1546 2225 1728 2287 David,

203 2298 321 2353 Non
356 2301 469 2354 sedi
498 2317 618 2356 cum
656 2304 877 2357 concilio
897 2306 1166 2371 vanitatis,
1196 2317 1247 2361 et
1273 2324 1390 2362 cum
1419 2309 1730 2366 facinorosis

201 2402 313 2439 nou
344 2388 568 2442 iutroilio
598 2407 609 2440 :
637 2390 756 2443 odio
798 2391 960 2444 habui
1005 2395 1205 2447 curiam
1254 2397 1723 2463 nequissimorum,

201 2482 257 2526 et
282 2488 404 2527 cum
447 2476 513 2528 iis
539 2490 644 2528 non
683 2478 893 2534 sedebo.
926 2478 1125 2548 Legam
1151 2482 1333 2549 quales
1362 2484 1414 2535 in
1442 2499 1500 2537 se
1530 2492 1728 2552 tempo-

204 2560 354 2612 ribus
378 2560 489 2613 suis
520 2562 571 2613 in
598 2562 684 2616 illo
705 2564 894 2632 populo
927 2566 1185 2630 toleravit,
1215 2569 1304 2636 qui
1333 2571 1596 2624 unctionis
1618 2587 1728 2642 my-

202 2646 342 2699 stico
379 2658 710 2701 sacramento
734 2656 932 2705 tantum
959 2652 1212 2705 honorem
1238 2653 1440 2716 detulit,
1467 2664 1525 2707 ut
1550 2657 1601 2711 id
1628 2673 1726 2712 nec

204 2734 259 2787 in
296 2734 707 2801 sceleratissimo
733 2735 889 2790 Saule
941 2747 1336 2804 contemneret,
1379 2741 1483 2794 imo
1528 2750 1726 2797 tantum

168 2830 566 2887 -veneraretur,
614 2832 673 2877 ut
709 2825 933 2893 amplius
974 2817 1189 2881 Omnino
1227 2843 1330 2881 non
1365 2840 1580 2897 posset,
1622 2840 1723 2885 etc.

197 2911 281 2963 Au
308 2911 407 2964 hoc
443 2912 631 2964 dicturi
669 2916 952 2981 suntquod
984 2916 1087 2969 illis
1130 2918 1452 2985 temporibus
1485 2920 1728 2973 recedere

193 2999 360 3066 justis
392 3015 422 3052 a
444 2998 584 3052 malo
608 3001 799 3069 populo
823 3017 927 3055 non
952 3003 1160 3068 licebat,
1191 3005 1305 3057 istis
1333 3019 1458 3057 vero
1487 3009 1729 3073 tempori-

140 3120 159 3137 .
205 3089 306 3141 bus
329 3087 487 3141 licet?
527 3087 662 3154 Quid
694 3090 795 3143 dici
820 3093 1118 3161 perversius
1155 3101 1351 3161 potest,
1382 3094 1469 3147 illo
1495 3103 1725 3164 tempore

1832 1959 1966 2030 rent.
2010 1953 2154 2007 Multi
2178 1957 2315 2008 cnim
2341 1966 2521 2021 erant,
2569 1974 2664 2013 nec
2691 1960 2793 2014 dici
2818 1961 2881 2014 de
2909 1962 2990 2015 his
3030 1970 3253 2030 poterat,
3278 1962 3335 2015 Si

1829 2028 1945 2107 quis
1973 2040 2136 2093 frater
2160 2045 2457 2119 nominatur
2478 2046 2780 2112 fornicator,
2803 2058 2891 2101 aut
2910 2050 3059 2102 idolis
3081 2052 3330 2109 serviens.

1828 2136 1917 2179 aut
1938 2142 2148 2192 avarus,
2174 2130 2472 2199 autaliquid
2499 2132 2600 2184 tale
2625 2148 2742 2185 cum
2768 2132 3020 2200 ejusmodi
3044 2150 3139 2187 nec
3162 2136 3334 2188 cibum

1827 2216 2036 2282 quidem
2066 2217 2218 2269 simul
2247 2232 2482 2281 sumere;
2511 2220 2603 2272 sed
2629 2220 2701 2272 ait
2742 2239 2754 2271 :
2790 2220 2868 2273 Ne
2896 2222 3076 2273 iterum
3117 2238 3227 2293 curn
3255 2237 3335 2272 ee-

1829 2321 1948 2357 nero
1973 2308 2037 2358 ad
2062 2323 2175 2368 vos,
2205 2307 2432 2359 humilict
2477 2324 2552 2360 me
2578 2308 2712 2360 Deus
2730 2348 2745 2371 ,
2771 2318 2816 2360 et
2842 2307 3035 2375 lugeam
3069 2308 3248 2360 multos
3274 2324 3335 2360 ex

1825 2392 1888 2443 iis
1909 2394 1995 2461 qui
2037 2404 2153 2446 ante
2177 2404 2537 2460 peccaverunt,
2567 2405 2612 2465 et
2641 2412 2743 2448 non
2764 2405 2969 2464 egerunt
2994 2397 3332 2463 penitentiam

1824 2496 1974 2547 super
2012 2480 2330 2533 immunditia
2370 2490 2420 2532 et
2463 2481 2670 2534 luxuria
2721 2492 2768 2535 et
2802 2483 3133 2549 fornicatione
3183 2498 3333 2549 quam

1824 2573 2078 2633 gesserunt
2118 2578 2135 2613 :
2172 2579 2267 2632 per
2292 2565 2490 2619 luctum
2533 2580 2683 2619 suum
2720 2566 2891 2636 potius
2934 2580 3023 2617 eos
3048 2564 3223 2616 divino
3248 2562 3335 2615 lla-

1825 2652 1959 2719 gello
1993 2652 2308 2705 coercendos
2329 2652 2549 2711 minans,
2576 2667 2733 2720 quam
2756 2667 2851 2722 per
2879 2651 3016 2704 illam
3051 2650 3338 2717 correptio-

1825 2751 1963 2797 nem,
1994 2742 2051 2786 ut
2070 2736 2244 2788 caeteri
2267 2736 2333 2787 ab
2355 2751 2533 2789 eorum
2558 2738 2921 2804 conjunctione
2946 2751 3002 2789 se
3013 2736 3330 2788 contineant.

1825 2820 2216 2888 Consequenter
2241 2822 2378 2875 enim
2408 2822 2566 2883 dicit,
2608 2822 2738 2875 Ecce
2761 2824 2909 2874 tertio
2932 2823 3025 2873 hoc
3046 2823 3243 2874 veniam
3265 2821 3331 2872 ad

1824 2924 1938 2969 vos,
1986 2914 2043 2960 ut
2081 2909 2135 2960 in
2160 2924 2246 2960 ore
2288 2908 2507 2961 duorum
2551 2908 2623 2960 vel
2650 2910 2802 2960 trium
2839 2910 3036 2960 testium
3063 2917 3157 2961 stet
3187 2924 3333 2960 omne

1832 2994 2055 3046 verbum.
2092 2991 2323 3047 Praedixi
2340 3004 2389 3047 et
2417 2995 2636 3064 pra’dico
2669 2996 2803 3048 sicut
2830 3011 3047 3063 pra’sens
3076 2982 3332 3055 Secundo,

1824 3091 1869 3133 et
1897 3100 2028 3135 nunc
2053 3084 2231 3135 absens
2279 3084 2341 3135 iis
2389 3084 2476 3151 qui
2516 3094 2632 3136 ante
2658 3092 3015 3152 peccaverunt,
3060 3094 3105 3136 et
3138 3085 3333 3135 ca'teris

199 3189 307 3226 non
348 3176 587 3241 potuisse
628 3176 793 3229 bonos
820 3192 851 3230 a
880 3177 1032 3231 malis
1072 3182 1415 3249 corporaliter
1463 3188 1719 3254 separari,

1827 3170 2056 3222 omnibus
2087 3187 2103 3223 :
2132 3170 2250 3239 quia
2278 3171 2321 3223 si
2343 3186 2519 3222 venero
2545 3171 2723 3221 iterum
2746 3208 2759 3229 ,
2815 3186 2913 3221 non
2938 3186 3143 3237 parcam
3166 3208 3180 3229 ,
3211 3170 3334 3236 quia

197 3259 412 3326 quando
452 3260 616 3313 multa
665 3271 993 3317 sacramenta
1049 3270 1393 3334 corporaliter
1451 3274 1721 3328 observari

198 3344 517 3398 videbantur
543 3362 557 3397 :
588 3360 729 3399 nunc
752 3354 927 3400 autem
949 3352 1298 3406 necessariam
1336 3369 1451 3409 esse
1473 3372 1719 3425 corpora-

198 3433 301 3487 lem
357 3435 770 3503 separationem,
804 3438 1011 3504 quando
1052 3439 1161 3508 jam
1199 3441 1283 3494 illa
1312 3445 1616 3511 spiritaliter
1640 3449 1727 3501 ob-

200 3524 520 3576 servantur?
559 3522 648 3577 Va:
690 3524 843 3578 czeeis
890 3526 1202 3583 ducentibus
1228 3539 1281 3584 et
1324 3535 1477 3588 caecis
1505 3550 1730 3603 sequen—

201 3610 362 3662 tibus.
393 3628 411 3659 ι
1067 3668 1071 3679 η

272 3698 598 3775 Augustinus
627 3698 680 3751 in
706 3698 1057 3767 Expositionis
1078 3702 1348 3772 Evangelii
1382 3704 1599 3760 Joannis
1622 3715 1726 3761 tra-

198 3796 342 3843 ctatu
366 3804 395 3842 L
426 3805 440 3841 :
493 3805 512 3839 ι
539 3787 676 3854 Quid
722 3802 847 3856 ergo
873 3790 1039 3844 voluit
1068 3792 1321 3847 Dominus
1371 3803 1551 3848 noster
1574 3794 1727 3850 Jesns

198 3875 460 3939 Christus,
491 3873 686 3929 fratres
708 3876 831 3941 mei,
859 3877 1140 3931 admonere
1165 3878 1476 3945 Ecclesiam,
1521 3884 1728 3951 quando

198 3977 355 4014 unum
377 3961 642 4030 perditum
666 3962 805 4016 inter
832 3964 1106 4017 duodecim
1125 3965 1320 4019 habere
1345 3966 1524 4033 voluit,
1552 3969 1649 4035 nisi
1670 3978 1730 4021 ut

197 4049 362 4102 malos
390 4048 696 4111 toleremus,
719 4064 783 4102 ne
804 4064 994 4118 corpus
1017 4049 1212 4104 Christi
1241 4052 1569 4107 dividamus?
1594 4055 1728 4108 Ecce

198 4136 336 4191 inter
356 4145 573 4191 sanctos
615 4146 697 4191 est
733 4135 914 4202 Judas,
940 4153 1065 4192 ecce
1091 4137 1175 4197 fur
1222 4146 1303 4193 est
1327 4139 1489 4193 Judas
1512 4147 1545 4204 ,‘
1577 4149 1631 4194 et
1662 4157 1728 4195 ne

199 4233 538 4289 contemnas,
587 4225 671 4280 fur
695 4226 1001 4295 sacrilegus,
1051 4243 1155 4281 non
1204 4228 1581 4297 qualiscunque
1621 4230 1723 4282 fur.

201 4311 307 4365 Fur
329 4312 645 4377 loculorum,
671 4315 761 4367 sed
799 4314 1187 4368 Dominicorum
1215 4330 1229 4367 :
1270 4316 1558 4371 loculorum
1583 4358 1597 4382 ,
1634 4320 1724 4371 sed

199 4398 494 4454 sacrarum.
547 4400 605 4454 Si
654 4401 873 4455 crimina
900 4401 1274 4457 discernuntur
1299 4405 1353 4456 in
1380 4404 1492 4458 foro
1524 4407 1721 4474 qualis-
1749 4437 1798 4497 υ

201 4500 406 4555 cunque
442 4484 571 4540 furti
604 4495 659 4541 et
699 4488 975 4556 peculatus
996 4488 1287 4558 (peculatus
1338 4492 1478 4544 enim
1532 4493 1722 4546 dicitur

199 4573 397 4628 furtum
422 4574 489 4629 de
514 4589 572 4632 re
596 4574 822 4643 publica,
849 4584 903 4629 et
956 4592 1057 4628 non
1110 4577 1186 4630 sic
1223 4577 1493 4645 judicatur
1522 4578 1719 4634 furtum

202 4661 277 4715 rei
301 4660 523 4730 privata:
547 4662 809 4729 quomodo
833 4661 1095 4730 publice),
1125 4668 1322 4729 quanto
1361 4665 1723 4719 vehementius

195 4749 509 4817 iudicandus
527 4758 611 4804 est
636 4748 720 4803 fur
743 4750 1061 4821 sacrilegus,
1100 4751 1190 4818 qui
1226 4766 1387 4805 ausus
1415 4750 1576 4805 fuerit
1617 4767 1722 4806 non

198 4839 543 4907 undecunque
562 4836 766 4902 tollere,
796 4837 888 4892 sed
909 4838 974 4891 de
1014 4838 1246 4893 Ecclesia
1271 4838 1484 4917 tollere?
1507 4838 1605 4905 Qui
1630 4840 1726 4893 ali-

198 4926 323 4995 quid
347 4925 414 4981 de
438 4925 677 4981 Ecclesia
702 4923 924 4991 furatur,
954 4922 1101 4981 Iudae
1137 4929 1343 4996 perdito
1368 4937 1720 4997 comparatur.

200 5012 339 5067 Talis
358 5020 477 5067 erat
511 5013 614 5067 iste
636 5010 815 5078 ludas,
844 5018 898 5065 et
919 5019 1092 5067 tamen
1126 5028 1245 5067 cum
1272 5016 1471 5068 sanctis
1498 5016 1726 5083 discipuo

200 5104 264 5159 lis
278 5102 523 5161 undecim
548 5104 779 5158 intrabat
800 5111 854 5158 et
880 5104 1078 5169 exibat,
1111 5105 1177 5159 ad
1201 5106 1367 5191 ipsam
1390 5105 1719 5159 Dominieam

200 5208 406 5248 orenam
446 5193 649 5263 pariter
699 5193 942 5256 accessit,
974 5195 1272 5248 conversari
1296 5209 1414 5247 cum
1437 5194 1515 5247 eis
1537 5194 1724 5261 potuit,

201 5297 289 5337 eos
308 5284 590 5351 inquinare
623 5296 726 5335 non
750 5282 938 5351 potuit.
981 5282 1052 5336 De
1077 5298 1182 5336 uno
1204 5298 1344 5351 pane
1371 5290 1425 5338 et
1447 5282 1637 5337 Petrus
1674 5289 1728 5336 et

202 5369 608 5445 Judasfuccepit,
623 5354 629 5360 ’
647 5356 703 5425 et
724 5379 896 5424 tamen
917 5385 1031 5440 quia
1049 5387 1169 5439 pars
1190 5371 1332 5439 ﬁdeli
1353 5387 1466 5425 cum
1489 5371 1684 5439 inﬁdeli
1705 5373 1731 5424 2

202 5437 395 5516 Petrus‘
411 5437 795 5529 enimaccepit
818 5457 884 5511 ad
911 5437 1071 5511 vitam
1090 5497 1105 5521 ,
1138 5437 1301 5512 Judas
1350 5458 1417 5512 ad
1463 5437 1684 5539 mortem
1710 5497 1725 5522 ,

201 5559 299 5605 etc.
326 5553 505 5617 Quare
526 5548 696 5602 furem
721 5547 950 5612 admisit,
976 5546 1078 5601 nisi
1096 5554 1160 5600 ut
1185 5546 1303 5615 ejus
1325 5545 1562 5601 Ecclesia
1585 5544 1730 5599 fures

202 5640 460 5706 patienter
482 5633 711 5691 toleret?
736 5631 839 5688 Sed
863 5629 950 5688 ille
973 5634 1062 5702 qui
1091 5639 1434 5689 consecrent
1463 5631 1525 5685 de
1545 5630 1728 5685 loculis

1822 3258 2179 3325 probationem
2199 3258 2547 3329 quwritisejus
2563 3256 2647 3325 qui
2663 3258 2715 3308 in
2726 3273 2804 3308 me
2822 3255 3296 3324 loquilurChristus.
3310 3275 3328 3306 ι

1822 3373 1890 3391 —
1915 3343 2041 3410 Cap.
2081 3343 2114 3394 4
2141 3341 2373 3412 ejusdem
2421 3344 2537 3397 libri
2572 3362 2585 3397 :
2627 3362 2645 3395 ι
2675 3329 2946 3398 Postremo
2983 3345 3025 3395 si
3066 3344 3331 3410 propheta:

1821 3437 2060 3497 posteros
2082 3437 2397 3483 monuerunt
2423 3440 2481 3482 ut
2513 3444 2571 3484 se
2595 3423 2720 3484 ante
2743 3441 2945 3500 tempus
2962 3430 3155 3493 ultimae
3172 3431 3336 3487 venti.

1822 3519 2032 3573 lationis
2063 3534 2092 3571 a
2128 3519 2291 3587 paleis
2315 3520 2656 3587 corporaliter
2681 3529 3003 3589 separarent,
3049 3530 3102 3575 et
3131 3521 3220 3574 tali
3249 3536 3331 3575 se-
3357 3552 3372 3561 α

1822 3606 2095 3674 paratione
2116 3613 2365 3658 caverent
2385 3614 2597 3673 tangere
2617 3608 2957 3671 immundum,
2984 3616 3038 3661 et
3061 3623 3178 3662 cum
3206 3608 3336 3663 faci-

1824 3678 2048 3748 norosis'
2074 3709 2178 3747 non
2206 3695 2496 3758 introirent,
2528 3711 2624 3749 cur
2651 3698 2751 3750 hoc
2778 3713 2878 3751 non
2906 3695 3030 3751 fecit
3066 3698 3336 3765 apostolus

1823 3782 2058 3835 Paulus?
2084 3782 2162 3835 An
2190 3784 2336 3851 palea
2358 3794 2458 3838 non
2480 3792 2631 3838 erant
2649 3787 2735 3852 qui
2762 3802 2864 3841 non
2887 3801 2951 3840 ex
2971 3788 3211 3850 veritate,
3242 3788 3333 3842 sed

1824 3885 1889 3925 ex
1918 3871 2107 3924 invidia
2127 3870 2392 3924 Christum
2417 3873 2832 3937 annuntiabunt?
2850 3873 2928 3926 An
2958 3874 3207 3927 immundi
3229 3889 3332 3928 non

1824 3966 1974 4011 erant
1999 3957 2087 4025 qui
2118 3973 2221 4011 non
2261 3966 2404 4013 caste
2432 3958 2763 4027 Evangelium
2815 3960 3199 4028 praedicabant?
3227 3960 3335 4015 Hos

1825 4045 1877 4097 in
1924 4045 2024 4097 illis
2071 4045 2389 4112 temporibus
2434 4045 2664 4098 Ecclesia
2698 4046 2857 4100 fuisse
2903 4054 3146 4112 testatur,
3184 4046 3336 4114 cujus

1823 4132 2309 4187 excellentissimam
2370 4134 2678 4187 cbaritatem
2740 4135 2913 4187 omnia
2972 4135 3282 4208 tolerantem
3316 4174 3332 4195 ,

1824 4221 1983 4273 etiam
2029 4222 2349 4288 posteriores
2398 4221 2585 4275 imitati
2636 4231 2777 4274 sunt.
2807 4241 2826 4273 ι
2857 4252 2925 4261 --
2952 4221 3076 4290 Cap.
3129 4222 3164 4275 2
3200 4222 3339 4289 ejus-

1824 4315 1939 4367 dem
1968 4313 2085 4366 libri
2110 4331 2121 4365 :
2158 4332 2177 4363 ι
2202 4314 2518 4382 Aperiantur
2535 4310 2670 4367 oculi
2701 4315 2890 4377 cordis,
2921 4329 2987 4368 ne
3022 4314 3214 4368 frustra
3243 4330 3337 4383 pa-

1824 4406 2140 4462 teantoculi
2168 4408 2421 4476 corporis,
2474 4415 2529 4460 et
2551 4406 2729 4477 legant
2763 4406 3157 4476 prazdicatorem
3204 4406 3335 4460 libe-

1821 4510 1934 4549 rum
1978 4493 2213 4547 veritatis
2251 4494 2305 4548 in
2347 4494 2528 4548 eadem
2577 4497 2687 4564 ipsa
2718 4497 2885 4565 prima
2936 4496 3002 4561 ad
3037 4494 3337 4549 Corinthius

1819 4583 2049 4651 Epistola
2100 4584 2452 4636 scribentem:
2507 4583 2676 4637 Nolite
2716 4602 2887 4638 errare
2911 4600 2929 4636 :
2979 4603 3134 4654 neque
3173 4588 3336 4655 forni-

1820 4674 1966 4735 carii,
2016 4688 2171 4741 neque
2203 4672 2353 4723 idolis
2398 4673 2682 4732 servientes,
2725 4690 2881 4741 neque
2910 4674 3151 4738 adulteri,
3174 4689 3331 4744 neque

1820 4758 1994 4811 molles
2010 4798 2022 4819 ,
2056 4775 2210 4825 neque
2237 4757 2575 4811 masculorum
2601 4761 2969 4824 concubitores,
2993 4778 3148 4829 neque
3171 4761 3329 4828 fures,

1822 4860 1976 4914 neque
2013 4846 2187 4906 arari,
2227 4860 2383 4914 neque
2424 4840 2636 4904 ebriosi,
2685 4862 2841 4914 neque
2869 4844 3140 4909 maledici,
3178 4863 3336 4916 neque

1823 4948 2051 4999 rapaces.
2088 4947 2292 5000 regnum
2318 4931 2411 4984 Dei
2440 4928 2779 5000 possidebu'nt.
2810 4932 3079 4998 Quomodo
3096 4948 3219 5004 ergo
3236 4934 3341 5005 Cy;

1820 5022 2035 5090 prianus
2062 5030 2114 5074 et
2142 5022 2237 5075 alia
2268 5021 2524 5074 frumenta
2555 5019 2827 5101 Dominica
2856 5023 2908 5076 in
2936 5022 3021 5075 illa
3049 5028 3172 5076 tunc
3217 5022 3334 5074 uni-
3363 5096 3367 5101 .

1786 5124 1789 5125 '
1821 5111 1944 5162 tatis
1963 5104 2198 5162 Ecclesia
2230 5123 2347 5161 cum
2375 5109 2547 5161 avaris
2575 5116 2627 5161 et
2655 5097 2946 5177 rapacibus,
2992 5124 3110 5164 cum
3139 5109 3222 5162 his
3242 5109 3332 5177 qui

1822 5211 2040 5264 regnum
2067 5194 2157 5248 Dei
2186 5210 2287 5248 non
2332 5196 2684 5263 possidebunt,
2711 5210 2812 5249 non
2842 5195 2989 5250 laicis
3016 5197 3095 5249 vel
3120 5196 3335 5263 quibus-

1823 5299 2025 5351 cunque
2049 5283 2272 5354 clericis,
2316 5284 2407 5337 sed
2427 5291 2480 5336 et
2502 5283 2624 5349 ipsis
2642 5284 2899 5352 episcopis
2919 5298 3107 5351 panem
3128 5283 3334 5339 Domini

1824 5371 2229 5433 manducabant,
2254 5378 2308 5424 et
2352 5371 2567 5424 calicem
2625 5370 2830 5424 Domini
2878 5370 3162 5434 bibebant,
3216 5383 3335 5422 cum

1826 5458 1961 5512 idem
1999 5455 2279 5524 Apostolus
2324 5454 2589 5525 praecipiat
2631 5471 2732 5509 non
2780 5456 2859 5509 eis
2902 5454 3253 5517 commisceri,
3281 5459 3362 5510 et.

1824 5543 2153 5597 elametcum
2181 5540 2441 5609 ejusmodi
2459 5555 2557 5594 nec
2597 5541 2770 5594 cibum
2815 5541 3063 5596 sumere?
3102 5538 3186 5593 Au
3212 5540 3335 5609 quia

1825 5646 1927 5696 non
1953 5637 2195 5697 poterant
2218 5628 2285 5680 ab
2322 5628 2399 5682 eis
2424 5628 2764 5697 corporaliter
2785 5629 3034 5696 separari,
3063 5641 3128 5681 ne
3152 5625 3337 5680 simili-
