3974 6446
656 504 787 556 1219

3384 81 3974 330 “ll

1203 501 1539 555 τξιεθιιοιιι
1572 501 1879 554 Αιιιῑιιιειι.
1923 501 2260 555 ΕᾹΝΤΕΛΒ.
2306 503 2634 557 DOCTIHNA
2679 507 2762 559 DE
2801 504 3234 577 ΡΟΕΝΙΤΕΝἸῚΛ
3687 515 3807 569 Ιὲἒίι

650 624 730 669 ter
755 613 1084 665 erasiicai‘cnt
1111 620 1162 663 et
1210 612 1461 672 triticum,
1491 609 1779 663 suiliciebat
1821 610 1901 663 eis
1927 624 1955 661 a
1989 609 2181 661 talibus
2210 614 2253 666 Λ
2282 612 2440 676 quosi,
2474 621 2531 664 ιιι
2567 614 2758 675 dicitis,
2800 616 3088 670 necessitas
3131 618 3402 685 imperavit
3429 621 3479 672 in
3535 636 3663 688 pace
3699 621 3804 687 jam

649 701 810 754 corde
856 700 1087 767 seiungi,
1143 700 1247 751 vita
1300 699 1451 751 mori!
1473 712 1637 764 usque
1667 698 1940 763 distingui,
1970 706 2183 765 propter

647 787 1127 854 compensationem
1174 786 1528 839 custodienda:
1602 786 1749 852 pacis
1806 794 1861 838 et
1918 787 2178 845 unitatis,

648 884 862 943 propter
899 874 1118 927 salutem
1154 863 1482 925 infirmorum
1512 882 1563 925 et
1595 882 1842 939 tanquam
1876 872 2179 943 lactentinm

651 965 1054 1023 frumentorum,
1083 976 1149 1013 ne
1168 960 1405 1013 membra
1426 960 1663 1026 corporis
1683 959 1878 1012 Christi
1904 974 1997 1025 per
2019 959 2182 1010 sacri-

646 1051 757 1117 lega
789 1051 1074 1102 schismata
1099 1049 1395 1101 laniarent?
1430 1068 1448 1098 ι
1492 1046 1713 1099 Etinfra
1736 1087 1750 1108 ,
1792 1061 1908 1115 cap.
1935 1047 1967 1099 4
2002 1064 2014 1097 :
2051 1066 2069 1097 ι
2098 1048 2179 1099 Au

650 1135 1014 1196 immunditia,
1070 1148 1139 1184 an
1187 1134 1348 1185 etiam
1393 1133 1657 1185 avaritia?
1693 1132 1859 1197 Quam
1886 1131 2180 1201 Cyprianus

552 1267 559 1273 .
646 1225 804 1279 corde
825 1238 927 1276 non
956 1223 1145 1292 tetigit,
1173 1231 1227 1275 et
1252 1229 1425 1275 tamen
1452 1222 1588 1275 inter
1616 1238 1805 1276 avaros
1834 1224 2177 1291 pacatissimo

644 1313 795 1365 vixit.
827 1309 939 1365 Non
967 1312 1105 1364 enim
1157 1310 1504 1364 obsurduerat
1550 1311 1801 1364 adversus
1830 1312 1994 1365 verba
2033 1311 2179 1364 Psal-

651 1414 852 1451 morum
880 1406 939 1450 ut
960 1398 1165 1451 sederet
1192 1397 1244 1449 in
1276 1398 1642 1451 conventiculo
1675 1398 1949 1458 vanitatis.
1981 1405 2177 1451 etcum

650 1488 959 1566 facinorosis
986 1488 1227 1561 introiret
1254 1500 1267 1538 :
1295 1488 1416 1540 odio
1441 1503 1545 1539 non
1568 1488 1788 1540 haberet
1803 1487 2002 1541 curiam
2032 1477 2179 1541 mali-

652 1590 891 1643 gnorum,
940 1583 1140 1627 etcum
1193 1574 1368 1640 impiis
1395 1589 1496 1627 non
1524 1574 1750 1626 sederet.
1829 1573 2016 1626 Annon
2064 1583 2177 1626 erat

650 1662 1065 1724 conventiculum
1114 1662 1356 1727 vanitatis
1404 1661 1455 1713 in
1484 1662 1561 1715 eis
1601 1662 1710 1729 qui,
1738 1662 2092 1715 esurientibus
2122 1663 2173 1715 in

651 1751 884 1806 Ecclesia
937 1750 1208 1813 fratribus,
1241 1751 1535 1818 largissimo
1561 1758 1777 1819 argento
1806 1751 1973 1803 nitere
1998 1751 2174 1819 cupie-

645 1837 816 1890 bant?
870 1838 1057 1890 Annon
1099 1847 1249 1890 erant
1278 1837 1549 1890 facinerosi
1578 1838 1666 1904 qui
1697 1837 1883 1889 fundos
1924 1838 2173 1891 insidiose

2283 697 2546 751 Ecclesias
2591 702 2903 753 constitutas
2946 717 3046 755 non
3093 717 3252 769 posse
3294 717 3647 771 prazsumere;
3697 710 3803 773 sed.

2282 794 2339 837 ut
2366 800 2503 852 stupe.
2536 788 2748 847 accidit,
2775 778 2987 855 quoties
3008 804 3037 841 a
3071 790 3274 858 populis
3302 803 3391 844 aut
3433 794 3584 848 turba
3622 810 3807 864 pecca-

2283 880 2386 933 tur,
2428 873 2551 939 quia
2581 875 2631 925 in
2666 889 2848 928 omnes
2899 885 3115 944 propter
3145 878 3533 934 multitudinem
3584 900 3688 937 non
3716 901 3805 954 po-

2280 965 2384 1010 test
2411 959 2685 1021 vindicari,
2718 960 2936 1047 inultum
2970 963 3103 1015 solet
3127 966 3369 1030 transire,
3412 968 3590 1034 priora
3633 971 3807 1024 dimitc

2280 1048 2435 1100 teuda
2459 1048 2551 1101 Dei
2578 1048 2802 1123 judicio,
2839 1056 2893 1101 et
2917 1048 3008 1103 de‘
3037 1051 3238 1120 reliquo
3282 1058 3512 1109 maxima
3552 1058 3803 1113 sollicitu-

2278 1138 2399 1190 dine
2421 1139 2844 1205 przecaveudum.
2886 1158 2903 1190 ι
2937 1139 3003 1193 Et
3036 1141 3091 1194 in
3116 1142 3333 1210 epistola
3378 1147 3732 1216 adsynodum
3752 1151 3803 1203 in

2280 1224 2527 1277 Toletaua
2580 1226 2790 1278 civitate
2826 1227 3189 1294 constitutam,
3239 1244 3354 1298 cap.
3388 1232 3407 1283 l
3440 1250 3454 1285 :
3494 1252 3512 1282 ι
3564 1232 3795 1299 Quorum

2278 1314 2469 1368 factum
2518 1316 2589 1368 ita
2646 1302 3103 1384 reprehendimus,
3155 1327 3215 1372 ut
3259 1331 3474 1389 propter
3522 1339 3803 1378 numerum

2275 1404 2728 1471 corrigendorum,
2759 1420 2821 1457 ea
2872 1419 2995 1479 qua;
3037 1420 3248 1473 quoquo
3277 1410 3430 1467 modo
3475 1410 3615 1466 facta
3660 1422 3796 1474 sunt,

2276 1505 2378 1543 non
2410 1490 2460 1543 in
2484 1491 2699 1545 dubium
2725 1479 2993 1547 vocemus.
3017 1493 3109 1546 sed
3143 1493 3235 1548 Dei
3271 1500 3448 1564 potius
3478 1500 3804 1554 dimittamus

2268 1576 2485 1645 judicio.
2519 1598 2536 1628 ι
2672 1632 2675 1637 ,

2344 1666 2621 1719 Salvianus
2664 1674 2877 1735 prepter
2918 1671 3155 1725 eamdem
3199 1672 3457 1726 rationem
3505 1673 3805 1729 innumeros

2274 1750 2381 1806 fere
2412 1753 2675 1820 improbos
2703 1755 2754 1805 in
2785 1754 3014 1809 Ecclesia
3057 1758 3310 1813 toleratos
3333 1759 3493 1813 fuisse
3522 1761 3686 1815 refert
3711 1761 3800 1814 lib.

2273 1856 2331 1891 ιιι
2359 1840 2422 1892 de
2447 1854 2568 1892 vero
2608 1839 2812 1894 Judicio
2858 1852 2910 1896 et
2952 1844 3283 1899 Providentia
3335 1847 3463 1900 Dei:
3498 1866 3515 1893 ι
3571 1849 3802 1914 Quorum

648 1926 899 1980 fratribus
941 1927 1243 1994 rapiebant?
1295 1926 1374 1978 An
1431 1927 1732 1994 nequissimi
1764 1935 1818 1979 et
1870 1926 2014 1994 impii
2066 1943 2169 1979 non
2203 1910 2243 1965 Β
2271 1927 2410 1978 enim
2432 1942 2691 1995 quemque
2738 1930 2968 1985 invenies
3011 1933 3063 1986 in
3103 1933 3335 1989 Ecclesia
3363 1951 3466 1989 non
3502 1910 3614 1990 aut-
3637 1939 3806 1993 ebrio-

646 2027 816 2082 crant,
841 2018 930 2086 qui
969 2019 1140 2071 usuris
1189 2018 1649 2086 nutltiplicantibus
1680 2019 1830 2071 fenus
1877 2020 2173 2086 augebant?

560 2122 567 2133 '
646 2108 733 2160 ille
758 2122 885 2160 vero
920 2107 1127 2158 lavabat
1172 2121 1357 2158 manus
1403 2121 1525 2159 suas
1553 2121 1670 2159 cum
1702 2108 2089 2171 innocentibus,
2120 2116 2175 2161 et

646 2196 1004 2248 circumdabat
1050 2194 1215 2249 altare
1270 2194 1490 2248 Domini.
1532 2195 1649 2247 Ideo
1678 2195 1870 2263 quippe
1915 2194 2171 2248 tolerabat

646 2292 915 2346 nocentes,
935 2299 997 2335 ne
1016 2284 1280 2335 desereret
1301 2283 1622 2344 innocentes,
1639 2297 1758 2335 eum
1778 2282 1970 2350 quibus
1984 2297 2172 2335 manus

646 2371 878 2433 lavabat,
908 2373 1029 2439 quia
1068 2371 1315 2439 diligebat
1342 2371 1565 2438 speciem
1589 2372 1777 2426 domus
1802 2371 2030 2434 Domini,
2058 2386 2173 2439 qua:

646 2459 850 2527 species
871 2458 921 2510 in
953 2457 1093 2509 vasis
1116 2456 1508 2511 honorabilibus
1540 2457 1655 2510 fuit.
1688 2479 1706 2509 ι

716 2566 809 2621 llis
837 2567 1082 2620 omnibus
1115 2566 1368 2634 exemplis
1404 2574 1577 2621 motus
1606 2576 1821 2621 sanctus
1850 2568 2174 2638 Augustinus

645 2663 826 2712 censet
847 2655 1082 2709 ebriosos
1105 2661 1159 2708 et
1185 2663 1588 2716 comessatores,
1615 2669 1839 2723 quorum
1872 2663 2015 2707 tanta
2061 2666 2176 2709 erat

646 2740 925 2795 multitudo
946 2778 961 2802 ,
998 2740 1172 2807 potius
1197 2722 1496 2791 tolerandos
1512 2722 1811 2807 essequam
1844 2740 1910 2792 ab
1936 2726 2171 2793 Ecclesia

645 2832 901 2886 arcendos
928 2842 979 2883 et
1004 2845 1188 2898 aspera
1219 2830 1527 2899 poenitentia
1554 2830 1876 2899 plectendos.
1908 2829 1997 2883 Sic
2026 2831 2168 2883 enim

649 2923 878 2990 loquitur
907 2921 958 2973 in
985 2919 1201 2988 epistola
1228 2918 1293 2972 σι
1340 2936 1352 2971 :
1388 2936 1405 2967 ‹
1442 2918 1574 2971 Cum
1596 2918 1737 2971 enim
1763 2917 2044 2984 Apostolus
2070 2918 2173 2968 tria

647 3012 879 3065 l.reviter
904 3018 1093 3078 genera
1132 3008 1377 3061 vitiorum
1402 3005 1719 3059 detestanda
1747 3014 1800 3059 et
1825 3007 2041 3059 vitanda
2069 3022 2175 3059 uno

648 3100 701 3153 in
729 3100 845 3151 loco
871 3096 1135 3164 posuerit,
1165 3096 1228 3149 de
1255 3096 1444 3162 quibus
1486 3094 1944 3149 innumerabilium
1990 3109 2175 3163 pecca-

647 3193 821 3237 torum
856 3184 1089 3251 exsurgit
1133 3197 1299 3251 seges,
1332 3197 1492 3235 uuum
1528 3182 1734 3244 borum,
1770 3181 1909 3250 quod
1939 3182 2170 3234 secundo

645 3275 763 3328 loco
797 3273 997 3342 posuit,
1042 3271 1295 3327 acerrime
1330 3273 1380 3325 in
1429 3271 1663 3325 Ecclesia
1709 3271 2035 3334 vindicatur;
2068 3271 2171 3323 duo

646 3374 822 3419 autem
852 3364 1067 3430 reliqua,
1097 3363 1150 3415 ιι
1172 3363 1494 3430 estprimum
1519 3369 1572 3414 et
1596 3360 1856 3423 ultimum,
1880 3361 2170 3414 tolerabilia

648 3452 893 3506 videntur
923 3448 1252 3512 hominibus;
1280 3438 1436 3517 atque
1461 3449 1532 3501 ita
1554 3448 1804 3516 paulatim
1834 3448 1944 3501 fieri
1974 3460 2168 3516 potest,

650 3540 829 3595 utnec
846 3538 968 3590 vitia
992 3538 1099 3606 jam
1122 3543 1387 3605 putentur.
1412 3536 1499 3589 Ait
1523 3536 1663 3589 enim
1705 3536 1810 3589 Vas
1852 3536 2123 3590 electionis
2155 3555 2167 3589 :

648 3645 747 3684 non
772 3627 825 3680 in
850 3624 1344 3680 commessationibus
1365 3633 1410 3676 et
1438 3623 1762 3676 ebrietatibus
1784 3663 1797 3686 ,
1828 3639 1928 3675 non
1955 3625 2007 3675 in
2033 3624 2172 3676 cubi-

646 3716 777 3771 libus
811 3723 858 3767 et
886 3712 1239 3780 impudicitiis,
1266 3728 1366 3764 non
1408 3711 1460 3762 in
1490 3710 1808 3763 contentione
1836 3719 1884 3762 et
1908 3710 2172 3773 dolo,-sed

649 3802 852 3856 induite
882 3814 976 3854 vos
998 3799 1272 3851 Dominum
1299 3797 1473 3850 letum
1497 3795 1784 3861 Christum,
1818 3806 1864 3848 et
1886 3787 2054 3849 carnis
2083 3812 2171 3848 cu-

649 3905 759 3941 ram
794 3904 856 3941 ne
901 3888 1120 3956 feceritis
1174 3887 1227 3938 in
1281 3885 1741 3953 concupiscentiis.
1800 3885 1998 3938 Horum
2045 3901 2171 3955 ergo

647 3979 827 4041 trium,
855 3975 1042 4030 cubilia
1078 3983 1131 4029 et
1158 3974 1492 4043 impudicitia:
1516 4012 1532 4038 ,
1569 3981 1676 4027 tam
1700 3988 1942 4043 magnum
1969 3975 2169 4028 crimen

647 4072 920 4134 putantur,
944 4070 1003 4116 ut
1035 4075 1191 4115 nemo
1232 4060 1419 4127 dignus
1466 4075 1567 4113 non
1612 4060 1767 4113 modo
1812 4059 2170 4115 ecclesiastico

644 4149 960 4209 ministerio,
995 4148 1087 4201 sed
1114 4147 1225 4215 ipsa
1247 4146 1407 4199 etiam
1454 4154 1901 4223 sacramentorum
1936 4162 2170 4201 commu-

647 4240 802 4291 nione
829 4236 1216 4302 videatur,.qui
1256 4249 1314 4288 se
1338 4234 1439 4287 ist'o
1466 4243 1679 4302 peccato
1714 4236 2072 4289 maculaverit.
2105 4237 2169 4289 Et

649 4335 790 4380 recte
833 4326 1063 4378 omnino.
1127 4324 1231 4377 Sed
1276 4338 1437 4389 quare
1480 4322 1683 4376 solum?
1749 4322 2170 4378 Comessationes

646 4417 786 4470 enim
832 4422 885 4469 et
926 4416 1205 4468 ebrietates
1248 4412 1318 4465 ita
1354 4426 1616 4465 concessa:
1646 4420 1698 4466 et
1719 4412 1872 4466 licitae
1900 4421 2161 4480 putantur,

649 4512 707 4557 ut
734 4506 787 4557 in
813 4504 1063 4557 honorem
1091 4504 1249 4556 etiam
1275 4501 1696 4555 beatissimorum
1725 4511 2034 4570 martyrum,
2062 4517 2163 4555 non

649 4592 814 4646 solum
851 4604 944 4657 per
961 4591 1070 4642 dies
1094 4590 1370 4652 solemnes,
1397 4588 1533 4655 quod
1557 4589 1722 4656 ipsum
1744 4589 2025 4658 lugendum
2049 4592 2166 4658 quis

650 4692 751 4731 non
787 4677 959 4730 videat
986 4677 1075 4743 qui
1122 4678 1229 4729 hate
1255 4692 1355 4728 nou
1386 4676 1559 4730 carnis
1591 4676 1758 4729 oculis
1795 4677 2042 4744 inspicit,
2075 4682 2165 4733 sed

650 4765 807 4817 etiam
831 4763 1062 4832 quotidie
1106 4763 1463 4824 celebrentur,
1513 4772 1615 4818 etc.
1649 4784 1668 4815 ›
1707 4765 1771 4817 Ει
1818 4766 1971 4833 paulo
1994 4778 2117 4835 post
2152 4789 2161 4820 :

646 4846 672 4901 Δι
706 4852 818 4907 Νοιι
845 4867 970 4919 ergo
995 4866 1175 4919 aspere
1199 4892 1213 4915 ,
1242 4860 1492 4920 quantum
1520 4853 1791 4916 existimo,
1822 4869 1926 4907 nou
1946 4854 2164 4916 duriter.

651 4955 752 5003 non
775 4940 929 4993 modo
959 4940 1237 5009 imperioso
1278 4941 1376 4994 ista
1415 4940 1665 4993 tolluntur
1686 4980 1700 5009 ,
1742 4943 1908 5011 magis
1933 4942 2169 4995 docendo

649 5042 805 5094 quam
822 5026 1072 5094 inﬂando,
1112 5032 1276 5095 magis
1297 5028 1552 5082 monendo
1576 5042 1730 5096 quam
1756 5029 2023 5083 minando.
2076 5030 2164 5082 Sic

650 5115 788 5165 enim
839 5111 1094 5180 agendum
1142 5122 1223 5165 est
1256 5127 1377 5165 cum
1411 5106 1739 5169 multitudine
1789 5118 2160 5182 peccantium:

651 5198 902 5251 severitas
956 5204 1126 5249 autem
1172 5198 1464 5251 exercenda
1514 5207 1595 5251 est
1630 5200 1683 5254 in
1709 5209 1925 5269 peccata
1970 5217 2163 5269 pauco—

654 5302 787 5339 rtnn.
821 5304 838 5336 ι
870 5285 1014 5349 Hanc
1060 5293 1215 5339 tanta:
1255 5287 1585 5357 indulgentiae
1636 5290 1908 5354 rationi-in,
1952 5308 2053 5359 qua
2079 5293 2164 5346 hic

650 5381 703 5426 et
730 5373 853 5426 alibi
888 5372 1186 5441 frequenter
1223 5376 1388 5426 utitur
1445 5381 1497 5428 et
1525 5377 1810 5441 prmsertim
1858 5378 1910 5430 in
1934 5378 2067 5431 libro
2101 5396 2158 5433 ιιι

651 5468 832 5515 contra
865 5460 1133 5530 epistolam
1186 5461 1536 5523 Parmeniani,
1592 5464 1702 5529 ipse
1739 5464 2059 5532 Augustinus
2084 5469 2163 5518 di-

651 5564 801 5604 scere
818 5558 1064 5617 potuerat
1084 5553 1148 5603 ab
1166 5550 1468 5605 lnnocentio
1496 5553 1532 5615 l,
1566 5555 1651 5621 qui
1677 5554 1748 5606 ita
1776 5555 1827 5606 in
1854 5557 2068 5624 epistola
2096 5557 2159 5609 ad

651 5637 921 5705 episcopos
948 5637 1278 5697 Macedonia.
1310 5654 1424 5708 cap.
1454 5640 1485 5691 ϐ
1512 5660 1522 5691 :
1574 5660 1590 5689 ι
1642 5642 1916 5697 Pervideat
1942 5660 2064 5713 ergo
2087 5645 2162 5695 di-

653 5721 803 5776 lectio
828 5732 996 5778 vestra
1044 5725 1296 5778 hactenus
1338 5727 1456 5780 talia
1508 5730 1777 5789 transisse,
1805 5739 1857 5782 ct
1910 5730 2163 5786 advertite

2273 2028 2409 2075 sum,
2430 2022 2519 2065 aut
2566 2015 2880 2074 belluonem.
2907 2028 2997 2072 aut
3048 2019 3362 2086 adulterum,
3392 2032 3484 2075 aut
3526 2024 3805 2080 fornicata.

2273 2119 2405 2167 rem,
2436 2111 2526 2156 aut
2548 2113 2828 2172 raptorem,
2857 2115 2943 2159 aut
2972 2121 3281 2176 ganeonem,
3305 2120 3397 2164 aut
3416 2112 3692 2175 latronem,
3717 2125 3805 2167 aut

2275 2193 2621 2246 homicidam?
2646 2194 2709 2246 Et
2755 2193 2893 2261 quod
2918 2196 3160 2250 omnibus
3189 2196 3337 2265 pejus
3383 2209 3481 2262 est,
3511 2216 3671 2269 prope
3698 2202 3805 2255 lucc

2272 2288 2458 2334 cuncta
2486 2282 2599 2334 sine
2628 2280 2728 2335 fme
2751 2322 2763 2343 ,
2819 2292 2921 2338 etc.
2972 2283 3027 2335 In
3056 2284 3189 2345 hanc
3231 2286 3370 2339 enim
3400 2288 3803 2355 probrositatem

2273 2387 2474 2425 morum
2502 2387 2666 2441 prope.
2689 2374 2861 2427 omnis
2886 2368 3133 2427 Ecclesia:
3181 2375 3329 2441 plebs
3355 2378 3567 2430 redacta
3595 2387 3700 2437 est,
3748 2385 3806 2431 ut

2273 2463 2325 2514 in
2352 2468 2541 2514 cuncto
2568 2459 2756 2528 populo
2770 2460 3071 2515 Christiano
3091 2475 3255 2530 genus
3274 2463 3662 2530 quodammodo
3687 2478 3805 2517 san-

2272 2549 2471 2602 ctitatis
2504 2551 2592 2609 sit,
2623 2550 2795 2602 minus
2848 2564 2965 2603 esse
2994 2549 3259 2613 vitiosum,
3283 2559 3385 2604 etc.
3417 2551 3474 2605 lu
3501 2551 3691 2621 templa
3709 2567 3805 2606 au-

2274 2647 2400 2701 tem,
2426 2639 2507 2707 vel
2538 2640 2710 2706 potius
2739 2640 2788 2692 in
2813 2628 3005 2693 altaria
3022 2647 3190 2709 atque
3210 2640 3264 2694 in
3294 2642 3526 2695 sacraria
3558 2642 3807 2713 Dei,pas-

2272 2730 2372 2782 sim
2401 2734 2583 2783 omnes
2612 2729 2807 2783 sordidi
2831 2746 2892 2784 ac
2912 2729 3153 2799 ﬂagitiosi
3193 2731 3305 2784 sine
3339 2731 3443 2784 ulla
3488 2733 3697 2799 penitus
3720 2747 3805 2785 re-

2273 2818 2509 2879 verentia
2550 2818 2686 2871 sacri
2731 2818 2944 2872 honoris
2974 2818 3297 2886 irrumpunt,
3347 2828 3452 2872 etc.
3495 2819 3725 2887 Denique
3760 2819 3803 2872 si

2274 2904 2385 2956 vult
2410 2904 2669 2972 quispiam
2698 2904 2835 2958 scire
2862 2905 2986 2972 quid
3012 2904 3069 2957 in
3091 2904 3286 2972 templo
3314 2904 3611 2974 huiusmodi
3642 2906 3805 2959 homi-

2273 3006 2368 3043 nes
2396 2992 2743 3059 cogitaverim
2768 3032 2783 3054 ,
2831 2993 3005 3045 videat
3050 2992 3171 3060 quid
3212 3001 3479 3060 sequatur.
3538 2992 3804 3062 Siquidem

2272 3080 2647 3132 consummatis
2668 3078 2989 3135 solemnibus
3014 3080 3197 3143 sacris,
3228 3081 3406 3133 statim
3440 3081 3508 3134 ad
3528 3090 3804 3135 consuetu-
3836 3147 3849 3161 O

2272 3167 2474 3219 dinaria
2499 3167 2735 3219 omnium
2780 3167 2951 3220 studia
2985 3168 3287 3221 discurrunt
3312 3207 3328 3227 .
3375 3168 3462 3221 alii
3505 3170 3705 3223 scilicet
3748 3179 3806 3223 ut

2272 3252 2529 3315 furentur,
2559 3253 2644 3305 alii
2675 3261 2733 3305 ut
2768 3252 3109 3317 inebrientur,
3133 3253 3220 3307 alii
3259 3244 3314 3307 ut
3338 3253 3686 3320 fornicentur,
3718 3256 3806 3310 atii

2268 3349 2328 3393 ut
2355 3341 2731 3394 latrocinentur
2755 3359 2767 3393 :
2793 3349 2851 3395 ut
2876 3341 3147 3396 evidenter
3163 3352 3414 3413 appareat
3442 3344 3542 3399 hoc
3568 3360 3662 3399 eos
3691 3360 3807 3401 esse

2270 3429 2565 3490 meditatos,
2594 3429 2717 3481 dum
2744 3428 2879 3481 intra
2906 3428 3155 3497 templum
3180 3437 3334 3494 sunt,
3361 3433 3501 3498 quod
3527 3440 3804 3500 postquam

2268 3516 2466 3585 egressi
2488 3514 2681 3568 fuerint
2705 3524 3079 3583 exsequuntur.
3094 3535 3112 3566 ι
3220 3572 3223 3577 ⁴
3562 3564 3575 3569 ι

2339 3606 2610 3659 Postremo
2637 3602 2828 3658 Iuliani
2864 3605 3113 3670 Pomerii,
3161 3615 3215 3660 et
3263 3606 3531 3662 Anastasii
3588 3607 3803 3663 Siuaitae

2269 3694 2569 3749 testimonia
2590 3693 2878 3761 proferam,
2920 3709 3142 3761 quorum
3171 3695 3373 3763 primus
3393 3711 3513 3750 cum
3540 3697 3612 3750 sit
3659 3697 3801 3751 Lati-

2269 3800 2387 3847 nus,
2418 3784 2552 3839 alter
2580 3798 2704 3837 vero
2729 3783 2963 3845 Grzecus,
2988 3784 3258 3853 utriusque
3304 3784 3551 3839 Ecclesia:
3579 3787 3804 3854 discipli-

2268 3889 2390 3927 nam
2429 3873 2696 3935 referunt;
2724 3880 2777 3924 et
2804 3881 2999 3939 quanta
3027 3872 3184 3925 fuerit
3210 3887 3335 3942 erga
3378 3870 3687 3940 peccatores
3711 3891 3805 3943 pu-

2268 3961 2432 4015 blicos
2464 3959 2708 4013 Ecclesiae
2733 3958 3050 4028 indulgentia
3074 3968 3290 4029 propter
3325 3962 3712 4019 multitudinem
3751 3972 3805 4017 ct

2269 4049 2623 4102 infirmitatem
2647 4049 2974 4117 peccantium
3005 4056 3280 4102 testantur.
3313 4048 3401 4103 Sic
3423 4066 3548 4113 vero
3567 4050 3803 4106 Julianus

2268 4137 2538 4192 Pomerius
2558 4137 2609 4190 in
2631 4137 2722 4191 lib.
2764 4152 2803 4190 ιι
2849 4136 2914 4218 de
2943 4137 3059 4190 Vita
3084 4137 3489 4206 contemplativa
3511 4178 3526 4203 ,
3575 4154 3691 4209 cap.
3719 4140 3752 4193 5
3782 4158 3797 4192 :

2272 4243 2290 4276 ι
2318 4225 2449 4279 ltem
2474 4225 2576 4279 alio
2600 4224 2713 4278 loco
2740 4224 2875 4277 idem
2899 4224 3160 4291 apostolus
3178 4224 3328 4278 dicit:
3359 4225 3464 4279 Vos
3486 4228 3576 4295 qui
3602 4227 3798 4281 firmioo

2266 4329 2353 4368 res
2380 4314 2527 4376 estis,
2562 4312 2945 4367 imbecillitates
2992 4311 3335 4367 infirmiorum
3368 4318 3643 4370 sustinete.
3676 4318 3799 4373 Sus-
3872 4303 3877 4308 ’

2268 4408 2396 4459 tinet
2419 4417 2544 4472 ergo
2582 4393 2945 4471 {equanimitcr
2974 4412 3030 4454 ut
3074 4401 3330 4467 infirmos,
3359 4419 3493 4472 quos
3521 4408 3801 4460 emendare

2267 4512 2371 4550 non
2406 4495 2639 4565 potuerit
2668 4486 2969 4562 castigatos.
3014 4491 3241 4547 Proinde
3266 4495 3389 4562 quia
3415 4510 3513 4548 nec
3561 4496 3797 4566 objugari

2266 4600 2447 4639 omnes
2466 4583 2689 4652 expedit,
2717 4597 2814 4636 nec
2850 4596 3033 4635 omnes
3077 4580 3263 4638 blande
3314 4584 3569 4647 tractari,
3627 4588 3797 4638 sciunt

2266 4672 2430 4752 sapcti
2454 4671 2755 4725 sacerdotes
2774 4670 3247 4739 atquectiscernunt
3265 4686 3397 4740 quos
3421 4673 3648 4726 debeant
3669 4683 3797 4727 tem.
3828 4656 3869 4669 ί

2265 4768 2444 4830 perata
2471 4760 2750 4813 severitate
2774 4759 3061 4827 corripere,
3093 4768 3147 4814 et
3194 4774 3325 4827 quos
3348 4760 3663 4815 sacerdotali
3688 4776 3796 4814 ma-

2264 4834 2604 4917 gnanimitate
2632 4856 2845 4914 portare
2870 4866 2883 4899 :
2913 4855 2967 4900 et
2993 4848 3109 4901 ideo
3133 4847 3365 4900 omnium
3411 4863 3542 4915 quos
3570 4864 3666 4920 per
3704 4848 3792 4902 Dei

2266 4939 2487 5005 gratiam
2501 4950 2623 4990 cura
2633 4944 2707 4998 nt,
2724 4950 2826 4988 non
2840 4933 3093 4989 voluntati
3109 4932 3201 4988 sed
3216 4934 3427 4988 utilitati
3446 4936 3767 5003 prospiciunt

2268 5029 2497 5095 Denique
2519 5028 2648 5080 alios
2672 5026 2918 5080 honorari
2943 5025 3250 5080 deformiter
3269 5025 3580 5088 ambientes,
3604 5028 3794 5095 quibul

2266 5130 2365 5168 non
2390 5115 2635 5181 expedire
2677 5121 2956 5172 noverunt,
2982 5126 3084 5164 non
3111 5111 3237 5176 vitio
3287 5110 3510 5174 alicujus
3546 5111 3749 5167 invidia:
3772 5153 3786 5174 .

2263 5201 2355 5254 sed
2380 5200 2497 5252 alt-e
2523 5198 2810 5265 prudentiae
2838 5197 3055 5259 oonsilio
3100 5186 3539 5263 prmt'ermittuut;
3573 5208 3626 5251 et
3660 5200 3788 5257 alius

2261 5289 2274 5340 Ι
2295 5297 2421 5340 :tere
2444 5287 2713 5355 cupientes
2732 5285 3011 5348 honorant,
3035 5294 3093 5337 ut
3115 5284 3193 5337 eis
3241 5284 3437 5336 aditum
3472 5285 3538 5337 ad
3568 5285 3789 5351 majores

2258 5378 2522 5446 [31‘0st
2540 5373 2796 5443 aperiant.
2827 5372 2930 5425 Eos
2955 5387 3087 5441 quos
3111 5373 3334 5442 probant
3382 5373 3784 5443 increpationern

2260 5482 2412 5534 posse
2459 5466 2587 5533 pati,
2610 5462 2896 5529 castigant;
2948 5469 3001 5514 et
3034 5448 3367 5528 impatientes
3410 5460 3780 5530 obiurgationis

2262 5563 2317 5605 ut
2339 5552 2611 5620 languidos
2631 5551 2881 5618 palpant:
2912 5565 3014 5607 non
3042 5549 3122 5603 eis
3167 5549 3427 5603 adulando
3466 5542 3611 5619 quod
3660 5550 3782 5605 tales

2261 5650 2399 5699 sunt,
2422 5641 2512 5692 sed
2548 5639 2936 5691 infirmitatibus
2965 5637 3145 5691 talium
3178 5638 3559 5706 compaticudo,
3582 5638 3629 5693 si
3654 5636 3803 5711 forte

2261 5730 2411 5781 aliter
2436 5729 2609 5780 sanari
2652 5743 2751 5779 non
2785 5736 3018 5795 possunt.
3050 5748 3068 5779 ι
