3974 6472
626 475 757 527 129.5

661 499 760 528 22¢)

1178 470 1517 526 THEODORI
1561 469 1874 525 ARCIIIEP.
1917 460 2262 522 CANTUAR.
2304 460 2641 517 DOCTRINA
2676 459 2765 514 DE
2800 455 3241 514 POENITEXTIA

3707 456 3854 511 {22‘

624 597 677 638 t'l
706 593 1111 653 quantacunque
1149 583 1390 649 sint,per
1416 580 1780 648 eleemosynas
1802 577 1996 632 dimitti
2025 588 2180 644 posse
2211 575 2251 628 Α
2282 572 2355 623 cit
2403 571 2546 624 enim
2596 570 2866 627 Salvator;
2903 569 3261 623 Verumtamen
3294 567 3415 621 date
3442 566 3856 636 elccmosynam,

626 683 864 741 peccata,
887 669 1178 722 orationem
1222 683 1380 736 quam
1427 667 1607 719 docuit
1636 666 1748 732 ipse
1779 664 2062 726 Dominus,
2124 669 2179 715 et

626 759 1041 828 suifragatricem
1071 756 1171 810 sibi
1198 756 1452 809 adbibere
1476 762 1733 807 conantur
1752 763 1804 807 et
1841 761 2174 815 testem,etc.

624 848 1022 917 Qualiacunque
1048 860 1173 912 ergo
1205 844 1286 897 vel
1333 852 1745 912 quantacunque
1808 844 1938 905 sint,
1967 841 2179 895 etiamsi

610 937 861 1007 quotidie
887 943 1282 1004 perpetrantur,
1311 949 1409 987 nec
1454 934 1520 987 ab
1556 934 1635 987 eis
1678 934 1785 986 vita
1830 931 2068 986 discedat
2126 932 2179 985 in

608 1012 817 1080 .tnelius
846 1032 1189 1085 commutata,
1220 1038 1313 1089 per
1353 1022 1740 1092 eleemosynam
1772 1021 1922 1074 venia
1959 1036 2065 1074 non
2093 1036 2181 1074 ne-

626 1126 749 1184 gata
775 1115 969 1168 remitti
1020 1114 1119 1167 sibi
1154 1128 1311 1180 posse
1344 1120 1686 1179 przesumunt.
1725 1110 1829 1165 Sed
1857 1113 2011 1173 bene,
2039 1111 2181 1179 quod

629 1206 716 1259 isti
769 1205 961 1267 dignas,
999 1218 1096 1270 pro
1152 1202 1383 1269 peccatis
1430 1209 1768 1254 commonent
1818 1201 2183 1270 eleemosynas

625 1310 745 1349 esse
775 1292 1058 1354 faciendas,
1114 1289 1454 1358 quoniam.si
1497 1290 1735 1343 dicerent
1789 1289 2183 1356 qualescunque

625 1385 986 1452 i-leeniosynas
1016 1395 1109 1448 pro
1132 1379 1363 1449 peccatis
1384 1387 1440 1432 et
1483 1377 1826 1445 quotidianis,
1856 1385 1910 1431 et
1952 1378 2181 1447 magnis,

626 1484 676 1528 et
708 1480 1115 1542 quantacunque
1150 1469 1410 1523 scelerum
1449 1467 1834 1521 consuetudine
1885 1467 2184 1520 miscricor—
2222 1506 2227 1509 μ

626 1566 768 1620 diam
806 1578 960 1633 posse
996 1560 1284 1629 impetrare
1315 1558 1567 1622 divinam,
1590 1566 1648 1611 ut
1678 1573 1739 1611 ea
1773 1558 2077 1626 quotidiana
2102 1572 2185 1610 re-

627 1654 809 1707 missio
830 1658 1158 1719 sequeretur,
1186 1648 1426 1702 viderent
1452 1661 1566 1701 rcm
1605 1661 1664 1701 se
1695 1647 1871 1701 dicere
1896 1646 2183 1721 absurdam
2212 1690 2215 1691 ν

624 1749 785 1809 atque
836 1737 1128 1792 ridiculam.
1162 1734 1269 1789 'Sic
1312 1736 1451 1789 enim
1480 1722 1798 1804 cogerentur
1854 1733 2007 1787 fateri
2068 1732 2184 1786 fieri

626 1845 801 1903 posse,
817 1838 872 1882 ut
898 1826 1328 1897 opulentissimus
1354 1825 1515 1877 homo
1529 1824 1713 1877 decem
1728 1822 2016 1877 nummulis
2042 1822 2127 1875 diu
2136 1837 2186 1874 r-

627 1920 711 1973 nis
732 1888 798 1971 in‘
823 1918 1183 1985 cleemosynas
1214 1914 1468 1982 impensis
1498 1913 1805 1977 homicidia,
1824 1921 1880 1965 et
1901 1911 2184 1974 adulteria,
2221 1888 2263 1945 Β

629 2017 686 2063 et
713 1996 911 2061 nefaria
934 2018 1156 2073 qumque
1187 2001 1322 2056 facta
1351 2003 1656 2069 redimeret,
1687 2010 1792 2056 etc.
1835 2002 2059 2070 Propter
2088 2002 2189 2055 hoc

628 2111 756 2165 ergo
784 2094 1128 2163 eleemosynaa
1141 2091 1402 2145 facienda:
1428 2101 1566 2151 sunt,
1592 2098 1651 2143 ut
1676 2106 1797 2145 cum
1818 2090 1884 2144 de
1906 2090 2189 2159 praeteritis

629 2185 862 2258 peccatis
886 2184 1248 2252 deprecamur,
1281 2180 1647 2244 exaudiamur,
1680 2195 1785 2234 non
1809 2188 1867 2232 ut
1893 2181 1945 2233 in
1974 2180 2052 2234 eis
2077 2195 2189 2249 per-

635 2283 963 2339 severantes,
981 2275 1247 2329 licentiam
1262 2271 1626 2326 malefaciendi
1641 2287 1737 2326 nos
1748 2286 1842 2340 per
1852 2271 2189 2341 eleemoynas

642 2381 956 2436 comparare
989 2366 1289 2418 credamus.
1327 2383 1345 2413 ι

705 2478 964 2533 Caesarius
1002 2476 1346 2541 Arelatensis,
1390 2477 1443 2529 in
1477 2476 1694 2530 bomilia
1724 2477 1845 2532 l7.t
1882 2477 2187 2546 Eleemosy-

635 2586 733 2624 nas
783 2570 954 2624 dando
988 2568 1213 2622 alienam
1251 2582 1465 2621 carnem
1514 2567 1799 2635 pascimus,
1858 2574 1913 2620 et
1964 2566 2187 2619 crimina

633 2656 1012 2711 committendo
1056 2666 1296 2710 nostram
1334 2656 1565 2709 animam
1602 2654 1927 2724 jngulamus.
1951 2655 2181 2717 Erideo,

633 2748 773 2804 sicut
806 2746 1114 2814 frequenter
1140 2732 1415 2809 admonui,
1441 2746 1518 2799 sic
1547 2760 1642 2814 pro
1686 2745 1976 2813 majoribus
2002 2759 2190 2813 pecca-

636 2836 707 2893 tis
727 2822 1090 2906 cleemosynas
1116 2836 1321 2899 demus,
1352 2842 1411 2888 ut
1433 2851 1702 2904 nunquam
1729 2836 1792 2889 ad
1826 2836 1936 2904 ipsa
1962 2835 2188 2890 crimina

638 2926 934 2982 redeimus.
974 2946 992 2977 ι
1533 2972 1541 2980 .
2072 2927 2092 2952 ⁶

708 3039 909 3115 Elgins
967 3038 1369 3101 Noviomensis,
1411 3039 1463 3091 in
1504 3038 1719 3091 bomilia
1755 3038 1787 3092 8
1820 3055 1831 3089 :
1873 3056 1889 3086 ι
1928 3037 2021 3091 Ille
2063 3053 2191 3093 vero

643 3130 733 3198 qui
762 3143 920 3198 supra
957 3120 1097 3181 diota
1142 3127 1279 3180 mala
1311 3127 1361 3180 in
1397 3127 1555 3181 corde
1596 3135 1790 3190 servat,
1819 3136 1872 3181 et
1917 3125 2087 3181 credit
2133 3139 2191 3181 se

641 3220 806 3276 multa
854 3218 1202 3287 eleemosynis
1253 3227 1469 3286 peccata
1516 3226 1611 3270 sua
1653 3232 1809 3287 posse
1867 3217 2127 3271 redimere
2170 3222 2257 3281 ις

640 3302 915 3363 audiamus
945 3307 1009 3359 de
1054 3322 1117 3361 eo
1160 3306 1440 3359 Dominum
1471 3306 1522 3357 in
1547 3306 1837 3391 Ev'angelio
1877 3305 2141 3358 dicentem
2172 3324 2183 3357 :

642 3395 703 3451 Si
749 3396 901 3463 θίγεν-δ
947 3412 1134 3447 munus
1179 3406 1324 3446 tuum
1375 3394 1441 3445 ad
1486 3394 1666 3454 altare,
1716 3404 1762 3447 et
1794 3394 1861 3446 ibi
1892 3395 2191 3447 recordatus

640 3486 803 3555 fueris
848 3485 969 3553 quia
1001 3482 1162 3552 frater
1206 3492 1322 3535 tuus
1375 3482 1523 3535 habet
1555 3482 1751 3552 aliquid
1798 3483 2068 3536 adversum
2122 3493 2187 3545 te,

641 3575 869 3643 relinque
912 3573 987 3651 ibi
1026 3589 1211 3625 munus
1255 3581 1398 3624 tuum
1437 3581 1555 3625 ante
1586 3572 1771 3636 altare,
1819 3581 1864 3625 et
1896 3573 2021 3626 vade
2047 3574 2190 3642 prius

641 3663 962 3716 reconciliari
1006 3662 1157 3730 fratri
1185 3670 1294 3724 tuo,
1325 3670 1369 3713 et
1401 3669 1522 3713 tunc
1557 3662 1757 3714 veniens
1788 3662 1969 3729 offeres
2006 3678 2190 3715 munus

642 3760 807 3806 tuum.
848 3768 865 3801 ι
912 3748 1184 3802 Sententia
1233 3749 1334 3802 ista
1364 3749 1638 3802 evidenter
1682 3749 1915 3802 ostendit
1940 3750 2079 3817 quod
2108 3766 2195 3821 sa:

637 3840 896 3895 crificium
934 3837 1125 3892 offerre
1154 3837 1234 3891 vel
1259 3837 1623 3908 eleemosynas
1647 3837 1823 3892 facere
1845 3838 1975 3891 nihil
2002 3839 2193 3907 prode-

639 3928 712 3982 rit
739 3928 837 3980 nisi
859 3927 1007 3995 prius
1028 3927 1387 3979 reconciliatio
1409 3928 1742 3995 praecesserit
1770 3927 1990 3980 inimici.
2013 3928 2193 3995 Itaque

637 4015 825 4073 Patres
848 4016 937 4084 qui
977 4024 1214 4084 tempora
1245 4030 1274 4069 a
1301 4013 1349 4068 J.
1379 4015 1583 4070 Morino
1602 4017 1862 4085 przetinita
1897 4032 2189 4087 praecesseo

638 4113 784 4170 runt,
826 4106 1046 4159 abusum
1073 4105 1518 4172 .redemptionum
1582 4105 2016 4172 ptenitentiarum
2043 4108 2193 4161 dam-

644 4203 861 4251 narunt.

710 4305 860 4359 Nunc
889 4319 1015 4358 vero
1039 4305 1081 4358 si
1115 4303 1503 4373 redemptiones
1532 4305 1985 4373 ptenitentiarum,
2008 4308 2194 4375 quales

641 4400 891 4468 leguntur
941 4398 1038 4450 sub
1083 4396 1295 4449 nomine
1331 4395 1596 4450 Theodori
1635 4404 1689 4449 et
1738 4396 1789 4448 in
1838 4397 2194 4451 Pmnitentiali

645 4488 901 4549 Romano,
940 4487 1269 4554 accipiantur
1296 4486 1433 4539 sicut
1461 4486 1630 4555 accipi
1684 4486 1876 4539 debent
1919 4503 2015 4555 pro
2043 4504 2192 4542 com-

645 4576 1023 4630 mutationibus
1073 4575 1424 4642 quorumdam
1464 4576 1894 4642 ptenitentiarum
1940 4591 2192 4643 generum
2227 4554 2273 4613 ί)

646 4670 699 4722 in
729 4666 968 4737 quaedam
1011 4666 1113 4719 alia
1166 4664 1421 4728 faciliora,
1475 4681 1664 4734 nempe
1696 4667 1988 4735 perfectam
2018 4670 2195 4722 cordis

648 4756 1069 4817 conversionem,
1134 4753 1521 4824 ele‘emosynas,
1583 4758 1898 4819 orationem,
1963 4766 2089 4822 etc.,
2144 4767 2197 4812 ct

648 4844 861 4915 quidem
883 4851 1096 4912 propter
1122 4844 1453 4897 necessitatis
1476 4859 1656 4898 casum
1686 4863 1699 4901 :
1725 4847 1837 4900 bzec
1861 4847 2197 4915 paenitentia-

648 4949 766 4989 rum
791 4947 986 5005 genera
1007 4932 1376 5000 antiquissima
1396 4945 1536 4997 esse,
1562 4940 1616 4987 et
1642 4949 1766 4988 vera
1795 4950 1912 5003 qua:
1935 4934 2198 5004 in'Scrip—

648 5023 787 5077 turis
814 5022 1012 5075 sanctis
1050 5022 1245 5090 ubique
1274 5020 1629 5086 celebrantur,
1657 5030 1813 5090 atque
1835 5024 2058 5094 proinde
2079 5040 2197 5080 esse

652 5111 917 5182 pracipua
957 5118 1010 5163 et
1056 5110 1450 5178 praestantiora,
1491 5110 1686 5179 quibus
1723 5121 1938 5179 peccata
1989 5112 2199 5169 facilius

657 5200 1029 5262 remittantur,
1072 5197 1151 5251 sic
1196 5196 1627 5253 manifestissime
1673 5198 1947 5254 declarant
1992 5202 2195 5271 antiqui

653 5290 860 5345 Patres.

726 5398 981 5469 Origenes
1012 5399 1064 5452 in
1110 5398 1327 5452 homilia
1362 5398 1396 5451 2
1438 5412 1598 5468 super
1625 5398 1915 5456 Levitieum
1944 5418 1957 5454 :
1995 5419 2013 5451 ι
2063 5401 2197 5455 Audi

658 5504 799 5543 nunc
836 5496 1046 5557 quantae
1084 5488 1191 5541 sint
1222 5488 1562 5543 remissiones
1585 5498 1926 5559 peccatorum
1946 5492 1997 5545 in
2028 5491 2201 5545 Evan-

659 5578 835 5648 geliis.
873 5576 968 5631 Est
995 5576 1093 5631 ista
1122 5577 1316 5645 prima,
1340 5591 1449 5647 qua
1474 5579 1811 5648 baptizamur
1843 5579 1898 5633 in
1925 5582 2201 5643 remissio-

660 5681 780 5720 nem
806 5674 1166 5737 peccatorum.
1205 5664 1448 5721 Secunda
1476 5669 1720 5724 remissio
1757 5677 1840 5724 est
1881 5669 1932 5724 in
1955 5672 2203 5741 passione

667 5754 921 5825 martyrii.
952 5754 1127 5809 Tertia
1169 5762 1249 5809 est
1275 5769 1393 5827 qua}
1419 5770 1515 5825 pro
1550 5756 1883 5829 eieemosyna
1912 5758 2083 5813 datur.
2113 5758 2203 5813 Di-

2287 670 2334 713 ct
2370 675 2484 725 ecce
2526 660 2701 711 omnia
2741 658 2936 711 munda
2979 666 3097 712 sunt
3143 656 3302 711 vobis.
3351 656 3554 721 Quarta
3591 656 3752 709 nobis
3798 658 3863 708 lit

2288 746 2531 799 remissio
2565 755 2904 815 peccatorum
2932 761 3029 815 per
3079 748 3182 799 hoc
3208 744 3349 813 quod
3387 752 3443 799 et
3478 759 3577 799 nos
3622 746 3861 798 remitti-

2289 853 2406 891 mus
2431 846 2648 906 peccata
2678 836 2936 890 fratribus
2977 836 3197 889 nostris.
3244 833 3336 890 Sic
3372 835 3516 889 enim
3556 834 3691 889 dicit
3734 836 3859 904 ipse

2289 927 2544 982 Dominus
2562 936 2613 981 et
2633 912 2881 980 Salvator
2904 934 3100 987 noster,
3110 924 3234 995 quia
3251 924 3296 978 si
3323 924 3634 978 dimiseritis
3658 920 3855 975 fratri-
3912 974 3915 979 ,

2287 1016 2388 1069 bus
2419 1016 2613 1069 vestris
2642 1027 2708 1066 ex
2740 1011 2900 1066 corde
2940 1019 3158 1081 peccata
3194 1011 3450 1079 ipsorum,
3477 1018 3532 1061 et
3586 1009 3744 1063 vobis
3766 1022 3853 1062 re—

2292 1105 2466 1157 mittet
2524 1102 2685 1156 Pater
2726 1110 2903 1155 vester
2930 1108 3153 1171 peccata
3207 1106 3405 1152 vestra.
3437 1097 3590 1164 Quod
3644 1098 3694 1152 si
3742 1114 3853 1153 non

2289 1194 2605 1248 remiseritis
2628 1192 2886 1246 fratribus
2907 1190 3103 1245 vestris
3127 1204 3194 1243 ex
3220 1186 3403 1251 corde,
3445 1203 3544 1242 nec
3566 1189 3728 1243 vobis
3758 1202 3855 1243 re—

2288 1284 2466 1338 mittet
2488 1284 2647 1337 Pater
2670 1291 2847 1336 vester
2884 1298 2896 1333 :
2926 1289 2981 1334 et
2998 1280 3139 1335 sicut
3173 1280 3228 1357 in
3263 1280 3505 1334 oratione
3537 1293 3635 1333 nos
3665 1279 3854 1333 dicere

2289 1372 2467 1427 docuit
2494 1389 2506 1423 :
2533 1372 2763 1425 Remitte
2788 1369 2931 1423 nobis
2973 1369 3145 1422 debita
3169 1378 3365 1431 nostra,
3391 1371 3526 1423 sicut
3554 1377 3603 1422 et
3630 1385 3725 1422 nos
3772 1385 3853 1421 re-

2288 1461 2537 1513 mittimus
2564 1450 3115 1512 debitoribus'nostris.
3146 1456 3340 1525 Quinta
3385 1464 3733 1528 peccatorum
3761 1471 3852 1510 re-

2290 1552 2471 1605 missio
2482 1559 2583 1614 est,
2599 1566 2717 1605 cum
2734 1550 3190 1618 converteritquis
3212 1557 3554 1618 peccatorum
3580 1549 3649 1602 ab
3662 1562 3854 1602 errore

2290 1642 2389 1695 via:
2415 1657 2542 1696 sum.
2590 1640 2666 1695 ita
2694 1641 2837 1694 enim
2872 1640 3002 1695 dicit
3046 1639 3324 1708 Scriptura
3365 1640 3566 1704 divina,
3609 1640 3736 1707 quia
3760 1638 3853 1709 qui

2290 1733 2512 1786 converti
2540 1732 2715 1800 fecerit
2757 1720 3073 1801 precatorem
3098 1730 3162 1783 ab
3189 1744 3363 1782 errore
3390 1730 3484 1783 rite
3509 1745 3641 1794 sunt,
3676 1730 3852 1784 salvat

2292 1825 2521 1876 animam
2546 1823 2659 1891 ejus
2702 1839 2734 1874 a
2771 1828 2953 1886 morte,
2979 1830 3027 1873 et
3054 1820 3293 1890 cooperit
3322 1818 3709 1875 multitudinem
3736 1837 3859 1888 pec-

2291 1925 2542 1967 (tutorum.
2575 1911 2735 1967 Sexta
2755 1926 2968 1981 quoque
2987 1910 3047 1965 iit
3067 1910 3313 1966 remissio
3337 1926 3435 1979 per
3461 1909 3851 1965 abundantiam

2289 2004 2586 2068 charitatis,
2627 2004 2767 2058 sicut
2792 2010 2847 2057 et
2871 2004 2985 2072 ipse
3026 2001 3284 2056 Dominus
3323 2003 3471 2056 dicit.
3512 2002 3683 2056 Amen
3728 2003 3851 2056 dico

2289 2096 2400 2159 tibi,
2454 2097 2784 2147 remittuntur
2814 2094 2862 2147 ei
2906 2102 3115 2151 peccata
3150 2090 3339 2155 multa,
3377 2092 3623 2161 quoniam
3663 2092 3853 2145 diluit

2288 2182 2529 2246 multum;
2549 2194 2603 2240 ct
2627 2184 2894 2254 apostolus
2915 2183 3063 2248 dicit,
3087 2183 3341 2253 quoniam
3362 2182 3591 2237 charitas
3621 2185 3853 2253 cooperit

2288 2274 2669 2326 multitudinem
2696 2284 3042 2343 peccatorum.
3070 2273 3162 2327 Est
3187 2273 3359 2327 adhuc
3378 2280 3431 2326 et
3459 2273 3684 2345 Septima
3721 2272 3853 2326 licet

2290 2364 2418 2415 dura
2444 2370 2499 2416 et
2526 2362 2811 2426 laboriosa,
2837 2378 2933 2431 per
2957 2363 3327 2431 paenitentiam
3369 2361 3613 2416 remissio
3652 2377 3851 2430 pecca-

2291 2461 2483 2515 torum,
2543 2468 2663 2507 cum
2710 2452 2849 2505 lavat
2901 2460 3151 2521 peccator
3196 2452 3257 2506 in
3308 2452 3559 2521 lacrymis
3621 2460 3851 2507 stratum

2289 2558 2463 2596 suum.
2497 2563 2514 2594 ι
2541 2541 2647 2596 Sed
2671 2543 2770 2596 ista
2797 2542 2976 2596 omnia
3006 2542 3202 2610 requiri
3235 2541 3414 2597 forsan
3443 2541 3573 2595 dicit
3609 2541 3808 2610 aliquis
3834 2559 3849 2595 :

2293 2642 2348 2686 at
2374 2633 2462 2702 qui
2513 2635 2613 2686 hoc
2640 2633 2841 2699 obiicit,
2867 2632 3046 2686 audiat
3075 2630 3334 2687 Joannem
3379 2631 3848 2701 Chrysostomum.

2356 2723 2588 2779 Joannes
2615 2722 3135 2795 Clirysostomuan
3169 2722 3386 2777 liomilia
3409 2723 3500 2791 qui
3530 2723 3854 2777 inscribitur

2289 2830 2449 2877 nona,
2485 2815 2549 2869 de
2578 2813 2893 2881 poenitentia
2923 2827 2936 2866 :
2972 2832 2987 2862 ι
3020 2811 3282 2878 Quidnam
3312 2810 3364 2864 id
3407 2800 3527 2865 est?
3577 2811 3645 2865 de
3668 2812 3849 2881 poeni—

2291 2904 2456 2959 tentia
2476 2918 2773 2957 sermonem
2795 2904 3119 2956 instituimus
3146 2918 3207 2956 ac
3233 2902 3482 2965 diximus,
3501 2902 3643 2970 quod
3666 2901 3850 2955 multa:

2291 2993 2557 3060 varizeque
2594 3000 2717 3046 sunt
2746 2992 3077 3059 pmnitentim
3103 2992 3222 3053 vim,
3262 2991 3456 3059 quibus
3481 2989 3655 3045 facilis
3693 2991 3851 3045 nobis

2293 3081 2438 3136 salus
2472 3082 2583 3135 fiat.
2608 3080 2739 3134 Nam
2771 3082 2816 3135 si
2856 3097 3015 3135 unam
3041 3081 3194 3135 nobis
3216 3080 3441 3136 dedisset
3453 3080 3851 3149 .repulissemns

2292 3186 2410 3224 eam
2440 3172 2642 3239 utique,
2674 3171 2912 3225 dicentes
2953 3170 3287 3241 :Anequiuius
3316 3171 3453 3224 hanc
3484 3170 3713 3239 ingredi,
3744 3171 3853 3225 sal-

2291 3260 2404 3312 vari
2452 3260 2749 3327 nequimus.
2786 3258 2938 3312 Nunc
2978 3260 3150 3327 ipsum
3194 3260 3330 3313 hanc
3375 3267 3519 3313 tuam
3565 3268 3819 3329 amputat-

2289 3348 2665 3416 objectionem,
2696 3366 2798 3404 non
2845 3365 3005 3404 unam
3052 3351 3169 3413 tibi,
3200 3365 3374 3419 neque
3408 3350 3720 3416 secundam,
3752 3367 3813 3406 nt

2290 3456 2392 3509 que
2416 3440 2651 3504 tertiam,
2682 3440 2770 3494 sed
2810 3440 2985 3508 plures
3016 3455 3079 3493 ac
3105 3441 3346 3495 diversas
3379 3439 3544 3502 dedit,
3577 3455 3686 3508 quo
3711 3442 3842 3494 mul-

2293 3529 2518 3584 titudine
2550 3530 2641 3582 tibi
2671 3529 2735 3582 ad
2763 3528 2954 3582 omium
2996 3514 3166 3584 facilis
3196 3543 3451 3583 ascensus
3471 3527 3582 3582 fiat.
3606 3529 3674 3583 Et
3700 3530 3850 3584 dieeo

2292 3622 2481 3674 bamus
2504 3618 2713 3672 facilem
2740 3630 2857 3673 esse
2881 3618 3270 3688 paenitentiam,
3294 3634 3467 3688 neque
3487 3634 3625 3674 onus
3654 3618 3709 3673 in
3737 3634 3801 3673 ea
3833 3637 3846 3671 :

2291 3717 2541 3778 peccator
2579 3722 2659 3772 cs,
2692 3708 2984 3762 Ecclesiam
3024 3707 3334 3777 ingredere;
3368 3708 3455 3762 dic
3504 3707 3748 3772 Peccavi,
3796 3717 3855 3764 et

2292 3797 2495 3851 solvisti
2521 3806 2819 3865 peccatum.
2845 3797 3197 3855 Produximus
3223 3806 3533 3866 peccaan
3577 3797 3762 3863 David,
3796 3806 3852 3853 et

2294 3887 2589 3941 solventem
2644 3895 2939 3955 peccatum.
2989 3886 3124 3942 iiinc
3179 3888 3467 3944 secundam
3526 3888 3855 3956 subiecimus

2297 3976 2464 4038 viam,
2508 3988 2667 4042 super
2710 3983 2986 4041 precatum
3034 3974 3162 4029 flere
3200 3984 3255 4030 et
3286 3976 3559 4031 diximus:
3589 3977 3849 4041 Quisnam

2299 4062 2387 4116 hic
2428 4062 2578 4115 labor
2606 4076 2620 4114 :
2648 4078 2752 4116 non
2783 4062 3061 4131 pecuniam
3089 4077 3224 4137 opus
3255 4061 3548 4129 effundere,
3584 4078 3691 4119 non
3735 4064 3852 4120 lon-

2295 4166 2388 4221 gas
2411 4152 2488 4204 ire
2511 4153 2644 4212 vias,
2681 4166 2779 4204 nec
2804 4152 2908 4205 tale
2935 4151 3061 4221 quid
3086 4151 3284 4216 dicere,
3307 4153 3400 4208 sed
3420 4163 3701 4223 peccatum
3724 4153 3852 4210 ﬂere

2294 4245 2571 4297 duntaxat.
2624 4242 2737 4296 lloc
2789 4246 2854 4296 de
2897 4243 3172 4312 Scriptura
3236 4243 3559 4307 indusimus,
3607 4245 3750 4313 quod
3797 4247 3852 4300 in

2297 4333 2481 4387 Achab
2526 4334 2666 4387 Deus
2712 4332 2992 4386 consilium
3041 4334 3289 4399 mutarit;
3323 4348 3388 4387 eo
3435 4334 3578 4403 quod
3623 4333 3850 4399 ﬂeverit,

2297 4423 2436 4492 quod
2487 4430 2710 4477 moestus
2756 4421 2935 4501 fuerit,
2978 4431 3256 4492 peccatum
3307 4423 3654 4492 ipsidimisit,
3694 4433 3853 4496 atque

2298 4517 2400 4569 hoc
2428 4515 2541 4583 ipse
2580 4513 2788 4595 dicebat
2820 4511 2983 4567 Heliae
3008 4531 3020 4565 :
3044 4512 3240 4587 ~Vidisti
3269 4522 3328 4567 ut
3365 4514 3644 4569 incesserit
3668 4515 3850 4571 Achab

2297 4618 2476 4657 coram
2504 4615 2588 4654 me
2610 4599 2759 4661 tiens,
2782 4600 3259 4654 ctcontristatus:
3292 4614 3393 4655 non
3428 4600 3619 4655 faciam
3660 4618 3851 4658 secun-

2296 4693 2421 4745 dum
2450 4690 2582 4743 iram
2621 4703 2814 4743 meam.
2848 4688 2985 4743 Hinc
3010 4689 3222 4743 tertiam
3260 4689 3501 4745 dedimus
3526 4691 3849 4761 paenitentia:

2298 4781 2459 4843 viam,
2488 4794 2551 4834 ac
2593 4779 2658 4834 de
2694 4778 2972 4850 Scriptura
2996 4778 3326 4836 Pbarisaaum
3373 4783 3624 4838 duximus
3657 4785 3711 4838 in
3736 4800 3847 4839 me-

2297 4870 2469 4933 dium,
2503 4869 2660 4923 simul
2684 4878 2737 4924 et
2752 4870 3094 4941 pub'icanum
3118 4888 3132 4923 :
3153 4871 3296 4941 quod
3316 4870 3619 4927 Pharisaaus
3639 4873 3847 4941 quidem

2299 4954 2527 5029 superbe
2552 4961 2742 5026 elatus,
2771 4977 2801 5016 a
2830 4960 3039 5029 iustitia
3059 4961 3290 5027 excidit;
3333 4961 3650 5033 publicanus
3676 4961 3847 5018 humi-

2296 5046 2434 5103 libus
2477 5050 2835 5115 consentiens,
2874 5048 3105 5106 l'ructum
3131 5049 3355 5120 iustitiae
3392 5040 3846 5121 suscepit,neque

2296 5138 2403 5194 ullo
2427 5141 2526 5194 sub
2551 5140 2731 5196 labore
2767 5156 2987 5211 pressus
3004 5125 3331 5209 justifieatds
3354 5150 3469 5207 est;
3489 5143 3655 5198 verba
3684 5144 3842 5205 dedit.

2298 5243 2384 5282 res
2404 5230 2627 5298 accepit.
2649 5229 2762 5299 Age
2784 5244 2913 5299 ergo
2939 5236 3170 5298 coeptum
3201 5245 3508 5301 sequamur,
3528 5241 3582 5289 et
3603 5244 3843 5303 quartam

2296 5318 2626 5387 proferamus
2659 5320 2819 5372 viam.
2868 5319 2936 5373 Et
2968 5335 3212 5390 quaenam
3248 5336 3310 5376 ea
3343 5324 3460 5378 est?
3492 5323 3839 5393 eleemosyna,

2298 5409 2481 5479 regina
2528 5409 2616 5462 illa
2643 5409 2919 5474 virtutum,
2946 5409 3192 5466 homines
3217 5412 3496 5483 celerrime
3518 5412 3756 5481 ipsorum
3788 5412 3839 5465 in

2296 5497 2556 5553 cmlorum
2595 5512 2722 5552 axes
2750 5499 2998 5564 adducit,
3040 5499 3293 5567 advocati
3336 5501 3524 5570 optimi
3572 5499 3691 5557 loco
3730 5499 3839 5581 fun-

2299 5602 2447 5656 gens.
2479 5606 2496 5639 ι
2528 5587 2595 5642 Et
2624 5587 2782 5656 paulo
2827 5586 2966 5642 infra
2992 5606 3006 5643 :
3043 5606 3062 5638 ι
3094 5586 3384 5657 Propterea
3411 5596 3467 5644 et
3516 5590 3709 5645 multas
3734 5589 3835 5643 vias

2300 5674 2431 5729 alias
2470 5674 2797 5745 paenitentia:
2825 5677 3065 5732 diversas
3096 5674 3266 5739 dedit,
3304 5692 3410 5748 quo
3439 5676 3594 5733 nobis
3636 5688 3830 5732 omnem

2302 5763 2516 5818 desidiae
2554 5762 2887 5820 occasionem
2929 5771 3184 5835 amputet.
3213 5763 3344 5820 Nam
3370 5767 3417 5821 si
3441 5782 3601 5821 unam
3628 5767 3834 5822 δίδοι-ε·
