3974 6412
240 492 379 548 1295

1064 495 1149 547 ΑΒ
1186 495 1349 550 OMNl
1381 494 1734 549 NOVl’l‘ATlS
1774 490 2165 547 SUSPlClONl-J
2203 490 2570 576 VINDICATA.

3258 497 3387 551 i228

236 620 358 662 mus
376 604 561 665 solam,
586 605 686 657 hac
704 605 894 657 vadere
918 605 1269 672 nequiremus,
1304 618 1605 658 mucronem
1623 606 1763 656 hunc
1790 606 1830 659 Α
1860 601 2039 655 omnia
2054 610 2268 668 peccata
2292 614 2426 654 mea.
2452 600 2819 668 Pracipueque
2844 616 2939 668 per
2956 602 3391 659 emendationem

236 692 479 745 diabolus
528 704 736 759 semper
782 689 931 759 fugit.
984 692 1244 753 Peccasti,
1277 690 1552 744 ecclesiam
1592 691 1768 756 ingre—

236 778 390 841 dere,
428 786 585 844 atque
629 786 776 830 tuum
800 778 915 831 dele
953 787 1244 847 peccatum.
1272 777 1487 843 Quoties
1514 779 1770 830 cecideris

239 866 293 918 in
320 864 450 928 foro,
477 866 634 918 toties
671 866 943 932 exsurgis;
969 867 1045 918 sic
1068 867 1276 947 quoties
1299 866 1621 933 peccaveris,
1648 880 1770 931 pec-

196 954 344 1026 _rati
398 954 673 1022 paeniteat,
722 968 889 1020 neque
935 954 1198 1022 desperes.
1226 950 1229 955 “
1262 955 1491 1007 Tametsi
1542 952 1770 1005 secundo

239 1040 561 1109 peccaveris,
610 1040 839 1095 secundo
884 1042 1157 1107 pmniteat,
1208 1056 1379 1112 neque
1425 1041 1600 1092 animo
1646 1054 1772 1091 con-

240 1125 562 1180 sternatus‘b
589 1141 681 1197 spe
720 1127 1063 1194 repositorum
1090 1128 1349 1180 bonorum
1375 1127 1552 1180 cadas.
1578 1126 1773 1190 Quam-

238 1214 325 1267 vis
350 1214 404 1267 in
440 1224 677 1268 extrema
709 1215 899 1268 canitie
942 1215 1260 1282 peccaveris,
1285 1214 1576 1281 ingredere,
1604 1212 1773 1279 pmni-

241 1301 464 1354 tentiam
502 1316 598 1369 age
642 1318 656 1352 :
691 1302 961 1355 medicinas
996 1301 1141 1354 locus
1174 1311 1256 1353 est
1309 1299 1394 1353 hic
1439 1314 1541 1352 non
1566 1298 1771 1366 judicii,

244 1404 352 1441 non
386 1403 569 1455 ptenas
609 1387 843 1456 exigens,
891 1389 983 1441 sed
1028 1396 1362 1456 peccatorum
1411 1385 1774 1453 remissionem

244 1476 501 1530 tribuens.
534 1476 641 1529 Deo
685 1476 853 1529 solum
899 1477 983 1529 die
1025 1485 1294 1544 peccatum
1331 1484 1496 1526 tntnn.
1522 1472 1695 1526 llach
1723 1480 1775 1525 et

245 1563 402 1617 aliam
429 1563 795 1630 paenitentiam
837 1563 976 1616 haud
1009 1544 1291 1625 dillicilem,
1332 1563 1422 1614 sed
1449 1561 1663 1614 omnino
1689 1575 1774 1612 ac-

246 1651 813 1713 commodatissimam;
882 1650 1125 1719 qualem?
1189 1652 1359 1703 hanc:
1431 1648 1563 1702 delle
1620 1662 1778 1714 super

247 1745 521 1806 peccatum
586 1746 753 1801 tuum,
816 1737 970 1806 idque
1021 1753 1083 1791 cx
1135 1734 1303 1790 sacris
1356 1739 1576 1790 docetur
1605 1736 1779 1789 Evan-

247 1823 415 1891 geliis.
462 1841 481 1874 ι

1871 702 2101 741 morum:
2130 687 2360 753 Auferte.
2382 690 2566 755 inquit,
2591 689 2782 740 malum
2819 690 3182 758 cogitationum
3204 702 3393 746 restra-

1868 790 1981 826 rum
2022 774 2085 825 ab
2111 775 2269 825 oculis
2298 776 2444 835 meis,
2480 776 2719 842 quiescite
2745 791 2892 843 agere
2915 792 3170 843 perverse,
3218 780 3397 832 discite

1826 872 1833 878 ’
1869 859 2184 925 benefacere,
2215 861 2714 927 qumrite’jndicium,
2741 862 2999 914 subvenite
3028 879 3281 930 oppresso,
3302 868 3392 931 ju-

1868 950 2035 1002 dicate
2075 950 2293 1018 pupillo,
2324 951 2579 1017 defendite
2604 950 2830 1012 viduam,
2852 961 2899 1003 et
2928 952 3089 1005 venite
3129 961 3175 1004 et
3199 956 3398 1021 arguite

1869 1032 1969 1101 me,
2010 1038 2133 1096 dicit
2180 1040 2449 1093 Dominus.
2498 1038 2561 1091 Et
2609 1042 2651 1090 si
2679 1041 2866 1106 fuerint
2894 1051 3102 1108 peccata
3141 1050 3304 1094 tcstra
3341 1026 3395 1093 ut

1869 1126 2153 1189 coccinum,
2184 1127 2313 1179 velut
2341 1129 2429 1181 nix
2456 1128 2857 1191 dealbabuutur;
2888 1138 2933 1180 ct
2959 1130 3003 1181 si
3027 1129 3214 1195 fuerint
3243 1129 3397 1181 rubra

1869 1215 2017 1282 quasi
2045 1215 2365 1277 vermiculus,
2415 1215 2548 1267 velut
2592 1215 2712 1269 lana
2756 1216 2871 1268 alba
2912 1224 3079 1269 erunt.
3133 1216 3399 1268 Interdum

1871 1304 2030 1353 etiam
2058 1301 2433 1354 intercessione
2460 1310 2763 1376 sanctorum
2791 1303 3099 1371 impetratur
3119 1303 3269 1353 venia
3311 1304 3402 1351 de-

1872 1388 2137 1444 lictorum.
2168 1390 2270 1455 Qui
2294 1393 2436 1445 enim
2465 1392 2561 1446 scit
2588 1393 2800 1461 fratrem
2820 1410 2968 1446 suum
2994 1409 3201 1462 peccare
3227 1408 3402 1460 pecca—

1873 1486 1981 1529 tum
2024 1494 2127 1531 non
2164 1478 2233 1531 ad
2271 1488 2504 1543 mortem,
2546 1490 2703 1548 petat,
2721 1488 2772 1533 et
2811 1480 2955 1534 dabit
2978 1481 3026 1534 ei
3067 1481 3230 1535 vitam
3266 1482 3401 1534 Deus

1874 1566 2103 1633 pet-conti
2127 1581 2228 1618 non
2249 1566 2318 1617 ad
2345 1576 2577 1619 mortem.
2606 1568 2670 1619 Et
2697 1569 2885 1620 iterum
2912 1586 2925 1618 :
2962 1568 3267 1636 Infirmatur
3290 1586 3337 1637 q:
3361 1570 3402 1621 is

1875 1670 1939 1706 e1:
1966 1652 2118 1716 nobis,
2152 1654 2361 1707 inducat
2386 1655 2701 1724 presbyteros
2728 1655 2968 1709 Ecclesia:
2994 1666 3040 1708 et
3078 1665 3221 1709 orent
3254 1673 3404 1723 super

1876 1759 2014 1805 eum,
2044 1752 2283 1812 tingentes
2309 1751 2423 1795 eum
2450 1743 2558 1797 oleo
2585 1747 2638 1797 in
2671 1746 2872 1798 nomine
2894 1745 3120 1808 Domini,
3149 1755 3197 1797 et
3242 1748 3402 1797 oratio

1877 1830 2001 1895 ﬁdei
2024 1830 2237 1884 salvabit
2260 1832 2541 1900 inﬁrmum,
2568 1843 2614 1887 et
2642 1834 2896 1888 allcriabit
2922 1851 3037 1887 eum
3057 1835 3333 1888 Dominus:
3358 1846 3403 1885 et

1808 1904 1854 1961 Β
1877 1910 1922 1969 si
1943 1919 1997 1969 in
2025 1920 2243 1988 peccatis
2266 1919 2353 1984 sit,
2391 1921 2700 1975 dimittetur
2722 1923 2785 1975 ei.
2815 1921 3201 1991 Nonnunquam
3249 1924 3406 1974 etiam

318 1949 543 2003 Sanctus
588 1950 929 2018 Augustinus,
980 1951 1068 2004 lib.
1102 1968 1140 2005 tt
1203 1960 1385 2005 contra
1437 1950 1779 2004 Cresconium
1811 1949 1890 2005 7‘.

248 2039 674 2108 grammaticum,
704 2053 821 2106 cap.
853 2039 918 2090 12
946 2057 957 2090 :
996 2058 1014 2089 t
1047 2039 1373 2093 Mttndantur.
1403 2048 1457 2093 et
1500 2039 1662 2091 verbo
1691 2054 1783 2091 vc-

251 2126 425 2179 ritatis
452 2128 518 2178 ab
547 2125 635 2178 illo
662 2127 752 2194 qui
780 2127 868 2187 ait,
899 2126 1015 2179 .lam
1041 2142 1135 2180 vos
1172 2128 1352 2180 mundi
1380 2127 1529 2189 estis,
1565 2112 1783 2195 propter

250 2213 468 2266 verbum
496 2213 638 2280 quod
668 2213 874 2288 locutus
902 2228 1016 2266 sum
1046 2214 1215 2267 vobis.
1249 2212 1565 2266 Mundantur
1593 2221 1648 2266 et
1692 2228 1779 2265 sa-

249 2301 452 2356 criﬁcio
497 2302 710 2354 contriti
750 2302 925 2356 cordis
950 2302 1016 2355 ab
1058 2301 1148 2354 illo
1191 2302 1255 2356 de
1283 2315 1387 2368 quo
1414 2302 1610 2355 dictum
1652 2310 1776 2354 est:

241 2389 579 2458 ,Sacriﬁcium
600 2389 708 2442 Deo
731 2391 941 2459 spiritus
967 2389 1337 2442 contribulatus
1355 2428 1370 2452 ,
1395 2405 1483 2442 cor
1507 2389 1781 2440 contritum

249 2487 300 2532 et
310 2477 633 2531 humiliatum
644 2477 781 2529 Deus
796 2493 897 2530 non
920 2478 1136 2545 spernit.
1154 2477 1467 2530 Mundantur
1482 2486 1535 2531 et
1558 2477 1783 2530 cleemo-

251 2562 399 2633 synis
410 2566 476 2618 ab
492 2564 580 2617 illo
606 2563 696 2632 qui
724 2563 798 2616 ait
818 2580 832 2615 :
856 2564 983 2616 Date
1006 2564 1393 2633 eleemosynam,
1419 2575 1465 2618 et
1477 2582 1588 2618 ecce
1612 2566 1783 2617 omnia

253 2650 445 2706 munda
471 2658 591 2702 sunt
618 2650 776 2703 vobis.
823 2648 1141 2704 Mundantur
1175 2652 1306 2719 ipsa,
1350 2667 1468 2719 quas
1494 2654 1784 2720 superemi-

253 2750 344 2795 net
384 2740 649 2803 omnibus,
700 2740 961 2794 cbaritate
994 2740 1061 2793 ab
1107 2740 1197 2794 illo
1237 2741 1326 2808 qui
1366 2755 1459 2809 per
1486 2740 1781 2808 apostolum

255 2827 471 2880 Petrum
498 2826 632 2879 dixit
657 2843 671 2878 :
700 2825 939 2880 Charitas
959 2828 1181 2896 cooperit
1202 2827 1579 2881 multitudinem
1604 2843 1782 2897 pecca-

255 2923 456 2976 torum;
485 2928 603 2981 qua:
627 2927 732 2965 una
776 2913 821 2966 si
842 2914 1006 2977 adsit,
1039 2915 1218 2967 omnia
1246 2914 1333 2967 illa
1365 2923 1507 2969 recte
1539 2914 1701 2977 (lunt;
1736 2915 1783 2969 si

255 3008 431 3056 autem
468 3001 607 3054 desit
629 3000 738 3065 illa,
768 3000 944 3054 omnia
971 2999 1166 3053 frustra
1194 3000 1343 3053 liunt.
1381 3020 1399 3049 ι

321 3157 629 3221 Cassianus,
671 3153 721 3208 Ι.
766 3154 1125 3224 Cbrysostomi
1166 3154 1471 3224 discipulus,
1525 3155 1577 3206 in
1623 3136 1794 3208 colla:

256 3246 398 3300 tione
420 3261 513 3308 xx,
557 3259 673 3312 cap.
706 3246 739 3298 8
770 3262 784 3296 :
818 3266 837 3293 ε
868 3244 991 3297 Post
1035 3242 1174 3295 illam
1218 3259 1444 3312 namque
1479 3243 1778 3311 generalem

253 3332 503 3402 baptismi
533 3331 779 3400 gratiam,
807 3338 861 3384 et
901 3329 1027 3383 illud
1070 3329 1506 3398 pretiosissimum
1540 3331 1779 3399 martyrii

253 3422 472 3485 donum,
497 3419 639 3489 quod
661 3419 927 3488 sanguinis
952 3418 1217 3472 ablutione
1254 3418 1600 3486 conquiritur,
1630 3417 1781 3471 multi

252 3517 378 3565 sunt
398 3494 724 3578 pmnitentite
765 3506 989 3569 fructus,
1033 3521 1129 3574 per
1166 3520 1298 3574 quos
1324 3507 1388 3559 ad
1427 3505 1781 3575 expiationem

252 3600 538 3655 criminum
561 3596 887 3665 pervenitur.
931 3594 1043 3648 Non
1072 3595 1212 3648 enim
1242 3594 1464 3662 simplici
1496 3594 1583 3646 illo
1619 3594 1784 3660 paeni-

255 3688 433 3741 tentia‘.
466 3685 679 3738 nomine
719 3683 863 3736 salus
888 3690 1087 3739 aeterna
1134 3683 1535 3749 repromittitur,
1574 3682 1639 3733 de
1678 3695 1783 3747 quo

252 3775 443 3828 beatus
499 3768 767 3840 apostolus
824 3768 1027 3830 Petrus,
1073 3768 1425 3830 Pmnitcmini,
1496 3767 1685 3836 inquit,
1732 3776 1787 3821 et

256 3859 653 3931 convertimini,
673 3866 730 3912 'ut
765 3856 1038 3911 deleantur
1060 3864 1272 3923 peccata
1301 3865 1492 3908 vestra.
1541 3855 1605 3907 Et
1626 3854 1786 3907 Joan-

255 3964 351 4003 nes
378 3947 635 4015 Baptista,
665 3944 748 3998 vel
773 3946 883 4012 ipse
909 3941 1162 3994 Dominus
1192 3958 1203 3991 :
1242 3939 1599 3993 Paenitentiam
1627 3940 1783 4008 agite,

254 4033 676 4105 appropinquabit
700 4033 834 4085 enim
860 4045 1068 4099 regnum
1092 4027 1348 4080 calorum.
1379 4025 1480 4079 Sed
1502 4025 1661 4078 etiam
1691 4039 1785 4093 per

256 4123 535 4178 charitatis
560 4120 802 4174 affectum
826 4126 1162 4188 peccatorum
1190 4115 1353 4169 mules
1378 4114 1634 4169 obruitur.
1653 4112 1785 4166 Cita-

257 4213 385 4264 ritas
408 4212 546 4263 enim
580 4209 739 4277 operit
765 4207 1141 4261 multitudinem
1161 4216 1501 4275 peccatorum.
1529 4205 1787 4259 Similiter

258 4286 420 4352 etiam
449 4311 546 4365 per
588 4296 1041 4364 ele'emosynarum
1085 4293 1313 4347 fructum
1355 4293 1663 4346 vulneribus
1691 4306 1785 4345 no—

259 4386 383 4439 stris
408 4382 614 4438 medela
654 4370 974 4452 prtestatur:
1005 4380 1127 4448 quia
1163 4379 1301 4432 sicut
1328 4377 1788 4459 aquagexstinguit

260 4474 473 4540 ignem,
532 4472 607 4524 ita
654 4470 987 4537 eleemosyna
1034 4466 1319 4555 exstinguit
1365 4461 1781 4555 peccaminum
1810 4498 1857 4555 υ

258 4561 420 4612 etiam
479 4572 575 4625 per
639 4556 990 4626 lacrymarum
1041 4553 1393 4622 profusionem
1431 4552 1783 4632 conituiritur

260 4645 459 4700 ablatio
481 4622 845 4713 peccatorum;
876 4642 1074 4695 Lavabo
1094 4642 1234 4694 enim
1255 4658 1345 4710 per
1366 4622 1594 4709 singjttlits
1609 4622 1785 4715 nostris

262 4734 451 4787 lectum
481 4708 677 4789 meum,
722 4731 962 4799 lacrymis
990 4732 1115 4783 meis
1140 4708 1355 4784 str’atum
1381 4744 1548 4810 meum
1586 4708 1781 4797 figuli.

261 4822 497 4893 Dunique
522 4818 787 4890 subiungit
808 4820 1088 4874 ostendens
1111 4834 1201 4872 eas
1243 4834 1343 4872 non
1373 4820 1598 4873 inaniter
1622 4818 1785 4874 fuisse

260 4908 527 4978 profusas,
557 4907 830 4971 Discedite,
853 4907 1117 4976 inquiens,
1137 4924 1166 4958 a
1194 4922 1270 4958 me
1294 4922 1464 4959 omnes
1492 4907 1576 4975 qui
1601 4922 1784 4974 opera-

260 4996 386 5050 mini
414 4996 754 5064 iniquitatem,
790 4995 1030 5064 quoniam
1054 4994 1311 5046 exaudivit
1343 4982 1589 5053 Dominus
1621 5010 1785 5046 rorem

262 5088 413 5153 ﬂetus
433 5084 575 5147 mei;
605 5097 704 5137 nec
731 5098 833 5137 non
865 5097 960 5150 per
983 5082 1257 5137 criminum
1294 5082 1673 5136 confessionem
1698 5097 1787 5136 eo-

264 5187 382 5226 rum
413 5171 635 5227 abolitio
686 5169 989 5223 conceditur
1031 5187 1044 5220 :
1076 5167 1195 5220 Dixi
1239 5170 1400 5231 enim,
1432 5169 1525 5232 ait,
1554 5183 1788 5238 pronun-

261 5254 407 5314 tiabo
430 5258 701 5311 aduersum
725 5270 804 5308 me
830 5255 1134 5323 injustitiam
1159 5270 1321 5325 meum
1368 5254 1605 5319 Domino,
1643 5265 1691 5308 et
1730 5265 1785 5307 tu

264 5343 503 5398 remisisti
529 5343 835 5417 impietatem
858 5342 1047 5417 peccati
1089 5341 1204 5392 mei.
1250 5340 1312 5393 Et
1349 5342 1536 5395 iterum
1565 5360 1577 5392 :
1617 5342 1782 5396 Narra

264 5440 321 5488 ω
353 5428 666 5498 iniquitates
691 5415 807 5481 tuas
830 5415 1031 5496 primus
1058 5435 1117 5478 ut
1139 5425 1463 5492 justiﬁesris.
1509 5427 1611 5482 Per
1647 5428 1779 5484 allii-

262 5517 495 5573 ctioucm
521 5528 730 5585 quoque
748 5513 925 5568 cordis
945 5520 998 5566 et
1017 5504 1254 5580 corporis
1300 5515 1646 5570 admissorum
1670 5520 1783 5570 sce-

263 5604 434 5659 lerum
460 5603 702 5656 remissio
728 5601 969 5656 similiter
995 5602 1281 5655 obtinetur.
1325 5601 1473 5667 Nam,
1514 5602 1638 5657 Vide
1656 5645 1670 5670 ,
1703 5607 1782 5660 in-

264 5693 398 5756 quit,
427 5689 766 5744 humilitatem
795 5703 958 5741 meam
985 5699 1031 5740 et
1059 5688 1282 5742 laborem
1305 5706 1490 5755 meum,
1519 5703 1565 5745 ct
1588 5693 1785 5749 dimitte

650 5765 917 5840 Ps't‘uon.
962 5778 1182 5840 XCIX.

1879 2007 2253 2062 misericordia:
2281 2024 2345 2063 ac
2370 2009 2488 2063 ﬁdei
2516 2013 2706 2066 merito
2736 2012 2879 2066 labes
2905 2014 3217 2080 excoquitur
3254 2014 3405 2065 vitia-

1881 2095 2341 2157 rum,~‘secundum
2380 2095 2506 2149 illud
2550 2115 2563 2147 :
2598 2097 2702 2149 Per
2746 2100 3145 2152 misericordiam
3187 2109 3234 2153 et
3256 2101 3408 2167 ﬁdem

1879 2192 2163 2253 purgantur
2183 2193 2409 2252 peccata.
2452 2183 2554 2237 Per
2581 2186 2976 2240 conversionem
3002 2186 3310 2254 plerumque
3359 2198 3409 2241 et

1881 2269 2104 2323 salutem
2132 2284 2320 2346 eorum
2341 2271 2430 2337 qui
2456 2273 2651 2324 nostris
2688 2273 2903 2327 monitis
2934 2266 3012 2326 'ac
3039 2274 3411 2341 prmdications

1880 2355 2166 2408 salvantur.
2189 2355 2447 2434 Quoniam
2464 2358 2554 2426 qui
2574 2360 2793 2413 converti
2821 2351 2994 2426 fecerit
3012 2369 3324 2427 peccatorem
3343 2367 3408 2413 ab

1880 2459 2051 2495 errore
2078 2444 2170 2495 vim
2196 2459 2322 2505 suat,
2349 2444 2514 2496 salvat
2534 2446 2761 2497 animam
2783 2447 2897 2514 ejus
2920 2464 2953 2499 α
2980 2460 3139 2502 morte
3164 2461 3209 2504 et
3241 2454 3416 2521 operit

1882 2529 2256 2584 multitudinem
2299 2540 2643 2599 peccatorum.
2674 2533 2776 2587 Per
2817 2535 3192 2603 indulgentiam
3222 2540 3398 2593 nihils.

1881 2620 2057 2673 minus
2101 2629 2155 2673 et
2190 2621 2549 2695 remissionem
2608 2631 2865 2689 nostram,
2919 2626 2984 2679 ad
3034 2625 3407 2697 indulgentiam

1881 2714 2178 2761 nostrorum
2219 2706 2509 2762 facinorum
2548 2712 2854 2777 pervenitur
2898 2727 2913 2765 :
2950 2713 3009 2768 Si
3036 2716 3170 2768 enim
3216 2718 3415 2771 dimise-

1883 2791 1992 2844 ritis
2019 2793 2304 2847 hominibus
2316 2797 2749 2862 peccata'eorum,
2778 2799 2994 2853 dimittet
3012 2810 3060 2855 et
3089 2804 3227 2857 vobis
3256 2804 3416 2859 Pater

1882 2886 2043 2931 uester
2071 2880 2280 2934 catastis
2321 2881 2508 2961 delicta
2553 2894 2736 2938 vestra.
2785 2887 2987 2943 Videtis
3024 2906 3150 2960 ergo
3187 2906 3415 2961 quantos

1883 2969 2258 3025 misericordia
2274 2972 2447 3028 aditus
2469 2974 2774 3041 patefecerit
2796 2977 3072 3033 clementia
3097 2980 3411 3052 Salvatoris,

1881 3064 1943 3112 ut
1981 3074 2137 3113 nemo
2166 3061 2386 3114 salutem
2428 3064 2669 3129 cupiens,
2720 3068 3085 3135 desperatione
3112 3069 3412 3141 frangatur,

1884 3162 2005 3201 cum
2029 3147 2205 3201 videat
2231 3161 2288 3202 se
2316 3150 2479 3203 tantis
2506 3151 2576 3204 ad
2616 3152 2779 3206 vitam
2804 3154 3053 3210 remediis
3087 3156 3319 3213 invitari.
3352 3160 3411 3215 Si

1881 3236 2022 3288 enim
2054 3250 2152 3303 pro
2202 3235 2506 3290 infirmitate
2553 3240 2727 3292 carnis
2774 3239 3067 3303 alllictione
3094 3242 3415 3317 ieiuniorum

1879 3323 2090 3377 abolere
2137 3333 2189 3377 te
2234 3333 2451 3393 peccata
2500 3342 2604 3380 non
2633 3342 2787 3396 posse
2824 3331 3080 3395 causaris,
3128 3346 3227 3387 nec
3263 3343 3414 3401 potcs

1880 3412 2095 3465 dicere:
2150 3410 2327 3465 Genua
2370 3430 2484 3466 mea
2535 3415 2798 3482 inﬁrmata
2849 3426 2969 3471 sunt
3019 3435 3051 3471 α
3085 3420 3317 3489 jejunio,
3365 3434 3415 3476 et

1879 3515 2001 3553 caro
2050 3515 2161 3553 mea
2215 3501 2485 3554 immutata
2529 3509 2604 3554 est
2659 3512 2866 3571 propter
2910 3503 3107 3571 oleum;
3165 3508 3286 3576 quia
3332 3511 3409 3561 ci-

1880 3604 2049 3640 nerem
2068 3598 2310 3657 tanquam
2340 3606 2523 3658 panem
2560 3591 2947 3654 manducabam,
2981 3601 3029 3645 et
3047 3603 3220 3663 potum
3242 3610 3408 3648 meum

1863 3664 1995 3727 (cum
2022 3676 2147 3742 ﬂetu
2174 3676 2442 3727 miscebant
2461 3714 2475 3735 .
2507 3676 2958 3746 eleemosynarum
2986 3694 3047 3733 ea
3075 3680 3276 3735 redime
3308 3681 3413 3735 lar-

1882 3762 2064 3830 gitate.
2091 3761 2350 3832 lndigenti
2375 3763 2419 3816 si
2449 3778 2553 3817 non
2584 3764 2747 3818 babes
2775 3767 2915 3832 quod
2945 3766 3219 3835 impartias
3248 3767 3415 3838 (licet

1880 3852 2083 3905 nullum
2110 3852 2177 3904 ab
2203 3854 2303 3906 hoc
2324 3868 2484 3920 opere
2518 3854 2806 3909 necessitas
2832 3856 3021 3924 inopiae
3047 3872 3110 3911 ac
3135 3868 3415 3928 pauperta-

1881 3939 1951 3992 tis
1981 3938 2243 4002 excludat,
2291 3941 2502 4007 quando
2543 3941 2755 4009 quidem
2802 3951 2857 3996 et
2901 3944 3040 3999 illius
3086 3945 3259 4000 vidua:
3306 3949 3413 4000 duo

1882 4033 2086 4080 tantum
2113 4041 2219 4080 tera
2260 4027 2559 4096 ingentibus
2609 4028 2829 4083 divitum
2877 4033 3181 4087 muneribus
3223 4032 3413 4102 pricfc-

1883 4122 2090 4178 runtur,
2133 4122 2190 4168 et
2232 4110 2331 4182 pro
2366 4116 2531 4169 calice
2572 4130 2721 4184 aqum
2766 4115 2968 4188 frigidae
3016 4120 3310 4175 mercedem
3353 4136 3413 4175 se

1882 4201 2208 4255 redditurum
2236 4202 2488 4257 Dominus
2510 4204 2873 4275 repromittit),
2898 4215 3044 4261 certe
3079 4208 3277 4277 absque
3306 4208 3411 4262 illis

1882 4301 2089 4339 morum
2120 4290 2316 4354 poteris
2342 4290 2711 4344 emendatione
2735 4293 2967 4360 purgari.
2993 4294 3141 4359 Quod
3165 4296 3209 4349 si
3238 4296 3411 4364 perfe-

1882 4374 2113 4425 ctionem
2164 4374 2419 4428 virtutum
2467 4378 2819 4432 exstinctione
2878 4379 3125 4433 vitiorum
3176 4382 3410 4436 omnium

1882 4477 1986 4513 non
2021 4470 2172 4530 potes
2199 4463 2439 4531 adipisci,
2461 4465 2869 4521 sollicitudinem
2894 4468 3035 4535 piam
3065 4483 3188 4536 erga
3214 4469 3411 4523 utilita-

1887 4558 1993 4623 tem
2039 4549 2224 4603 aliena:
2268 4550 2454 4623 salutis
2488 4552 2746 4619 impende.
2779 4552 2843 4623 Si
2863 4562 3038 4606 autem
3067 4562 3118 4607 te
3166 4555 3409 4610 idoneum

1861 4631 2009 4688 ’huic
2037 4636 2330 4691 ministerio
2368 4653 2470 4692 non
2500 4653 2617 4695 esse
2641 4641 3001 4708 conquercris,
3039 4644 3247 4712 operire
3288 4659 3409 4712 ρης-

1862 4730 2003 4776 cata
2046 4725 2246 4793 poteris
2277 4728 2552 4781 charitatis
2590 4721 2798 4783 all‘ectu.
2839 4729 2895 4782 In
2920 4746 3022 4785 noc
3042 4746 3249 4799 quoque
3273 4736 3315 4785 si
3356 4742 3407 4786 to

1888 4811 2125 4883 fragilem
2160 4813 2346 4869 fecerit
2379 4817 2622 4883 quaalibet
2667 4819 2857 4871 mentis
2887 4820 3091 4886 ignavia
3112 4860 3127 4884 ,
3164 4822 3403 4876 oratione

1886 4900 2070 4954 saltem
2103 4910 2261 4971 atque
2284 4903 2659 4961 intercessione
2685 4912 2983 4960 sanctorum
3027 4909 3253 4970 remedia
3293 4910 3404 4962 vul-

1887 4991 2102 5041 neribus
2129 4990 2240 5047 suis
2266 4991 2576 5046 humilitatis
2612 4990 2802 5047 all'ectu
2832 4995 3124 5050 submissus
3164 4996 3402 5064 implora.

1888 5081 2160 5134 Postremo
2184 5082 2301 5149 quis
2323 5090 2404 5134 est
2426 5083 2516 5150 qui
2545 5096 2647 5137 non
2681 5084 2848 5152 possit
2867 5086 3171 5153 suppliciter
3192 5088 3365 5142 dicere
3387 5128 3401 5151 .

1891 5167 2159 5221 Peccatum
2206 5183 2372 5220 nicum
2414 5170 2667 5239 cognitum
2715 5160 2807 5223 ηδε
2849 5171 2967 5240 feci,
3012 5183 3060 5225 et
3102 5172 3404 5241 iniustitiam

1884 5270 2047 5308 meam
2077 5270 2176 5307 non
2203 5243 2414 5324 operui?
2446 5257 2512 5311 Ut
2538 5270 2631 5325 per
2661 5258 2796 5312 hanc
2823 5258 3206 5319 confessionem
3234 5264 3403 5326 etiam

1880 5343 2003 5397 illud
2052 5343 2373 5398 mulidenter
2402 5342 2717 5412 subiungere
2767 5353 3049 5417 mereatur,
3089 5355 3142 5401 et
3182 5358 3239 5403 tu
3263 5346 3408 5403 remi-

1861 5430 1989 5512 [sisti
2008 5452 2011 5455 π
2032 5430 2339 5501 impietatem
2365 5428 2531 5482 cordis
2574 5431 2692 5481 mei.
2724 5429 2869 5495 Quod
2910 5431 2954 5483 si
2981 5433 3293 5488 verecundia
3325 5452 3403 5485 rc-

1859 5588 1866 5595 .
1894 5519 2138 5571 trahente
2166 5515 2396 5570 revelare
2423 5528 2599 5569 coram
2649 5518 2948 5572 hominibus
2990 5518 3277 5583 erubescis,
3328 5523 3404 5577 illi

1879 5622 2035 5676 quem
2060 5606 2224 5659 latere
2252 5619 2353 5659 non
2387 5614 2606 5673 possunt
2629 5606 2865 5660 confiteri
2893 5623 2952 5660 ea
2992 5607 3102 5675 jugi
3140 5610 3400 5679 εαρριᾳα..

1881 5698 2020 5750 tione
2046 5708 2148 5750 non
2174 5693 2401 5759 desinas,
2429 5709 2491 5749 ac
2518 5695 2711 5757 dicere,
2746 5694 3067 5763 Iniquitatem
3116 5712 3273 5749 meam
3314 5713 3403 5766 ego

2990 5787 3064 5845 39
