3974 6466
723 432 850 484 ηἓῖ

1266 425 1597 480 TIIEODORI
1632 423 1941 478 AllCiiiEP.
1973 421 2312 475 CANTUAIL
2352 417 2687 472 DOCTIHNA
2724 416 2809 469 DE
2842 412 3275 468 POENITENTIA

3730 413 3853 466 £228

718 551 981 604 cognosco,
1011 545 1057 588 et
1094 543 1344 600 peccatum
1377 548 1539 584 meum
1582 539 1756 583 contra
1786 544 1863 580 me
1900 538 1971 580 est
2006 542 2230 594 semper,
2260 529 2306 582 Α
2332 524 2503 575 ritatis
2542 522 2786 581 affectus,
2817 531 2874 573 ut
2906 530 2987 573 est
3016 520 3176 572 illud:
3208 518 3553 572 Remittuntur
3576 521 3624 572 ei
3653 533 3854 589 peccata

714 623 806 675 tibi
825 621 922 675 soli
942 620 1159 690 peccavi,
1180 629 1223 670 et
1243 618 1433 671 malum
1456 626 1626 670 caram
1650 626 1697 667 te
1719 616 1837 684 feci,
1860 615 1949 681 qui
1969 622 2022 667 et
2040 613 2236 680 absque

717 711 855 762 illius
880 707 1205 762 verecundia:
1228 704 1577 772 publicatioue
1596 715 1799 763 curare,
1829 709 1882 754 et
1903 701 2018 752 sine
2042 700 2235 764 impro-

713 799 860 866 perio
907 801 1123 862 peccata
1149 793 1343 845 donare
1368 792 1654 844 consuevit.
1702 788 1827 842 Post
1854 788 1995 841 istud
2026 800 2235 871 quoque

713 895 823 953 tam
866 888 1165 950 promptum
1192 886 1497 945 certumque
1521 876 1830 937 subsidium,
1862 873 2003 925 aliud
2026 886 2233 940 quoque

716 970 890 1022 adhuc
913 966 1122 1020 facilius
1148 965 1329 1033 largita
1377 972 1458 1017 est
1480 964 1629 1016 nobis
1655 961 1829 1014 divina
1855 960 2112 1026 dignatio,
2154 959 2233 1026 ip—

713 1070 931 1122 sanique
960 1055 1171 1108 remedii
1198 1066 1349 1121 opem
1374 1061 1555 1105 nostro
1593 1050 1856 1104 commisit
1885 1048 2131 1110 arbitrio,
2175 1055 2232 1098 ut

714 1144 1087 1212 indulgentiam
1113 1149 1411 1196 nostrorum
1433 1138 1688 1192 scelerum
1708 1150 1806 1203 pro
1834 1145 2015 1189 nostro
2035 1149 2232 1202 przesu-

677 1290 683 1296 ,
711 1248 916 1287 mamus
938 1232 1142 1294 affectu,
1173 1231 1406 1283 dicentes
1423 1228 1471 1281 ei
1495 1246 1507 1279 :
1538 1226 1745 1279 Dimitte
1772 1224 1913 1277 nobis
1945 1222 2112 1275 debita
2129 1234 2232 1273 “no—

710 1330 834 1382 stra,
866 1322 992 1372 sicut
1020 1327 1063 1371 ct
1090 1334 1178 1371 nos
1205 1317 1504 1371 dimittimus
1532 1312 1838 1366 debitoribus
1866 1316 2069 1363 nostris.
2101 1328 2118 1359 ι

778 1409 1034 1463 Cmsarius
1055 1406 1377 1459 Arelatensis
1402 1406 1453 1456 in
1478 1402 1690 1456 bomilia
1715 1402 1746 1454 9
1770 1414 1784 1451 :
1818 1417 1835 1449 ι
1868 1398 2225 1460 Considerate,

710 1502 904 1555 fratres
924 1498 1236 1558 charissimi,
1262 1503 1315 1547 et
1341 1496 1509 1547 videte
1532 1493 1653 1560 quia
1677 1491 1814 1543 nulla
1839 1488 2107 1543 excusatio
2136 1502 2229 1540 no-

712 1590 792 1641 bis
811 1595 981 1656 potest
1009 1599 1294 1645 remanerc,
1325 1598 1417 1651 per
1444 1595 1597 1648 quam
1627 1581 1861 1633 dicamus
1886 1584 2099 1644 peccata
2130 1590 2227 1628 no-

708 1684 819 1728 stra
858 1689 962 1728 non
1005 1672 1233 1740 potuisse
1281 1671 1553 1722 redimere.
1603 1668 1758 1719 Potes
1805 1664 2022 1717 forsitan
2054 1662 2228 1713 dicere

709 1761 849 1829 quod
876 1774 1087 1815 carnem
1112 1768 1251 1811 tuam
1275 1756 1485 1825 jejuniis
1511 1769 1570 1806 ac
1599 1752 1787 1821 vigiliis
1824 1766 1927 1803 non
1954 1750 2121 1817 possis
2146 1746 2225 1798 af-

2334 609 2512 671 multa,
2543 609 2667 676 quia
2684 609 2859 660 dilexit
2888 607 3121 660 multum.
3159 607 3333 660 Tertia
3357 608 3598 661 remissio
3626 617 3709 661 est
3727 609 3855 663 eice-

2335 710 2662 763 mosynarum
2709 694 2944 757 fruetus,
3001 694 3284 747 secundum
3340 694 3479 748 hoc:
3533 695 3686 749 Sicut
3728 713 3855 764 aqua

2332 781 2617 848 exstinguit
2659 781 2850 849 ignem,
2890 781 2962 833 ita
2985 781 3317 849 eleemosyna
3344 784 3633 851 exstinguit
3673 800 3855 853 peecao

2332 880 2460 923 tum.
2491 869 2689 936 Quarta
2715 871 2969 934 remissio,
2989 870 3222 940 profusio
3244 872 3616 942 lacrymarum,
3638 876 3852 947 Domino

2330 958 2536 1010 dicente
2562 975 2573 1009 :
2613 957 2743 1021 Quia
2771 956 2911 1009 ﬂevit
2937 959 2989 1010 in
3012 967 3293 1027 conspectu
3323 974 3458 1024 meo,
3489 970 3545 1013 et
3571 962 3853 1014 ambulmit

2330 1057 2507 1096 coram
2529 1059 2612 1097 me
2632 1044 2813 1107 tristis,
2837 1059 2939 1096 non
2964 1044 3205 1098 inducam
3227 1046 3418 1100 malum
3440 1047 3492 1100 in
3516 1048 3705 1101 diebus
3723 1049 3847 1116 ejus.

2328 1127 2519 1192 Quinta
2560 1129 2797 1183 remissio
2829 1138 2910 1183 est
2930 1131 3209 1184 criminum
3250 1130 3535 1197 confessio,
3580 1134 3847 1189 Psalmista

2329 1222 2607 1267 attestattzc
2629 1232 2646 1265 :
2682 1215 2825 1277 Dixi,
2850 1216 3121 1283 confitebor
3146 1218 3409 1271 adversum
3438 1236 3516 1272 me
3547 1221 3849 1287 injustiticm

2329 1316 2491 1353 meam
2516 1301 2750 1365 Domino,
2780 1313 2826 1353 et
2851 1312 2903 1353 tu
2930 1304 3167 1356 remisisti
3194 1305 3498 1373 impietatem
3516 1310 3712 1373 peccati
3735 1311 3844 1359 mei.

2330 1387 2487 1445 Sexta
2509 1392 2747 1444 remissio
2756 1401 2832 1445 est
2854 1390 3063 1446 alllietio
3082 1394 3253 1447 cordis
3270 1402 3323 1448 et
3335 1394 3847 1464 corporis,Apostolo

2327 1475 2627 1528 consolante
2651 1490 2664 1528 :
2693 1476 2817 1530 Dedi
2842 1477 3134 1544 Itujusmodi
3162 1479 3423 1532 hominem
3454 1478 3666 1534 Saturae
3690 1484 3743 1534 in
3775 1486 3847 1535 tu.

2328 1563 2530 1612 teritum
2558 1562 2746 1624 carnis,
2777 1572 2832 1614 ut
2860 1565 3067 1632 spiritus
3107 1565 3274 1619 salvus
3315 1565 3406 1618 flat
3435 1568 3489 1618 in
3525 1567 3608 1620 die
3646 1567 3846 1621 Domini

2330 1651 2485 1701 nostri
2510 1649 2633 1702 Jesu
2656 1650 2863 1703 Christi.
2891 1652 3121 1720 Septima
3162 1654 3400 1708 remissio
3434 1663 3516 1708 est
3555 1658 3845 1711 emendatio

2327 1753 2551 1801 morum,
2578 1741 2675 1793 hoc
2702 1749 2782 1793 est
2813 1743 3197 1797 abrenuntiatio
3223 1743 3463 1796 vitiorum
3490 1785 3504 1809 ,
3529 1748 3843 1815 evangelista

707 1817 907 1918 digere,
934 1863 963 1899 a
989 1848 1110 1898 vino
1136 1845 1217 1898 vel
1240 1817 1550 1897 a'c'arnihus
1592 1817 1694 1893 non
1728 1839 1902 1891 valeas
1929 1838 2189 1889 abstinere
2211 1854 2222 1887 ;
2259 1817 2302 1875 Β
2331 1835 2584 1880 testante:
2618 1827 2738 1880 lam
2765 1846 2920 1883 sanus
2944 1831 3108 1896 factus
3132 1846 3218 1883 es:
3242 1830 3346 1884 noli
3368 1831 3505 1884 ultra
3531 1850 3761 1909 peccare,
3790 1853 3846 1888 ne

708 1938 943 2005 nunquid
967 1945 1116 2003 potes
1145 1935 1354 1996 dicere,
1398 1932 1535 1999 quod
1574 1944 1637 1983 ea
1677 1943 1795 1996 qua:
1839 1927 1966 1990 tibi,
2009 1925 2229 1992 amplius

709 2039 868 2093 quam
894 2038 1024 2091 opus
1050 2027 1184 2086 erat,
1205 2020 1344 2073 Deus
1369 2019 1528 2078 dedit,
1558 2032 1658 2071 non
1685 2015 1853 2084 possis
1878 2029 1972 2083 pro
1997 2013 2229 2082 peccatis

708 2115 815 2168 tuis
838 2111 1151 2181 pauperibus
1170 2108 1417 2178 erogare?
1438 2108 1530 2162 Est
1556 2104 1724 2160 adhuc
1746 2104 1885 2158 aliud
1910 2118 2075 2172 genus
2095 2102 2231 2154 elee—

708 2186 1041 2270 mosynarum
1061 2237 1077 2262 ,
1104 2199 1169 2251 de
1195 2212 1298 2264 quo
1324 2208 1601 2263 possumus
1627 2193 1739 2246 sine
1766 2186 1870 2243 ullo
1896 2186 2073 2241 labore
2110 2201 2231 2255 pec-

709 2299 830 2343 cata
860 2286 1116 2340 redimere
1137 2291 1335 2337 nostra.
1360 2281 1423 2335 Si
1438 2280 1580 2335 enim
1611 2280 1800 2346 aliquis
1823 2278 1894 2329 ita
1920 2277 1990 2329 sit
2011 2288 2227 2342 pauper,

710 2384 768 2429 ut
805 2389 904 2431 nec
936 2387 1119 2427 aurum
1145 2371 1367 2435 habeat,
1408 2384 1506 2424 nec
1546 2367 1863 2431 frumentum
1883 2406 1897 2429 ,
1929 2380 2025 2418 nec
2050 2364 2230 2416 vinum

711 2466 791 2519 vel
833 2464 1030 2523 oleum,
1074 2461 1211 2515 unde
1237 2457 1560 2527 corporalem
1603 2456 1984 2523 eleemosynam
2031 2451 2226 2504 faciat:

707 2554 830 2622 quia
866 2566 968 2606 non
996 2558 1168 2619 potest
1195 2547 1309 2601 ﬁeri
1331 2555 1388 2598 ut
1400 2547 1471 2598 ab
1496 2544 1757 2611 aliquibus
1789 2540 2086 2594 hominibus
2126 2555 2231 2592 non

707 2642 936 2713 patiatur
956 2638 1221 2708 iniuriam,
1242 2643 1353 2688 toto
1364 2635 1530 2688 corde
1552 2632 1792 2685 omnibus
1814 2630 2040 2683 inimicis
2066 2630 2233 2683 indul-

711 2737 851 2798 geat,
877 2735 932 2780 et
969 2725 1163 2779 nullum
1190 2727 1775 2792 peccatumrcmaneat,
1801 2721 1938 2786 quod
1966 2719 2078 2787 ejus
2102 2733 2229 2771 con-

708 2814 980 2868 scientiam
1002 2809 1259 2870 mordeat,
1286 2816 1340 2860 et
1369 2820 1585 2860 securus
1610 2805 1663 2857 in
1692 2804 1929 2857 oratione
1962 2804 2230 2856 Dominica

709 2903 881 2956 dicat:
913 2900 1119 2952 Dimitte
1144 2896 1287 2950 nobis
1317 2895 1485 2948 debita
1520 2901 1693 2945 nostra
1719 2892 1851 2945 sicut
1874 2901 1920 2944 et
1946 2908 2035 2944 nos
2060 2891 2233 2945 dimit-

706 2991 860 3043 timus
903 2983 1209 3039 dcbitoribus
1254 2982 1457 3035 nostris.
1502 2980 1566 3033 Et
1594 2978 1890 3047 implebitur
1926 2978 1976 3031 in
2009 2992 2072 3031 eo
2104 2979 2233 3031 illud

704 3076 847 3144 quod
871 3072 1107 3127 Christus
1144 3069 1196 3122 in
1223 3067 1502 3137 Evangelio
1532 3065 1837 3134 promittere
1859 3065 2098 3134 dignatus
2129 3070 2229 3127 est,

707 3163 887 3217 dicens
912 3178 925 3212 :
964 3156 1021 3212 Si
1058 3156 1352 3209 dimiscrttis
1378 3153 1661 3206 hominibus
1695 3160 1901 3219 peccata
1925 3165 2119 3213 eorum,
2149 3149 2229 3203 di-

706 3251 868 3301 mittet
905 3245 1041 3299 nobis
1077 3244 1232 3296 Pater
1258 3250 1419 3295 uester
1452 3240 1668 3293 'cazlestis
1699 3247 1902 3307 peccata
1943 3248 2125 3291 uestra.
2164 3239 2229 3290 Et

709 3334 876 3386 illud:
913 3332 1041 3383 Date
1078 3336 1124 3382 et
1152 3326 1357 3380 dabitur
1396 3326 1562 3388 vobis,
1607 3325 1840 3375 dimittite
1874 3333 1917 3375 et
1948 3324 2230 3374 dimittetur

708 3422 991 3484 vobis‘getc.
1034 3417 1168 3469 Ecce
1194 3414 1370 3468 dixisti
1410 3421 1462 3466 te
1494 3427 1590 3465 nec
1616 3411 1943 3463 abundanter
1970 3410 2227 3461 frumenta

702 3508 971 3575 colligere,
987 3504 1125 3558 unde
1146 3503 1339 3556 victum
1357 3508 1447 3553 aut
1465 3500 1707 3553 vestitum
1727 3498 1896 3566 possis
1913 3497 2228 3564 pauperibus

708 3597 855 3658 dare,
881 3608 977 3647 nec
1001 3590 1245 3660 iniuriam
1279 3588 1556 3651 sustinere,
1593 3601 1748 3655 quam
1783 3585 2009 3637 inimicis
2034 3584 2228 3636 debeas

706 3680 1012 3750 indulgere:
1058 3687 1114 3734 et
1155 3677 1273 3731 ideo
1315 3676 1521 3731 dubitas
1561 3674 1698 3741 quod
1726 3689 1829 3726 non
1870 3674 2063 3725 habeas
2090 3673 2227 3726 unde

680 3819 684 3824 .
706 3767 879 3836 possis
897 3772 1108 3834 peccata
1129 3771 1217 3833 tua
1248 3763 1521 3816 redimere.
1564 3760 1756 3826 Accipe
1779 3774 1904 3828 ergo
1927 3767 1980 3811 et
2007 3760 2227 3811 fideliter

708 3863 833 3910 tene
848 3852 1152 3923 praeclarum
1173 3865 1235 3905 ac
1255 3848 1569 3919 prtecipuum
1594 3847 1805 3901 tertium
1822 3860 1985 3915 genus
2004 3845 2226 3898 eleemo—

711 3940 977 4011 synarum.
993 3939 1072 3994 Sit
1091 3939 1212 3992 vita:
1231 3938 1366 3991 bona
1387 3935 1627 3989 voluntas
1647 3951 1660 3984 :
1683 3947 1864 3986 onmes
1888 3932 2121 3984 homines
2147 3933 2225 3984 di-

709 4030 815 4100 lige
855 4029 990 4082 sicut
1026 4027 1283 4094 teipsum:
1328 4038 1425 4093 pro
1467 4019 1708 4076 omnibus
1745 4035 1875 4073 ora:
1913 4028 1966 4071 et
2002 4019 2103 4071 hoc
2127 4018 2225 4071 illis

713 4116 949 4172 desidera
966 4113 1104 4182 quod
1123 4121 1175 4165 et
1194 4112 1307 4175 tibi,
1321 4118 1375 4163 et
1391 4109 1646 4163 clamatur
1662 4106 1754 4159 tibi
1780 4106 1845 4160 ab
1868 4105 2063 4173 angelis
2081 4122 2093 4155 :
2111 4103 2227 4157 Pax

665 4260 675 4263 ν
712 4200 998 4257 hominibus
1037 4199 1179 4253 bant:
1222 4197 1507 4251 voluntatis.
1552 4196 1617 4249 Et
1642 4194 1767 4262 quia
1808 4193 1944 4274 bona
1986 4192 2225 4245 voluntas

715 4289 826 4358 ipsa
851 4297 937 4342 est
962 4287 1209 4349 cbaritas,
1238 4286 1282 4338 si
1311 4284 1449 4337 illam
1476 4282 1667 4337 habere
1705 4282 1950 4344 volueris,
1979 4280 2224 4348 impletur

713 4375 769 4427 in
790 4382 838 4427 te
861 4374 996 4442 quod
1014 4372 1262 4438 scriptum
1286 4377 1393 4422 est:
1415 4366 1650 4421 Charitas
1670 4368 1827 4435 operit
1850 4367 2219 4419 multitudinem

712 4468 1046 4528 peccatorum.
1076 4458 1310 4526 Agnosee
1333 4469 1455 4524 ergo
1478 4454 1598 4522 quia
1623 4452 1825 4507 sublata
1846 4461 1927 4506 est
1947 4454 2117 4506 omnis
2135 4468 2226 4506 exv

714 4546 915 4602 cuSatio
935 4554 1265 4612 peccatorum
1298 4543 1380 4596 vel
1423 4540 1765 4596 contradictio
1807 4547 1915 4591 tua.
1942 4538 2055 4591 Non
2084 4540 2221 4592 enim

714 4632 910 4703 poteris
931 4631 1103 4683 dicere
1130 4628 1265 4691 quod
1298 4629 1486 4681 bonam
1530 4626 1844 4678 voluntatem
1874 4626 2080 4699 habere
2120 4639 2225 4677 non

713 4717 914 4785 possis,
938 4716 1058 4784 quia
1079 4722 1251 4783 potest
1284 4713 1397 4766 fieri
1421 4711 1561 4780 quod
1605 4726 1708 4764 non
1748 4712 1910 4781 velis;
1957 4726 2223 4779 nunquam

718 4812 888 4856 tamen
913 4804 1134 4871 probare
1156 4802 1354 4870 poteris
1380 4801 1518 4868 quod
1544 4814 1643 4852 non
1680 4799 1867 4867 possis.
1903 4800 1969 4852 Et
1997 4800 2110 4851 ideo
2136 4802 2234 4871 be;

716 4887 900 4942 ncllcia
925 4895 978 4941 et
1005 4896 1110 4939 tam
1138 4886 1385 4953 pratclara
1412 4887 1794 4955 medicamenta.
1817 4886 2017 4938 Domini
2036 4894 2089 4937 et
2111 4886 2227 4939 Sal-

716 4973 912 5026 vatoris
932 4972 1099 5041 nostri
1128 4985 1229 5024 non
1250 4971 1584 5040 negligenter,
1609 4972 1698 5025 sed
1725 4971 1945 5025 fideliter
1967 4974 2223 5041 accipere,

711 5070 771 5114 et
795 5060 1051 5113 custodire
1071 5073 1188 5112 cum
1220 5059 1381 5125 ipsius
1404 5057 1658 5124 adiutorio
1683 5045 2007 5114 laboremus:
2040 5070 2095 5112 ut
2122 5077 2224 5134 non

688 5144 1279 5218 ‘solumindulgentiam
1303 5152 1633 5211 peccatorum
1658 5147 1893 5212 accipere
1910 5186 1924 5208 ,
1952 5146 2043 5200 sed
2066 5147 2224 5200 etiam

716 5233 786 5286 ad
810 5239 1005 5285 (eterna
1031 5244 1324 5285 mereamur
1345 5232 1554 5298 praemia
1584 5233 1871 5299 pervenire.
1904 5253 1922 5284 ι
1962 5222 2031 5273 -έ
2049 5232 2105 5286 ln
2134 5235 2228 5286 ho—

717 5316 862 5370 milia
888 5314 989 5370 58:
1035 5334 1053 5367 ι
1098 5315 1274 5368 Prima
1317 5316 1557 5370 remissio
1595 5324 1676 5370 est
1717 5325 2077 5386 peccatorum,
2124 5332 2227 5385 qua

719 5402 1045 5469 baptizamur
1067 5402 1123 5455 in
1145 5415 1297 5470 aqua,
1334 5401 1614 5457 secundum
1654 5402 1777 5457 illud
1807 5391 1943 5479 quod
1976 5405 2227 5471 scriptum

721 5496 838 5542 est:
868 5488 996 5542 Nisi
1017 5490 1129 5558 quis
1159 5497 1360 5543 renatus
1393 5489 1541 5556 fuerit
1570 5505 1631 5541 ea:
1653 5506 1785 5557 aqua
1811 5500 1859 5543 et
1884 5490 2100 5557 Spiritu,
2128 5505 2227 5543 non

714 5584 878 5643 potest
902 5576 1075 5631 videre
1098 5589 1298 5645 regnum
1324 5574 1437 5629 Dei.
1468 5575 1705 5631 Secunda
1735 5577 1970 5630 remissio
1996 5583 2076 5630 est
2097 5576 2225 5631 cha-

2325 1917 2445 1981 qnid
2472 1916 2562 1966 tibi
2600 1914 2821 1967 deterius
2850 1916 3125 1984 contingat.
3158 1913 3362 1984 0cm
3390 1918 3629 1971 remissio
3666 1929 3749 1973 est
3774 1922 3846 1972 in-

2328 1924 2445 1981 quid
2472 1924 2561 1966 tibi
2600 1924 2821 1967 deterius
2850 1924 3125 1984 contingat.
3158 1924 3229 1968 Ue
3308 1932 3319 1940 '
3390 1924 3629 1971 remissio
3666 1929 3749 1973 est
3774 1924 3845 1972 in-

2328 2004 2576 2083 tercessio
2603 2010 2920 2069 sanctorum,
2948 2012 3007 2055 ut
3029 2011 3109 2056 est
3134 1924 3518 2144 “low:
3539 2007 3845 2074 inﬁrmatur,

2328 2090 2531 2140 inducat
2559 2089 2868 2144 presbyteros
2895 2087 3135 2143 Ecclesia:
3162 2100 3209 2144 et
3231 2099 3373 2144 orent
3394 2108 3456 2144 nr
3510 2109 3591 2144 eo.
3620 2094 3689 2144 Et
3716 2096 3844 2144 mut-

2327 2078 2531 2140 inducat
2555 2089 2868 2158 presbyteros
2895 2087 3135 2143 Ecclesia:
3162 2100 3209 2144 et
3231 2099 3373 2144 orent
3393 2078 3486 2161 p3)
3510 2109 3591 2146 eo.
3620 2094 3689 2146 Et
3716 2096 3844 2147 mal-

2326 2185 2431 2227 tum
2456 2175 2584 2228 valet
2609 2176 2744 2244 apud
2782 2176 3057 2229 Dominum
3083 2177 3252 2231 oratio
3277 2178 3409 2246 justi
3443 2180 3674 2233 assidua.
3705 2181 3844 2233 Noua

2328 2267 2565 2319 remissio
2605 2274 2687 2319 est
2728 2266 3084 2320 misericordia
3114 2266 3230 2320 fidei
3269 2268 3534 2334 meritum,
3563 2270 3843 2322 secundum

2326 2352 2446 2412 hoc,
2476 2351 2622 2404 Beati
2646 2351 3014 2415 misericordes,
3052 2354 3291 2421 quoniam
3318 2354 3415 2419 ipsi
3447 2356 3844 2408 misericordiam

2327 2450 2707 2507 consequentur.
2726 2439 2934 2491 Decima
2957 2441 3214 2504 remissio,
3234 2442 3373 2495 salus
3396 2442 3845 2507 aliorumJaeol‘o

2328 2524 2560 2591 apostolo
2587 2523 2909 2578 affirmante:
2950 2525 3050 2589 Qui
3071 2530 3288 2580 converti
3326 2528 3503 2596 fecerit
3538 2541 3845 2599 peccatorem

2327 2611 2389 2663 ab
2419 2627 2588 2665 errore
2624 2614 2714 2665 cite
2735 2630 2860 2676 sua',
2893 2613 3105 2667 salt-abit
3127 2615 3353 2669 animum
3390 2617 3501 2687 ejus
3533 2630 3772 2683 amorte,
3801 2632 3844 2673 ct

2327 2694 2588 2760 cooperiet
2632 2695 3005 2749 multitudinem
3049 2706 3387 2765 peccatorum.
3438 2699 3724 2755 Undecima
3769 2720 3847 2754 rc.

2327 2781 2509 2833 missio
2540 2789 2622 2835 est
2662 2782 2977 2851 indulgentia
3014 2791 3067 2837 et
3095 2794 3274 2838 nostra
3315 2786 3584 2851 remissio,
3618 2790 3845 2844 Veritate

2326 2871 2686 2935 permittente:
2707 2870 2974 2936 Dimittite,
2997 2881 3045 2924 et
3068 2872 3347 2926 dimittetur
3361 2875 3515 2927 vobis.
3534 2875 3844 2932 Duodecimn

2328 2961 2566 3015 remissio
2594 2971 2681 3016 est
2702 2963 2873 3031 passio
2904 2965 3160 3033 martyrii,
3182 2980 3274 3032 spe
3312 2966 3462 3020 unica
3487 2968 3670 3021 saluzis
3696 2978 3749 3022 et
3772 2972 3845 3022 in-

2325 3048 2620 3119 dulgcnz‘ize,
2660 3061 2713 3105 et
2750 3051 2936 3105 latroni
2967 3058 3181 3105 cruento
3212 3054 3555 3120 respondente
3597 3055 3845 3120 Domino,

2252 3121 2300 3183 C
2328 3137 2507 3201 Amen,
2535 3138 2648 3189 dico
2678 3137 2788 3200 tibi,
2816 3139 2964 3190 hodie
2990 3155 3185 3191 mecum
3212 3140 3310 3193 eris
3332 3140 3383 3193 in
3409 3142 3670 3210 paradiso.
3707 3164 3724 3195 I

2393 3224 2589 3293 Eligius
2610 3224 2968 3279 Noviomensis
2993 3227 3043 3279 in
3068 3227 3281 3280 ltomilia
3305 3225 3339 3278 4
3365 3246 3376 3279 :
3412 3247 3428 3277 ε
3467 3228 3522 3283 Si
3549 3231 3686 3283 enim
3714 3233 3847 3285 inter

2326 3327 2417 3365 vos
2445 3313 2602 3381 aliqui
2625 3323 2739 3367 sunt
2767 3315 2949 3382 ,"iguod
2977 3314 3133 3376 absit,
3171 3305 3258 3381 qui
3290 3330 3344 3368 se
3371 3316 3471 3368 huc
3495 3332 3659 3385 usque
3682 3322 3847 3388 pecni-

2325 3402 2539 3453 tentiam
2557 3416 2710 3468 agere
2731 3403 3085 3455 simulaverint
3106 3404 3278 3469 potius
3295 3418 3452 3471 quam
3482 3420 3605 3458 vere
3625 3408 3842 3476 egerint,

2326 3503 2494 3554 neque
2538 3489 2652 3542 istis
2694 3490 2756 3542 de
2791 3490 2882 3542 Dei
2927 3490 3282 3544 misericordia
3323 3491 3702 3559 desperandum
3730 3511 3844 3548 esse.

2323 3574 2577 3639 dicimus,
2622 3577 2665 3629 si
2709 3578 2860 3629 hodie
2903 3576 3059 3630 etiam
3092 3578 3156 3631 ad
3185 3578 3354 3646 ipsum
3397 3579 3584 3632 saltem
3629 3596 3695 3633 ex
3738 3593 3844 3635 toto

2324 3665 2478 3717 corde
2502 3673 2891 3727 convertantur,
2924 3666 3056 3733 apud
3079 3681 3231 3733 quem
3253 3666 3421 3720 nullas
3446 3669 3642 3736 patitur
3670 3685 3843 3724 moras

2323 3766 2445 3803 vera
2470 3752 2770 3812 conversio,
2799 3753 3002 3804 dicente
3036 3750 3231 3819 Spiritu
3262 3753 3350 3806 Dei
3379 3768 3473 3820 per
3497 3756 3802 3822 prophetam
3827 3775 3837 3806 :

2321 3837 2450 3892 Cum
2471 3854 2752 3893 conversus
2771 3840 3106 3908 ingemueris,
3128 3848 3251 3893 tunc
3271 3841 3445 3894 salvus
3462 3844 3603 3895 eris:
3625 3853 3678 3897 et
3700 3846 3839 3905 alibi,

2322 3925 2415 3978 Dic
2439 3932 2492 3977 tu
2515 3925 3139 4013 iniquitatesttiasprier,
3161 3934 3220 3977 ut
3234 3924 3569 3992 justificeris:
3593 3930 3836 4000 itemque,

2321 4014 2441 4079 quia
2489 4015 2623 4081 apud
2668 4014 2941 4067 Dominum
2982 4014 3340 4068 misericordia
3382 4016 3528 4089 ejus,
3556 4028 3610 4071 et
3634 4021 3838 4088 copiosa

2321 4100 2456 4166 apud
2475 4113 2591 4152 eum
2614 4100 2914 4167 redemptio.
2940 4098 3170 4167 Denique
3194 4101 3459 4168 multiplex
3488 4103 3835 4159 misericordia

2321 4184 2450 4251 ejus,
2480 4186 2546 4239 ad
2573 4187 2924 4255 expiationem
2952 4187 3257 4249 criminum,
3294 4187 3608 4257 multiplices
3643 4191 3837 4246 fructus

2321 4274 2468 4326 nobis
2492 4261 2806 4341 pmnitentiaa
2827 4274 3071 4327 contulit:
3104 4290 3205 4327 non
3227 4276 3365 4328 enim
3391 4283 3593 4329 tantum
3621 4280 3835 4347 simplici

2325 4361 2411 4412 illo
2446 4362 2762 4427 pmnitentjte
2805 4362 3014 4413 nomine
3055 4362 3195 4414 salus
3218 4370 3413 4415 acterna
3440 4366 3834 4430 repromittitur.

2325 4446 2391 4499 de
2416 4461 2521 4514 quo
2547 4445 2810 4512 apostblus
2830 4444 3021 4498 Petrus
3044 4465 3056 4497 :
3096 4445 3423 4500 Poenitemini
3450 4447 3613 4516 igitur
3643 4460 3695 4503 et
3722 4468 3835 4505 cou-

2326 4533 2657 4612 \‘Cl’llllllﬂilﬂ
2676 4532 3168 4600 delcanturpeccata
3179 4542 3373 4587 vestra.
3388 4533 3688 4591 EtJoannes
3713 4537 3834 4605 Bap.

2326 4604 2445 4676 tista
2462 4604 2851 4675 :Paznitcntiam
2872 4623 3023 4689 agite,
3039 4622 3454 4692 appropinquabit
3474 4627 3607 4679 cnim
3635 4604 3832 4696 regnant

2324 4710 2579 4763 cmlorum.
2632 4707 2737 4762 Sed
2777 4711 2934 4762 etiam
2978 4709 3035 4760 fit
3081 4710 3335 4763 absolutio
3372 4722 3705 4780 peccatorum
3748 4731 3833 4783 per

2326 4788 2592 4850 charitatis
2612 4795 2872 4857 affectum,
2894 4810 2989 4863 per
3006 4796 3452 4865 ele'emosynarum
3482 4800 3727 4865 fructum,
3749 4820 3832 4871 per
3860 4856 3871 4865 κ

2322 4883 2674 4952 profusionem
2719 4885 3089 4952 lacrymarum,
3119 4899 3213 4954 per
3244 4885 3623 4942 confessionem
3661 4872 3828 4945 crimi-

2286 5036 2299 5047 .
2322 4985 2466 5031 num,
2488 4986 2582 5039 per
2600 4971 2775 5025 cordis
2793 4980 2845 5024 et
2862 4972 3099 5039 corporis
3115 4971 3462 5037 aﬂlictionem,
3479 4979 3829 5045 prmcipueque

2320 5074 2416 5125 per
2439 5073 2641 5111 morum
2661 5059 3074 5112 emendationem
3100 5077 3114 5111 :
3143 5059 3401 5114 interdum
3426 5063 3584 5115 etiam
3607 5078 3702 5131 per
3721 5080 3829 5117 san-

2320 5153 2521 5197 ctorum
2544 5144 2991 5209 intercessionem,
3018 5160 3114 5212 per
3138 5145 3510 5215 indulgentiam
3546 5163 3749 5216 quoque
3774 5166 3829 5202 ac

2324 5230 2682 5291 remissionem
2707 5239 2939 5284 nostram
2974 5244 3076 5297 qua
3102 5232 3441 5299 peccantibus
3468 5232 3522 5284 in
3548 5247 3646 5287 nos
3668 5234 3828 5288 dimit-

2317 5319 2513 5385 timus:
2543 5319 2731 5385 quibus
2755 5319 2996 5373 omnibus
3020 5319 3190 5373 modis
3220 5318 3417 5372 aboleri
3452 5334 3607 5389 posse
3629 5334 3827 5390 peccata

2326 5402 2499 5456 divina
2540 5404 2688 5457 testis
2724 5412 2808 5457 est
2844 5403 3130 5471 Scriptura.
3175 5401 3305 5458 Cum
3342 5419 3467 5473 ergo
3509 5407 3829 5478 indulgentia:

2328 5489 2496 5542 aditus
2528 5490 2676 5543 nobis
2701 5491 2954 5545 salutares
3000 5490 3090 5542 Dei
3129 5492 3292 5545 nostri
3311 5494 3540 5561 potentia
3566 5492 3828 5548 inctl'abilis

2328 5578 2666 5645 patefecerit,
2710 5579 2825 5646 quis
2871 5579 3032 5633 miser
3077 5581 3487 5637 misericordiam
3524 5592 3581 5637 et
3620 5584 3827 5639 salutem
