3974 6406
228 450 251 501 1
263 449 374 502 2‘29

1045 457 1132 508 ΔΒ
1167 457 1328 511 ΟΜΝΙ
1365 457 1719 512 NOVITATIS
1757 458 2144 512 SUSPICIONE
2179 461 2552 515 VINDICATA.

3218 475 3358 530 1230

219 537 558 597 desiderans,
599 539 959 606 desperatione
985 541 1156 609 aliqua
1183 543 1474 612 frangatur,
1518 561 1634 596 cum
1683 545 1746 595 ad
1775 549 1818 600 Δ
1849 545 2042 596 ritusve
2087 546 2427 599 confessionis
2471 548 2697 610 cdendm,
2741 552 3158 621 pmnitentizeque
3204 558 3364 624 impo-

217 624 437 675 veniam
461 625 619 676 etiam
656 625 1026 691 multiplicibus
1052 629 1294 681 remediis
1318 631 1604 682 invitetur?
1635 652 1651 680 ι

294 709 704 785 ιζωθωνιίοηοε
732 712 890 779 igitur
913 714 1335 778 pmnitentiarnm
1367 716 1546 781 quales
1575 718 1752 783 legun-

218 803 319 848 tur
338 796 434 848 sub
458 797 666 850 nomine
682 797 945 850 Theodori
968 800 1091 852 etin
1119 801 1466 854 Ptenitentiali
1495 802 1748 866 Romano,

215 884 441 950 optima:
479 892 602 936 sunt
643 893 695 936 et
728 885 1121 953 antiquissima),
1168 904 1299 956 quas
1322 899 1381 942 ut
1413 899 1532 958 pote
1570 891 1752 944 Patres

214 971 434 1038 antiqui
480 973 534 1024 in
571 969 856 1038 Scripturis
887 977 1080 1027 sanctis
1123 976 1314 1043 ubique
1355 993 1470 1030 esse
1505 979 1752 1045 probatas

212 1058 528 1111 ostendunt.
560 1059 732 1124 Quare
761 1075 792 1112 a
828 1074 952 1113 vero
976 1062 1193 1114 multum
1232 1065 1494 1117 aberravit
1519 1065 1566 1117 J.
1599 1066 1754 1117 Mori-

214 1161 331 1199 nus
358 1146 448 1212 qui
473 1160 564 1198 eas
588 1146 865 1214 vituperat,
891 1155 945 1199 et
969 1151 1238 1202 contendit
1264 1152 1327 1203 de
1355 1151 1419 1203 iis
1443 1151 1636 1203 nullum
1673 1164 1750 1205 te-

213 1232 536 1285 stimonium
557 1233 870 1300 octingentis
893 1243 946 1287 et
966 1235 1161 1304 aliquot
1181 1239 1332 1289 annis
1353 1239 1616 1306 antiquius
1633 1252 1754 1307 pro-

213 1318 357 1372 ferri
398 1333 571 1386 posse.
603 1319 714 1372 Etsi
744 1334 870 1388 ergo
909 1322 1288 1390 redemptiones
1327 1325 1751 1389 pmnitentiarum

213 1407 327 1460 sub
361 1408 572 1460 nomine
598 1407 855 1460 Theodori
875 1409 1202 1463 solummodo
1232 1411 1520 1473 retulerim,
1545 1428 1645 1464 non
1671 1413 1750 1464 af-

215 1493 488 1546 ﬁrmando
521 1495 586 1546 ad
614 1493 777 1562 ipsius
804 1495 1165 1548 Poenitentiale
1189 1498 1454 1564 pertinere
1469 1515 1489 1550 .:
1521 1507 1750 1552 attamen

214 1579 463 1632 rationes
487 1571 678 1645 quibus
699 1578 749 1632 J.
781 1579 1010 1634 Morinus
1044 1583 1110 1636 ad
1145 1583 1194 1634 id
1231 1586 1521 1652 negandum
1552 1586 1716 1637 utitur
1735 1623 1750 1647 ,

211 1663 420 1717 nullius
441 1679 558 1717 esse
585 1664 831 1731 ponderis
859 1667 1048 1718 merito
1071 1668 1281 1735 quidem
1314 1683 1377 1721 ac
1396 1667 1516 1734 jure
1539 1670 1749 1722 conclu-

213 1753 351 1805 dere
376 1767 612 1819 possum.

835 1858 1057 1914 CAPUT
1091 1860 1156 1913 Χ.

209 1965 638 2027 Demean-amr,
664 1965 917 2019 aloanne
959 1968 1160 2021 Marino
1202 1985 1302 2021 non
1335 1982 1495 2023 certas
1533 1973 1771 2023 rationes-

282 2044 336 2167 ἵε
363 2049 521 2111 .oeras
564 2049 747 2086 causas
792 2033 1157 2088 Paenitentiam
1214 2037 1462 2089 Theodori
1501 2041 1753 2106 expositas

315 2116 476 2153 aue.

315 2116 476 2153 true.

283 2224 440 2279 Nunc
472 2240 823 2294 proponamus
845 2243 1083 2296 qumnam
1112 2229 1216 2283 sint
1252 2232 1483 2284 rationes
1511 2240 1562 2284 et
1583 2249 1753 2286 causae

205 2327 240 2364 a
266 2310 323 2365 J.
354 2312 558 2365 Marino
585 2309 754 2366 allatae
779 2316 841 2367 de
881 2314 1233 2369 Pmnitentiali
1281 2315 1535 2371 Theodori
1583 2322 1753 2372 archi-

204 2399 453 2467 episcopi
481 2399 872 2454 Cantuariensis
919 2419 938 2450 (
971 2403 1181 2464 Verum,
1206 2405 1372 2470 inquit
1396 2406 1448 2458 in
1468 2408 1753 2474 appendice

209 2485 309 2538 lib.
346 2479 415 2538 de
441 2484 773 2548 Pmnitentia,
808 2488 861 2539 in
905 2487 1116 2542 Oriente
1153 2499 1204 2543 et
1241 2491 1520 2547 Occidente
1549 2496 1754 2561 tempo-

209 2573 371 2627 ribus
397 2573 676 2636 adnotatis,
706 2583 899 2628 mutata
927 2577 1217 2645 disciplina,
1249 2594 1333 2633 res
1369 2581 1523 2634 aliter
1562 2598 1618 2635 se
1657 2585 1751 2636 ba-

207 2661 352 2715 buit.
384 2659 516 2714 Tum
559 2662 700 2715 enim
739 2659 1022 2716 'criminum
1061 2681 1490 2736 quorumcunque
1522 2671 1753 2723 occulto-

209 2762 335 2798 rum
367 2735 676 2814 pmnitentia
713 2757 915 2803 secreto
959 2752 1201 2818 imposita
1243 2764 1342 2814 est,
1373 2735 1427 2807 et
1454 2771 1515 2808 ea
1547 2767 1750 2810 secreto

205 2841 452 2901 peracta,
479 2843 685 2888 secreto
709 2851 914 2904 quoque
944 2841 1296 2894 reconciliatio
1321 2843 1458 2905 facta
1492 2853 1590 2897 est.
1630 2847 1749 2900 Ideo

203 2921 376 2975 etiam
403 2922 726 2988 pauitantia:
753 2924 903 2977 istius
923 2927 1188 2980 canonica:
1217 2929 1495 2995 impositio,
1522 2939 1576 2984 et
1593 2947 1749 2986 cano-

211 2995 335 3059 nica
361 3015 480 3074 post
501 3016 766 3076 peractam
800 3010 937 3063 illam
963 3015 1612 3088 pmnitentiamabsolutio
1636 3020 1748 3087 qui-

209 3096 421 3164 busque
465 3098 784 3166 presbyteris
831 3102 1080 3167 permissa
1126 3103 1242 3155 fuit.
1289 3104 1368 3157 Ab
1411 3120 1476 3160 eo
1511 3103 1814 3176 tempore'c
1843 3143 1873 3181 ε

203 3182 502 3249 iudicatum
528 3193 609 3238 est
633 3199 859 3240 canones
882 3205 983 3242 non
1008 3191 1261 3257 suilieere,
1292 3195 1381 3246 sed
1406 3195 1609 3251 libellos
1627 3213 1745 3252 esse

211 3268 608 3336 componendos
649 3270 707 3322 in
739 3273 928 3338 quibus
974 3276 1254 3344 unicuique
1297 3289 1515 3344 peccato
1557 3286 1744 3337 conve-

211 3355 367 3406 niens
392 3365 535 3407 esset
577 3357 839 3426 a'ssignata
882 3361 1226 3426 pcenitentia:
1275 3365 1325 3416 in
1351 3368 1638 3421 canonibus
1677 3371 1743 3424 ad

210 3439 355 3492 hunc
382 3439 540 3491 finem
585 3443 745 3494 multa
774 3459 1068 3511 superesse,
1096 3449 1256 3501 multa
1294 3449 1494 3505 deesse.
1547 3453 1742 3520 Super-

209 3533 335 3576 sunt
364 3539 614 3589 canones,
663 3528 870 3595 plurimi
914 3531 1130 3594 scilicet,
1182 3535 1270 3601 qui
1315 3536 1378 3589 de
1422 3540 1743 3604 ptenitentiis

201 3611 523 3664 criminibus
551 3613 875 3679 imponendis
918 3617 1071 3669 verba
1119 3634 1220 3670 non
1267 3621 1480 3683 faciunt,
1521 3640 1741 3691 quorum

207 3711 466 3750 numerus
488 3697 646 3750 alium
671 3699 821 3766 longe
860 3713 1087 3769 superat.
1117 3705 1218 3759 Sed
1247 3708 1298 3759 in
1328 3710 1393 3761 iis
1419 3711 1569 3780 longe
1594 3715 1741 3780 plura

207 3785 419 3837 desunt.
457 3785 496 3837 l.
544 3785 782 3842 Canones
825 3804 962 3858 smpe
989 3793 1052 3845 de
1092 3808 1196 3847 uno
1225 3804 1277 3846 et
1304 3798 1483 3869 eodem
1521 3802 1741 3855 crimine

209 3873 566 3927 diversimode
603 3876 854 3930 definiunt
899 3896 912 3930 :
953 3881 1232 3935 diversitas
1263 3893 1434 3938 autem
1472 3888 1570 3939 ista
1618 3891 1741 3941 sim-

207 3962 376 4028 plices
403 3964 742 4031 presbyteros
781 3968 844 4019 ad
893 3984 1023 4036 quos
1067 3972 1268 4036 privata
1310 3973 1394 4026 illa
1423 3977 1741 4042 paenitentiae

210 4047 480 4115 impositio
523 4049 766 4116 pertinet,
813 4051 962 4105 facile
1003 4058 1287 4122 perturbat.
1317 4059 1510 4114 Deinde
1544 4062 1742 4116 incom-

213 4135 426 4188 modum
453 4143 538 4187 est
562 4145 616 4188 et
655 4131 792 4191 bono
829 4132 1065 4208 regimini
1111 4131 1387 4200 adversum
1427 4150 1644 4201 crimina
1688 4152 1739 4204 in

207 4220 399 4271 eadem
431 4221 698 4286 provincia
725 4224 944 4278 diversis
969 4228 1134 4280 modis
1159 4219 1349 4296 puniri,
1378 4234 1460 4285 bis
1488 4234 1624 4287 hunc
1646 4251 1738 4288 ca-

213 4319 404 4359 nonem
432 4309 793 4375 sequentibus,
822 4312 936 4365 istis
959 4314 1135 4368 alium.
1162 4316 1226 4368 ll.
1250 4317 1628 4387 Nonnunquam
1653 4337 1739 4376 ca-

1853 632 2054 692 nendaa,
2075 641 2129 683 et
2150 633 2581 686 receneiliationis
2607 638 2908 701 praestanda:
2933 653 3033 690 non
3056 642 3369 696 edisseruer

1849 715 1932 766 IV.
1965 716 2354 770 Admonitiones
2379 729 2432 770 et
2479 721 2864 774 exhortationes
2899 725 3263 780 confitentibus
3293 728 3368 779 fa-

1849 800 2081 862 ciendas,
2116 816 2398 869 eorumque
2425 805 2489 856 de
2531 806 2809 859 virtutibus
2833 816 2885 861 et
2908 810 3048 861 vitiis
3068 812 3363 866 instructio-

1851 899 1970 936 nem
1993 901 2097 938 non
2120 894 2409 942 continent.
2447 890 2506 941 ν.
2538 889 2675 944 Sunt
2704 896 2863 946 multa
2889 896 3104 949 crimina
3125 901 3370 965 specialia
3417 902 3424 935 ῖ

1849 971 2035 1037 quibus
2056 987 2284 1027 canones
2310 977 2671 1042 paenitentiam
2706 993 2808 1032 non
2831 981 3119 1048 imponunt,
3147 998 3366 1051 quorum

1850 1067 2020 1108 tamen
2045 1061 2401 1125 pmnitentiam
2434 1064 2602 1115 visum
2644 1073 2726 1117 est
2754 1067 2928 1120 multis
2973 1069 3230 1137 episcopis
3269 1086 3371 1124 non

1849 1157 1964 1194 esse
1990 1144 2302 1211 simplicium
2328 1148 2750 1215 presbyterorum
2795 1152 3012 1205 arbitrio
3043 1157 3376 1225 committen-

1849 1229 1988 1280 dam.
2013 1231 2191 1296 ltaque
2210 1241 2480 1299 postquam
2503 1235 2779 1287 criminum
2799 1239 3030 1290 omnium
3048 1240 3370 1293 occultorum

1847 1327 2000 1380 parua
2048 1318 2376 1383 quibuslibet
2409 1321 2729 1390 presbyteris
2765 1337 3012 1378 concessa
3057 1335 3154 1385 est,
3210 1328 3371 1380 libelli

1848 1403 2232 1468 pcenitentiales
2259 1416 2450 1474 praeter
2469 1424 2694 1462 canones
2718 1412 2911 1464 conditi
2939 1421 3084 1479 sunt,
3107 1417 3158 1469 in
3187 1418 3375 1483 quibus

1850 1490 1964 1542 haec
1993 1493 2171 1544 omnia
2199 1494 2445 1546 distincte
2491 1497 2542 1548 in
2592 1498 2904 1565 simplicium
2945 1503 3374 1570 presbyterorum

1849 1580 2067 1645 gratiam
2096 1589 2150 1634 et
2170 1585 2520 1635 necessariam
2549 1587 2942 1641 instructionem
2968 1595 3368 1655 enarrabantur,

1838 1674 1905 1733 \ut
1935 1667 2357 1732 paenitentiarum
2388 1670 2813 1736 imponendarum
2837 1672 3005 1728 ofﬁcio
3027 1677 3231 1746 defungi
3256 1693 3372 1745 pos-

1847 1762 1982 1803 sent.
2011 1753 2178 1805 Antea
2224 1763 2396 1808 autem
2431 1757 2482 1808 id
2511 1773 2614 1809 non
2644 1767 2760 1812 erat
2803 1759 2876 1812 ita
2912 1763 3283 1826 necessarium,
3309 1779 3374 1818 eo

1780 1831 1824 1886 Β
1850 1839 1986 1902 quod
2015 1840 2240 1905 plurium
2285 1843 2504 1895 istorum
2541 1845 2816 1898 criminum
2851 1847 3173 1913 penitentia:
3198 1859 3374 1902 essent

1847 1924 2088 1989 publicae,
2115 1935 2169 1978 et
2211 1929 2275 1980 ab
2311 1931 2569 1997 episcopis
2613 1932 2977 2001 primariisque
3019 1937 3376 1990 sacerdotibus
3404 1965 3416 1972 -

1851 2011 2127 2077 impositae,
2157 2016 2243 2079 qui
2271 2015 2425 2068 facile
2447 2027 2692 2083 poterant
2717 2035 2832 2087 qua:
2851 2024 3135 2077 canonibus
3161 2024 3376 2078 deerant

1849 2098 2105 2164 supplere.
2148 2100 2370 2154 Istorum
2418 2104 2708 2158 libellorum
2734 2108 3167 2174 pmnitentialium
3193 2112 3242 2163 in
3271 2109 3374 2167 0c-

1848 2182 2055 2238 cidente
2098 2193 2208 2239 tres
2250 2187 2462 2241 fuerunt
2495 2191 2839 2246 celeberrimi.
2880 2194 3133 2249 Omnium
3175 2198 3378 2265 primus

1849 2277 1956 2354 est"
1954 2270 2212 2354 Theodori
2241 2275 2632 2354 Cantuariensis
2657 2281 3052 2352 archiepiscOpi.
3075 2302 3095 2334 ο
3129 2320 3154 2354 ἦ

1917 2344 2331 2400 Fundamentum
2381 2353 2759 2420 praecipuarum
2807 2344 3069 2411 rationum
3104 2344 3153 2412 ιζ
3182 2360 3368 2415 Morini

1849 2433 2131 2498 propositio
2159 2443 2240 2487 cst
2285 2437 2432 2504 cujus
2477 2437 2754 2494 falsitatem
2803 2457 2957 2510 supra
3005 2453 3111 2498 tota
3152 2446 3370 2502 Patrum

1850 2518 2129 2571 traditione
2151 2535 2315 2588 usque
2343 2524 2406 2574 ad
2434 2523 2760 2578 Theodorum
2787 2527 3005 2582 deducta
3048 2530 3376 2586 demonstra-

1847 2604 2034 2656 vimus.
2089 2605 2444 2661 Fundamento
2496 2611 2654 2679 igitur
2697 2611 2806 2677 jam
2843 2628 3045 2679 everso,
3098 2619 3372 2688 praecipua:

1817 2705 2053 2757 .quoque
2103 2694 2335 2747 rationes
2385 2706 2652 2767 corruunt.
2703 2699 2960 2762 Quocirca
3007 2718 3108 2756 non
3168 2716 3374 2758 constat

1847 2784 2044 2828 mutata
2088 2777 2359 2845 disciplina
2397 2783 2876 2837 reconciliationem
2903 2795 2956 2839 et
2986 2789 3365 2846 absolutionem

1847 2864 2164 2929 quibuslibet
2192 2869 2508 2936 presbyteris
2550 2884 2667 2924 esse
2716 2874 3022 2940 permissam
3048 2892 3062 2940 ;
3088 2877 3198 2931 imo
3238 2892 3363 2932 con-

1846 2953 2066 3005 trarium
2091 2955 2282 3022 legitur
2306 2957 2359 3010 in
2385 2957 2736 3014 Pmnitentiali
2763 2962 2844 3015 his
2866 2964 3071 3018 verbis:
3101 2982 3119 3015 ι
3162 2965 3365 3019 Recon-

1845 3038 2042 3092 ciliatio
2067 3042 2430 3109 paenitendum
2457 3045 2514 3097 in
2552 3044 2940 3112 CaenaDomiui
2969 3058 3170 3105 tantum
3199 3062 3280 3106 est
3301 3055 3366 3110 ab

1874 3130 2087 3198 piscopo
2120 3141 2174 3186 et
2195 3145 2551 3188 consummata
2571 3139 2896 3205 paenitentia.
2922 3139 2978 3193 Si
3012 3155 3137 3195 vero
3165 3143 3364 3209 episco-

1840 3217 1908 3284 po
1931 3216 2136 3272 ditﬁcile
2162 3221 2249 3281 sit,
2283 3223 2588 3291 presbytero
2615 3234 2804 3293 potest,
2832 3229 3160 3283 necessitatis
3177 3246 3354 3292 causa,

1838 3305 2073 3371 prmbere
2093 3316 2403 3372 potestatem
2425 3317 2484 3361 ut
2524 3310 2751 3378 impleat.
2784 3332 2801 3363 ι
2834 3313 2997 3378 Quam
3026 3315 3349 3384 disciplinam

1837 3398 1892 3442 et
1916 3405 2034 3442 cum
2059 3393 2369 3460 przeccdcnti
2397 3405 2448 3448 et
2468 3398 2798 3463 subsequenti
2819 3401 3030 3453 omnino
3053 3403 3354 3465 convenire,

1838 3481 2143 3535 certissimis
2168 3485 2476 3538 testimoniis
2503 3487 2553 3538 in
2585 3489 2720 3539 notis
2763 3489 3156 3544 declaravimus.
3194 3491 3348 3544 Deni-

1838 3579 1939 3632 que
1965 3566 2239 3619 diversitas
2265 3569 2566 3634 disciplima,
2597 3587 2697 3638 qua
2733 3572 2781 3624 1.
2828 3573 3054 3626 Morinus
3091 3577 3360 3628 existima-

1837 3653 1912 3703 vit
1956 3653 2215 3720 simplices
2262 3657 2591 3722 presbyteros
2641 3673 2793 3724 posse
2837 3659 2990 3712 facile
3037 3664 3354 3727 perturbari,

1838 3752 1939 3790 non
1968 3753 2027 3791 ea
2054 3749 2134 3792 est
2158 3741 2289 3792 ratio
2310 3756 2424 3808 quae
2449 3743 2775 3797 Theodorum
2803 3748 2964 3799 movit
2990 3748 3055 3799 ad
3091 3748 3350 3802 Paeniten-

1837 3825 1957 3876 tiaie
1983 3840 2132 3876 suum
2174 3829 2581 3893 cOmponendum
2605 3844 2620 3890 ;
2651 3840 2767 3881 eum
2796 3841 3021 3884 econtra
3048 3834 3243 3887 variam
3276 3843 3352 3889 to-

1837 3910 1941 3960 tius
1964 3910 2208 3964 Ecclesia:
2237 3921 2342 3964 tam
2373 3912 2651 3968 Orientalis
2679 3930 2832 3982 quam
2860 3916 3204 3972 Occidentalis
3230 3910 3350 3986 pro-

1873 4005 2018 4048 onat.

1873 4011 2018 4048 Ottat.

1837 4011 1870 4062 Ρ
1905 4073 2028 4137 Qua:
2047 4075 2219 4126 omnia
2241 4076 2485 4128 adversus
2501 4075 2547 4128 ι.
2573 4076 2845 4142 Morinum,
2870 4080 3014 4148 cujus
3035 4081 3134 4134 etsi
3153 4082 3348 4135 variam

1837 4159 2274 4226 multiplicemque
2318 4161 2658 4214 eruditionem
2696 4177 2796 4215 non
2835 4166 3030 4232 possim
3055 4181 3156 4219 non
3183 4168 3350 4235 suspi-

1836 4259 1976 4306 cere,
2009 4247 2232 4319 notanda
2283 4255 2452 4298 tamen
2488 4247 2714 4314 iudicavi
2745 4249 2855 4302 solo
2898 4251 3129 4303 veritatis
3172 4266 3348 4305 amore

1838 4331 2104 4398 impulsus,
2150 4340 2200 4384 et
2243 4333 2410 4386 studio
2447 4333 2625 4400 gloria
2672 4334 2928 4388 Theodori
2975 4337 3347 4405 archiepiscopi

209 4406 398 4448 nones
430 4395 754 4462 simplicibus
804 4401 1124 4472 presbyteris
1171 4407 1378 4461 obscuri
1429 4419 1567 4474 sunt,
1626 4413 1741 4465 ideo
1765 4392 1816 4449 D
1839 4392 2248 4479 Cantuariensis,
2279 4433 2306 4470 a
2330 4392 2725 4489 quo,'quantum
2751 4423 2916 4487 potui,
2942 4392 3342 4479 omnem-amori

214 4478 427 4532 clariori
465 4486 803 4550 expre'ssione
843 4490 1089 4558 indigent.
1137 4493 1218 4546 Ill.
1262 4511 1487 4551 canones
1529 4501 1737 4554 modum

1838 4510 2078 4562 novitatis
2110 4512 2472 4576 suspicionem.
