3974 6404
114 432 117 436 ’
206 451 355 505 res:

1176 452 1476 507 ASCARlCl
1515 418 1600 507 nr
1640 452 1972 506 russam
2012 448 2375 505 EPlSTOLE.

3207 438 3339 501 1234

203 572 349 625 pora
378 568 555 611 essent
578 598 591 620 ,
622 574 789 624 neque
813 558 1035 626 propriis
1056 574 1115 610 ea
1158 560 1342 613 vidisse
1370 560 1533 613 oculis
1554 552 1605 613 si
1628 560 1732 612 sint
1758 564 1803 618 Α
1897 556 1991 611 His
2020 558 2239 611 exemtis
2268 556 2450 609 salutis
2481 552 2653 607 officio
2679 552 2829 606 mitto
2867 560 2917 605 et
2944 552 3351 611 meminatiunes

208 646 275 698 in
300 646 411 700 suis
436 656 527 699 aut
554 662 657 699 non
694 646 800 699 sint
828 646 1096 713 sepulcris,
1128 646 1218 698 sed
1244 648 1514 714 antiquum
1548 648 1735 700 solum-

208 735 379 786 modo
408 735 470 787 de
500 742 711 801 patrum
751 735 911 786 vitam
940 734 1017 785 vel
1048 734 1242 785 obitum
1277 736 1480 802 genesis
1508 734 1735 801 proferat

208 823 459 874 storiam.
491 850 562 860 —
589 821 827 874 Nonnulli
869 836 990 873 vero
1027 823 1320 889 ignorantes
1350 825 1485 888 quod
1530 824 1736 875 intersit

208 910 364 961 inter
386 924 575 976 corpus
605 918 657 962 et
686 909 908 961 animam
932 902 1143 974 propter
1168 924 1383 975 corpora
1412 909 1614 961 animus
1638 909 1734 960 mi—

206 997 325 1047 seri
354 997 631 1049 adstruunt
656 996 933 1050 suscitatus
958 998 1023 1048 ob
1048 996 1171 1049 illud
1186 996 1326 1062 quod
1356 994 1600 1048 scribitur
1630 995 1729 1047 Do-

207 1086 422 1138 minum
465 1086 807 1139 momordisse
853 1083 1110 1138 infernum
1153 1094 1205 1137 et
1238 1085 1498 1151 justorum
1536 1090 1733 1134 tantum

207 1174 424 1225 animas
446 1173 647 1226 eruisse
670 1160 692 1235 ,I
717 1188 819 1226 non
847 1179 1194 1240 peccatorum.
1227 1171 1323 1223 Alii
1353 1180 1473 1223 sunt
1498 1172 1589 1237 qui
1614 1184 1735 1222 vera

209 1261 573 1313 rcsurrexisse
596 1261 813 1314 credunt
844 1275 1062 1327 corpora
1083 1300 1097 1323 ,
1130 1267 1183 1313 et
1208 1273 1267 1311 ea
1292 1260 1544 1311 hactenus
1564 1259 1739 1311 vihere

209 1346 505 1399 adfirmant
530 1348 619 1400 sed
647 1347 699 1399 in
722 1347 880 1401 coelis
911 1346 993 1399 illa
1023 1361 1138 1400 esse
1162 1347 1477 1406 abominant,
1512 1346 1638 1398 illud
1660 1360 1740 1398 sa-

208 1434 577 1499 cratissimum
613 1434 897 1488 obicientes
922 1433 1189 1486 oraculum
1227 1420 1577 1499 evangelicum
1608 1450 1619 1482 :
1651 1446 1740 1483 ne-

205 1534 304 1573 mo
330 1521 567 1573 ascendit
590 1520 643 1573 in
676 1519 875 1574 coelum
909 1521 1014 1572 nisi.
1050 1519 1137 1586 qui
1177 1519 1442 1572 descendit
1481 1518 1543 1571 de
1572 1518 1736 1579 coelo,

206 1605 357 1657 ﬁlius
398 1606 623 1659 hominis
656 1616 707 1661 et
742 1608 933 1659 nullius
966 1608 1191 1660 hominis
1219 1621 1333 1659 esse
1373 1605 1549 1659 dicunt
1587 1617 1739 1673 posse

207 1694 268 1745 in
298 1694 457 1747 coelis
477 1709 710 1758 carnem,
740 1696 839 1748 nisi
861 1696 1000 1748 illam
1030 1711 1183 1763 quam
1221 1704 1456 1762 paratam
1483 1696 1735 1748 Dominus

207 1779 461 1847 dignatus
506 1789 585 1834 est
628 1772 842 1835 induere
877 1784 1060 1835 salute.
1106 1784 1299 1835 Volunt
1335 1792 1387 1836 et
1414 1784 1497 1835 isti
1534 1784 1742 1837 adicere

1830 656 2128 698 sanctorum
2156 646 2343 697 vestris
2387 644 2550 696 sacris
2592 643 2803 695 auribus
2836 642 3006 709 pando
3030 681 3043 705 ,
3072 650 3123 695 et
3156 650 3216 694 ut
3242 657 3339 710 pro

1830 746 1911 784 me
1941 744 2091 782 orare
2111 730 2333 797 dignetis
2363 744 2517 795 rogo,
2546 738 2599 781 et
2624 736 2682 780 ut
2701 743 2811 781 mea
2839 726 3111 778 abluantur
3139 724 3343 791 piacula

1830 826 1882 869 et
1905 817 2094 869 liberer
2119 817 2183 868 ab
2222 815 2512 868 inﬁdelibus
2554 816 2640 882 qui
2662 822 2779 867 sunt
2800 814 2850 867 in
2878 811 3087 865 Iudaea.
3128 813 3227 865 Per
3253 828 3346 891 vos

1831 904 1945 957 illos
1975 906 2189 979 domuos
2216 912 2269 956 et
2306 917 2605 969 communes
2647 902 2973 963 dulcissimos
3009 900 3141 953 filios
3180 902 3344 969 sospi-

1832 1000 1977 1044 turae
2013 1006 2259 1059 exposco.

2549 1079 2610 1133 ll.

2304 1228 2588 1267 IUBAREDUS
2619 1229 2882 1271 Αδωιιιεο.

1903 1342 2175 1396 Recensita
2219 1341 2509 1396 litterarum
2557 1351 2847 1396 vestrarum
2900 1345 3034 1398 serie
3064 1346 3350 1413 jucundum

1836 1431 2085 1483 Dominus
2110 1429 2333 1483 reddidit
2369 1429 2599 1482 animum
2644 1429 2942 1495 meum,vob
2976 1432 3113 1498 quod
3142 1440 3351 1487 vestrae

1835 1520 1963 1573 mihi
1987 1529 2205 1587 patuere
2231 1519 2641 1572 salutisindicia.
2669 1517 2798 1571 Nam
2826 1519 2868 1572 si
2898 1520 3023 1572 mihi
3053 1520 3226 1587 plures
3246 1535 3358 1572 ma-

1835 1617 1986 1661 neret
2025 1606 2201 1671 lingua
2242 1605 2530 1672 loquellus,
2582 1618 2683 1658 non
2728 1604 2934 1673 posSem
2976 1607 3181 1661 edicere
3224 1621 3357 1673 quae

1836 1708 2006 1748 meum
2032 1710 2123 1748 cor
2147 1694 2504 1747 inlustraberit
2538 1694 2777 1761 gaudium
2798 1735 2811 1758 ,
2840 1710 3010 1771 quove
3047 1696 3361 1749 exaltaverit

1840 1784 1893 1836 in
1914 1783 2083 1852 juhilo
2117 1790 2175 1833 ut
2195 1782 2356 1834 etiam
2378 1790 2570 1833 metum
2600 1782 2882 1849 longinquo
2908 1790 3141 1847 tempore
3169 1783 3359 1836 redivi-

208 1866 359 1918 illam
399 1866 509 1931 jam
552 1868 675 1920 dicti
716 1870 853 1921 beati
886 1870 1087 1921 Ysidori
1126 1870 1458 1932 sententiam,
1504 1870 1641 1937 quod
1668 1870 1739 1922 sit
1775 1848 1815 1905 Β
1840 1848 1963 1923 bum
2000 1870 2244 1937 gaudium
2276 1868 2470 1921 amoris
2496 1848 2955 1932 vestri,lacrimas
2977 1868 3137 1923 ﬂuere
3172 1868 3358 1923 fecerit
3430 1871 3434 1875 ’

210 1965 335 2020 post
365 1958 799 2010 resurrectionem
838 1958 1033 2010 sanctis
1076 1958 1125 2009 in
1155 1971 1364 2009 carnem
1391 1956 1646 2009 habitatio
1685 1958 1736 2010 in

206 2042 377 2093 caelis
400 2042 675 2109 promissa,
706 2052 757 2094 et
782 2043 880 2095 hoc
912 2044 1172 2109 pertinere
1200 2051 1475 2096 noscentes
1506 2044 1568 2097 ad
1599 2042 1736 2095 illam

208 2142 350 2191 quae
378 2128 609 2180 omnium
654 2131 753 2180 erit
806 2130 1072 2182 hominum
1127 2130 1441 2182 resurrectio
1488 2130 1648 2182 semel
1686 2130 1737 2182 in

207 2213 412 2267 Christi
457 2216 688 2269 secundo
718 2216 941 2268 adventu
969 2216 1105 2269 facta
1127 2256 1142 2279 ,
1190 2225 1244 2269 et
1283 2232 1384 2269 non
1415 2217 1479 2269 ad
1509 2217 1647 2269 illam
1678 2217 1741 2269 de

208 2317 317 2369 qua
347 2301 607 2356 Jhoannes
637 2295 691 2355 iri
712 2289 1056 2372 Apocalypsin
1093 2304 1218 2359 dicit
1245 2322 1259 2357 :
1288 2306 1419 2358 haec
1458 2314 1536 2357 est
1568 2320 1742 2358 resur-

210 2390 385 2442 rectio
405 2391 597 2456 prima.
634 2390 932 2443 Obtendunt
960 2399 1167 2459 praeter
1197 2405 1258 2445 ea
1296 2391 1534 2444 homines
1560 2399 1611 2443 et
1640 2390 1739 2442 alia

188 2476 365 2547 plura
394 2476 738 2530 deliramenta
781 2479 1033 2531 nentrieia
1059 2493 1192 2546 quae
1217 2480 1389 2546 potius
1431 2480 1581 2531 nobis
1617 2478 1741 2531 insi-

212 2566 444 2618 dendum
474 2579 631 2631 quam
655 2566 759 2616 sint
786 2554 879 2632 per
903 2566 1137 2617 ordinem
1162 2566 1478 2632 replicanda.
1511 2565 1618 2618 Nec
1644 2567 1745 2618 hoc

212 2651 380 2704 silere
416 2650 636 2703 debeam
661 2651 799 2717 quod
838 2652 901 2703 de
937 2651 1160 2716 gloriosa
1205 2660 1259 2703 et
1301 2666 1505 2718 semper
1544 2653 1743 2720 virgine

217 2739 489 2807 genetrice
513 2738 716 2790 Domini
746 2739 907 2790 nostri
934 2737 1053 2791 Jesu
1083 2739 1276 2793 Christi
1301 2739 1460 2793 Maria
1481 2741 1745 2793 enerviter

215 2824 525 2877 fliixidicere
553 2840 655 2876 non
699 2826 1012 2878 erubescunt
1036 2841 1132 2879 nec
1160 2835 1426 2889 metuunt,
1457 2827 1592 2893 quod
1616 2826 1743 2879 mihi

215 2915 428 2965 elicere
450 2914 637 2979 pudet,
684 2921 787 2965 tam
816 2929 1150 2983 communem.
1182 2915 1422 2968 interisse
1447 2917 1499 2969 in
1522 2930 1743 2983 conspe-

218 3008 309 3050 ctu
338 2998 607 3051 hominum
635 3007 854 3052 mortem
880 3008 932 3053 et
954 3001 1004 3051 in
1023 3000 1260 3068 sepulcro
1285 3002 1537 3055 hactenus
1557 3016 1745 3068 corpus

217 3085 337 3149 ejus
365 3085 544 3138 multis
590 3087 757 3139 visum
804 3088 1097 3143 hominibus
1126 3090 1487 3157 requiescere,
1529 3098 1583 3142 et
1626 3090 1743 3157 quia

1839 1968 1891 2011 et
1920 1971 2159 2011 moerere
2180 1964 2450 2009 veternum
2486 1955 2827 2009 rclebaberit.
2859 1954 2976 2008 Mox
3002 1970 3124 2010 vero
3150 1963 3209 2008 ut
3242 1970 3362 2024 per-

1839 2044 1972 2097 lecta
2031 2051 2111 2097 est
2156 2044 2271 2111 ipsa
2312 2042 2493 2094 relatio
2518 2042 2664 2109 quasi
2704 2056 2732 2093 e
2770 2040 3042 2106 poliandro
3084 2042 3366 2097 suscitatus

1840 2134 2016 2187 statim
2043 2132 2307 2187 Jhoannes
2332 2131 2624 2183 anxietates
2650 2130 2942 2183 forinsecus
2965 2138 3015 2183 et
3034 2131 3364 2185 extrinsecus

1840 2220 2081 2273 manibus
2103 2218 2277 2273 cordis
2299 2217 2513 2270 dextera
2536 2216 2789 2285 laehaque
2816 2216 3048 2273 abiciens
3070 2218 3134 2270 ad
3162 2226 3362 2272 turrem

1841 2307 2004 2360 David
2026 2321 2179 2374 quem
2203 2305 2464 2359 canticum
2488 2305 2810 2358 canticorum
2838 2305 2978 2358 canit
3003 2304 3244 2359 videlicet
3266 2305 3367 2360 for—

1842 2385 2115 2445 titudinem
2164 2391 2585 2459 Scripturarum,
2617 2390 2669 2442 in
2706 2405 2813 2458 qua
2844 2388 2985 2443 mille
3010 2390 3195 2459 clippei
3235 2406 3366 2459 pen-

1843 2481 1967 2533 dent
1989 2489 2039 2531 et
2066 2479 2237 2532 omnis
2268 2486 2535 2532 armatura
2570 2474 2781 2532 fortium
2821 2479 3026 2532 concito
3054 2494 3234 2548 gressu
3266 2495 3359 2533 cu-

1843 2567 2013 2629 curri,
2071 2574 2127 2619 ut
2169 2582 2232 2620 ex
2280 2581 2341 2619 ea
2387 2566 2469 2620 vel
2512 2581 2672 2620 unum
2714 2565 2970 2637 clippeum
3005 2566 3367 2635 frumeumque

1844 2654 2078 2709 tollerem
2103 2695 2116 2718 ,
2148 2670 2242 2721 per
2283 2657 2420 2723 quod
2459 2662 2599 2709 tutus
2634 2670 2665 2708 α
2707 2656 2803 2709 hos
2848 2655 3040 2726 Morte,
3074 2655 3277 2725 ambos]
3320 2665 3369 2710 te

1843 2741 2049 2795 dulcem
2084 2742 2300 2795 fratrem
2327 2758 2356 2795 a
2384 2742 2625 2796 Sodomis
2644 2745 2898 2813 eriperem
2925 2752 2977 2797 et
3003 2758 3132 2797 suae
3150 2759 3367 2812 prospe-

1844 2828 1986 2880 ritati
2010 2830 2356 2882 restituerem.
2382 2828 2512 2881 ilinc
2530 2828 2661 2882 mihi
2684 2844 2839 2897 supra
2865 2829 3019 2883 mella
3039 2830 3225 2885 dilecte
3246 2831 3367 2899 quia

1840 2930 1946 2968 non
1989 2930 2172 2970 omnes
2221 2916 2425 2969 codices
2464 2930 2594 2984 quos
2635 2914 2772 2969 volui
2817 2924 2992 2983 presto
3042 2916 3221 2981 habui,
3250 2931 3370 2970 cum

1844 3003 2026 3069 grandi
2075 3004 2292 3056 audacia
2339 3004 2529 3057 vestris
2574 3004 2904 3057 orationibus
2930 3002 3368 3074 fretruslfretus]

1848 3103 1910 3141 ex
1950 3088 2131 3143 eadem
2162 3096 2308 3141 turre
2337 3104 2495 3141 unum
2525 3089 2778 3159 clippeum
2808 3091 3032 3158 primum
3062 3089 3371 3166 Gregorium

221 3189 308 3225 me
338 3174 505 3241 igneis
524 3189 706 3228 omnes
740 3175 988 3243 perfodiri
1013 3155 1243 3244 quotidie
1282 3192 1385 3231 non
1433 3155 1745 3244 cessant'ja-
1773 3155 1817 3216 ο
1848 3177 2164 3245 adprehendi
2195 3186 2350 3246 atque
2375 3193 2439 3232 ex
2477 3192 2539 3232 eo
2565 3155 2826 3232 modicum
2856 3155 3395 3248 summatimvcarpl.

220 3260 356 3311 cutis
394 3268 447 3312 et
472 3275 566 3313 nec
596 3262 855 3324 minimis;
900 3264 1109 3331 quidam
1139 3264 1278 3317 enim
1314 3265 1401 3333 qui
1443 3265 1568 3318 mihi
1596 3280 1745 3332 opem

221 3348 365 3401 ferre
393 3349 503 3401 vult
528 3360 615 3402 aut
641 3362 809 3419 potest
831 3355 898 3406 ob
921 3354 1017 3407 hoc
1045 3368 1235 3423 sugero
1250 3364 1302 3409 et
1328 3364 1573 3423 tanquam
1598 3370 1748 3425 prae-

222 3450 345 3488 sens
372 3438 557 3490 humili
585 3453 740 3505 prece
764 3441 986 3508 deposco
1021 3447 1075 3495 et
1106 3457 1199 3510 per
1226 3443 1365 3496 illam
1390 3446 1523 3511 qua‘e
1550 3458 1745 3512 exupe-

223 3536 307 3577 rat
337 3542 547 3579 omnem
584 3542 791 3581 sensum
828 3528 1249 3598 pacem‘Domini
1282 3530 1405 3585 Jesu
1434 3532 1627 3586 Christi
1654 3532 1749 3586 ob—

224 3620 411 3677 testor,
440 3623 496 3667 ut
521 3616 771 3683 quidquid
801 3617 861 3668 de
886 3618 984 3671 hac
1011 3632 1067 3671 re
1092 3627 1263 3672 vestra
1300 3619 1565 3674 beatitudo
1590 3621 1751 3674 sentit

224 3710 316 3752 aut
345 3702 534 3770 legisse
561 3705 753 3769 recolet
772 3705 1000 3758 scribere
1027 3708 1277 3761 ordinetis
1304 3718 1354 3762 et
1378 3709 1501 3761 mihi
1530 3710 1615 3761 diu
1645 3724 1745 3761 non

224 3788 482 3842 differatis
505 3791 746 3859 dirigere.
764 3792 837 3849 Ita
868 3808 1081 3862 regnum
1107 3795 1419 3862 possideatis
1443 3795 1747 3849 indetermi-

224 3878 471 3929 nabilem.
507 3879 567 3931 Et
602 3880 753 3934 talem
794 3884 1125 3937 conscribere
1152 3892 1238 3937 tua
1268 3885 1517 3937 sanctitas
1544 3884 1749 3938 ordinet

221 3966 497 4031 epistolam
524 3969 834 4023 testimoniis
863 3972 1141 4024 multorum
1168 3974 1507 4040 adprobatam
1532 3988 1666 4041 quae
1696 3981 1750 4026 et

225 4071 309 4109 me
340 4059 638 4123 instruunt,
669 4068 723 4113 et
760 4070 935 4127 aperta
966 4061 1135 4117 fronte
1174 4065 1527 4117 contentiosos
1575 4064 1750 4117 redar-

223 4158 427 4217 guunt,
476 4148 595 4215 quia
634 4150 675 4201 si
725 4150 850 4201 mihi
902 4151 1047 4203 ocius
1078 4159 1251 4203 vestra
1298 4167 1398 4204 non
1450 4151 1750 4205 subvenerit

222 4241 422 4301 cautio,
458 4248 583 4305 puto
624 4251 704 4289 me
734 4235 964 4289 funditus
998 4252 1177 4290 eorum
1228 4237 1408 4291 fucisci
1468 4238 1745 4291 morsibus.

224 4328 457 4385 Imitare,
491 4326 697 4377 imitare
728 4322 941 4376 Domine
963 4323 1275 4390 patriarcarii
1302 4325 1527 4376 Abraam
1553 4331 1607 4377 et
1630 4338 1748 4377 cum

226 4428 308 4471 ter
332 4417 474 4469 senis
498 4422 678 4481 terque
716 4412 1183 4466 centenis’famulis
1213 4412 1412 4465 famoso
1440 4413 1607 4466 victor
1630 4428 1749 4481 pre-

224 4506 297 4559 lio
320 4504 497 4567 vince,
529 4509 836 4569 captumque
864 4501 1079 4553 fratrem
1104 4515 1133 4552 a
1167 4500 1407 4553 Sodomis
1436 4514 1579 4563 erue,
1606 4509 1663 4553 ut
1696 4500 1748 4551 in

214 4606 319 4646 vos
368 4592 647 4659 impleatur
694 4588 987 4642 Salomonis
1032 4588 1259 4640 veridica
1310 4586 1396 4639 illa
1445 4587 1745 4639 sententia:

222 4683 391 4735 frater
408 4681 496 4747 qui
526 4678 801 4746 adjubatur
822 4692 851 4729 a
878 4676 1041 4729 fratre
1074 4677 1220 4742 quasi
1248 4676 1429 4728 civitas
1451 4676 1618 4728 ﬁrma.
1651 4675 1753 4727 Du-

220 4770 342 4837 plex
365 4767 557 4821 etenim
579 4766 659 4818 vel
688 4764 873 4831 triplex
897 4763 1157 4816 funiculus
1179 4761 1389 4815 difticile
1414 4764 1670 4831 rumpitur
1696 4770 1751 4815 et

226 4865 330 4913 duo
350 4859 394 4912 si
418 4857 611 4910 fuerint
635 4870 738 4909 uno
760 4855 855 4907 sub
880 4854 982 4907 alio
1007 4854 1341 4907 substituitur
1361 4853 1481 4921 quia
1509 4860 1571 4929 et
1590 4860 1755 4906 testu-

224 4951 291 5001 do
320 4947 675 5015 adglomerata
716 4942 1027 4996 certantium
1068 4942 1239 4995 luctus
1278 4940 1429 4994 facile
1458 4938 1631 4994 evadit
1672 4955 1752 4994 sa-

224 5038 497 5104 gittarum.
532 5032 654 5085 Scio
678 5030 893 5094 etenim,
923 5030 1031 5084 scio
1065 5043 1161 5081 vos
1192 5028 1497 5095 saepissime
1527 5026 1753 5097 undique

226 5136 487 5190 occupare
512 5119 752 5189 angustia
774 5158 788 5181 ,
821 5118 981 5187 θεόδξὶ
1017 5118 1205 5183 aliquis
1231 5117 1465 5184 inpedire
1492 5114 1753 5185 voluerint

228 5206 564 5262 difﬁcultates
598 5220 691 5260 eas
718 5206 891 5258 vincat
916 5198 1002 5257 illa
1027 5204 1219 5257 caritas
1237 5218 1372 5271 quae
1393 5201 1555 5255 vincit
1578 5203 1750 5254 omnia

228 5312 280 5353 et
309 5314 445 5368 quae
465 5314 570 5353 non
599 5312 733 5366 quae
760 5305 882 5352 sunt
909 5312 1023 5359 sua,
1060 5297 1149 5349 sed
1176 5309 1309 5364 quae
1334 5295 1539 5363 quaerit
1564 5294 1750 5349 aliena.

228 5387 341 5451 Eia,
369 5376 475 5449 eia,
495 5386 565 5439 mi
592 5384 818 5448 domine,
852 5385 953 5449 eia,
983 5384 1211 5464 scribere
1239 5397 1340 5434 non
1365 5381 1574 5435 tlitl‘eras
1594 5389 1645 5435 et
1673 5396 1755 5434 me

230 5493 257 5530 a
303 5487 377 5530 tot
415 5475 719 5528 latrantium
750 5474 934 5527 turmis
956 5481 1008 5525 et
1035 5472 1265 5539 undique
1294 5470 1553 5524 morsibus
1576 5471 1639 5523 ad
1670 5485 1752 5523 re-

231 5575 362 5618 ctam
394 5564 537 5616 viam
564 5575 738 5615 emas.
772 5560 840 5613 Ita
862 5572 1067 5628 semper
1102 5556 1392 5625 adiutorem
1436 5557 1757 5611 in'omnibus

229 5654 496 5710 Christum
527 5662 700 5707 vestra
726 5651 916 5706 habeat
954 5651 1219 5704 sanctitas.

1847 3268 1984 3335 quod
2022 3267 2088 3319 ad
2122 3267 2329 3321 illorum
2362 3269 2795 3345 controversiam,
2821 3269 2891 3345 de
2916 3284 3021 3337 quo
3044 3266 3180 3335 satis
3211 3284 3373 3338 oppo-

1846 3365 2020 3419 natur,
2056 3372 2188 3424 quae
2221 3372 2316 3425 per
2342 3372 2505 3425 pauca
2532 3358 2597 3411 de
2616 3374 2718 3426 qua
2742 3358 3003 3426 loquimur
3029 3360 3152 3413 huic
3170 3359 3368 3428 opellae

1845 3443 2101 3511 affigenda
2124 3451 2263 3497 sunt.
2286 3444 2581 3498 Contemtio
2600 3445 2737 3499 enim
2754 3485 2771 3509 ,
2796 3454 2854 3498 ut
2878 3446 2951 3499 ait
2974 3446 3281 3515 Apostolus,
3305 3449 3371 3504 ad

1846 3530 1988 3582 nihil
2015 3530 2141 3592 utile
2183 3540 2298 3594 est,
2350 3532 2448 3585 nisi
2489 3532 2553 3586 ad
2593 3534 2983 3588 subversionem
3027 3535 3368 3592 audientium.

1848 3618 2032 3673 Melius
2065 3620 2148 3671 isti
2173 3620 2263 3685 qui
2305 3620 2591 3687 sapientiae
2635 3622 3001 3675 contradicunt
3029 3622 3291 3685 facerent,
3323 3624 3368 3676 si

1847 3714 2092 3773 saperent
2136 3706 2199 3756 ad
2246 3705 2607 3767 sobrietatem,
2646 3721 2782 3774 quae
2824 3714 2880 3759 ut
2904 3707 3096 3759 scisma
3138 3707 3370 3774 parvulis

1846 3810 1999 3848 sensu
2029 3796 2080 3849 in
2109 3795 2326 3849 ecclesia
2356 3803 2686 3862 generarent.
2721 3794 3069 3864 Praepulchre
3100 3810 3256 3864 agere
3280 3797 3369 3850 de—

1844 3884 2087 3947 buerunt,
2102 3883 2143 3933 si
2166 3896 2282 3935 cum
2303 3881 2550 3948 apostolis
2568 3880 2810 3934 sederent
2824 3881 2874 3933 in
2896 3882 3158 3935 civitatem
3178 3883 3375 3949 quoad-

1846 3985 2010 4036 usque
2057 3970 2398 4023 iuduerentur
2442 3969 2687 4022 virtutem
2733 3984 2796 4025 ex
2840 3968 2966 4033 alto,
3015 3978 3069 4023 et
3108 3985 3269 4038 quum
3310 3970 3364 4023 in

1846 4058 2003 4110 corde
2033 4071 2127 4110 suo
2164 4057 2545 4109 absconderem
2570 4055 2775 4125 eloquia
2799 4056 3002 4109 Domini
3032 4065 3089 4109 ut
3122 4072 3222 4109 non
3249 4072 3371 4126 pec-

1847 4151 2048 4207 carent,
2078 4158 2175 4195 nec
2202 4144 2301 4196 hoc
2342 4142 2561 4215 dicimus
2596 4149 2655 4195 ut
2693 4154 2794 4195 non
2839 4142 3126 4211 inquirant,
3176 4144 3265 4198 sed
3312 4152 3372 4200 ut

1848 4229 2036 4281 altiora
2066 4229 2313 4297 mysteria
2348 4227 2563 4297 Spiritui
2607 4238 2789 4283 sancto
2823 4229 3203 4298 derelinquant.
3250 4229 3366 4284 Suf-

1845 4319 2131 4386 ficerctque
2167 4318 2269 4369 illis
2307 4332 2425 4369 cum
2468 4316 2611 4369 Raab
2648 4318 2925 4370 meretrice
2952 4319 3002 4370 in
3027 4317 3236 4371 Jherico
3278 4331 3373 4386 per

1848 4405 2131 4461 fenestram
2162 4419 2373 4460 coccum
2409 4404 2649 4457 emittere
2674 4442 2688 4468 ,
2717 4404 2959 4459 videlicet
2987 4421 3080 4473 per
3114 4406 3223 4459 oris
3251 4420 3375 4461 eon-

1778 4465 1825 4522 D
1848 4495 2128 4548 fessionem
2166 4492 2431 4545 Christum
2460 4490 2763 4545 cruciﬁxum
2812 4493 3027 4546 credere
3065 4501 3119 4547 et
3154 4493 3369 4559 salbari,

1848 4582 2191 4647 audirentque
2220 4580 2435 4631 Paulum
2482 4592 2574 4630 vas
2619 4578 2889 4632 electionis
2928 4579 3223 4635 dicentem:
3254 4577 3371 4633 Non

1851 4687 1934 4723 me
1973 4671 2140 4722 fateor
2166 4668 2279 4735 plus
2309 4668 2443 4720 scire
2470 4682 2626 4734 quam
2652 4665 2915 4721 Christum
2950 4676 3003 4721 et
3032 4668 3175 4721 hunc
3206 4667 3380 4725 cruci-

1852 4761 2043 4821 fixum,
2070 4773 2187 4811 nam
2222 4752 2322 4827 qua
2354 4756 2439 4809 isti
2473 4756 2641 4809 fronte
2670 4756 2735 4808 ad
2764 4756 3015 4825 ampliora
3050 4756 3379 4809 mansionum

1854 4851 2058 4910 itinera,
2089 4840 2327 4900 videlicet
2354 4847 2421 4899 ad
2447 4845 2723 4909 decimam,
2752 4845 2804 4897 in
2828 4859 3147 4916 quamanna
3175 4843 3377 4908 finitur,

1852 4941 2177 5001 vicesimum,
2208 4938 2527 4991 tricesimum
2550 4934 2843 5003 ceterisque
2871 4935 3092 4999 duabus,
3122 4949 3217 5003 per
3246 4949 3381 5003 quas

1820 5090 1829 5094 ,
1854 5030 2052 5096 majora
2091 5026 2450 5095 intelliguntur
2474 5032 2832 5099 sacramenta,
2864 5022 2980 5090 ‘jam
3009 5024 3161 5093 quasi
3184 5022 3379 5079 doctis-

1855 5116 1973 5169 simi
1996 5129 2229 5186 gressum
2254 5114 2489 5176 tendunt,
2520 5112 2713 5166 scalam
2744 5098 3035 5186 adfundere
3054 5109 3135 5165 vel
3161 5114 3376 5165 descen-

1856 5184 2013 5265 dere,
2033 5204 2173 5257 illum
2201 5204 2467 5269 cupientes
2495 5215 2648 5269 quem
2675 5190 2807 5252 vidi‘t
2822 5184 3014 5262 dacoh,
3034 5199 3124 5265 qui
3149 5197 3370 5251 necdum

1858 5292 2216 5345 tenuissimum
2259 5290 2517 5343 tramitem
2542 5288 2731 5341 callere
2755 5287 2957 5357 primae
2985 5285 3243 5341 secundae
3268 5294 3374 5338 ter-

1856 5381 1958 5431 tiae
1980 5386 2196 5445 quartae
2217 5359 2427 5445 quintae
2450 5384 2625 5429 sextae
2651 5376 2901 5442 septimae
2926 5384 3141 5426 octavae
3176 5386 3372 5426 nonae-

1855 5482 1954 5535 que
1984 5465 2302 5519 culcurrunt.
2334 5463 2539 5533 Egressi
2562 5462 2625 5516 de
2651 5462 2849 5530 Egypto
2876 5460 3128 5514 desudent
3150 5474 3374 5527 primum

1852 5560 1905 5612 in
1953 5570 2127 5609 eremo
2158 5570 2251 5623 per
2277 5554 2452 5607 multis
2485 5551 2732 5609 anfractis
2758 5560 2913 5620 atque
2956 5548 3233 5620 angustiis;
3271 5562 3369 5615 pu-

1857 5654 2013 5717 gnent
2041 5659 2157 5699 cum
2203 5644 2411 5712 regibus
2448 5642 2581 5696 Seon
2612 5651 2663 5695 et
2694 5640 2768 5708 Og
2804 5641 2838 5693 i.
2881 5655 2927 5693 e.
2963 5654 3077 5693 cum
3103 5637 3246 5690 vitiis
3275 5650 3371 5691 seu
