3974 6438
609 427 743 482 1235

1321 423 1641 479 SUPPLEM.
1679 424 1768 477 AD
1804 419 2161 478 ACCTORES
2197 421 2462 476 lNCi‘IliTl
2503 424 2657 478 ΔΝΜ
2695 425 2862 482 δᾸίΩ.
2899 420 3026 477 Vlll.

3589 421 3714 476 1236

605 558 725 596 eum
771 540 972 594 diabolo
990 578 1003 599 ,
1045 553 1136 606 per
1167 553 1296 604 quos
1321 540 1509 591 scisma
1531 547 1583 590 et
1611 554 1726 591 cres
1752 550 1775 576 ι
1807 539 1858 589 in
1882 535 2114 589 Ecclesia
2144 540 2186 590 Α
2217 546 2388 590 terant
2415 532 2636 606 ingredi,
2657 539 2778 605 quia
2801 552 2896 591 nec
2925 537 3158 602 dumille
3185 544 3398 589 venerat
3425 534 3511 604 qui
3535 532 3721 588 inferni

606 631 859 690 oriuntur,
891 629 1068 694 sicque
1088 626 1152 679 ad
1183 641 1423 678 mannam
1453 625 1825 679 comedendum
1849 624 2116 676 accedant.

606 719 734 774 Nam
760 728 813 774 et
856 717 1037 772 eadem
1065 731 1252 770 manna
1293 731 1393 770 non
1431 716 1545 782 plus
1585 701 1760 782 colligi
1779 714 2117 781 praecipitur,

604 826 761 878 quam
788 809 924 877 quod
947 807 1240 870 sufﬁceret,
1265 805 1308 859 si
1345 804 1466 873 quid
1493 802 1806 872 superﬂuum
1837 802 2119 868 reponeba-

602 908 691 950 tur
731 896 993 949 vermibus
1039 894 1306 948 bulliebat.
1349 891 1641 958 lntelligant
1686 903 1824 956 quae
1863 887 2114 948 dicimus;

606 998 700 1037 nos
726 997 852 1035 vero
879 996 979 1034 non
1007 986 1214 1046 oportet
1269 978 1474 1030 illorum
1523 975 1669 1041 sequi
1706 974 1914 1027 vesania
1948 973 2036 1038 qui
2068 973 2117 1022 in

602 1069 884 1125 ecclesiam
913 1083 1007 1134 per
1039 1067 1229 1120 scisma
1269 1074 1322 1117 et
1356 1063 1731 1117 contemtiunes
1779 1062 2002 1114 inaniter
2047 1059 2120 1110 la-

603 1159 788 1211 borant
827 1157 1015 1209 sciolos
1040 1170 1096 1208 se
1124 1154 1406 1207 all’ecturae
1437 1153 1705 1220 cupientes
1729 1151 1820 1204 sed
1856 1150 2120 1202 declinare

602 1254 654 1298 et
703 1245 790 1298 ubi
839 1245 1045 1297 illorum
1093 1241 1589 1310 interrogationibus
1637 1255 1739 1292 non
1785 1238 2030 1291 debemus
2067 1239 2118 1289 in

602 1332 790 1385 astutia
817 1345 983 1398 neque
1004 1330 1298 1382 adulterare
1323 1328 1537 1381 verbum
1559 1327 1673 1389 Dei,
1703 1325 1795 1378 sed
1824 1325 1962 1391 loqui
1988 1326 2119 1376 scita

601 1422 656 1474 iu
686 1420 1112 1474 manifestatione
1140 1417 1411 1479 veritatis,
1450 1415 1649 1468 nescita
1685 1415 1980 1480 relinquere
2004 1412 2120 1480 Spi-

601 1507 726 1560 ritui
749 1495 954 1568 saneto,
987 1495 1044 1556 ut
1075 1503 1225 1570 juxta
1252 1503 1474 1571 Esayam
1513 1514 1676 1566 usque
1706 1508 1917 1552 nostrae
1955 1498 2120 1551 ﬁdelis

601 1595 705 1648 sint
739 1602 798 1647 ut
823 1607 996 1662 regem
1023 1598 1254 1646 nostrum
1286 1590 1464 1643 videre
1491 1591 1544 1662 in
1577 1588 1764 1643 decore
1803 1603 2115 1641 mereamur.

669 1681 761 1734 His
789 1679 1038 1748 praefatis
1068 1679 1189 1747 quia
1219 1678 1285 1731 de
1320 1676 1525 1731 illorum
1568 1683 1869 1729 sanctorum
1897 1689 2028 1742 quos
2055 1675 2119 1726 ab

599 1769 788 1825 inferni
832 1770 1059 1824 claustra
1101 1767 1358 1821 mediator
1384 1765 1475 1816 Dei
1517 1772 1570 1816 et
1607 1764 1838 1817 hominis
1877 1763 2120 1817 Christus

597 1855 748 1911 Jesus
772 1867 955 1910 eruere
998 1855 1239 1924 dignatus
1279 1853 1437 1906 estin
1463 1859 1635 1904 vestra
1664 1851 1881 1918 epistola
1922 1851 2117 1902 mentio
2152 1833 2186 1887 ίί

597 1953 678 2001 est
707 1945 864 2009 tacui,
894 1945 1112 2012 ideoque
1138 1956 1202 1995 ex
1241 1941 1496 2008 majorum
1526 1946 1822 1992 nostrorum
1851 1938 2118 1990 codicibus

597 2035 880 2089 sententias
903 2048 1034 2100 quas
1069 2030 1359 2097 carpsimus
1383 2028 1503 2080 huic
1539 2027 1778 2096 paginae,
1808 2035 1865 2080 ut
1899 2041 1994 2079 nos
2035 2041 2118 2077 ve-

595 2134 702 2179 stra
732 2123 984 2178 sanctitas
1020 2119 1192 2173 facere
1230 2118 1432 2181 maluit,
1469 2116 1590 2169 licet
1632 2131 1735 2168 non
1772 2125 1827 2167 ut
1858 2115 1995 2168 volui
2025 2114 2117 2168 sed

593 2223 655 2267 ut
681 2213 822 2280 potui
847 2211 1073 2277 scriptas
1098 2208 1351 2276 protrahi.

665 2303 711 2354 l.
743 2301 890 2366 Quod
918 2307 1036 2352 ante
1067 2299 1345 2350 adventum
1373 2295 1677 2350 mediatoris
1697 2295 1788 2346 Dei
1813 2302 1865 2347 et
1888 2294 2116 2346 hominis

592 2401 774 2441 omnes
801 2393 854 2440 et
880 2385 1001 2438 boni
1023 2393 1076 2438 et
1098 2385 1218 2437 mali
1255 2383 1318 2436 ad
1356 2382 1545 2435 inferni
1573 2381 1805 2434 claustra
1833 2381 2117 2434 descende-

598 2477 721 2530 rint.
753 2475 802 2528 Ξ.
829 2474 976 2540 Quod
995 2473 1481 2528 bonorum‘auimae
1500 2471 1740 2538 quamvis
1760 2471 1825 2524 ad
1853 2469 2117 2523 infernum

594 2564 972 2619 descenderent
1004 2577 1200 2630 poenas
1237 2575 1339 2614 non
1369 2560 1603 2612 luebunt.
1639 2561 1690 2612 5.
1727 2556 1875 2622 Quod
1918 2557 2115 2610 electo-

592 2667 709 2706 rum
735 2652 941 2705 animus
963 2649 1287 2718 solummde
1306 2642 1549 2700 dominus
1578 2646 1645 2700 ab
1669 2645 1861 2700 inferni
1887 2645 2114 2699 claustra

591 2739 750 2802 eruit,
791 2751 896 2790 non
940 2736 1297 2803 reproborum.
1336 2731 1386 2786 ι.
1427 2732 1573 2798 Quoi
1627 2733 1813 2793 sancti,
1860 2733 1950 2800 qui
1995 2747 2113 2785 cum

592 2823 801 2878 Christo
831 2829 1168 2876 surrexerunt
1194 2821 1440 2889 gloriosa,
1468 2820 1502 2872 i.
1525 2834 1573 2872 e.
1605 2819 1861 2888 spiritalia
1883 2820 2114 2886 percepti

591 2921 714 2969 sunt
749 2927 968 2980 corpora
995 2951 1008 2972 ,
1052 2911 1222 2978 qualia
1266 2925 1359 2962 nos
1395 2917 1708 2976 excepturos
1745 2907 1797 2960 in
1827 2907 2116 2960 futura.re-

592 3000 914 3056 surreetione
945 3006 1296 3065 expectamus.
1328 2996 1378 3049 5.
1409 2995 1541 3061 Quia
1573 2993 1860 3065 gloriﬁcata
1903 2995 2112 3048 illorum

593 3093 918 3146 sanctorum,
965 3085 1031 3139 de
1075 3085 1194 3153 quis
1239 3085 1440 3152 agimus
1487 3091 1824 3150 surrexerunt
1869 3097 2106 3150 corpora.

592 3177 644 3232 6.
675 3177 806 3244 Quia
829 3175 1151 3230 Jherusalem
1188 3177 1275 3229 ubi
1310 3175 1407 3228 visi
1431 3185 1547 3228 sunt
1577 3177 1823 3229 celestem
1852 3176 1995 3229 illum
2026 3176 2114 3228 des

590 3280 772 3319 vemus
829 3265 1134 3333 intelligere.
1189 3264 1239 3315 7.
1288 3263 1363 3316 De
1409 3263 1589 3315 eadem
1637 3261 1962 3316 Jherusalem
1990 3303 2003 3326 ,
2056 3271 2115 3314 ut

591 3363 870 3422 utrumque
903 3352 1253 3421 intelligamus
1290 3350 1570 3404 coelestem
1618 3358 1775 3416 atque
1819 3358 2108 3402 terrenum.

590 3445 623 3498 8
657 3443 802 3508 Quod
845 3459 948 3496 nou
989 3456 1171 3495 omnes
1199 3440 1364 3493 sancti
1391 3454 1522 3506 quos
1564 3439 1630 3491 ab
1659 3437 1848 3492 inferni
1881 3439 2108 3492 claustra

590 3531 728 3586 eruit
753 3529 991 3583 Christus
1010 3529 1063 3581 in
1093 3523 1249 3580 carne
1279 3531 1698 3586 resurrexerunt,
1730 3524 1820 3577 sed
1848 3535 1898 3577 ut
1927 3539 2115 3578 secun-

592 3625 713 3677 dum
748 3623 820 3674 ait
849 3620 1174 3689 evangelium
1199 3619 1368 3672 multi.
1393 3619 1442 3671 9.
1477 3617 1550 3670 De
1584 3631 1647 3670 eo
1675 3616 1811 3684 quod
1841 3618 1894 3668 in
1919 3631 2113 3684 apoca-

590 3711 742 3780 lipsin
771 3709 960 3763 dicitur
991 3708 1123 3760 haec
1151 3706 1466 3760 resurrectio
1500 3704 1670 3772 prima
1703 3712 1752 3756 et
1782 3711 1980 3756 cetera.
2023 3703 2108 3755 10.

589 3800 665 3854 De
692 3813 755 3852 eo
780 3796 916 3866 quod
946 3793 1269 3863 evangelium
1307 3793 1380 3844 ait
1415 3809 1427 3844 :
1461 3805 1614 3844 nemo
1650 3790 1882 3843 ascendit
1909 3791 1961 3842 in
1995 3805 2113 3843 coe-

591 3889 718 3950 lum,
761 3887 859 3940 nisi
900 3884 989 3952 qui
1013 3883 1281 3938 descendit
1322 3882 1386 3934 de
1412 3879 1559 3934 coelo
1587 3877 1722 3931 ﬁlius
1748 3878 1992 3932 hominis.
2028 3879 2110 3931 ll.

589 3978 664 4032 De
688 3975 909 4044 gloriosa
934 3972 1092 4025 Maria
1115 3970 1252 4038 quod
1278 3969 1417 4022 nulla
1449 3967 1610 4020 sturia
1647 3981 1763 4020 eam
1794 3967 1976 4019 doceat
1999 3980 2113 4034 pas-

589 4065 734 4117 sione
755 4069 845 4114 aut
867 4059 1097 4129 qualibet
1127 4066 1296 4111 morte
1325 4054 1556 4109 multari.

660 4152 710 4205 l.
748 4149 896 4215 Quod
921 4157 1040 4201 ante
1061 4147 1337 4200 adventum
1368 4145 1669 4198 mediatoris
1696 4145 1786 4197 Dei
1814 4153 1866 4198 et
1886 4143 2114 4196 hominis

587 4255 767 4296 omnes
782 4249 832 4292 et
847 4237 966 4292 boni
987 4244 1040 4289 et
1065 4235 1186 4288 mali
1217 4234 1280 4287 ad
1296 4233 1486 4287 inferni
1504 4234 1730 4287 claustra
1747 4233 2112 4288 descenderint

587 4330 648 4383 ἰδ’.
673 4327 954 4393 Gregorius
1003 4325 1053 4378 in
1083 4324 1229 4377 libris
1267 4322 1538 4375 muralium
1583 4323 1660 4376 sic
1684 4323 1914 4390 loquitur
1945 4339 1958 4374 :
1986 4321 2110 4374 0m—

2219 624 2445 676 claustra
2491 637 2582 676 sua
2613 623 2954 676 descensione
2977 622 3200 676 solberet
3232 631 3285 674 et
3325 619 3580 686 iustorum
3613 620 3721 672 ani-

2221 711 2397 763 masiu
2420 718 2671 778 perpetua
2696 711 2820 764 sede
2837 710 3149 763 conlocaret.
3175 707 3302 762 Item
3326 710 3430 776 ipse
3449 709 3501 760 in
3527 708 3721 761 eisdem

2219 796 2372 849 dictis
2401 814 2414 849 :
2442 796 2650 851 Priorcs
2696 797 2864 849 sancti
2892 797 2957 848 ab
2993 795 3179 848 inferni
3215 794 3340 847 locis
3369 793 3577 858 liberari
3623 807 3720 844 non

2218 875 2521 951 potuerunt,
2545 885 2666 951 quia
2689 898 2785 937 nec
2814 885 2934 937 dum
2962 890 3175 936 venerat
3218 883 3304 949 qui
3330 881 3450 934 illuc
3478 882 3590 934 sine
3616 880 3722 934 cul-

2218 985 2280 1039 pa
2312 972 2653 1024 descenderet
2679 979 2736 1023 ut
2757 985 2850 1023 eos
2870 970 2958 1038 qui
2985 969 3054 1022 ibi
3090 969 3399 1022 tenebantur
3426 983 3519 1035 pro
3563 966 3726 1035 origi-

2218 1057 2321 1109 nali
2358 1066 2570 1123 peccato
2590 1072 2620 1108 a
2645 1056 2793 1124 culpa
2817 1055 3080 1108 liberaret.

2284 1146 2336 1196 2.
2369 1144 2517 1209 Quod
2541 1144 2794 1197 bonorum
2824 1143 3026 1195 animae
3052 1143 3288 1209 quamvis
3312 1141 3375 1193 ad
3411 1139 3612 1192 inferna
3637 1140 3724 1192 dc-

2217 1233 2512 1286 sccnderint
2542 1247 2736 1300 poenas
2763 1247 2862 1284 non
2884 1231 3115 1290 luebunt,
3149 1229 3285 1281 idem
3313 1229 3493 1280 ductor
3520 1228 3572 1279 in
3607 1227 3730 1294 ipsis

2219 1322 2529 1374 tractatibus
2549 1321 2715 1373 dicit:
2746 1321 2880 1371 Ante
2914 1318 3258 1385 redempturis
3295 1314 3459 1368 nostri
3492 1315 3730 1366 incarna-

2219 1411 2409 1460 tionem
2420 1409 2679 1475 justorum
2701 1407 2905 1460 animae
2929 1420 3031 1459 non
3056 1403 3217 1457 itaad
3241 1401 3496 1475 infernum
3524 1400 3731 1452 descen-

2219 1486 2354 1549 disse
2381 1496 2664 1548 creduntur
2683 1535 2696 1556 ,
2734 1503 2792 1546 ut
2830 1494 2882 1545 in
2927 1492 3053 1544 locis
3079 1473 3382 1560 poenalibus
3408 1496 3726 1548 tenerentur,

2221 1584 2245 1621 ιι
2277 1592 2332 1636 ut
2366 1583 2420 1636 in
2463 1583 2821 1650 superioribus
2851 1580 2978 1647 justi
3014 1579 3401 1646 requiescerent
3439 1576 3569 1628 etin
3598 1573 3728 1627 inie-

2220 1673 2447 1725 rioribus
2502 1671 2678 1739 injusti
2726 1669 3046 1724 crucientur.
3108 1666 3237 1720 Item
3286 1668 3428 1734 ipse:
3467 1663 3729 1718 Justorum

2220 1761 2430 1812 animae
2455 1774 2548 1827 per
2592 1757 2895 1833 mediatoris
2931 1757 3209 1810 adventum
3239 1754 3547 1823 quandoque
3583 1759 3732 1804 erant

2219 1847 2283 1898 ab
2312 1845 2498 1920 inferni
2527 1844 2653 1898 locis
2678 1845 2915 1911 quamvis
2959 1859 3058 1896 non
3079 1842 3384 1911 poenalibus
3413 1840 3730 1900 liberandae,

2216 1934 2283 1985 ob
2309 1934 2409 1986 hoc
2430 1932 2486 1983 Β.
2517 1930 2615 1984 Job
2645 1931 2770 1984 dicit
2796 1948 2807 1981 :
2849 1930 3108 1983 constitue
3137 1928 3264 1982 mihi
3291 1937 3514 1995 tempus,
3557 1926 3608 1978 iu
3629 1941 3730 1992 quo

2215 2020 2510 2074 recorderis
2543 2019 2643 2070 mei
2672 2035 2684 2080 ;
2717 2018 3005 2086 Agustinus
3033 2031 3240 2084 quoque
3281 2015 3355 2067 ait
3384 2031 3396 2067 :
3428 2014 3730 2082 priusquam

2216 2107 2514 2173 redemptor
2539 2117 2716 2158 noster
2743 2113 2908 2157 morte
2934 2119 3028 2156 sua
3053 2103 3260 2156 humani
3288 2100 3492 2168 generis
3508 2112 3728 2166 poenam

2216 2195 2460 2256 solveret,
2492 2209 2584 2247 eos
2611 2193 2702 2261 qui
2731 2192 2974 2247 coelestis
3009 2191 3210 2258 patriae
3236 2189 3347 2242 vias
3377 2187 3557 2241 sectati
3585 2193 3725 2244 sunt,
3757 2222 3765 2228 .

2213 2292 2332 2350 post
2350 2296 2617 2349 egressum
2641 2281 2817 2334 carnis
2840 2278 3026 2332 inferni
3048 2277 3276 2330 claustra
3303 2281 3604 2336 tenuerunt,
3629 2286 3728 2324 non

2215 2379 2270 2424 ut
2294 2383 2461 2439 poena
2501 2369 2649 2436 quasi
2671 2375 2973 2436 peccatores
2998 2365 3248 2433 plecteret
3273 2402 3288 2424 ,
3315 2361 3403 2414 sed
3439 2368 3496 2412 ut
3522 2374 3615 2412 eos
3638 2371 3730 2426 per

2216 2463 2508 2526 ingressum
2551 2454 2854 2510 mediatoris
2884 2461 3061 2506 reatus
3101 2451 3301 2519 primae
3333 2447 3513 2516 culpae
3561 2443 3730 2499 absol-

2215 2553 2382 2602 reret.

2282 2642 2331 2694 5.
2372 2640 2522 2706 Quod
2546 2639 2830 2693 electorum
2860 2637 3065 2688 animus
3091 2630 3416 2688 solummodo
3444 2630 3508 2681 ab
3538 2626 3724 2679 inferni
3749 2660 3778 2687 -δ

2213 2726 2441 2780 claustra
2461 2725 2618 2786 eruit,
2643 2737 2747 2776 non
2769 2719 3129 2788 reproborum,
3151 2723 3362 2769 sanctus
3391 2715 3496 2780 ipse
3534 2710 3728 2777 Grego-

2213 2816 2325 2868 rius
2356 2816 2408 2865 in
2455 2814 2538 2866 his
2559 2811 2712 2864 dictis
2744 2806 3019 2862 muralium
3056 2804 3310 2871 loquitur:
3355 2815 3457 2853 non
3484 2798 3623 2852 enim
3660 2795 3724 2848 ab

2213 2900 2417 2955 inferno
2445 2899 2648 2952 rediens
2685 2895 2936 2950 Dominus
2985 2893 3178 2946 electos
3203 2889 3354 2944 simul
3388 2896 3441 2941 et
3481 2886 3726 2953 reprobus

2216 2993 2396 3054 traxit,
2430 2991 2521 3044 sed
2549 2989 2635 3042 ille
2659 2988 2846 3040 exinde
2871 2985 3044 3041 omnia
3074 2979 3337 3040 substulit,
3360 2991 3493 3045 quae
3518 2975 3617 3028 sibi
3648 2974 3727 3025 in-

2214 3079 2447 3133 haesisse
2471 3075 2772 3144 praesuivit.
2803 3074 2902 3126 Per
2928 3071 3114 3124 Oscam
3148 3063 3451 3135 prophetam
3481 3061 3727 3114 Dominus

2215 3164 2343 3217 dicit
2369 3181 2381 3217 :
2404 3178 2495 3216 ero
2523 3176 2666 3215 mors
2692 3168 2802 3221 tua,
2825 3174 2857 3212 o
2886 3171 3048 3219 mors,
3073 3170 3164 3208 ero
3189 3166 3395 3206 morsus
3420 3158 3541 3202 tuus
3569 3147 3727 3198 infer-

2213 3268 2299 3306 ne.
2323 3252 2470 3318 Quod
2491 3250 2629 3306 enim
2659 3248 2944 3302 occidimus
2971 3243 3246 3314 agiuiusut
3271 3241 3474 3308 penitus
3500 3252 3599 3289 non
3626 3236 3722 3294 sit;

2213 3354 2278 3393 ex
2313 3353 2376 3393 eo
2423 3337 2561 3391 enim
2591 3335 2730 3402 quod
2777 3333 3090 3390 mordemus.
3125 3336 3323 3397 partem
3375 3323 3729 3378 abstrahimus

2211 3438 2519 3497 partemque
2558 3425 2918 3492 relinquimus.
2962 3421 3091 3485 Quia
3125 3432 3245 3486 ergo
3294 3417 3344 3468 in
3389 3414 3570 3467 electis
3619 3409 3727 3463 suis

2212 3517 2449 3570 funditus
2487 3514 2729 3568 dominus
2749 3510 2943 3564 occidit
2984 3515 3224 3569 mortem,
3256 3518 3396 3557 mors
3433 3500 3616 3554 mortis
3636 3513 3725 3551 ex-

2212 3606 2345 3658 stitit
2368 3622 2382 3668 ;
2408 3604 2527 3671 quia
2557 3618 2682 3655 vero
2707 3616 2771 3655 ex
2795 3599 2996 3652 inferno
3022 3604 3226 3664 partem
3251 3591 3460 3646 abstulit
3502 3595 3728 3656 partem-

2210 3710 2314 3766 que
2336 3695 2581 3763 reliquit,
2612 3707 2712 3744 nun
2755 3689 2945 3743 occidit
2980 3685 3209 3739 funditus
3233 3683 3321 3736 sed
3350 3677 3632 3734 momordit
3653 3677 3727 3728 in-

2211 3764 2437 3839 fernum.
2469 3784 2605 3849 Ergo
2631 3780 2797 3847 inquit
2817 3791 2957 3830 mors
2986 3785 3073 3828 tua
3100 3789 3132 3827 ο
3157 3771 3369 3834 mors,i.
3390 3784 3438 3822 e.
3469 3769 3521 3820 in
3549 3764 3728 3818 electis

2211 3873 2343 3926 meis
2358 3880 2407 3925 te
2443 3869 2678 3924 funditus
2699 3867 2919 3935 perimu.
2965 3863 3068 3916 Ero
3092 3873 3296 3913 morsus
3326 3864 3467 3918 tuus,
3501 3851 3722 3908 inferne,

2210 3960 2333 4028 quia
2353 3957 2572 4012 sublatis
2595 3957 2672 4009 eis
2699 3965 2748 4008 te
2771 3970 2834 4007 cx
2863 3959 3011 4021 parte
3039 3938 3306 4016 transfigu.

2276 4071 2329 4122 4.
2367 4070 2514 4135 Quod
2536 4067 2704 4121 sancti
2726 4066 2814 4132 qui
2851 4078 2969 4116 eum
3016 4059 3228 4113 Christo
3253 4054 3592 4109 surrexerunt
3617 4051 3726 4120 glo-

2210 4159 2367 4220 riosa,
2387 4157 2421 4208 i.
2447 4171 2494 4209 e.
2528 4153 2783 4222 spiritalia
2801 4149 3032 4219 percepti
3059 4153 3430 4211 suntcorpora,
3448 4140 3620 4207 qualia
3637 4151 3730 4192 nos

2207 4253 2517 4312 excepturos
2541 4243 2592 4294 in
2613 4239 2784 4292 futura
2816 4234 3200 4290 resurrectione
3252 4237 3591 4298 expectamus
3617 4239 3728 4277 om-

2208 4336 2288 4387 nis
2325 4329 2616 4386 catholicus
2654 4343 2756 4380 non
2809 4325 3023 4391 atnbigit
3074 4320 3291 4374 cre.lcre'
3307 4325 3356 4370 et
3393 4314 3721 4384 praedicare.

589 4417 676 4472 nis
703 4417 857 4470 homo
885 4414 1121 4481 quamvis
1150 4411 1373 4463 mundae
1407 4410 1761 4479 probataeqne
1786 4411 1926 4464 vitae
1952 4409 2108 4464 fuerit

2214 4420 2339 4472 Nam
2367 4420 2488 4472 dum
2517 4419 2580 4470 de
2621 4416 2732 4484 ipsa
2764 4397 3146 4468 resurrectione
3178 4406 3462 4474 Gregorius
3488 4403 3728 4457 beatissi-

589 4511 713 4557 ante
734 4502 1008 4555 adventum
1059 4498 1360 4553 mediatoris
1380 4496 1472 4550 Dei
1503 4506 1556 4550 et
1581 4493 1808 4551 heminis
1828 4498 1890 4550 ad
1922 4497 2110 4552 inferni

588 4593 814 4646 claustra
865 4588 1180 4644 descendere
1229 4587 1441 4640 dubium
1474 4602 1575 4638 non
1604 4595 1685 4640 est
1709 4627 1721 4646 ,
1754 4601 1914 4654 quum
1955 4587 2112 4640 homo

587 4683 676 4751 qui
705 4696 799 4750 per
826 4695 882 4734 se
905 4702 958 4733 ιη
983 4677 1111 4740 ..dit,
1137 4691 1230 4745 per
1256 4691 1314 4728 se
1331 4677 1396 4729 ad
1421 4677 1649 4742 paradisi
1674 4677 1906 4744 requiem
1941 4676 2111 4729 redire

589 4786 693 4826 non
717 4769 902 4838 potuit,
950 4765 1050 4820 nisi
1080 4764 1278 4817 veniret
1333 4763 1419 4817 ille
1445 4765 1532 4830 qui
1571 4779 1696 4816 suae
1739 4763 2112 4816 incarnationis

587 4858 834 4928 mysterio
856 4854 1086 4924 ejusdem
1107 4853 1256 4905 nobis
1278 4851 1504 4919 paradisi
1547 4853 1646 4902 iter
1684 4852 1931 4918 aperiret.
1959 4849 2108 4904 Unde

586 4954 731 5002 recte
777 4945 960 4997 beatus
1010 4939 1107 4993 Job
1141 4940 1414 4992 Dominum
1461 4939 1687 5016 postulat
1731 4939 1953 4991 dicens:
1991 4938 2108 5005 quis

585 5037 714 5091 mihi
742 5034 936 5088 tribuat
963 5041 1019 5086 ut
1042 5031 1254 5091 inferno,
1274 5039 1516 5101 protegas
1541 5045 1645 5093 me,
1671 5029 1947 5082 Psaltnista
1975 5043 2108 5097 quo-

585 5140 686 5192 que
713 5123 785 5175 ait
812 5140 828 5178 _:
855 5121 1088 5188 eripuisti
1113 5132 1339 5176 annnam
1358 5133 1525 5170 meam
1554 5133 1616 5170 ex
1646 5116 1850 5170 inferno
1882 5115 2104 5170 inferio-

587 5214 722 5266 ri.—-—
745 5210 870 5263 Item
895 5211 1030 5277 ipse:
1066 5207 1259 5262 Omnes
1281 5207 1430 5260 electi
1461 5207 1547 5273 qui
1586 5216 1706 5259 ante
1737 5207 2015 5259 adventum
2032 5221 2110 5259 re-

585 5298 869 5366 demptoris
895 5297 1056 5350 nostri
1079 5303 1331 5348 venerunt
1360 5297 1412 5349 in
1447 5296 1546 5349 hoc
1571 5294 1760 5347 mundo
1788 5295 2102 5362 quantumli-

582 5387 671 5440 bet
699 5376 1297 5451 virtutumjustitiaequc
1326 5384 1559 5444 aberent,
1591 5397 1619 5435 c
1647 5382 1952 5448 corporibus
1977 5383 2102 5435 edu-

584 5475 653 5526 t-ti
678 5473 728 5526 in
751 5472 867 5525 sinu
918 5472 1160 5526 caelestis
1189 5471 1386 5540 patriae
1432 5473 1609 5525 statim
1657 5471 1798 5524 nullo
1834 5471 1987 5524 modo
2011 5485 2100 5527 0,0—

655 5589 678 5615 α
707 5575 760 5628 id
789 5585 868 5629 est
895 5576 1118 5630 haereses
1145 5591 1235 5629 seu
1259 5592 1482 5630 errores.

2209 4523 2327 4560 mus
2359 4514 2592 4563 sanctam
2639 4509 3012 4556 rumancnscm‘
3048 4495 3323 4550 ecclesiam
3363 4492 3444 4544 vel
3475 4504 3567 4558 per
3613 4502 3726 4542 eam

2206 4595 2501 4649 universam
2537 4592 2837 4645 institueret
2869 4588 2921 4640 in
2949 4585 3135 4640 omelia
3155 4584 3322 4652 prima
3350 4579 3468 4634 libri
3517 4577 3727 4632 secundi

2206 4687 2278 4738 ita
2322 4682 2512 4737 allatur
2539 4700 2550 4732 :
2582 4680 2740 4734 Forte
2779 4694 2809 4731 a
2834 4693 2891 4731 sc
2921 4675 3112 4743 aliquis
3135 4673 3305 4727 dicat:
3337 4670 3459 4738 jure
3488 4665 3727 4722 Christus

2207 4771 2437 4827 surrexit
2463 4769 2690 4837 quicum
2723 4767 2860 4820 Deus
2889 4773 3027 4818 esset
3059 4761 3224 4832 teneri
3267 4775 3296 4812 a
3325 4767 3489 4813 morte
3515 4772 3617 4809 non
3642 4772 3732 4823 pn-

2208 4863 2306 4913 tuit
2333 4876 2346 4922 ;
2376 4859 2440 4912 ad
2470 4855 2828 4910 instruendam
2862 4868 2986 4922 ergo
3015 4849 3635 4922 ignorantiamnostram,
3665 4843 3727 4894 ad

2206 4943 2648 5000 corroborandam
2682 4939 3038 4994 infirmitatem
3058 4944 3287 4990 nostram
3307 4921 3432 4987 suae
3455 4947 3723 4986 resurrec-

2209 5035 2366 5087 tionis
2385 5031 2682 5100 exemplum
2726 5027 2963 5082 suilieere
2999 5024 3186 5087 noluit,
3221 5023 3360 5077 solus
3388 5023 3440 5075 in
3483 5020 3572 5073 illo
3600 5030 3728 5072 tem—

2207 5138 2333 5191 pore
2363 5129 2600 5174 mortuus
2627 5127 2708 5170 est
2732 5125 2786 5170 et
2813 5126 2986 5169 tamen
3023 5115 3175 5168 solus
3218 5112 3432 5165 minimc
3473 5109 3720 5164 surrexit.

2207 5211 2336 5263 Nam
2367 5209 2618 5276 scriptum
2651 5213 2771 5258 est:
2821 5203 2983 5257 multa
3021 5215 3238 5269 corpora
3271 5205 3568 5251 sanctorum
3593 5235 3607 5256 ,
3640 5193 3726 5262 ψιὶ

2207 5297 2529 5351 dormierant
2575 5302 2955 5354 surrexerunt;
3013 5289 3181 5341 ablata
3232 5293 3502 5354 sunt-ergo
3553 5283 3723 5336 omnia

2205 5394 2511 5454 argumenta
2535 5379 2801 5450 perﬁdiae.
2843 5379 2918 5432 Ne
2942 5377 3060 5447 quis
3083 5377 3220 5428 enim
3264 5375 3400 5428 dicat
3429 5385 3641 5441 sperare
3665 5373 3724 5423 de

2206 5489 2260 5524 se
2288 5488 2387 5525 non
2415 5472 2567 5526 debet
2593 5471 2768 5532 homo,
2797 5468 2936 5536 quod
2962 5467 3015 5519 in
3042 5479 3198 5517 carne
3221 5478 3314 5516 sua
3343 5461 3545 5515 exibuit
3568 5459 3709 5513 bum:

655 5642 682 5681 ³
710 5634 837 5697 Nota
866 5646 1084 5714 margini
1125 5646 1345 5711 ascripta
1366 5646 1509 5697 addit
1536 5660 1546 5695 :
1580 5645 1664 5696 sed
1690 5661 1793 5697 (ηερ
1835 5645 2092 5710 mperium
2126 5641 2311 5707 inferni
2342 5641 2472 5701 (om,
2511 5640 2613 5694 alia
2644 5656 2747 5693 csse
2776 5640 3022 5708 inferiora
3047 5635 3346 5689 credendum
3378 5647 3447 5687 est
