3974 6418
264 457 386 508 i237

1241 455 1543 510 ASCARICI
1577 435 1662 508 si
1699 454 2032 509 TUSAREDI
2067 453 2436 509 artsrom.

3257 462 3386 514 £9.58

261 565 414 623 Deus,
443 577 566 616 ecce
593 579 709 615 cum
737 565 842 616 Deo
867 565 1104 620 homines
1152 565 1504 617 resurrexisse
1527 565 1772 631 cognobi-
1800 565 1845 620 Α
1874 566 2269 612 resurrexerunt
2292 567 2344 612 et
2367 566 2716 627 apparuerunt
2738 561 2914 614 multis
2933 570 2984 614 et
3011 561 3230 630 ingressi
3265 577 3388 617 sunt

258 663 390 712 mus,
415 657 469 701 et
493 664 624 715 quos
653 664 810 716 puros
847 651 1084 704 homines
1110 666 1214 703 non
1241 651 1560 704 dubitamus.
1593 652 1648 704 Si
1680 653 1775 719 igi-

259 743 341 785 tur
359 734 591 786 membra
617 735 959 802 redemptoris
979 737 1143 788 nostri
1166 752 1366 800 sumus,
1383 752 1774 804 praesumamus

256 823 308 876 in
336 822 488 875 nobis
509 823 648 890 quod
675 832 874 890 gestum
907 834 1110 878 constat
1153 826 1205 877 in
1229 827 1400 893 capite
1426 842 1440 888 ;
1482 828 1526 879 si
1557 826 1774 880 multum

255 926 349 964 nos
376 911 663 979 abiecimus
694 928 905 980 sperare
958 913 1206 968 debemus
1229 916 1279 968 iu
1308 916 1459 969 nobis
1494 931 1588 969 nos
1613 932 1776 970 mem-

254 1000 348 1052 bra
370 1001 553 1054 ultima
577 1002 716 1070 quod
753 1004 817 1056 de
858 1003 1107 1056 membris
1141 1005 1254 1072 ejus
1297 1005 1654 1072 superioribus
1684 1022 1774 1058 au-

255 1087 497 1140 divimus.
545 1087 684 1143 Haec
718 1099 837 1143 sunt
880 1091 1017 1144 illius
1058 1093 1372 1145 sanctissimi
1421 1094 1598 1146 verba.
1642 1093 1773 1146 Dum

255 1174 380 1228 dicit
399 1193 494 1230 nos
525 1179 758 1230 membra
785 1178 968 1237 ultima
1012 1180 1162 1232 talem
1193 1195 1405 1247 sperare
1436 1182 1776 1234 resurrectio-

254 1279 373 1316 nem
395 1265 602 1330 qualem
628 1265 983 1318 habueruutet
1006 1266 1098 1328 illi,
1122 1275 1301 1334 aperte
1323 1283 1416 1320 nos
1442 1269 1651 1320 instruit
1667 1269 1777 1336 glo—

253 1352 447 1404 riosam
499 1353 613 1405 illos
645 1353 678 1405 i.
727 1369 774 1406 e.
824 1355 1144 1421 spiritualem
1198 1355 1487 1423 suscepisse
1540 1371 1772 1419 carnem,

253 1439 461 1504 qualem
496 1441 547 1492 in
577 1439 752 1493 futuro
784 1457 879 1495 nos
915 1444 1179 1510 accepturi
1212 1444 1425 1496 erimus.
1480 1443 1592 1494 Non
1633 1446 1774 1496 enim

254 1527 336 1580 ille
365 1529 461 1581 nisi
488 1529 552 1583 de
579 1528 751 1582 futura
781 1531 1093 1599 loquebatur
1117 1533 1519 1585 resurrectione.

318 1613 370 1665 5.
405 1613 536 1679 Quia
562 1615 850 1683 glorificata
875 1617 1082 1670 illarum
1123 1626 1424 1671 sanctorum
1452 1658 1465 1680 ,
1504 1620 1566 1672 de
1587 1619 1776 1686 quibus

186 1703 191 1708 ’
251 1701 470 1768 agimus,
515 1706 855 1755 surrexerunt
907 1718 1126 1770 corpora
1174 1705 1224 1756 in
1265 1705 1477 1756 oracula
1524 1700 1776 1772 septimae

251 1788 453 1842 sabbati
502 1790 600 1844 hoc
627 1791 868 1844 tubarum
913 1794 1136 1860 paschae
1178 1796 1248 1846 ita
1284 1794 1469 1847 affatus
1498 1805 1578 1848 est
1606 1813 1616 1846 ;
1645 1796 1773 1849 Sans

1874 654 2110 699 sanctam
2163 647 2444 700 civitatem.
2498 646 2688 700 Illamtl
2742 649 3005 715 apostolus
3054 651 3178 704 dicit
3210 671 3223 703 :
3255 668 3388 720 quae

1872 748 2054 785 verum
2075 747 2280 787 sursum
2300 742 2379 786 est
2398 733 2722 787 Jherusalem
2743 735 2909 789 libera
2931 745 3026 798 est,
3057 752 3193 804 quae
3222 747 3390 792 mater

1873 819 2102 872 omnium
2131 827 2447 872 nostrorum.
2475 819 2621 874 Unde
2640 832 2692 874 et
2711 821 2811 876 Ose
2845 824 3098 891 propheta
3121 839 3182 877 ex
3204 840 3386 892 perso-

1873 923 1940 958 na
1967 921 2147 959 eorum
2172 908 2296 960 dicit
2326 925 2337 958 :
2367 909 2571 962 sanavit
2595 923 2688 962 nos
2709 919 2827 976 post
2849 911 3083 973 biduum,
3105 912 3188 965 die
3207 927 3388 966 verum

1873 995 2022 1045 tertia
2039 988 2369 1062 resurgimus
2395 996 2686 1049 etvibimus
2713 997 2762 1048 in
2784 1006 3064 1065 conspectu
3086 998 3219 1066 ejus.

1943 1080 1990 1132 7.
2015 1081 2095 1133 De
2122 1082 2302 1134 eadem
2328 1080 2652 1135 Jherusalem
2694 1091 2751 1135 ut
2777 1092 2999 1152 utraque
3042 1085 3397 1154 intelligamus

1872 1168 2148 1221 caelestem
2174 1177 2328 1234 atque
2379 1177 2658 1221 terrenam.
2703 1171 2776 1223 De
2803 1171 2885 1222 his
2914 1181 3125 1224 sanctus
3163 1171 3398 1226 Jheroui-

1875 1254 2400 1307 mus'bethlemiticae
2443 1255 2694 1308 ecclesiae
2723 1257 2906 1310 doctor
2938 1269 2991 1311 et
3031 1259 3304 1328 presbyter
3340 1261 3390 1312 in

1873 1338 2008 1392 libro
2057 1349 2244 1406 quarta
2283 1340 2722 1393 comentariorum
2775 1344 3065 1410 expositum
3108 1345 3436 1422 secundunrx

1876 1428 2192 1481 Matthaeum
2229 1429 2302 1481 ita
2339 1438 2426 1498 ayt
2456 1448 2468 1481 :
2503 1427 2751 1484 Sanctam
2775 1432 3059 1495 civitatem,
3090 1433 3139 1484 in
3168 1448 3270 1501 qua
3297 1433 3396 1486 visi

1875 1522 1996 1567 sunt
2032 1509 2377 1584 resurgentes
2394 1526 2482 1570 aut
2509 1517 2799 1573 Jerusalem
2828 1520 3104 1574 caelestem
3135 1522 3395 1591 intelliga-

1875 1618 2012 1666 mus,
2045 1612 2134 1656 aut
2171 1605 2306 1657 hanc
2332 1614 2592 1658 terrenam
2643 1621 2778 1675 quae
2815 1616 2934 1660 ante
2983 1617 3161 1662 sancta
3202 1609 3392 1671 fuerat,

1875 1705 2009 1757 quae
2029 1691 2096 1743 ob
2142 1691 2192 1743 id
2223 1699 2400 1744 sancta
2427 1691 2801 1759 appellabatur,
2829 1702 3040 1762 propter
3067 1693 3316 1764 templum
3343 1703 3396 1748 et

1877 1788 2113 1834 sanctum
2145 1790 2460 1834 sanctarum.
2489 1781 2634 1845 Quod
2659 1791 2834 1835 autem
2858 1783 2984 1836 dicit
3010 1801 3026 1832 ‹
3047 1792 3396 1851 apparuerunt

249 1871 452 1929 clarum
488 1892 706 1946 corpora
736 1880 994 1934 vivificata
1031 1891 1351 1949 consurgunt
1388 1901 1399 1933 :
1432 1882 1767 1945 abitaculum,

1877 1875 2104 1936 multis,»
2137 1875 2429 1928 ostenditur
2455 1889 2559 1927 non
2587 1874 2845 1943 generalis
2883 1875 3041 1928 fuisse
3081 1877 3396 1929 resurrectio

205 2015 208 2018 .
251 1968 390 2032 quod
433 1968 696 2036 paulisper
737 1968 975 2035 jacuerat
1023 1974 1187 2041 surgit
1236 1974 1481 2042 gloriosa.
1535 1974 1664 2028 Item
1717 1977 1768 2028 in

249 2053 429 2104 eadem
455 2054 744 2120 ebdomada
781 2066 966 2124 quarta
992 2061 1193 2113 sabbati
1218 2079 1229 2112 :
1275 2062 1411 2114 sicut
1432 2063 1556 2114 olim
1583 2070 1633 2115 te
1661 2080 1772 2117 mo-

250 2141 420 2193 riente
452 2151 655 2196 mortua
684 2160 904 2213 corpora
931 2156 1290 2219 surrexerunt,
1339 2149 1408 2201 ita
1435 2151 1645 2203 nuncin
1675 2151 1774 2204 hac

250 2229 653 2282 resurrectionis
688 2239 808 2285 tuae
850 2231 1129 2286 festivitate
1157 2250 1169 2297 ;
1201 2235 1387 2302 sepulti
1415 2236 1464 2287 in
1506 2243 1774 2290 aeternam

249 2314 482 2381 requiem
513 2315 898 2372 transferuntur
921 2328 970 2373 et
993 2320 1036 2373 si
1060 2335 1280 2387 corpora
1303 2332 1645 2376 surrexerunt
1667 2340 1772 2392 qua

248 2400 422 2456 fronte
469 2412 527 2458 ut
557 2407 689 2474 aytis
718 2407 921 2461 animas
954 2410 1206 2461 adserunt
1236 2411 1604 2474 resurrexisse,
1651 2412 1774 2464 dum

249 2491 423 2543 anima
455 2493 745 2546 substantia
775 2490 1028 2562 spiritalis
1056 2497 1124 2548 sit
1151 2506 1202 2549 et
1224 2497 1546 2564 incorporea.
1588 2498 1693 2550 Aut
1729 2499 1775 2552 si

251 2590 468 2644 corpora
497 2589 550 2633 et
595 2596 698 2634 non
729 2581 1015 2650 glorificata
1062 2594 1421 2647 surrexerunt,
1457 2586 1683 2653 qualiter
1713 2602 1776 2639 ea

251 2663 488 2718 adstruat
531 2667 719 2720 iterum
755 2677 810 2720 ut
836 2667 1112 2724 .Lazarum
1155 2672 1485 2723 moriturum.
1537 2671 1684 2725 Sicut
1711 2673 1775 2725 ad

249 2755 351 2806 hoc
379 2755 428 2805 in
466 2756 648 2808 eadem
682 2758 969 2812 ebdomada
995 2768 1138 2813 sexta
1163 2760 1365 2812 sabbati
1393 2762 1456 2814 de
1479 2762 1649 2829 ipsum
1674 2778 1779 2818 me-

253 2843 402 2895 minit
439 2845 526 2910 qui
548 2845 666 2898 dam
684 2847 792 2914 jam
820 2848 956 2900 dicta
977 2888 990 2909 ,
1021 2849 1244 2916 gloriosa
1275 2848 1533 2902 vibificata
1559 2865 1775 2918 corpora

247 2931 552 2999 perenniter
595 2942 954 3002 regnaturum,
982 2949 1165 2991 eorum
1195 2951 1402 3005 quoque
1449 2937 1781 3006 suffraganti-

251 3019 350 3072 bus
373 3020 574 3073 meritis
599 3022 687 3096 qui
722 3037 839 3074 cum
869 3022 1026 3075 unico
1074 3023 1179 3076 lilio
1211 3032 1298 3076 tuo
1335 3023 1433 3076 sibi
1475 3033 1776 3078 meruerunt

249 3120 526 3175 resurgere
547 3110 610 3162 de
644 3109 896 3177 sepulcris
921 3113 1198 3166 concordia
1224 3113 1275 3165 in
1304 3113 1452 3166 nobis
1493 3115 1665 3182 vigeat
1691 3130 1777 3169 ca-

1871 1977 2004 2028 quae
2034 1963 2277 2016 omnibus
2318 1971 2612 2030 appareret,
2644 1962 2737 2016 sed
2771 1965 3010 2030 specialis
3038 1965 3102 2017 ad
3144 1964 3396 2032 plurimos

1871 2059 1929 2101 ut
1956 2051 1990 2102 ii
2033 2050 2268 2102 viderent
2309 2051 2398 2118 qui
2426 2064 2644 2102 cernere
2675 2052 3027 2103 merebantur.
3080 2051 3217 2104 llaec
3265 2054 3400 2104 sunt

1872 2139 2010 2192 dicta
2037 2140 2176 2195 beati
2202 2137 2504 2191 Jhert‘mimi.
2536 2138 2706 2204 Quum
2733 2153 2857 2207 ergo
2878 2139 2930 2192 in
2954 2147 3174 2207 utraque
3202 2137 3385 2194 Jheru—

1873 2227 2036 2281 salem
2068 2242 2163 2280 nos
2181 2227 2470 2294 intelligere
2500 2226 2683 2278 maluit
2714 2226 2919 2280 visuros
2948 2236 3209 2280 terrenam
3233 2234 3388 2294 atque

1873 2316 2173 2379 caelestem,
2198 2332 2294 2369 cur
2321 2317 2405 2370 isti
2445 2317 2792 2370 contemtiose
2834 2317 3111 2370 caelestem
3143 2318 3257 2372 illas
3307 2333 3394 2372 ne-

1874 2410 1998 2473 gant
2031 2403 2353 2457 ascendere?
2387 2401 2722 2470 Nequaquam
2745 2404 2884 2456 enim
2926 2412 2984 2456 ut
3007 2405 3285 2458 caelestem
3315 2406 3394 2458 in-

1874 2491 2226 2560 telligeremus
2249 2491 2468 2555 diceret,
2518 2491 2562 2544 si
2611 2491 2664 2542 in
2687 2491 2975 2559 glorificata
3027 2507 3184 2546 carne
3203 2508 3291 2547 eos
3322 2509 3398 2545 re-

1874 2580 2172 2633 surrexisse
2205 2588 2438 2648 negaret.

1943 2668 2004 2720 8.’
2024 2667 2172 2731 Quod
2211 2683 2312 2720 non
2352 2681 2535 2721 omnes
2563 2669 2729 2722 sancti
2758 2684 2890 2737 quos
2939 2671 3003 2724 ab
3039 2668 3229 2724 inferni
3260 2671 3400 2725 elau-

1871 2756 1996 2808 stris
2011 2757 2146 2809 eruit
2163 2756 2402 2809 Christus
2425 2756 2474 2808 in
2501 2772 2656 2809 carne
2683 2755 3102 2820 resurreserunt,
3126 2760 3217 2812 sed
3241 2758 3388 2813 multi

1874 2851 1930 2895 ut
1974 2841 2211 2896 sanctum
2267 2843 2590 2911 evangelium
2630 2852 2733 2913 ayt.
2781 2843 3088 2914 Ambrosius
3151 2859 3400 2915 praecep-

1877 2937 1959 2982 tor
1991 2930 2268 3000 Augustini
2299 2932 2352 2982 in
2374 2932 2613 2990 docmate
2635 2931 2831 2986 Christi
2857 2932 2908 2985 in
2937 2932 3178 2988 homeliis
3197 2947 3402 2987 exame-

1878 3035 1974 3073 ron
1999 3020 2068 3072 ita
2096 3019 2324 3092 loquitur
2351 3035 2363 3070 :
2395 3019 2523 3072 Pars
2552 3021 2805 3086 quaedam
2835 3022 3167 3088 antiquorum
3193 3029 3400 3089 patrum

1877 3125 1995 3163 cum
2027 3107 2235 3162 Christo
2261 3109 2313 3161 in
2344 3123 2501 3162 carne
2527 3109 2753 3178 resurgit
2781 3149 2794 3173 ,
2823 3116 2882 3162 ut
2907 3117 3086 3163 nostra
3111 3111 3402 3164 resurectio

247 3195 425 3249 ritatis
450 3205 502 3249 et
521 3198 563 3250 si
591 3213 686 3265 pro
713 3199 865 3251 nobis
890 3199 1242 3269 suffragantur
1259 3209 1312 3252 et
1343 3216 1373 3253 a
1393 3215 1496 3268 quo
1519 3210 1642 3253 sunt
1662 3217 1774 3256 sus-
1801 3199 1845 3261 C
1874 3199 2069 3264 absque
2085 3196 2426 3265 ambiguitate
2455 3195 2693 3250 veniente
2719 3196 2906 3249 iterum
2937 3196 3027 3250 illo
3045 3197 3267 3251 abanter
3286 3211 3402 3265 spe-

253 3285 414 3348 citati,
432 3301 596 3354 quare
607 3301 711 3340 non
727 3290 1040 3342 erubescunt
1055 3288 1273 3356 improbi
1303 3289 1476 3342 dicere
1497 3304 1588 3342 eos
1607 3300 1776 3345 morte

250 3375 477 3427 secunda
512 3376 792 3443 gustasse?
1237 3438 1243 3444 ι

318 3462 367 3513 6.
406 3461 536 3526 Quia
558 3460 847 3516 Jerusalem
873 3465 961 3517 ubi
1007 3465 1103 3517 visi
1127 3473 1247 3517 sunt
1280 3465 1355 3526 hi,
1384 3466 1610 3532 quicum
1633 3466 1780 3520 Chri-

251 3557 330 3601 sto
358 3557 760 3602 resurrexerunt
783 3549 1060 3602 caelestem
1091 3549 1229 3602 illam
1255 3551 1502 3605 debemus
1529 3552 1780 3620 intellige-

251 3652 324 3690 rc.
351 3637 406 3689 In
429 3638 612 3691 eadem
656 3638 824 3692 adhuc
845 3637 954 3704 jam
985 3646 1324 3691 memoratam
1353 3641 1698 3694 ebdomadam
1725 3643 1776 3694 in

251 3726 404 3776 tertia
454 3723 655 3776 sabbati
684 3724 820 3778 sicut
845 3725 1088 3793 superius
1132 3727 1239 3779 dixi
1272 3727 1322 3779 in
1351 3729 1564 3781 oracula
1603 3743 1663 3782 ea
1690 3745 1779 3799 pe-

250 3813 366 3864 titio
394 3827 528 3881 quae
555 3827 649 3880 pro
675 3814 913 3867 oratione
940 3812 1202 3868 dominica
1226 3816 1417 3868 dicitur
1449 3818 1526 3870 sic
1549 3817 1739 3870 affatur
1762 3837 1773 3871 :

250 3901 316 3954 ad
375 3902 662 3954 terribilem
695 3909 903 3954 tronum
954 3903 1139 3955 altaris
1184 3919 1342 3957 cursu
1389 3908 1593 3960 concito
1631 3915 1781 3976 pater

249 3989 577 4054 omnipotens
597 3996 938 4056 properantes
959 4005 1204 4058 rogamus
1223 3999 1281 4043 ut
1305 3993 1538 4046 omnium
1560 4004 1776 4062 peccata

249 4076 264 4127 l
301 4076 493 4129 bentur
523 4083 575 4130 et
603 4077 657 4129 in
680 4076 1035 4147 indulgentiali
1058 4087 1282 4148 ungento
1305 4096 1421 4134 esse
1440 4083 1778 4140 ecclesiastici

249 4167 484 4233 corporis
507 4167 812 4220 solidentur.
846 4169 960 4234 Quo
988 4171 1248 4238 possimus
1273 4173 1468 4226 nostris
1488 4188 1604 4226 cum
1628 4189 1807 4245 renag

250 4253 317 4305 tis
351 4252 636 4306 infantibus
668 4255 926 4323 respirare
943 4263 995 4308 et
1019 4272 1136 4310 cum
1173 4259 1393 4312 mortuis
1436 4262 1698 4314 suscitatis
1726 4261 1779 4317 in

247 4340 572 4395 Jherusalem
585 4343 864 4399 caelestem
882 4344 1218 4398 medullatum
1242 4355 1510 4413 portantes
1527 4349 1781 4404 sacrificia

249 4428 489 4485 introire.
513 4461 580 4470 —
604 4430 734 4484 Item
776 4433 1110 4487 beatissimus
1136 4435 1451 4491 Heronimus
1485 4439 1538 4491 in
1561 4440 1776 4508 epistola

1877 3293 2040 3338 retur.

1942 3376 2092 3429 9..De
2120 3390 2181 3428 eo
2223 3376 2359 3442 quod
2408 3374 2459 3427 in
2489 3375 2811 3444 apocalipsin
2844 3375 3033 3428 dicitur
3057 3377 3189 3429 haec
3231 3390 3401 3429 resur-

1875 3464 2038 3519 rectia
2071 3463 2239 3533 prima
2281 3472 2333 3517 et
2367 3473 2558 3517 cetera.
2603 3462 2936 3518 Jheronimus
2967 3449 3402 3534 Victorianusque

1877 3552 1946 3604 ita
1972 3560 2133 3620 ayunt
2161 3567 2172 3602 :
2206 3550 2512 3603 Resurectio
2548 3549 2728 3616 prima
2756 3566 2895 3603 nunc
2921 3558 3003 3603 est
3044 3565 3140 3618 per
3163 3551 3317 3604 fidem
3348 3551 3401 3604 in

1875 3640 2046 3691 anima
2073 3648 2190 3692 cum
2219 3653 2319 3705 qua
2361 3638 2660 3703 pervcnitur
2693 3638 2757 3691 ad
2783 3639 3102 3706 baptismum
3132 3640 3403 3695 absolutus

1877 3729 1940 3781 ab
1973 3726 2213 3796 originali
2265 3734 2480 3792 peccato
2517 3726 2762 3787 introitus
2810 3725 2861 3778 in
2893 3742 3108 3796 regnum
3139 3728 3249 3781 Dei.
3297 3728 3403 3782 Re.

1876 3832 2034 3884 gnum
2070 3815 2249 3881 utique
2281 3829 2382 3866 non
2409 3815 2574 3865 solum
2605 3812 2730 3865 illud
2758 3815 2896 3880 quod
2943 3815 3055 3868 sine
3085 3815 3186 3868 fine
3210 3830 3395 3884 perpe-

1875 3910 2022 3955 tuum
2051 3901 2246 3954 sanctis
2265 3901 2384 3962 erit,
2415 3902 2505 3955 sed
2525 3909 2576 3954 et
2600 3915 2739 3954 nunc
2765 3901 2816 3954 in
2842 3917 2945 3969 quo
2972 3901 3213 3956 Christus
3242 3903 3294 3955 in
3317 3919 3399 3958 ec-

1875 3988 2032 4041 clesia
2061 3987 2314 4041 catholica
2346 3994 2548 4055 regnat.
2600 3987 2744 4052 Quae
2772 3990 3086 4043 resurrectio
3130 4004 3234 4043 non
3281 4005 3400 4059 per-

1876 4077 2039 4130 mittit
2084 4077 2326 4130 homines
2359 4077 2582 4128 transire
2609 4075 2675 4128 ad
2729 4085 2948 4129 mortem
2996 4077 3296 4131 secundam.
3328 4077 3413 4132 De.

1875 4165 1976 4217 hac
2021 4164 2401 4217 resurrectione
2447 4162 2573 4216 dicit
2609 4163 2874 4230 apostolus
2902 4181 2913 4216 :
2939 4164 2982 4217 si
3039 4165 3402 4220 resurrexistis

1876 4267 1994 4306 cum
2019 4252 2248 4314 Christo,
2273 4265 2406 4318 quae
2428 4265 2632 4304 sursum
2656 4259 2776 4304 sunt
2800 4253 3058 4319 quaerite.

1945 4338 2030 4391 10.
2080 4338 2155 4391 Illi
2187 4349 2356 4402 vero,‘
2389 4338 2478 4406 qui
2510 4336 2876 4392 contradicunt
2925 4339 3199 4394 dicentes:
3238 4340 3400 4396 Nemo

1877 4428 2109 4481 ascendit
2127 4427 2178 4478 in
2207 4426 2429 4489 caelum,
2459 4425 2559 4479 nisi
2586 4427 2671 4493 qui
2699 4426 2966 4482 descendit
2997 4429 3062 4484 de
3087 4429 3233 4483 caelo
3259 4429 3400 4486 filius

250 4519 312 4570 al
345 4518 648 4571 Eliodorum
680 4535 775 4588 pro
799 4528 966 4573 morte
987 4519 1258 4589 Nepotiani
1288 4525 1597 4594 presbyteri,
1637 4543 1771 4594 quae

1873 4513 2116 4576 hominis,
2144 4511 2517 4580 legantlibrum
2546 4513 2686 4566 beati
2711 4511 2902 4568 Juliani
2928 4531 3030 4576 non
3054 4515 3278 4571 Pomerii
3303 4521 3410 4596 sed.

248 4615 301 4660 ct
321 4605 570 4674 epitafion
593 4614 828 4671 vocatur,
877 4608 1014 4661 inter
1038 4609 1137 4661 alia
1161 4609 1308 4676 plura
1332 4611 1407 4665 sic
1430 4627 1580 4666 orsus
1600 4622 1678 4666 est
1702 4614 1778 4667 di-

250 4705 370 4744 cere
400 4707 412 4743 :
440 4689 597 4743 Multa
633 4707 854 4761 corpora
882 4703 1181 4748 sanctorum
1206 4696 1577 4751 dormientium
1606 4715 1780 4754 resur-

252 4789 500 4834 rexerunt
518 4788 569 4835 et
585 4791 937 4848 apparuerunt
963 4784 1012 4834 in
1029 4792 1264 4836 sanctum
1280 4782 1603 4840 Jherusalem
1618 4789 1784 4841 coele-

252 4877 404 4933 stem;
435 4879 487 4924 et
507 4877 631 4923 tunc
656 4869 924 4936 impletum
944 4878 1026 4922 cst
1051 4870 1175 4923 illud
1195 4871 1455 4942 eulogiu'm
1478 4891 1488 4924 :
1513 4889 1668 4943 surge
1689 4877 1779 4943 qui

253 4959 451 5011 dormis
497 4965 551 5010 et
580 4955 909 5010 inluminabit
950 4965 1002 5010 te
1044 4955 1303 5011 Christus.
1353 4957 1542 5016 Patent
1584 4971 1636 5013 et
1675 4962 1773 5014 alia

253 5046 400 5113 plura
431 5046 757 5099 diversarum
791 5046 1062 5100 doctorum
1097 5046 1162 5100 de
1191 5047 1289 5100 hac
1335 5062 1410 5112 re,
1451 5064 1583 5117 quae
1620 5055 1773 5104 modo

253 5152 355 5189 non
379 5145 504 5190 sunt
549 5135 720 5190 adlata
746 5136 940 5189 nostris
984 5137 1370 5205 conspectibus.
1405 5137 1506 5190 Sed
1535 5143 1606 5193 ea‘
1639 5155 1772 5206 quae

254 5225 318 5277 ab
339 5237 588 5293 praesens
616 5224 938 5292 repperimus
965 5263 978 5286 ,
1010 5224 1052 5277 si
1077 5233 1128 5278 et
1161 5240 1323 5291 pauca
1355 5225 1487 5280 aduc
1541 5228 1774 5281 testimo-

254 5313 337 5364 nia
366 5311 696 5380 proferamus
721 5327 734 5374 ;
761 5310 946 5364 beatus
990 5309 1207 5363 Ruﬁnus
1249 5312 1520 5380 presbyter
1550 5313 1601 5365 in
1630 5328 1773 5366 com-

256 5399 529 5453 mentariis
563 5399 673 5453 suis
693 5400 928 5467 exposito
972 5399 1035 5452 de
1067 5399 1300 5468 symbolo
1350 5400 1421 5452 ita
1450 5401 1585 5454 inter
1623 5402 1768 5468 plura

255 5489 484 5556 loquitur
516 5506 528 5540 :
559 5488 728 5554 Quum
750 5487 988 5545 Christus
1017 5488 1247 5540 surrexit
1266 5496 1597 5541 monumenta
1627 5503 1773 5558 aper-

255 5588 302 5631 ta
335 5583 476 5642 sunt,
523 5585 578 5630 et
606 5577 768 5630 multa
794 5589 1016 5644 corpora
1064 5584 1366 5630 sanctorum
1402 5577 1769 5632 dormientium

1873 4603 2107 4655 Toletani
2135 4603 2222 4669 qui
2267 4601 2526 4654 vocitatur
2552 4604 2882 4667 anticimena,
2913 4606 3002 4675 qui
3047 4615 3283 4676 patratus
3310 4621 3392 4664 est

1854 4679 1940 4748 [de
1974 4695 2056 4748 his
2083 4696 2237 4752 rebus
2260 4707 2394 4762 quae
2417 4694 2680 4747 contraria
2715 4695 2766 4748 in
2798 4695 3083 4765 Scripturis
3127 4701 3393 4764 resonant,

1878 4789 1968 4842 sed
1992 4803 2094 4840 non
2115 4787 2374 4840 contraria
2403 4786 2468 4838 ab
2491 4787 2571 4839 his
2595 4787 2681 4853 qui
2711 4787 2853 4854 vigili
2875 4802 3029 4842 sensu
3049 4785 3394 4857 Scripturam,

1875 4880 1917 4931 si
1934 4878 2174 4930 mundam
2189 4876 2476 4944 inquirunt,
2499 4875 2830 4943 intelligenda
2849 4878 3395 4946 sunt,sicutsuntplu-

1874 4983 2033 5034 raque
2062 4968 2177 5020 istis
2198 4965 2322 5018 latet
2340 4973 2420 5027 ;et
2437 4973 2559 5016 tunc
2574 4971 2747 5018 tacere
2783 4967 3027 5020 studeant
3053 4976 3223 5021 etnon
3249 4967 3409 5036 loqui'

1872 5069 2008 5122 quae
2035 5050 2423 5106 nesciunt.—Si
2439 5052 2755 5106 anticimena
2776 5049 2925 5106 ﬁrst
2945 5062 3159 5107 currant
3176 5055 3241 5107 ad
3252 5054 3392 5124 Agu«

1884 5145 2078 5198 stinum
2111 5150 2162 5195 et
2183 5141 2352 5208 ipsum
2385 5139 2648 5207 inquirant
2673 5141 2724 5192 in
2745 5140 2878 5193 libro
2918 5141 3258 5195 homeliarum
3278 5150 3395 5197 cata

1874 5233 2183 5293 Jhoannem,
2201 5230 2434 5297 etipsum
2453 5229 2589 5282 hunc
2611 5230 2779 5282 locum
2795 5231 3392 5301 audiantexplorantem.

1877 5321 2014 5374 Dicit
2038 5320 2178 5372 enim
2211 5335 2223 5370 :
2253 5303 2316 5370 ne
2352 5333 2452 5384 qua
2484 5317 2696 5370 territus
2725 5317 2775 5370 in
2807 5318 2912 5371 Deo
2956 5320 3255 5383 sentiretur,
3273 5319 3390 5376 ideo

1875 5411 2068 5465 dixisse
2089 5409 2354 5464 Christum
2379 5408 2664 5470 credimus,
2684 5422 2836 5461 nemo
2862 5409 3096 5463 ascendit
3118 5407 3169 5462 in
3191 5411 3392 5464 coelum

1876 5499 1973 5552 nisi
2005 5500 2093 5567 qui
2131 5496 2397 5551 descendit
2440 5496 2504 5549 de
2531 5496 2675 5550 coelo
2715 5483 2950 5552 hominis
2968 5498 3205 5554 videlicet
3245 5496 3395 5553 Chri-

1833 5588 1840 5596 '
1874 5593 1986 5637 stus
2007 5585 2135 5637 deus
2154 5591 2207 5638 et
2230 5584 2384 5635 homo
2408 5597 2509 5635 una
2536 5596 2776 5651 persona.
2809 5581 2864 5637 Si
2887 5584 3003 5651 quis
3020 5599 3144 5663 vero
3165 5585 3386 5657 amplius

321 5705 342 5730 θη
373 5691 428 5744 In
453 5689 685 5757 margine
699 5701 851 5740 manu
872 5687 1173 5756 posterioris
1198 5689 1382 5742 aetatis
1397 5689 1625 5742 additum
1645 5699 1756 5743 est:
1797 5691 1903 5745 sine
1921 5691 2081 5746 dubio.
2094 5691 2317 5761 ingressu
2341 5701 2564 5746 sam-Iam
2585 5693 2830 5745 civitatem
2857 5694 2918 5747 dc
2940 5711 3057 5751 qua.
