3974 6400
541 553 616 610 79
1555 550 1644 606 DE
1683 550 1840 606 VITA
1877 550 1936 603 Β.
1976 547 2036 603 F.
2078 545 2302 602 ALBINI
2340 545 2470 603 SEU
2509 543 2779 602 ALCUIN'I
3733 537 3804 592 80

538 683 732 736 scopus
769 666 823 721 in
848 664 1105 736 opusculo
1130 632 1217 718 De.
1239 677 1359 736 non
1378 662 1516 736 trina
1544 664 1770 736 Deitate,
1795 671 1926 716 tom.
1951 661 1972 714 ι
1997 660 2096 729 0p.
2133 663 2177 720 Λ
2208 659 2330 736 inde
2379 659 2545 736 fuisse
2597 658 2729 712 satis
2779 655 3098 736 intelligitur
3119 695 3132 718 ,
3187 657 3431 736 consistit
3458 656 3754 736 ."reducat
3783 673 3798 709 :

536 733 656 805 παρ’.
695 737 746 799 5,
784 733 906 805 pag}
943 736 1068 798 475,
1097 742 1150 805 et
1177 749 1297 802 cap.
1341 733 1425 799 Η,
1455 749 1578 805 pag.
1612 733 1738 805 507,
1787 739 2099 805 «sanctum

536 816 590 860 et
605 798 971 860 venerandum
998 798 1310 866 Alcu'mum;
1356 823 1375 855 ι
1415 798 1474 858 et
1508 798 1562 858 in
1601 804 1706 858 line
1751 801 1990 870 epistola:
2033 798 2100 854 ad

534 875 784 929 Carolum
830 873 1049 929 Calvum
1080 874 1238 928 Libro
1264 875 1328 927 de
1374 874 1850 928 Pnedestinatione
1885 871 2102 940 praefixa

538 963 556 994 ι
600 945 774 999 virum
821 944 1125 1014 religiosum
1155 951 1209 1014 et
1232 944 1448 1014 doctum
1496 963 1514 994 ›
1559 943 1821 1006 nominat,
1872 953 2103 1014 eumque

530 1015 673 1068 inter
691 1015 808 1069 illos
840 1010 1027 1069 Patres
1052 1012 1306 1068 Ecclesia:
1333 1022 1595 1076 recenset,
1627 1031 1643 1064 ι
1675 1026 1902 1081 quorum
1941 1010 2102 1081 fidem

528 1092 584 1136 et
602 1084 900 1138 doctrinam
925 1084 1213 1154 apostolica
1236 1084 1392 1136 sedes
1412 1080 1778 1154 Romananon
1810 1081 1984 1154 solum
2009 1080 2105 1132 be-

529 1154 845 1224 nignissime
866 1151 1185 1224 acceptavit,
1225 1160 1491 1224 verumet
1519 1152 1702 1224 multis
1727 1151 1974 1224 laudibus
2005 1163 2104 1224 ex-

530 1170 584 1206 ni
627 1170 845 1207 nissune
866 1170 1185 1224 acceptavit,
1225 1170 1408 1206 verum
1438 1170 1491 1205 et
1519 1170 1702 1206 ωυιιιδ
1727 1170 1974 1205 iauuinus
2010 1170 2104 1202 ex-

530 1170 672 1300 tufit.
715 1224 862 1300 Ardu
909 1222 1233 1300 Smaragdus
1278 1221 1622 1300 i_nALibr..d_e
1645 1222 1766 1300 Vita
1807 1218 1977 1300 sancti
2005 1218 2104 1270 Be-

531 1292 729 1347 nedicti
763 1293 1085 1347 Anianensis
1106 1289 1254 1346 itum.
1283 1291 1372 1357 36,
1397 1291 1539 1362 apud
1575 1291 1713 1362 Maby.
1743 1309 1754 1343 :
1781 1309 1798 1340 ι
1819 1289 2100 1362 Alcoiuum

531 1363 794 1443 sapientia
836 1363 1171 1443 prmclarurn,
1230 1358 1531 1443 sanctitatis
1570 1361 1766 1443 merito
1810 1358 2103 1443 venerabi-

532 1429 634 1486 lein
683 1451 701 1482 ι
746 1429 895 1487 dicit.
949 1431 1225 1486 Annalista
1278 1431 1560 1484 Fuldensis
1589 1431 1655 1484 ad
1675 1446 1764 1484 an.
1810 1429 1911 1483 ’794
1953 1429 2101 1482 illum

532 1501 633 1555 hoc
660 1501 830 1571 elogio
851 1501 1189 1571 commendat
1223 1520 1236 1554 :
1286 1519 1304 1551 ι
1355 1500 1448 1554 His
1470 1500 1800 1570 temporibus
1819 1499 2098 1571 Alcuinus,

529 1568 884 1640 cognomento
927 1569 1174 1635 Albinus,
1230 1571 1514 1625 sanctitate
1538 1568 1597 1623 et
1635 1571 1879 1640 doctrina
1923 1568 2102 1640 clarus

530 1639 774 1704 habetur,
813 1661 830 1693 ι
866 1642 1021 1710 Apud
1043 1640 1286 1710 Bouquet
1315 1650 1446 1694 tom.
1474 1640 1539 1703 V,
1563 1655 1684 1710 pag.
1710 1639 1832 1710 330.
1861 1639 2100 1710 Denique

529 1711 583 1764 in
611 1711 760 1765 brevi
805 1709 1062 1765 chronica
1085 1709 1351 1764 Turonieo
1387 1719 1605 1764 sanctus
1644 1709 1978 1778 appellatur;
2027 1709 2102 1762 ita

529 1781 672 1834 enim
725 1781 797 1834 ibi
846 1781 1039 1834 lenitur
1084 1798 1096 1832 :
1149 1798 1166 1828 ι
1228 1780 1383 1833 Auno
1427 1779 1531 1834 804
1587 1787 1806 1833 sanctus
1846 1778 2102 1831 Alcoinus

530 1797 672 1834 enim
725 1797 797 1834 lDl
847 1797 894 1834 te
933 1797 1039 1833 lllll‘
1084 1798 1096 1832 :
1149 1798 1166 1828 ι
1228 1797 1383 1833 Ληηο
1427 1797 1531 1834 aus
1587 1797 1806 1833 sanctus
1846 1797 2102 1831 Aicomus

530 1849 684 1930 obiit.
719 1869 738 1902 ι
772 1797 926 1930 Δρᾳὲ
952 1849 1090 1930 θὼρ..
1124 1850 1176 1927 in
1210 1850 1416 1930 Elogio,
1446 1864 1594 1902 num.
1620 1850 1709 1902 78.
1741 1848 1836 1930 llis
1861 1848 2104 1930 testimo-

529 1919 631 1972 niis
656 1916 983 1973 concordant
1018 1919 1200 1988 Elogia
1226 1916 1548 1986 scriptorum
1580 1919 1957 1988 recentiorum,
1990 1916 2101 1969 Ma-

2213 746 2232 779 ‹
2267 730 2369 794 Τυ,
2399 729 2590 798 inquit,
2615 737 2767 782 tenes
2797 728 2848 781 iu
2878 725 3126 781 manibus
3149 727 3421 798 quodAnos
3448 726 3579 779 olim
3609 731 3803 798 tenere

2205 794 2560 868 cogitavimus
2585 816 2597 850 :
2626 799 2718 853 sed
2748 798 2942 852 fluctus
2971 797 3128 868 hujus
3157 794 3337 868 saeculi
3369 796 3801 868 nostramuavi-

2205 865 2380 924 cuiam
2427 868 2741 938 procellosis
2788 868 2964 938 ventis
3020 865 3074 920 in
3121 867 3431 935 voraginem
3475 865 3795 938 divitiarum

2205 935 2614 1007 rapuerunt.....
2643 936 2930 1006 tranquilla
2955 945 3039 991 est
3069 943 3395 1007 paupert-is;
3427 951 3549 1006 qua:
3595 935 3639 990 si
3685 935 3795 989 bii-

2205 1008 2447 1062 inilitatis
2502 1007 2866 1077 gubernaculo
2921 1015 2977 1060 et
3036 1007 3323 1077 charitatis
3371 1007 3490 1062 velo
3546 1014 3790 1075 regatur,

2203 1077 2365 1132 ﬂante
2393 1076 2580 1132 saneto
2609 1077 2813 1146 Spiritu
2840 1077 2906 1131 ad
2935 1084 3150 1132 mterna:
3185 1076 3535 1131 beatitudinis
3570 1085 3793 1145 portum

2241 1149 2500 1202 erveniet.
2542 1169 2561 1199 ι

2542 1169 2830 1286 ἲῑιίρίιηιιιε
2857 1218 3141 1288 episcopus
3164 1217 3454 1274 Toletanus
3481 1216 3536 1272 in
3561 1213 3794 1288 Alcuino

2189 1295 2400 1358 praeter
2472 1287 2869 1342 multitudinem
2891 1287 2905 1288 ί
2932 1287 3240 1343 divitiarum
3268 1329 3283 1354 ,
3347 1287 3793 1342 numerositatem

2203 1371 2418 1426 quoque
2459 1372 2759 1418 servorum,
2797 1374 3026 1428 quorum
3065 1360 3253 1428 viginti
3301 1359 3466 1413 millia
3500 1358 3793 1428 Alcuinuni

2203 1428 2586 1497 habereidixit,
2621 1427 3282 1497 reprehendendam’esse
3327 1429 3539 1484 censuit
3576 1437 3710 1482 tom.
3744 1427 3792 1487 I.

2202 1512 2323 1567 pag.
2357 1496 2482 1567 869,
2534 1496 2764 1562 numJ,
2803 1497 2963 1565 hujus
3004 1499 3134 1552 edit.
3186 1498 3474 1553 Enimvero
3521 1498 3797 1567 ignoravit

2202 1565 2291 1621 vel
2325 1565 2686 1638 calumniandi
2728 1568 2907 1622 studio
2950 1568 3312 1622 dissimulavit
3337 1565 3613 1638 Elipantiis
3641 1568 3794 1638 quod

2201 1637 2344 1690 servi
2375 1637 2470 1700 illi,
2501 1638 2547 1691 si
2577 1645 2758 1692 tantus
2784 1646 2964 1692 tamen
2996 1639 3209 1692 illorum
3245 1653 3502 1692 numerus
3530 1637 3652 1701 fuit,
3681 1651 3794 1691 non

2202 1706 2403 1760 fuerint
2455 1707 2641 1777 famuli
2686 1708 2854 1777 ipsius
2907 1709 3128 1762 servitio
3176 1708 3451 1774 destinati,
3501 1708 3596 1763 sed
3643 1707 3792 1760 servi

2203 1778 2269 1830 ad
2297 1784 2470 1858 terres
2491 1776 2842 1858 ecclesiarum
2871 1786 2926 1858 et
2953 1779 3412 1858 mgnasteriorum
3428 1779 3624 1858 quibus
3647 1792 3794 1858 pra:-

2203 1855 2321 1899 erat
2345 1844 2597 1916 colendas
2623 1847 2931 1916 mancipati.
2983 1848 3120 1903 lline
3147 1849 3202 1902 in
3224 1844 3460 1915 epistola
3473 1847 3539 1902 ad
3566 1844 3794 1901 Laidra-

2205 1916 2331 1988 dum
2360 1915 2580 1985 ejusque
2618 1915 2815 1980 socios,
2855 1918 3005 1971 libris
3028 1918 3287 1988 adversus
3317 1917 3619 1988 Elipantum
3652 1931 3795 1988 prae:

527 1989 750 2062 billonii,
779 1984 1196 2062 Henschenii,'et
1219 1984 1466 2062 aliorum,
1496 1989 1586 2056 qui
1609 1987 2099 2062 omnesAlcuinum
2133 2005 2175 2062 Β
2206 1984 2309 2040 lixa
2353 1984 2687 2062 protestatur
2728 2003 3000 2056 nunquam
3041 2002 3100 2042 se
3140 1987 3372 2062 aliquem
3401 1984 3691 2062 hominem
3719 1987 3793 2062 ad

529 2058 746 2112 Beatum
772 2059 1060 2127 prmdicant
1089 2075 1101 2110 :
1137 2073 1254 2125 qua:
1281 2057 1496 2126 quidem
1527 2058 1833 2112 testimonia
1868 2066 1948 2111 tot
1973 2073 2096 2126 gra-

524 2129 672 2181 vium
709 2129 1027 2196 scriptorum
1054 2127 1156 2198 fide
1180 2127 1488 2198 dignissima
1524 2136 1681 2186 sunt;
1732 2129 2098 2198 testimonium

524 2212 655 2252 vero
683 2195 849 2266 ipsius
874 2197 965 2252 Dei
994 2195 1162 2265 majus
1182 2195 1264 2251 est
1289 2197 1432 2265 quod
1456 2211 1520 2250 ex
1551 2197 1826 2266 miraculis
1849 2197 2094 2258 habetur,

526 2282 646 2336 qua:
671 2265 812 2322 Deus
837 2283 930 2336 per
963 2268 1177 2320 beatum
1202 2267 1486 2320 Alcuinum
1534 2265 1586 2319 in
1632 2265 2097 2319 confirmationem

526 2335 639 2401 ejus
667 2335 788 2392 fidei
827 2335 879 2391 et
913 2337 1126 2407 pietatis
1158 2345 1267 2390 tam
1309 2335 1498 2407 invita
1525 2351 1688 2407 quam
1714 2345 1835 2406 post
1870 2347 2096 2389 mortem

527 2407 666 2460 illius
693 2406 928 2487 patrare
955 2406 1140 2487 voluit,
1183 2421 1301 2487 quze
1317 2406 1466 2487 ‘Vita;
1513 2406 1749 2487 scriptor.
1770 2421 1836 2459 ex
1860 2407 2097 2487 illorum

524 2475 831 2531 narratione
867 2486 1130 2539 recenset,
1169 2476 1260 2543 qui
1301 2475 1366 2528 de
1406 2475 1522 2527 visu
1569 2475 1752 2528 testari
1785 2483 2092 2544 potuerunt.

530 2545 1274 2625 «..Niis_quam_tarnen,.qun.d
1314 2543 1501 2625 sciam,
1541 2544 1714 2625 inquit
1754 2545 2099 2625 _D.“Maliillo-

525 2616 645 2668 nius
683 2613 783 2670 loc.
817 2615 932 2674 cit.,
961 2613 1169 2669 Alcuini
1197 2615 1337 2668 diem
1383 2613 1577 2668 festum
1629 2615 1793 2670 coluit
1831 2615 2096 2678 Ecclesia,

525 2701 593 2738 ne
637 2686 850 2755 quidem
896 2683 1252 2748 Turonensis,
1301 2704 1318 2735 ι
1370 2700 1490 2753 qua:
1533 2685 1599 2738 de
1645 2684 1762 2753 ejus
1813 2686 2097 2740 sanctitate

523 2756 950 2823 experimentum
994 2755 1182 2810 habuit
1219 2763 1274 2808 et
1312 2755 1534 2809 exuvias
1562 2755 1685 2810 vita:
1723 2755 1966 2808 mortalis
2005 2771 2098 2809 cu-

527 2825 712 2878 studit.

596 2893 796 2948 CXLV.
834 2894 1102 2950 Fortassis
1132 2909 1262 2950 vero
1300 2895 1427 2950 illud
1473 2894 1528 2949 in
1555 2895 1677 2950 Vita
1713 2893 1923 2949 Alcuini
1965 2894 2098 2949 alias

531 2962 981 3036 irrepnehensibili
1021 2965 1157 3020 male
1186 2965 1551 3036 accipiendum
1594 2975 1698 3029 est,
1729 2975 1788 3018 ut
1814 2974 1935 3033 pote
1965 2965 2096 3036 legi-

527 3035 626 3086 lins
671 3034 922 3091 Ecclesia:
971 3045 1026 3090 et
1072 3034 1380 3091 monastiae
1429 3035 1719 3090 humilitati
1784 3034 2092 3099 adversum,

528 3104 668 3172 quod
708 3104 888 3174 plures
917 3106 970 3160 in
994 3105 1165 3161 Gallia
1214 3107 1476 3169 abbatias,
1509 3120 1700 3174 nempe
1725 3106 2094 3159 Turonensem

525 3188 646 3225 cum
694 3174 828 3228 cella
872 3175 1296 3239 Cormaricensi,
1343 3176 1742 3230 Ferrariensem
1791 3191 1915 3228 cum
1963 3174 2095 3230 cella

527 3243 698 3314 sancti
729 3242 936 3314 Jodoci,
974 3259 1038 3297 ac
1063 3244 1382 3300 Trecensein
1427 3245 1598 3298 sancti
1626 3244 1760 3314 Lupi
1810 3245 1968 3299 simul
2018 3255 2096 3300 te-

525 3313 1152 3385 nuer_it.AVerumtamen,
1181 3315 1423 3385 quamvis
1447 3313 1745 3384 exemplum
1777 3315 1918 3385 istud
1953 3314 2095 3385 ejus.-

527 3382 674 3435 mod't
697 3381 769 3434 sit
791 3391 849 3435 ut
875 3397 1033 3436 nemo
1052 3381 1212 3437 facile
1233 3384 1360 3437 illud
1385 3385 1583 3439 imitari
1603 3381 1735 3440 velit
1762 3394 1853 3439 aut
1877 3381 2090 3448 debeat,

528 3451 872 3524 nihilominus
916 3453 1033 3524 hsce
1075 3453 1463 3524 beneﬁciorum.
1504 3453 1783 3524 pluralitas
1834 3457 1902 3509 ab
1946 3456 2094 3508 omni

525 3521 922 3595 culpa‘vacasse
946 3523 1226 3595 dicendum
1252 3533 1352 3578 est.
1384 3525 1432 3579 ls
1463 3521 1725 3595 siquidem
1756 3526 1937 3594 plures
1978 3525 2097 3580 illas

524 3591 769 3662 abbatias
795 3607 893 3662 nec
930 3607 998 3647 ex
1033 3593 1324 3648 ambitione
1349 3591 1611 3662 quaesivit,
1648 3591 1841 3649 nee—ex
1869 3595 2097 3650 avaritia

490 3681 495 3686 ·
525 3660 718 3734 tenuit,
763 3661 865 3734 sed
897 3670 1094 3730 przeter
1121 3677 1295 3734 suam
1315 3660 1643 3734 voluntatem
1693 3680 1722 3717 a
1755 3680 1878 3734 rege
1905 3664 2097 3720 Carolo

527 3731 630 3800 ipsi
657 3745 790 3800 pene
819 3730 1068 3800 obtrusas
1095 3731 1361 3785 obtinuit:
1394 3734 1483 3800 qui
1521 3733 1660 3787 idem
1690 3730 2097 3790 liberalissimus

531 3814 595 3851 ac
621 3798 743 3852 boni
769 3799 965 3867 publici
1007 3798 1426 3858 studiosissimus
1449 3818 1541 3858 rex
1569 3804 1812 3857 abbatias
1843 3805 1962 3861 illas
1987 3821 2095 3860 non

483 3879 492 3887 '
533 3869 586 3944 in
614 3867 775 3921 alium
800 3868 959 3944 linem
977 3869 1207 3944 _Al_cui_no
1229 3873 1602 3928 commendare
1631 3873 1805 3944 voluit
1829 3890 1990 3944 quam
2034 3884 2094 3930 ut

532 3939 578 3990 is
609 3939 897 4010 monachos
925 3940 993 3993 ad
1040 3940 1296 3995 laxiorem
1321 3943 1486 3996 vitam
1525 3943 1805 4010 prolapsos
1845 3939 2098 4000 emenda-

532 4015 628 4080 ret,
657 4008 1209 4080 redditusqueiomncs
1238 4008 1566 4079 impenderet
1590 4012 1642 4064 in
1669 4008 1825 4066 usuin
1847 4013 2094 4080 fratrum,

530 4078 584 4130 in
622 4077 943 4152 eruditionis
988 4079 1196 4152 illorum
1242 4077 1578 4152 profectum,
1617 4081 1670 4135 in
1721 4083 1990 4152 hospitum
2034 4077 2099 4140 ac

511 4147 933 4215 peregrinorum
978 4147 1292 4222 subsidium,
1322 4165 1384 4203 ac
1433 4151 1490 4222 in
1526 4147 1948 4222 itinerum-qua:
1992 4153 2099 4208 fre-

525 4224 758 4290 quenter
800 4231 942 4270 nunc
970 4219 1036 4272 ad
1080 4218 1272 4280 aulam,
1299 4219 1530 4290 _nuncin
1568 4218 1989 4290 Angliani,'etc.,
2019 4225 2098 4278 fa-

529 4286 719 4360 cienda
763 4295 1260 4360 erant,_sumptus._
1285 4287 1455 4354 Quam
1499 4286 1855 4360 enim'ipsius
1884 4286 2097 4348 Alc’uini

528 4355 740 4408 animus
779 4370 808 4410 a
842 4355 1132 4424 cupiditate
1159 4358 1465 4412 divitiarum
1495 4375 1558 4414 ac
1600 4375 1630 4412 a
1667 4355 2098 4418 remuneratione

529 4425 770 4500 laberum
805 4440 1021 4478 suorum
1049 4427 1476 4500 alienusifuerit,
1505 4443 1570 4483 ex
1608 4430 1698 4483 illo
1730 4447 1986 4500 responso
2017 4435 2097 4486 in-

529 4491 690 4560 telligi
712 4496 1078 4574 petestnquod
1111 4505 1244 4550 teste
1269 4498 1401 4574 Vita:
1429 4498 1544 4565 ejus
1569 4491 1846 4574 scriptore
1893 4517 2010 4570 cap.
2038 4502 2096 4566 2,

530 4576 676 4643 num.
706 4561 792 4626 l2,
827 4563 938 4643 regi
959 4561 1136 4643 ipsum
1162 4566 1352 4643 amplis
1373 4561 1780 4643 muneribus-ad
1805 4587 1861 4623 se
1887 4561 2098 4643 pertra;

531 4633 660 4685 bere
683 4632 916 4703 conanti,
947 4632 1090 4687 dedit
1121 4633 1172 4686 in
1200 4632 1311 4688 hare
1337 4637 1499 4690 verba
1526 4654 1541 4692 :
1575 4655 1591 4685 ι
1630 4638 1852 4693 Domine
1877 4632 1946 4692 mi
1974 4657 2090 4703 rex,

530 4709 634 4782 tua:
671 4702 1026 4782 non-dispono
1050 4703 1304 4757 voluntati
1337 4721 1637 4782 reniie_re..._
1682 4707 1909 4782 libenter
1933 4701 2094 4782 etiam
2121 4701 2173 4759 D

530 4781 751 4841 paterna
783 4772 836 4824 in
867 4772 1082 4841 regione
1109 4787 1226 4826 mea
1255 4790 1358 4828 non
1388 4777 1593 4829 modica
1623 4777 1932 4832 haereditate
1961 4781 2098 4833 dita-

531 4838 635 4917 tus,
659 4838 758 4894 hac
784 4838 983 4917 spreta,
1011 4842 1097 4917 hic
1121 4857 1323 4917 pauper
1360 4855 1504 4898 stare
1533 4846 1786 4899 delector.
1819 4868 1836 4898 ι
1885 4849 1951 4902 Et
1977 4851 2098 4917 quis

532 4907 673 4962 illius
711 4907 899 4981 senius
939 4911 1008 4963 sit
1046 4907 1349 4981 deidiv‘itiis
1373 4922 1428 4965 et
1449 4924 1760 4981 paupertate
1795 4907 2098 4973 manifestat

530 4979 746 5052 in_psal.
775 4994 931 5052 cxxsi
954 5020 991 5052 ,_
1018 4994 1068 5052 v.
1095 4979 1180 5042 15,
1225 4988 1352 5034 tom.
1381 4981 1420 5045 l,
1451 4979 1580 5052 pagi.
1609 4985 1743 5048 588,
1774 4985 1856 5040 his
1884 4989 2094 5042 verbis:

536 5047 850 5131 «Pauper-es
870 5049 1217 5131 Christi‘sunt
1240 5052 1328 5131 qui
1358 5047 1669 5131 non'aniant
1695 5047 1795 5108 huc
1823 5057 2096 5131 saeculum,

530 5119 646 5194 sive
690 5119 924 5194 habeant
965 5119 1197 5194 divitias,
1229 5119 1489 5194 sive__non
1533 5123 1803 5178 habeant:
1831 5119 2099 5194 aliquibus

532 5187 674 5240 enim
703 5187 840 5262 datm
865 5197 989 5240 sunt
1014 5188 1210 5262 divitia.-
1233 5191 1299 5262 ad
1323 5191 1735 5262 dispensandum
1761 5187 1958 5262 egenis,
1993 5211 2096 5250 non

533 5266 712 5332 autem
742 5257 878 5332 data:
899 5266 1024 5310 sunt
1068 5257 1170 5310 illis
1198 5259 1264 5311 ad
1294 5257 1698 5332 possidendum;
1749 5257 1920 5332 n/éque
1950 5280 2096 5332 spem

535 5327 588 5377 in
613 5325 722 5398 illis
747 5327 943 5398 debent
970 5341 1187 5398 penere,
1214 5325 1311 5381 nec
1337 5330 1639 5384 satietatem
1668 5334 1721 5384 in
1754 5325 1857 5385 illis
1879 5325 2094 5398 habere,

535 5394 628 5468 sed
665 5393 720 5468 in
745 5393 1185 5468 nomine—Christi
1225 5397 1510 5468 conlidere,
1541 5407 1596 5452 et
1625 5401 1678 5453 in
1707 5401 1912 5468 justitia
1956 5412 2010 5456 et
2045 5393 2097 5458 in

536 5463 796 5516 charitate
825 5465 916 5517 Dei
943 5474 1000 5535 et
1025 5466 1256 5535 proximi
1290 5483 1301 5516 :
1329 5463 1454 5521 haec
1487 5476 1569 5522 est
1602 5463 1857 5524 saturitas
1885 5482 2096 5526 sancto-

537 5547 817 5609 rum,_non_
841 5534 1271 5609 saeculi’divitire.
1304 5554 1322 5585 ι
1355 5536 1512 5589 Eadze
1546 5552 1758 5609 quoque
1786 5542 2097 5609 presbytero

537 5603 590 5674 iu
611 5603 767 5674 epist.
797 5601 916 5666 HO,
948 5615 1202 5671 quantum
1245 5606 1356 5672 ipse
1394 5620 1423 5657 a
1462 5601 1754 5674 cupiditate
1787 5601 2097 5665 divitiarum

539 5670 788 5735 abfuerit,
831 5680 886 5725 et
925 5670 1084 5740 quam
1126 5670 1277 5794 egre
1311 5674 1448 5726 ferat
1488 5670 1629 5742 quod
1671 5693 1702 5730 a
1741 5687 1881 5730 statu
1919 5681 2100 5747 quieto

539 5742 866 5794 BaIiDertatis
887 5756 1043 5794 (mem
1070 5758 1165 5794 pro
1189 5758 1339 5794 essus
1363 5745 1487 5794 olim
1517 5743 1689 5794 fuerat
1714 5747 1764 5794 in
1789 5750 2096 5794 voraginem

539 5742 1043 5816 paupertatisquem
1070 5742 1339 5816 professus
1363 5745 1489 5816 olim
1517 5743 1696 5816 fuerat
1714 5747 1764 5800 in
1789 5742 2097 5816 voraginem

539 5808 842 5888 divitianim
872 5808 1333 5888 fuisset—dejectus,
1361 5814 1639 5888 signiﬁcat,
1670 5808 2099 5888 illumqucvrogat

543 5884 599 5928 ut
625 5893 680 5956 se
706 5881 1180 5956 erationibussum
1227 5881 1521 5956 devolinnis
1565 5883 1629 5937 ad
1675 5881 1915 5939 eumdem
1959 5881 2095 5956 pau-

542 5949 762 6014 pertatis
784 5949 1025 6020 gradum,
1051 5952 1100 6006 in
1128 5967 1232 6022 quo
1263 5954 1369 6021 ipse
1396 5953 1556 6019 Eada,
1587 5967 1752 6023 quem
1775 5949 2093 6011 monachum

2203 2071 2361 2127 suum
2405 2057 2688 2110 servitium
2737 2072 3102 2127 couiparasse,
3159 2056 3305 2115 (Sed
3350 2058 3540 2127 magis,
3579 2056 3788 2127 inquit,

2200 2126 2391 2179 devota
2439 2127 2706 2181 charitate
2749 2125 2999 2182 omnibus
3041 2127 3242 2182 Christi
3275 2127 3368 2182 Dei
3413 2125 3518 2181 uici
3569 2125 3794 2181 famulis

2201 2196 2407 2266 servire
2449 2196 2717 2250 desidero.
2762 2216 2780 2247 ι
2821 2196 3080 2264 Quamvis
3117 2213 3247 2266 ergo
3283 2197 3562 2266 pluralitas
3587 2195 3794 2251 beneﬂ-

2200 2264 2406 2336 ciorum
2434 2273 2527 2318 aut
2553 2266 2891 2320 abbatiarum
2938 2264 3259 2336 regulariter
3286 2264 3496 2336 legibus
3523 2267 3788 2321 ecclesia-

2199 2334 2349 2406 sticis
2377 2338 2715 2406 reprobetur,
2746 2337 2790 2391 si
2820 2334 3020 2406 nempe
3048 2334 3664 2406 ambitione'quznratur,
3692 2347 3791 2406 aut

2199 2405 2427 2457 avaritia
2461 2415 2727 2469 teneatur,
2756 2405 2911 2474 culpa
2962 2416 3138 2461 tamen
3167 2415 3341 2471 vacat,
3376 2405 3420 2460 si
3457 2407 3582 2460 inde
3615 2405 3792 2473 major

2199 2474 2406 2547 utilitas
2430 2489 2493 2547 ex
2521 2489 2777 2547 persona).
2806 2477 3182 2544 promovenda:
3221 2477 3481 2547 dignitate
3505 2483 3560 2529 et
3589 2477 3791 2530 merito

2200 2543 2253 2596 in
2283 2543 2541 2598 ecclesias
2565 2543 2868 2615 redundare
2893 2559 3049 2614 posse
3073 2543 3363 2615 prudenier
3396 2554 3450 2600 et
3480 2547 3596 2615 ipso
3629 2560 3791 2615 cura-

2203 2621 2378 2666 tornm
2423 2615 2666 2668 ecclesia:
2703 2614 2907 2682 judicio
2951 2614 3308 2671 existimetur.
3357 2617 3434 2671 Ea
3481 2614 3629 2671 certe
3683 2614 3790 2669 fuit

2200 2693 2439 2756 tempore
2464 2683 2639 2756 Caroli
2673 2683 2847 2756 Magni
2879 2688 3330 2742 monasteriorum
3361 2688 3416 2742 in
3444 2700 3612 2756 regno
3639 2684 3788 2740 illius

2197 2755 2453 2815 conditio,
2485 2763 2543 2807 ut
2577 2755 2727 2823 plura
2757 2755 2969 2810 illorum
2995 2757 3260 2811 salubrius
3285 2757 3353 2810 ab
3380 2771 3488 2810 uno
3519 2755 3630 2810 tam
3657 2771 3787 2810 san-

2174 2830 2287 2897 ,cto
2313 2824 2644 2897 ae‘sapiente
2680 2825 2876 2897 abbate
2922 2823 3254 2897 regerentur,
3287 2843 3448 2896 quam
3495 2826 3706 2897 singula
3753 2841 3788 2880 ξι

2199 2892 2425 2966 singulis
2452 2893 2651 2962 pietate
2679 2909 2749 2966 ac
2768 2892 3010 2966 doctrina
3051 2892 3365 2966 imparibus.
3408 2892 3628 2966 lniquu's
3650 2911 3787 2966 ergo

2199 2933 2562 3036 in‘chuinRiim
2603 2964 2792 3036 estD.
2826 2933 3384 3036 Basnagiu'slfqua’ndo
3419 2967 3471 3020 in
3487 2933 3791 3020 ‘iiistorigis

2199 3032 2310 3086 suis
2353 3033 2820 3089 observationibus
2862 3032 3028 3089 circa'
3059 3032 3382 3090 Felicianam
3450 3036 3681 3090 haeresin
3729 3045 3791 3090 et

2199 3102 2404 3155 Etherii
2449 3108 2605 3171 atque
2668 3104 2813 3157 Beati
2859 3105 3048 3170 libros,
3103 3115 3233 3160 tom.
3267 3106 3308 3159 Il
3338 3107 3499 3161 Thes.
3541 3105 3784 3160 Monum.

2198 3171 2398 3244 Canisii
2434 3187 2568 3244 pag.
2597 3172 2724 3244 ς390,
2748 3173 3075 3230 calumniam
3117 3176 3347 3244 Elipanti
3400 3177 3453 3229 in
3497 3175 3786 3230 Alcuinum

2199 3242 2394 3311 probat
2433 3242 2517 3295 his
2561 3243 2785 3297 verbis:
2836 3263 2852 3295 ι
2891 3245 3133 3299 Tandem
3163 3242 3447 3301 Alcuinum
3501 3260 3788 3307 servorum

2200 3328 2425 3366 numero
2471 3312 2660 3379 viginti
2708 3313 2935 3368 millium
2986 3322 3042 3368 et
3070 3315 3380 3370 divitiarum
3432 3315 3786 3378 abundantia,

2200 3396 2321 3451 qua:
2365 3383 2687 3436 monachum
2741 3385 2939 3439 seculo
2978 3386 3376 3444 renuntiantem
3418 3401 3525 3440 non
3567 3385 3782 3445 decent,

2201 3460 2455 3520 tanquam
2486 3451 2744 3525 inﬂatum
2788 3455 2981 3525 merito
3024 3455 3260 3525 traducit
3301 3455 3601 3525 Elipautus.
3634 3474 3654 3508 ι
3706 3455 3785 3510 ιω

2202 3522 2530 3594 cumcorvis
2558 3523 2790 3577 crocitat
2818 3523 3134 3594 Basnagius,
3168 3540 3327 3594 quem
3369 3522 3533 3578 etiam
3578 3539 3685 3578 non
3733 3526 3786 3594 in

2199 3589 2483 3663 Alc_ui_num
2497 3599 2742 3663 tantum,
2755 3607 2944 3648 verum
2961 3589 3022 3648 et
3035 3595 3089 3648 in
3107 3589 3242 3650 alios
3259 3595 3574 3663 scriptores,
3589 3593 3790 3650 Felicis

2199 3670 2254 3732 et
2281 3660 2509 3732 Elipanti
2544 3661 2902 3732 adversarios,
2941 3663 3181 3732 iniquum
3210 3660 3406 3718 merito
3438 3664 3789 3732 reprehendit

2200 3731 2262 3813 ρ.
2290 3729 2575 3816 Madrisius
2602 3729 2837 3814 Qperurn
2867 3729 3049 3816 sancti
3077 3733 3288 3816 Paulini
3337 3748 3459 3816 pag.
3481 3729 3599 3816 .226
3627 3747 3783 3816 seqq.

2199 3801 2253 3855 in
2281 3801 2746 3874 animadversione
2783 3802 3040 3874 singulari
3076 3803 3132 3857 in
3157 3801 3409 3874 Basnagii
3445 3801 3782 3874 αδδεδ-νειιῇ

2199 3886 2297 3925 nes
2336 3870 2624 3927 historicas
2666 3871 2811 3928 circa
2846 3870 3175 3930 Felicianam
3214 3870 3445 3930 harésin
3488 3882 3545 3929 et
3576 3873 3786 3930 Etherii

2201 3951 2363 4011 atque
2390 3941 2540 3997 Beati
2571 3943 2763 3999 libros.

2780 4042 3010 4100 CAPUT
3062 4044 3201 4101 XIV.

2483 4133 2632 4188 Beati
2659 4135 2870 4189 Alcuini
2904 4137 3129 4190 eruditio
3164 4144 3211 4190 et
3237 4136 3495 4191 doctrina.

2269 4224 2516 4281 CXLVII.
2560 4226 2838 4282 Neminem
2890 4228 3093 4282 nostris
3119 4228 3280 4282 etiam
3310 4227 3639 4284 temporibus
3665 4227 3784 4284 fore

2199 4295 2585 4359 existimamus,
2615 4298 2706 4365 qui
2753 4298 2910 4351 beato
2938 4297 3186 4362 Aleuino,
3229 4293 3382 4364 cujus
3406 4293 3670 4353 hactenus
3702 4301 3782 4353 vi-

2199 4374 2308 4418 tam
2363 4366 2580 4419 modulo
2632 4374 2817 4420 nostro
2867 4366 3274 4436 descripsimus,
3322 4375 3374 4421 et
3423 4365 3581 4434 cujus
3625 4378 3782 4423 “nunc

2197 4449 2359 4503 opera
2396 4444 2670 4506 qute'post
2707 4437 2937 4505 primam
2970 4437 3271 4506 editionem
3301 4438 3552 4506 reperire
3592 4439 3778 4506 potui-

2199 4520 2338 4568 mus,
2365 4504 2665 4575 vulgamus,
2689 4504 3011 4559 eruditionis
3043 4505 3251 4575 laudem
3279 4504 3496 4559 duliiani
3525 4504 3777 4572 reddere,

2201 4583 2293 4627 aut
2323 4575 2376 4626 in
2406 4574 2828 4647 controversiam
2861 4575 3077 4629 trahere
3103 4574 3231 4647 velit
3274 4583 3367 4647 aut
3397 4576 3568 4644 possit
3610 4577 3781 4647 :_imo

2200 4660 2299 4699 nec
2342 4644 2626 4712 quisquam
2674 4643 2886 4697 futurus
2926 4651 3032 4713 est,
3078 4643 3168 4713 qui
3219 4643 3324 4699 non
3362 4643 3583 4700 censeat
3623 4645 3776 4700 illum

2201 4714 2454 4783 omnibus
2473 4714 2570 4768 aevi
2616 4713 2760 4783 illius
2805 4713 2935 4766 viris
2972 4712 3288 4783 illustribus,
3319 4715 3410 4782 qui
3450 4715 3627 4783 aliqua
3676 4716 3776 4770 do-

2199 4785 2392 4838 ctrinae
2432 4782 2574 4836 fama
2621 4782 2949 4845 claruerunt,
2995 4781 3162 4837 fuisse
3192 4781 3557 4845 superiorem;
3595 4784 3777 4839 Testio

2199 4853 2375 4907 monia
2402 4852 2716 4921 multiplicia
2755 4859 2943 4919 postea
2967 4852 3329 4919 producenda,
3356 4868 3544 4907 eorum
3573 4853 3666 4922 qui
3699 4855 3776 4908 ei-

2199 4924 2318 4977 dem
2361 4923 2736 4991 eonleerunt,
2790 4922 3123 4991 eorumgqui
3170 4935 3335 4991 prope
3379 4923 3553 4991 ipsum
3605 4926 3777 4978 secuti

2198 5002 2343 5062 sunt,
2370 4999 2424 5062 et
2447 5004 2630 5062 eorum
2657 4990 2893 5062 demum,
2917 4989 3008 5058 qui
3038 4991 3103 5044 ad
3128 4989 3311 5062 ucstra
3336 4989 3505 5062 usiwe
3529 5000 3775 5061 tempora

2199 5061 2508 5132 illiusinter
2535 5061 2680 5132 viros
2708 5058 2942 5132 illustres
2969 5058 3450 5132 ae_ecclesiastieos
3477 5058 3775 5132 scriptores

2199 5130 2527 5202 mentionem
2570 5127 2838 5202 fecerunt,
2875 5128 3346 5202 abunde_docent,
3368 5146 3540 5202 quam
3580 5127 3776 5202 inagna

2199 5214 2412 5268 semper
2448 5198 2607 5252 fuerit
2637 5199 2702 5251 de
2741 5197 2881 5268 ejus,
2905 5197 3221 5268 vastissima
3248 5197 3550 5255 eruditione
3585 5207 3641 5253 et
3671 5197 3776 5255 illi-

2198 5266 2329 5340 bata
2351 5266 2468 5322 fidei
2502 5283 2573 5340 ac
2605 5282 2815 5340 murum
2853 5266 3094 5320 doctrina
3143 5267 3500 5340 existimatio,
3545 5279 3601 5340 et
3624 5272 3773 5340 quod

2197 5337 2452 5408 plusrest,
2500 5339 2630 5408 ipsa
2659 5336 2800 5408 illius
2835 5349 2997 5408 epera
3037 5344 3091 5388 et
3115 5336 3249 5408 varii
3289 5339 3586 5408 argumenti
3620 5336 3773 5394 lucu-

2199 5404 2490 5467 brationes,
2521 5404 2716 5477 quibus
2734 5404 3026 5477 Ecclesiam
3057 5411 3110 5457 et
3136 5404 3450 5474 litterariam
3482 5409 3773 5477 rempubli-

2200 5492 2315 5530 cam
2361 5475 2732 5544 locupletavit,
2778 5475 3117 5544 apertissime
3155 5477 3535 5544 comprobant,
3567 5475 3768 5532 nullam

2199 5560 2334 5612 pene
2387 5542 2558 5597 artem
2589 5543 2673 5597 vel
2715 5542 3010 5605 scientiam,
3047 5542 3092 5594 si
3123 5542 3292 5597 solani
3327 5546 3590 5600 medicam
3624 5549 3770 5602 exci-

2199 5611 2335 5680 pias,
2377 5628 2495 5667 esse
2531 5628 2689 5681 quam
2736 5627 2844 5666 non
2891 5611 3153 5675 docuerit,
3198 5628 3358 5682 quam
3403 5631 3509 5669 non
3554 5618 3769 5682 scriptis

2201 5685 2312 5738 suis
2354 5684 2684 5746 tractaverit,
2715 5691 2769 5736 et
2804 5695 2903 5749 pro
2953 5695 3051 5734 suo
3079 5682 3284 5749 :evique
3327 5685 3408 5738 sui
3457 5686 3614 5749 genio
3651 5682 3768 5740 illu—

2201 5762 2392 5814 strare,
2434 5750 2574 5805 felici
2611 5765 2833 5819 prorsus
2871 5758 3087 5819 conatu,
3125 5750 3414 5819 studuerit,
3445 5750 3768 5808 Grammati-

2200 5836 2322 5898 cus.
2375 5823 2577 5883 rhetor,
2617 5818 2839 5898 poeta,"
2879 5818 3266 5898 philosophus,-
3300 5822 3611 5898 theologus,
3660 5824 3768 5898 i_mo

2200 5890 2382 5952 etiam,
2416 5898 2556 5958 quod
2601 5886 2841 5941 nonnulli
2887 5886 3612 5960 inligantur,ijurisperitus.
3660 5892 3763 5946 Ex-

2200 5968 2341 6012 stant
2374 5955 2670 6024 enimvero,
2710 5971 2863 6013 secus
2893 5970 2957 6010 ac
3001 5957 3062 6011 D.
3090 5955 3422 6015 Βίλιδίιίοηίιώ
3463 5961 3669 6031 praefat.
3699 5964 3766 6015 ad
