4232 6416
171 411 268 470 89

1274 412 1334 466 ll.
1375 409 1438 466 F.
1470 411 1693 465 ALBINI
1735 410 1864 467 SEU
1907 410 2183 466 ALCUlNl
2231 409 2409 466 VITA.
3410 408 3479 464 90

195 529 371 595 zonis,
402 527 517 600 regi
566 529 824 593 suaviter,
854 526 1118 600 episcopis
1162 525 1786 600 honor-ilice,“priueipi-
1820 529 1863 585 Α
1891 525 2172 600 parvitatis
2216 539 2349 600 meze
2375 537 2585 577 sensus.
2609 541 2627 574 ι
2661 523 2729 600 Et
2753 522 2806 575 in
2827 520 2987 600 epist.
3021 521 3090 576 85
3118 522 3282 592 (nunc
3315 525 3473 600 loti);

205 616 303 654 ius
354 596 698 663 ﬁducialiter,
760 597 1008 652 onmibus
1059 599 1340 651 veraciter.
1401 618 1416 647 ι
1481 596 1786 664 Optandum

195 685 331 724 iero
358 671 522 723 etiam
579 669 739 733 foret,
772 677 830 721 ut
871 668 1169 738 principes,
1192 669 1416 736 aliaeque
1449 666 1788 738 sublimiores

197 753 446 794 aersonte
471 740 619 793 hisce
645 736 974 798 doctoribus,
1008 737 1344 795 consiliariis,
1393 751 1457 789 ac
1487 736 1789 788 moderato-

183 810 375 880 ribus,
399 811 648 879 exemplo
675 809 1032 880 potentissimi
1063 809 1204 878 regis
1234 816 1290 861 et
1327 806 1667 880 imperatoris
1688 804 1788 858 Ca-

204 879 323 943 'oli,
361 876 649 933 benevolas
675 876 864 932 'aures
908 876 1230 948 praeberent,
1282 890 1480 944 eosque
1533 876 1789 928 adversus

200 950 494 1004 nalevolos
515 958 884 1004 susurratores
903 964 998 1002 sua
1023 949 1226 1002 auctori
1236 957 1342 1001 tate
1367 948 1610 1000 foverent
1628 953 1787 1014 atque

202 1029 565 1074 )rotegerent.

267 1085 496 1144 CLXVI.
553 1091 633 1144 Ex
682 1091 786 1153 his,
818 1103 936 1158 qua:
978 1086 1044 1139 de
1072 1087 1188 1158 vita
1211 1086 1349 1139 beati
1382 1087 1556 1158 Flacci
1609 1085 1786 1158 Albini

195 1174 292 1212 seu
317 1160 530 1214 Aleuini
563 1156 848 1229 hucusque
865 1175 929 1212 ex
949 1158 1091 1229 ipsis
1121 1156 1261 1210 illius
1289 1158 1503 1226 scriptis
1523 1156 1788 1229 Operibus

197 1232 547 1284 :ommentati
597 1227 804 1293 sumus,
835 1227 1053 1296 intelligi
1104 1237 1278 1295 potest
1334 1244 1441 1280 nou
1491 1227 1788 1280 immeritas

198 1314 315 1354 esse
343 1300 529 1355 laudes
569 1316 707 1369 quas
732 1301 784 1353 in
818 1301 988 1369 ipsum
1016 1298 1360 1352 contulerunt
1389 1309 1598 1369 veteres
1619 1304 1675 1369 et
1707 1312 1789 1369 re-

197 1370 463 1440 tentiores
481 1367 797 1440 scriptores,
825 1367 1050 1438 quorum
1081 1370 1381 1421 testimonia
1405 1368 1564 1440 :‘tt'que.
1591 1367 1785 1434 elogia,

200 1448 316 1493 )ost
337 1439 478 1494 illius
504 1437 670 1494 vitam
697 1442 764 1494 ab
789 1437 1058 1508 anonymo
1087 1453 1266 1492 ροσενο
1292 1447 1345 1490 et
1370 1454 1398 1490 a
1430 1439 1497 1491 cl.
1528 1437 1590 1489 D.
1622 1439 1790 1508 Quer-

201 1517 386 1565 :etano
413 1511 763 1582 descriptam,
819 1507 1174 1582 proferemus.
1214 1509 1346 1562 lilud
1378 1524 1505 1582 vero
1553 1507 1788 1582 mavime

206 1597 244 1633 ιι
269 1589 382 1634 tam
409 1576 608 1634 celebri
653 1582 770 1634 viro
793 1576 1115 1633 laudandum
1143 1589 1246 1643 est,
1279 1579 1562 1646 quodcum
1588 1577 1677 1629 alii
1721 1576 1786 1629 de

206 1650 336 1704 llius
360 1651 664 1704 eruditione
693 1651 994 1704 sublimiter
1015 1649 1298 1710 sentirent,
1325 1649 1435 1716 ipse
1465 1649 1664 1716 scripta
1691 1661 1786 1699 sua

198 1735 315 1773 :um
339 1735 533 1789 magna
567 1721 867 1776 humilitate
897 1737 960 1774 ac
989 1719 1248 1772 modestia
1278 1734 1520 1771 censum
1554 1718 1784 1789 aliorum

195 1788 498 1859 mbjicerét.
529 1791 607 1844 Ita
631 1793 774 1844 enim
817 1789 1005 1845 scribit
1030 1790 1082 1841 in
1116 1790 1271 1858 epist.
1304 1789 1369 1840 (S7
1395 1792 1560 1851 (nunc
1583 1788 1786 1859 82)_re-

1900 614 1916 666 ι
1952 594 2164 666 Gratias
2185 595 2394 666 agimus
2423 595 2746 666 venerandze
2787 594 2974 666 pietati
3000 606 3216 658 vestras,
3249 598 3390 666 quod
3419 598 3480 650 li-

1892 664 2112 727 bellum,
2142 661 2438 717 secundum
2465 672 2657 717 vestraa
2683 661 2943 730 jussionis
2971 661 3294 734 prmceptum
3326 669 3483 722 vobis

1892 735 2178 798 directum,
2210 734 2430 802 auribus
2460 735 2736 802 sapientia:
2769 743 2964 789 vestra:
2996 733 3210 789 recitari
3235 733 3477 791 fecistis:

1890 813 1945 857 et
1973 805 2114 871 quod
2144 805 2317 857 notari
2347 801 2587 868 jussistis
2620 813 2802 857 errata
2835 805 2975 858 illius
3002 813 3057 857 et
3101 805 3385 861 remisistis
3413 809 3482 860 ad

1891 875 2302 942 corrigendum;
2328 874 2576 945 quamvis
2613 890 2642 945 a
2677 875 2831 945 vobis
2859 875 3052 927 melius
3078 876 3350 929 emendari
3387 892 3483 945 po-

1893 945 2103 1016 tuisset,
2134 945 2258 1011 quia
2288 944 2515 1016 alterius
2529 942 2790 1016 judicium
2823 945 2876 997 in
2908 944 3342 1016 quolibetiopere
3362 942 3483 1016 plus

1891 1013 2186 1082 szepissime
2214 1014 2376 1074 valet,
2404 1030 2563 1082 quam
2591 1015 2791 1082 proprii
2821 1015 3079 1068 auctoris.
3113 1034 3130 1065 ι
3161 1013 3238 1068 lta
3268 1013 3481 1079 scribit,

1893 1086 1962 1136 ita
2001 1085 2064 1154 de
2092 1097 2148 1137 se
2195 1084 2470 1136 humiliter
2516 1085 2681 1137 sentit
2728 1100 2956 1154 magnus
3001 1084 3090 1138 ille
3132 1086 3483 1139 scientiarum

1890 1153 2129 1225 omnium
2153 1161 2577 1225 restaurator,iet
2607 1153 2935 1223 integrarum
2969 1155 3248 1209 nationum
3275 1158 3486 1225 primus

1891 1223 2152 1296 magister
2183 1223 2472 1296 Aleuiuus.‘
2499 1224 2714 1296 Utinam
2747 1226 2848 1279 hac
2875 1226 3136 1279 modestia
3169 1223 3377 1296 praediti
3400 1241 3488 1280 es-

1891 1303 2011 1348 sent
2034 1293 2275 1348 moderni
2301 1294 2541 1365 plerique
2561 1295 2814 1349 doctores
2831 1311 2893 1348 ac.
2920 1293 3231 1365 scriptores,
3253 1297 3345 1365 qui
3369 1312 3487 1352 suo-

1890 1380 2011 1418 rum
2039 1380 2293 1418 sensuum
2320 1365 2480 1418 etiam
2505 1364 2556 1417 in
2585 1365 2812 1417 materia
2853 1364 3129 1435 religionis
3155 1381 3220 1419 ac
3244 1364 3482 1432 morum,

1890 1435 2024 1487 adeo
2067 1443 2285 1488 tenaces
2332 1441 2477 1495 sunt,
2511 1442 2570 1488 ut
2606 1450 2706 1488 nec
2733 1449 2762 1487 a
2786 1444 3057 1503 potestate
3090 1436 3484 1497 ecclesiastica.

1889 1520 1994 1567 nec
2012 1520 2041 1557 a
2069 1505 2209 1558 civili
2241 1521 2298 1558 se
2326 1506 2524 1575 corrigi
2573 1505 2866 1575 patiantur.
2901 1506 3119 1561 Utinam
3164 1522 3294 1562 vero
3320 1509 3484 1561 etiam

1890 1583 2159 1648 terrarum
2188 1573 2499 1648 principes,
2550 1573 2737 1648 Caroli
2777 1573 3225 1648 Christianissimi
3256 1578 3401 1648 regis
3432 1586 3490 1630 et

1867 1645 2232 1713 imperatoris
2262 1645 2507 1718 exemplo
2547 1645 2780 1709 incitati,
2803 1661 2898 1700 sua
2925 1662 2954 1700 a
2982 1646 3092 1700 Deo
3121 1645 3344 1717 accepta
3393 1663 3488 1718 p0—

1890 1723 2084 1768 tcstate
2127 1724 2181 1769 et
2232 1715 2554 1769 auctoritate
2586 1724 2891 1780 uterentur,
2919 1732 2982 1770 ac
3018 1715 3346 1786 scriptorum
3388 1715 3490 1772 bu-

1883 1786 2124 1866 jitsmodi
2150 1786 2390 1866 audaciae
2411 1801 2475 1866 ac
2503 1794 2788 1866 praztensae
2813 1787 3078 1866 sentiendi
3105 1788 3487 1866 scribendique

195 1855 480 1934 zpo'nsoria
527 1862 879 1934 adidomnum
922 1875 1103 1934 regem
1134 1855 1199 1912 ί(
1237 1859 1544 1934 Quodvcro
1569 1855 1784 1910 in'ﬁue
1820 1877 1860 1934 Β
1891 1856 2126 1934 libertati
2166 1858 2370 1934 severis
2418 1855 2625 1934 legibus
2669 1857 2969 1934 obviarent,
2998 1855 3314 1934 iibellosque
3357 1855 3486 1912 reli—

196 1930 429 1997 vpistolce
457 1929 795 1985 familiariter
819 1941 872 1985 et
906 1931 1196 1984 saluariter
1224 1945 1309 1984 me
1340 1930 1630 1981 admonere
1683 1943 1780 1980 cu-

196 2002 369 2063 'astis,
403 2009 463 2053 ut
502 2002 546 2054 si
575 2003 702 2070 quid
745 2002 1017 2067 humiliter
1042 2001 1437 2053 emcndatnlum
1488 1999 1579 2061 sit,
1613 1997 1784 2052 corri-

193 2079 345 2134 gatur
376 2088 389 2123 :
425 2086 701 2140 nunquam
741 2071 836 2134 fui,
886 2071 996 2124 Deo
1048 2072 1303 2134 donante,
1338 2071 1389 2123 in
1443 2084 1631 2123 errore
1663 2083 1782 2140 meo

195 2141 459 2203 tertinax,
497 2139 597 2195 nec
619 2143 684 2196 de
713 2143 848 2196 meis
871 2141 1147 2197 confidens
1196 2142 1472 2203 sensibus;
1509 2156 1605 2193 nec
1634 2139 1778 2202 talis,

197 2217 244 2263 It
272 2211 482 2264 meliori
503 2213 786 2266 sententiae
802 2212 960 2266 facile
982 2213 1325 2280 acquiescere
1347 2225 1452 2263 non
1471 2211 1777 2263 valerem...

195 2294 287 2351 ioc
308 2283 529 2336 omnino
557 2291 792 2336 vestram
823 2283 1025 2336 sentire
1050 2283 1368 2351 sapientiam
1398 2281 1647 2340 obsecro,
1673 2294 1778 2332 non

191 2350 338 2405 Iobis
365 2353 520 2421 quasi
562 2353 845 2418 nescienti,
878 2354 971 2407 sed
1013 2350 1163 2421 quasi
1215 2351 1462 2421 probanti
1491 2351 1730 2421 scribere
1760 2366 1773 2412 ;

196 2434 283 2474 nec
328 2420 484 2490 quasi
515 2423 809 2493 ignoranti,
853 2425 948 2478 sed
1000 2420 1171 2493 magis
1216 2420 1508 2490 corrigenti
1545 2420 1778 2488 dirigere

1892 1926 2034 1996 gioni
2058 1927 2215 1980 simul
2243 1942 2306 1980 ac
2345 1926 2587 1981 moribus
2614 1927 2893 1991 exitiosus,
2921 1928 3116 1998 quibus
3145 1928 3486 1998 subditorum

1893 1995 2099 2050 urentes
2148 1998 2418 2066 corrumpi
2472 2011 2694 2052 necesse
2722 2006 2827 2061 est,
2859 1995 3226 2064 eliminarent,
3272 2007 3329 2052 et
3372 1995 3487 2066 jam

1889 2067 2136 2136 vulgatos
2164 2067 2426 2136 supprimi
2449 2075 2612 2136 atque
2641 2069 2793 2121 exuri
2815 2068 3101 2136 juberent!

1963 2137 2087 2197 “asc
2131 2147 2272 2198 sunt,
2302 2153 2422 2206 qua:
2451 2138 2516 2190 de
2557 2138 2666 2206 vita
2697 2139 2841 2192 beati
2886 2139 3099 2192 Aleuini
3131 2139 3487 2194 commentari

1857 2207 2046 2262 'nobis
2075 2209 2249 2271 lilmit,
2274 2205 2331 2261 et
2355 2208 2522 2262 licu’it.
2559 2205 2719 2261 Plura
2752 2208 2852 2261 alia
2879 2210 2985 2264 huc
3033 2210 3360 2278 pertinentia
3407 2210 3488 2261 in-

1887 2279 2128 2354 dustrius
2153 2279 2321 2354 lector
2343 2278 2639 2354 inmonitis
2668 2280 2902 2354 praeviis,
2928 2295 3046 2348 qua:
3070 2280 3295 2350 singulis
3319 2294 3490 2350 prope

1886 2348 2167 2418 opusculis
2188 2348 2564 2419 praemisimus,
2600 2350 2852 2418 reperiet.

727 2647 1147 2760 BEATI
1234 2642 1741 2758 FLACCl
1835 2633 2450 2751 ALCUlNl
2506 2634 2902 2754 VlTA.

262 2846 389 2911 Ea:
411 2855 656 2910 vetusto
689 2845 899 2908 codice
934 2865 1044 2907 ms.
1077 2851 1304 2905 sanctae
1337 2844 1558 2906 Marica
1594 2838 1945 2901 Rhemcnsis
1975 2836 2255 2916 primum
2292 2854 2328 2894 a
2358 2835 2432 2894 D.
2478 2834 2726 2896 Andrca
2763 2835 3145 2910 Qucrccta-no
3185 2832 3372 2893 edita.

1749 3039 1980 3054 ﬁ

568 3102 949 3164 MONITUM
991 3105 1401 3169 PBHEVIUM.

243 3205 457 3263 Nomen
497 3205 780 3273 Scriptoris
828 3204 988 3274 hujus
1031 3206 1167 3260 Vita!
1218 3207 1519 3276 ignoratur.
1574 3210 1788 3274 Quanta

193 3279 325 3332 llius
367 3276 668 3332 auctoritas
696 3276 787 3338 sit,
841 3291 908 3330 ex
936 3286 1096 3331 aetate
1147 3293 1252 3346 qua
1292 3279 1446 3338 vixit,
1477 3288 1531 3330 et
1579 3295 1608 3332 a
1649 3289 1786 3333 teste

184 3365 240 3402 ξιξ
297 3347 454 3416 cujus
480 3347 742 3400 relatione
776 3348 923 3401 beati
972 3348 1184 3402 Aleuini
1231 3357 1350 3402 acta
1380 3349 1585 3414 didicit,
1644 3349 1790 3403 :rsti-

189 3418 435 3488 nandum
480 3425 582 3472 est.
622 3416 786 3488 _0pus
839 3418 883 3471 is
941 3433 1230 3488 aggressus
1271 3427 1373 3482 est,
1422 3434 1545 3473 cum
1609 3419 1790 3473 Aldri-

185 3485 1285 3560 tusiFerrai-iensimonasterio—praeerat
1312 3491 1500 3551 abbas,
1546 3491 1622 3544 uti
1673 3491 1788 3560 ipse

182 3556 544 3629 scribitinfra
574 3571 694 3629 cap.
734 3557 822 3621 10,
873 3573 1019 3611 num.
1057 3556 1155 3612 '19.
1185 3560 1264 3612 Ex
1306 3576 1414 3629 quo
1469 3556 1789 3629 intelligitur

191 3645 318 3684 iane
345 3627 525 3683 Vitam
555 3628 814 3700 scriptam
849 3643 971 3683 esse
1013 3636 1139 3683 ante
1163 3627 1378 3700 iannuin'
1414 3631 1520 3686 899
1550 3627 1666 3700 quo
1688 3632 1785 3685 Al-

189 3700 358 3756 lricus
397 3715 462 3753 ex
510 3699 704 3769 abbate
747 3696 923 3754 factus
951 3707 1035 3752 est
1089 3699 1376 3769 episcopus
1431 3696 1780 3756 Senoneusis.

180 3769 348 3824 Porro
385 3777 504 3824 acta
532 3785 595 3823 ac
623 3767 852 3823 virtutes
876 3771 1023 3824 beati
1051 3767 1352 3824 Aleuini‘se
1391 3771 1645 3825 didicisse
1677 3774 1781 3826 ini.-

183 3840 250 3896 .io
290 3848 345 3894 et
383 3838 488 3912 fine
514 3839 719 3909 prologi
760 3846 993 3912 testatur
1018 3841 1086 3894 ab
1110 3839 1227 3908 ejus
1253 3841 1516 3910 discipulo
1553 3841 1779 3912 Sigulfo,

184 3925 338 3980 luem
365 3910 528 3972 etiam
554 3925 709 3980 suum
762 3911 1130 3966 institutorem
1155 3921 1348 3965 vocat:
1385 3913 1511 3966 hinc
1537 3910 1666 3967 vero
1702 3915 1782 3968 si-

189 3979 462 4051 pillimum
505 3987 608 4051 est,
657 3979 804 4051 hunc
849 3996 1178 4051 anonymum
1233 3981 1401 4037 fuisse
1455 3985 1780 4038 monachum

177 4049 461 4120 Ferrarite,
494 4050 650 4120 cujus
684 4050 852 4104 abbas
881 4049 1005 4103 fuit‘
1027 4052 1266 4120 Sigulfus
1306 4062 1432 4107 ante
1479 4054 1775 4110 Aldricum.

176 4121 390 4175 Primus
423 4119 564 4172 hanc
594 4119 766 4172 Vitam
812 4121 979 4174 edidit
1007 4119 1253 4176 Andreas
1295 4123 1667 4187 Quercetanus
1712 4142 1779 4179 ex

177 4190 296 4245 :od.
324 4204 427 4261 ms.
460 4187 753 4243 Rbemensi
784 4191 1095 4261 veterrimo,
1125 4192 1301 4260 inquit
1322 4193 1384 4244 D.
1412 4194 1775 4261 Mabillonius,

177 4260 415 4315 metm-is
440 4268 599 4314 aetate
645 4270 889 4316 exarato.
946 4260 1176 4315 Suriana
1229 4263 1395 4317 editio
1420 4263 1488 4316 ad
1528 4279 1776 4319 normam

175 4329 495 4387 Chesniante
536 4331 680 4386 facta
717 4339 820 4394 est,
849 4331 1052 4386 additis
1078 4331 1132 4384 in
1164 4333 1408 4402 margine
1435 4335 1778 4402 capitulatio—

175 4403 356 4464 nibus,
381 4416 518 4524 (ﬁas
530 4417 635 4456 una
659 4416 780 4455 cum
805 4402 867 4456 Ι).
888 4401 1197 4458 Mabillonio
1222 4401 1560 4467 retinuimu’s,
1586 4421 1778 4474 quam-

175 4473 258 4524 vis
303 4471 368 4524 D.
456 4472 749 4524 enschenio
773 4475 840 4524 ad
869 4474 936 4524 19
963 4474 1084 4524 Maii
1122 4474 1224 4524 alia
1269 4476 1459 4524 divisio
1489 4476 1774 4524 nlnnmrit-

175 4473 262 4544 vis
303 4471 368 4544 D_.
404 4471 749 4544 Henscbenio
773 4475 840 4528 ad
869 4474 936 4527 l9
963 4474 1084 4527 Maii
1122 4474 1224 4530 alia
1269 4476 1459 4530 divisio
1489 4471 1756 4544 placuerit

174 4541 453 4612 quietiam
476 4543 651 4612 eidem
694 4545 845 4610 operi
877 4545 1165 4599 nonnullas
1193 4541 1560 4601 correction—es
1587 4548 1640 4600 in
1667 4549 1777 4603 lec-

173 4610 311 4668 toris
338 4611 682 4665 commodum
704 4613 969 4678 adhibuit,
999 4630 1135 4683 quas
1164 4616 1365 4685 ubique
1395 4619 1773 4674 indicabimus.

579 4720 950 4778 PROLOGUS
981 4721 1352 4780 AUCTORIS.

243 4810 286 4866 ι.
349 4808 596 4878 Superna
648 4811 876 4867 Christi.
909 4821 1128 4868 rorante
1173 4814 1394 4869 dextera
1441 4823 1496 4868 et
1545 4814 1773 4881 juvante

173 4881 370 4964 gratia,
417 4883 887 4964 reverendissiinet
907 4885 1067 4964 Pater
1101 4901 1256 4964 :eque
1287 4887 1769 4964 etamantissime,

174 4951 363 5026 iubes,
401 4959 461 5026 ut
496 4951 592 5026 tibi
637 4953 704 5006 de
733 4951 1062 5026 admiranda}
1093 4951 1218 5012 vita:
1246 4957 1398 5011 initio
1426 4959 1637 5026 fineque
1665 4957 1771 5010 Pa-

176 5026 278 5096 tris
303 5023 690 5096 Aleuini,_qu;e
725 5022 851 5096 ejus
871 5041 1029 5081 nosse
1057 5030 1226 5096 potui,
1264 5039 1521 5083 narrante
1553 5022 1769 5083 fidelis-

175 5095 317 5150 simo
371 5092 580 5164 Sigulfo
630 5093 913 5163 discipulo,
979 5092 1230 5152 sermone
1282 5100 1407 5153 licet
1465 5100 1667 5155 inculto
1716 5117 1746 5153 e

174 5180 368 5234 parvo,
406 5173 585 5218 tamen
619 5167 847 5221 veritate
886 5165 1106 5230 referto,
1151 5171 1386 5224 scribam
1421 5171 1767 5225 :editicationi

175 5235 560 5310 nonnullorum
602 5236 924 5310 profutura;
957 5253 1208 5293 asserens
1252 5250 1305 5293 te
1343 5243 1430 5295 diu
1466 5258 1629 5310 super
1668 5243 1767 5296 hac

177 5321 236 5360 re
262 5321 369 5360 non
393 5308 661 5362 modicam
692 5306 834 5362 ferre
859 5309 1002 5363 sitim
1030 5327 1042 5362 :
1071 5325 1177 5362 non
1209 5312 1332 5379 quia
1380 5306 1560 5367 calore
1601 5313 1766 5379 ignita

176 5386 530 5456 superuentua
550 5379 1096 5456 viscerasanctorum
1129 5381 1604 5456 inn_m_nerabilium
1633 5383 1764 5446 vita,

174 5447 352 5527 gestis.
371 5447 496 5514 piis,
525 5456 577 5527 et
616 5449 808 5527 studiis
841 5459 1109 5520 nequeant
1141 5452 1309 5527 refici,
1342 5469 1478 5527 quos
1504 5456 1767 5525 sanguine

212 5517 413 5586 roprio,
455 5517 543 5590 vel
581 5520 762 5574 saeculi
805 5517 1130 5590 suarumque
1162 5517 1633 5580 abi-enm‘itiatione
1676 5543 1765 5580 vo-

195 5597 461 5669 uptatum,
495 5589 634 5669 Διςῃί
661 5589 1071 5669 etelestiumque
1097 5601 1308 5669 constat
1345 5594 1611 5669 virtutum
1636 5613 1766 5669 con-

175 5659 340 5714 sortio
369 5659 622 5719 mercari,
663 5663 862 5728 quibus
889 5659 1001 5718 una
1023 5665 1173 5718 suavi
1205 5681 1326 5718 cum
1359 5680 1558 5719 canore
1590 5665 1762 5722 fclici-

175 5732 270 5786 bus
295 5728 746 5805 frucntcs‘jubilo
773 5734 1084 5794 insatiabili,
1113 5736 1469 5798 vestimentis,
1504 5737 1612 5790 sive
1643 5739 1761 5805 pal-

175 5818 381 5858 marum
413 5799 700 5856 fuondibus
731 5803 905 5872 (mens
949 5809 1144 5876 quibus
1172 5808 1388 5863 luminis
1419 5799 1655 5862 ornatur
1684 5810 1761 5864 fc-

1819 3111 1864 3173 ς
1901 3105 2040 3176 rax),
2062 3102 2256 3170 viaque
2278 3097 2691 3222 illam/lenius,
2722 3096 2863 3149 viam
2901 3094 3042 3165 quati
3070 3104 3220 3149 arcta
3240 3104 3413 3149 exstat
3432 3107 3488 3152 et

1896 3183 2148 3222 angusta.
2201 3170 2278 3222 He
2299 3183 2551 3222 meorum
2570 3167 2754 3222 pueris
2783 3166 3056 3222 asinmuue
3095 3175 3244 3222 terea
3269 3165 3488 3222 Christo

1896 3165 2148 3242 angusta,
2171 3165 2184 3170 “
2201 3165 2558 3242 Hebraeorum
2570 3167 2754 3236 pueris
2783 3166 3056 3242 asinmque
3095 3175 3244 3242 terga
3269 3165 3489 3242 Christo

1896 3236 2112 3300 sessore
2163 3236 2607 3310 prmbentelﬂq
2639 3236 2964 3310 premente]
3018 3237 3233 3310 humili,
3270 3237 3488 3310 planam

1893 3324 1947 3368 et
1981 3306 2264 3368 meabilem
2295 3306 2594 3363 reddidere.
2633 3307 2740 3362 Sed
2786 3308 3040 3375 quoniam
3072 3309 3274 3362 mundo
3325 3306 3490 3365 fluide

1877 3392 2016 3439 ‘cum
2075 3383 2190 3436 suis
2239 3385 2558 3433 senescente
2614 3379 2704 3449 vix
2763 3378 3050 3449 admodum
3083 3378 3265 3449 Apauci
3329 3393 3487 3449 repe-

1891 3456 1987 3510 riri
2023 3460 2242 3524 queant,
2287 3451 2586 3524 priscorum
2618 3448 2670 3500 in
2697 3447 2960 3524 omnibus
3001 3447 3168 3501 ardua
3210 3447 3489 3524 sequi

1891 3519 2055 3598 stigia
2085 3525 2173 3592 qui
2205 3520 2414 3591 possint
2446 3519 2558 3598 (qui
2591 3519 2754 3598 capiti
2783 3532 2994 3598 summo
3023 3527 3225 3598 quanto
3262 3519 3489 3598 vicinio-

1891 3588 1999 3660 ι’ρᾷ
2044 3588 2845 3649 tanto-actuumimmensitate
2888 3588 3053 3643 fuisse
3089 3590 3391 3657 probantur
3422 3590 3487 3643 il-

1890 3667 2107 3727 lustres,
2161 3663 2372 3717 Domini
2422 3660 2829 3714 tabernaculum
2881 3660 3053 3713 instar
3111 3660 3486 3715 columnarum

1891 3737 2202 3790 ﬁrmissime
2259 3731 2591 3784 sustinentes
2646 3730 2750 3800 [ut]
2798 3745 3061 3797 aquarum
3111 3731 3480 3792 inmnlatione,

1886 3815 2049 3875 atque
2100 3800 2751 3875 ventorum‘impulsione
2806 3800 3263 3875 nunquam‘labi,
3307 3815 3487 3875 neque

1885 3870 2091 3930 moveri
2133 3872 2345 3944 possit),
2393 3871 2512 3923 ideo
2548 3885 2769 3944 necesse
2801 3870 2955 3944 valde
2981 3884 3102 3944 esse
3151 3871 3371 3944 asseris,
3426 3881 3487 3924 ut

1885 3948 1929 4000 si
1970 3940 2204 4010 aliquem
2234 3944 2434 3996 nostris
2452 3941 2786 4010 temporibus
2813 3940 3224 4010 imitationeipia
3256 3956 3483 4010 sequen-

1883 4017 2012 4072 dum
2050 4009 2254 4073 Christi
2301 4013 2458 4067 nobis
2491 4009 2662 4077 gratia
2691 4012 3001 4074 contulerit,
3046 4009 3354 4077 hujusmodi
3405 4010 3486 4065 iu—

1882 4104 2044 4143 cerna
2095 4103 2200 4141 non
2242 4084 2343 4137 sub
2385 4082 2584 4146 modio,
2617 4098 2792 4151 neque
2823 4083 2922 4136 sub
2954 4083 3072 4136 lecti
3126 4082 3328 4150 quiete,
3383 4083 3480 4136 sed

1881 4173 2041 4228 Supra
2084 4155 2470 4228 candelabrum
2511 4163 2780 4228 ponatur;
2816 4152 3272 4228 ut_ingredientes
3299 4152 3484 4228 Eccle-

1880 4220 2014 4280 siam
2063 4227 2263 4279 lumine
2295 4220 2639 4276 illustrentur
2663 4223 2832 4276 claro.
2880 4220 2995 4289 Ipse
3030 4223 3296 4290 siquidem
3327 4220 3484 4274 fami-

1879 4297 1962 4351 lia:
2016 4297 2198 4358 Pater,
2237 4293 2328 4362 qui
2367 4294 2539 4361 prima
2583 4293 2736 4350 hora,
2773 4293 2911 4346 idem
2959 4299 3013 4346 et
3059 4292 3343 4345 undecima
3403 4293 3481 4345 vi-

1877 4383 1995 4422 nexe
2021 4367 2308 4437 operarios
2349 4363 2626 4437 conduvit,
2657 4363 2766 4437 qui!
2791 4379 2855 4416 us
2891 4373 2946 4416 et
2966 4379 3149 4437 uuam_
3176 4362 3480 4437 mercedem

1881 4438 2013 4493 dare
2031 4431 2217 4507 jussit.
2252 4433 2438 4502 Neque
2474 4434 2639 4507 enim,
2670 4436 2718 4487 si
2743 4449 2955 4498 manus,
2986 4443 3080 4507 aut
3103 4433 3249 4488 circa
3273 4431 3477 4507 Christi

1761 4518 1775 4541 ’
1811 4504 1857 4562 D
1883 4525 1944 4564 os
1972 4504 2140 4563 barba
2164 4509 2424 4577 pendens,
2454 4505 2705 4574 niveique
2735 4507 2943 4577 dentes,
2977 4505 3080 4577 qui?
3099 4513 3301 4577 queant
3324 4505 3482 4577 panis

1882 4589 2121 4649 crustam
2165 4575 2410 4647 parvulis
2464 4578 2773 4649 masticare,
2819 4575 2904 4630 vel
2944 4576 3084 4630 oeuli
3141 4575 3482 4649 pulchriores

1880 4652 2026 4714 vino,
2077 4646 2184 4717 Quo
2227 4649 2542 4700 nutriuntur
2573 4647 2826 4714 virgines,
2885 4661 3005 4698 esse
3051 4647 3378 4717 nequimus;
3407 4646 3478 4700 ob

1880 4720 1982 4773 hoc
2017 4737 2047 4772 a
2077 4715 2323 4786 corporis
2349 4717 2562 4769 Domini
2599 4717 2915 4786 compagine
2962 4715 3337 4782 scparabimur
3382 4730 3481 4785 0pc

1879 4789 2051 4854 tabili,
2113 4784 2189 4841 iur
2214 4787 2403 4841 eadem
2443 4796 2650 4839 tantum
2691 4784 2934 4856 lsiiﬁde,
2981 4801 3075 4855 spe
3101 4794 3153 4839 et
3183 4784 3472 4849 cbaritate,

1870 4861 2025 4928 juxta
2075 4857 2416 4930 Apostolum,
2471 4856 2687 4929 [simus]
2743 4857 2969 4930 radieati
3029 4866 3088 4930 et,
3135 4856 3365 4930 fundati,
3418 4867 3477 4911 ut

1878 4927 2032 4984 multi
2089 4927 2255 4984 linum
2328 4927 2635 4982 efﬁciamur
2674 4927 2886 4997 "corpus
2941 4927 3173 4991 Domini,
3223 4936 3476 4982 manente

1875 5003 2161 5056 charitatis
2199 4999 2430 5071 [unitate
2456 4999 2533 5070 in]
2560 4998 2864 5053 differentia
2889 4999 3187 5054 stellarum.

1946 5105 2008 5158 ll.
2064 5103 2266 5172 Nempe
2320 5101 2462 5154 oculi
2521 5102 2740 5155 fuerunt
2783 5102 3031 5171 apostoli.
3103 5102 3230 5157 solis
3283 5111 3470 5156 :eterm

1875 5175 2214 5242 splendorem
2254 5173 2451 5225 mentis
2490 5173 2729 5241 puritate
2768 5182 3064 5242 utcumque
3105 5172 3473 5242 contemplan-

1876 5241 1977 5307 tes,
2031 5247 2171 5298 sicut
2226 5241 2595 5312 apostolorum
2648 5243 2902 5312 princeps
2953 5241 3162 5304 Petrus,
3214 5242 3473 5312 virgoque

1871 5316 2144 5370 Joannes:
2176 5329 2408 5382 quorum
2458 5312 2594 5366 alter
2638 5315 2928 5369 lueresium
2973 5314 3322 5381 plurimarum
3373 5315 3470 5368 de-

1873 5388 2049 5440 vitans
2095 5385 2394 5456 opiniones,
2428 5399 2494 5456 ex
2542 5385 2752 5439 dualms
2801 5383 3186 5456 consistentem
3226 5385 3473 5439 substan-

1875 5460 1963 5510 tiis
2011 5457 2109 5510 Flii
2134 5454 2243 5508 Dei
2273 5454 2505 5508 viventis
2543 5471 2705 5508 unam
2746 5454 3026 5509 confessus
3049 5464 3134 5508 est
3157 5469 3468 5522 personam,

1871 5529 2056 5583 dicens
2082 5543 2095 5580 :
2128 5524 2202 5578 Tu
2222 5542 2282 5596 res
2311 5524 2551 5580 Christus
2577 5525 2749 5579 Filias
2775 5526 2867 5577 Dei
2894 5526 2985 5577 rivi
3011 5525 3224 5594 (Matth.
3250 5525 3466 5596 xu,l6).

1870 5601 2022 5653 Alter
2049 5600 2102 5651 in
2156 5595 2335 5662 seipso
2385 5598 2622 5651 animam
2669 5596 2950 5649 effundens
2981 5611 3150 5655 suam,
3190 5605 3242 5649 et
3273 5607 3469 5651 cuncta

1869 5679 2054 5723 creata
2088 5668 2497 5731 transcenderis,
2533 5668 2600 5721 ad
2626 5683 2774 5728 eum,
2805 5681 2902 5735 per
2925 5682 3085 5735 quem
3116 5675 3246 5720 sunt.
3286 5669 3467 5721 omnia

1870 5740 2032 5795 facta.
2087 5739 2424 5801 conscendit,
2467 5755 2530 5791 ac
2563 5738 2681 5807 ejus
2719 5746 2933 5805 potatus
2967 5737 3223 5792 uberibus
3254 5737 3465 5792 inaudi-

1869 5822 1980 5864 tum
2005 5809 2215 5864 sa'culis
2237 5811 2501 5864 eructavit
2532 5825 2808 5876 arcanum,
2837 5809 3062 5864 dict-mlo
3088 5823 3099 5861 :
3132 5807 3468 5877 lupriuripio
