4232 6450
270 512 350 570 97
1808 510 1987 567 vm.
3032 495 3043 501 ’
3495 510 3563 565 es

268 634 510 692 cuncta,
540 626 681 681 sicut
720 640 880 693 supra
927 626 1129 681 dictum
1171 633 1255 679 est
1276 666 1290 689 ,
1325 638 1451 679 cum
1476 623 1592 692 ejus
1636 622 1865 677 faciebat
1894 629 1941 686 Α
1971 621 2098 686 mic,
2125 630 2354 676 terretur
2381 621 2581 693 divitiae
2604 621 3167 693 sufficienter,quilnts
3188 634 3241 678 te
3265 633 3324 678 ιιι
3348 635 3563 693 patrem

269 698 529 761 consilio.
543 696 749 751 studuit
770 693 917 750 illtun
942 695 1225 765 diligenter
1247 695 1545 765 sciscitari,
1561 693 1688 765 quid
1717 702 1863 762 post-

269 782 444 837 quam
468 766 584 820 sola
612 774 995 837 separarentur
1030 762 1219 837 morte,
1251 764 1606 837 ipsuinrvellct
1625 762 1869 831 juberet-

272 834 390 905 que
408 850 590 906 agere.
612 836 709 890 Cui
731 845 789 890 ut
801 834 916 903 jam
934 836 1099 889 claret
1116 836 1327 890 Domini
1349 835 1495 889 dedit
1515 849 1833 906 responsum
1853 850 1866 886 :

280 902 311 956 ι’
336 902 568 962 Romam
593 906 713 961 volo
733 902 937 969 venias,
956 906 1184 973 indeque
1205 912 1479 973 revertens
1494 902 1681 959 visitcs
1701 902 1873 957 Fran—

274 976 425 1030 ciam
452 990 468 1029 :
498 977 623 1031 novi
649 976 790 1030 enim
814 975 1040 1031 multum
1070 972 1121 1029 te
1145 975 1217 1030 ibi
1241 974 1418 1029 facere
1443 972 1710 1029 fructum:
1743 973 1874 1028 erit-

273 1060 388 1115 que
410 1045 660 1101 Christus
683 1046 790 1101 dux
809 1046 886 1100 tui
912 1045 1142 1109 itineris,
1164 1045 1462 1115 perducens
1482 1045 1874 1115 acgubernans

277 1112 338 1169 te
366 1115 494 1170 illuc
536 1115 825 1179 advenam,
870 1116 946 1185 sis
991 1123 1052 1168 ut
1098 1112 1432 1185 expugnator
1475 1112 1874 1185 nefandissimtc

278 1185 531 1248 haeresis,
565 1185 838 1241 hominem
863 1184 1136 1255 Christum
1169 1182 1301 1255 quae
1338 1185 1624 1255 conabitur
1664 1182 1873 1252 adopti-

278 1271 415 1310 vum
446 1256 755 1311 adstruere:
782 1264 836 1311 et
857 1254 980 1310 fidei
1005 1253 1509 1310 sancLeTrinitatis
1535 1253 1875 1308 firmissimus

278 1324 542 1406 defensor
569 1325 1064 1406 ‘clarissimusqneJ
1086 1326 1432 1406 prtedicator.
1497 1323 1877 1406 Perseverabis

280 1411 419 1477 ergo
459 1396 515 1449 in
562 1402 706 1477 terra
743 1394 1530 1477 peregrinationisutnultorum
1564 1394 1876 1449 illuminans

280 1464 519 1520 animas.
558 1483 576 1516 ι
610 1464 940 1521 Benedicens
979 1475 1160 1521 autem
1201 1464 1351 1519 illum
1395 1474 1607 1521 natrum
1654 1480 1875 1519 suorum

284 1537 545 1606 superius
573 1545 993 1591 memoratorum
1032 1532 1513 1599 benedictionibus,
1543 1550 1622 1606 ac
1661 1532 1876 1606 Christo

280 1603 417 1659 Jesu
442 1607 842 1668 commendans,
873 1614 1113 1660 servaret
1143 1613 1200 1658 ut
1223 1607 1336 1673 ipse
1356 1621 1502 1668 eum,
1541 1604 1693 1657 lat-tus
1716 1603 1877 1659 Pater

282 1674 575 1746 Elcbertns
618 1676 903 1746 episcopus
938 1676 1190 1746 migravit
1222 1676 1290 1730 ad
1329 1676 1499 1729 Deum
1527 1689 1581 1731 Vl
1610 1674 1734 1729 ldus
1770 1674 1879 1730 No-

283 1745 529 1816 vembris
555 1756 603 1810 ι,
626 1743 787 1816 quem
806 1743 934 1814 pius
958 1743 1188 1800 Albinus
1223 1751 1284 1798 ut
1345 1754 1550 1816 patrem
1592 1745 1879 1814 deplorans

286 1813 549 1896 lacrxmis
574 1853 590 1879 ,
644 1813 862 1896 nolebat
895 1825 1087 1896 tamen
1126 1813 1560 1896 consolationem
1612 1817 1874 1896 recipere.

284 1884 479 1940 Levita
511 1899 639 1939 vero
665 1885 865 1940 sanctis
895 1885 1357 1941 benedictionibus
1392 1894 1608 1941 natrum
1648 1884 1879 1940 haeredi-

1970 694 2241 747 honorare
2270 692 2604 760 gaudemus;
2648 693 2916 758 tuis’nos,
2952 692 3194 757 oramus,
3227 694 3319 749 diu
3350 692 3567 751 deside-

1970 763 2103 816 ratis
2129 803 2143 826 ,
2190 771 2255 834 et;
2273 762 2361 815 vix
2392 762 2684 834 aliquando
2724 763 2993 834 inventis,
3041 773 3131 818 tua
3173 780 3299 819 cum
3346 766 3569 834 pietatis

1971 848 2173 895 merce,
2205 830 2499 885 illustrariﬁ
2523 854 2541 884 ι
2578 832 2678 887 Cui
2724 832 2984 889 Albinus:
3033 852 3052 883 ι
3093 834 3319 889 Domine
3346 830 3419 889 ini
3447 853 3566 901 rex,

1971 912 2078 957 tua:
2105 918 2210 956 non
2234 902 2461 970 dispono
2484 903 2749 957 voluntati
2779 919 3027 967 renuere,
3051 905 3374 959 auctoritate
3400 922 3568 961 cano-

1973 989 2099 1046 num
2127 987 2248 1028 cum
2286 972 2498 1026 firmata
2539 972 2721 1046 fuerit.
2768 973 3022 1028 Libenter
3062 978 3227 1029 etiam
3256 984 3480 1046 paterna
3513 978 3570 1031 in
3599 988 3606 1001 ‘

1974 1044 2193 1111 regione
2242 1056 2360 1095 mea
2408 1057 2513 1097 non
2561 1044 2771 1098 modica
2819 1046 3135 1100 nteretlitate
3181 1044 3419 1110 ditatus,
3466 1048 3570 1102 hac

1974 1121 2176 1184 spreta.
2204 1112 2300 1184 tibi
2326 1122 2382 1166 ιιι
2411 1114 2669 1181 prodesse
2705 1115 2928 1183 possim,
2954 1115 3042 1169 hic
3067 1130 3273 1184 pauper
3293 1126 3443 1171 stare
3476 1118 3572 1171 de-

1974 1183 2162 1258 lector.
2201 1183 2374 1237 Tuum
2384 1191 2485 1258 _cst
2510 1191 2719 1258 tanzum
2746 1185 2849 1238 hoc
2879 1200 2910 1237 a
2934 1183 3209 1258 meo’reg’e
3236 1195 3292 1241 et
3318 1187 3572 1258 episcopo

1977 1254 2290 1323 impetrare.
2328 1272 2347 1305 ι
2382 1253 2622 1309 Tandem
2650 1255 2815 1322 igitur
2843 1255 3054 1309 ratione
3080 1257 3272 1319 victus,
3296 1253 3575 1312 consensit

1976 1333 2036 1377 ut
2064 1326 2184 1385 iret,
2214 1323 2459 1393 requiem
2502 1339 2609 1378 non
2640 1325 2773 1379 dans
2816 1324 3044 1388 animis,
3086 1325 3199 1393 jam
3235 1330 3473 1383 secundo
3503 1330 3571 1382 ad

1974 1409 2100 1448 eum
2132 1407 2350 1449 reverso
2391 1392 2463 1465 [Γ
2467 1405 2605 1467 orte,
2645 1396 2956 1467 reversu_roj
2978 1392 3207 1451 firmiter
3235 1396 3571 1466 impetraret,

1977 1479 2160 1519 secum
2188 1464 2449 1534 perpetuo
2489 1472 2548 1519 ιιι
2576 1466 2816 1538 duraret.
2848 1464 3075 1520 Evoluto
3105 1482 3234 1521 vero
3269 1464 3375 1538 non
3404 1484 3572 1538 parvo

1980 1544 2258 1602 tempore,
2291 1533 2595 1603 postquam
2646 1533 2874 1589 Albinus
2917 1538 3155 1591 secundo
3202 1537 3270 1591 ad
3315 1533 3572 1593 Carolum

1980 1619 2230 1658 reversus
2253 1614 2357 1669 est,
2388 1605 2562 1677 sancti
2593 1605 2809 1677 Martini
2834 1606 2975 1673 apud
3008 1606 3251 1661 Turonos
3276 1607 3575 1677 prmﬁcitur

1978 1684 2166 1744 pastor
2195 1674 2512 1729 monasterii
2540 1675 2711 1746 isdem
2740 1685 2762 1714 ο
2785 1692 2814 1746 τί
2837 1677 2929 1745 ιιιιί
2968 1677 3129 1746 digne
3154 1678 3264 1732 Deo
3277 1674 3424 1733 illud
3449 1695 3573 1734 cunt

1980 1746 2099 1800 aliis
2135 1760 2330 1818 regens
2358 1744 2723 1818 monasteriis,
2749 1744 2936 1818 _vitam
2982 1744 3371 1815 stibjcetorum,
3404 1764 3575 1818 quan-

1982 1822 2095 1871 tum
2123 1813 2316 1880 val—uit,
2345 1816 2619 1884 corrigere
2642 1813 2877 1881 studuit;
2915 1832 2980 1870 ac
3004 1813 3141 1885 quos
3168 1813 3457 1874 indomitos
3482 1835 3575 1874 ae-

1980 1885 2154 1955 cepit,
2180 1885 2549 1940 ‘rationabiles
2577 1887 2895 1954 honestique
2934 1887 3177 1943 moribus
3206 1896 3264 1942 ut
3290 1898 3495 1955 essent,
3520 1899 3576 1945 et

287 1956 435 2035 tario
462 1953 757 2035 jurededit
782 1970 964 2010 curam
996 1971 1315 2035 magnopere
1343 1953 1601 2035 talentum
1646 1957 1745 2035 ξιιι.
1774 1956 1877 2009 Do-
1908 1975 1952 2035 B
1980 1953 2258 2026 sapientiae
2282 1957 2653 2025 inquisitores,
2690 1953 2906 2027 sategit.

286 2024 426 2079 mini
456 2024 811 2093 multiplicare
835 2027 1065 2095 egregie.
1092 2024 1312 2080 'Docuit
1346 2026 1545 2080 multos
1576 2027 1628 2079 in
1658 2025 1872 2079 Britan-

285 2096 405 2158 nia,
441 2102 498 2148 et
539 2110 646 2165 non
672 2109 871 2164 paucos
908 2106 1027 2165 post
1054 2096 1105 2149 in
1133 2096 1380 2150 Francia.
1409 2096 1525 2161 Quo
1554 2097 1605 2149 in
1635 2106 1876 2164 tempore

286 2165 533 2219 sociatur
557 2163 634 2218 illi
659 2163 741 2219 vir
769 2166 878 2221 Deo
906 2163 1172 2231 amabilis,
1207 2166 1371 2220 animi
1398 2166 1683 2234 carnisque
1725 2163 1877 2219 nobi-

288 2234 449 2307 litate
491 2234 721 2307 ins_ign_is
746 2235 983 2307 Sigulfus
1012 2238 1320 2307 presbyter,
1367 2245 1551 2307 custos
1598 2235 1876 2307 chorica;

288 2304 535 2360 civitatis
556 2304 847 2369 ECclesite';
887 2304 1142 2373 perpetuo
1168 2304 1226 2359 ut
1265 2306 1337 2359 illi
1367 2304 1478 2372 jam
1509 2306 1755 2368 haereret,
1783 2305 1876 2373 qui

293 2389 400 2457 suo
423 2389 544 2457 cum
589 2376 852 2457 avunculo
876 2376 1137 2457 Autbcrto
1176 2377 1491 2457 presbytero
1528 2389 1662 2444 puer
1696 2386 1878 2457 partes

289 2446 395 2499 has
423 2445 681 2515 petierat,
711 2445 1053 2515 Romamque
1069 2446 1137 2500 ad
1168 2444 1598 2515 ecclesiasticum
1634 2444 1876 2500 ordinem

290 2512 613 2569 discendum
639 2516 707 2571 ab
730 2530 797 2570 eo
821 2512 1011 2570 ductus
1037 2514 1246 2579 fuerat;
1279 2531 1377 2569 nec
1404 2530 1509 2569 non
1550 2512 1718 2567 Metas
1747 2515 1881 2567 civi-

293 2592 652 2655 tatcmcausa
682 2593 872 2639 cantus
899 2586 1153 2655 directus.
1181 2586 1238 2640 ιιι
1260 2602 1368 2655 ιιιιο
1392 2600 1513 2639 cum
1528 2584 1704 2655 nimia
1726 2584 1880 2655 panis

292 2653 526 2724 penuria
554 2653 734 2724 aliquo
758 2654 1039 2709 desudavit
1070 2653 1310 2724 tempore
1335 2671 1399 2710 ac
1432 2654 1601 2709 multo
1622 2668 1745 2707 eum
1769 2653 1881 2707 fru-

292 2722 388 2777 ctu
420 2722 735 2849 (postqp'am
758 2739 913 2778 suum
947 2722 1245 2779 transmisit
1272 2725 1596 2781 avunculum
1635 2733 1880 2778 sanctum

293 2793 476 2846 virum
498 2794 563 2848 ad
640 2791 912 2849 ominum)
940 2794 1209 2849 nronriam
1250 2798 1599 2849 renedavcrat
1624 2794 1878 2849 patriam.

293 2791 476 2864 virum
498 2794 563 2848 ad
593 2791 912 2864 Dominum)
940 2794 1209 2864 propriam
1250 2798 1599 2864 repedavcrat
1624 2794 1878 2862 patriam.

296 2862 365 2918 Hi
386 2879 519 2928 ergo
541 2871 745 2919 tantum
768 2879 826 2920 se
847 2862 1083 2920 dilexere
1107 2862 1384 2928 mutuo,'ut
1403 2863 1883 2927 cerneresllebec—

294 2950 421 2989 eam
444 2932 615 2999 Isaac,
643 2942 697 2990 et
725 2934 935 3004 Annam
957 2935 1138 2990 Tohite
1161 2934 1484 3004 copulatam.
1511 2932 1753 3004 Cumque
1767 2933 1881 3000 jam

292 3004 642 3076 omnipotens
672 3003 1127 3076 DiausFranciam
1168 3002 1499 3076 spiritalibus
1546 3002 1773 3076 divitiis,
1823 3011 1883 3057 ut

292 3074 510 3144 pridem
537 3075 764 3127 terrenis
789 3074 1094 3144 gloriﬁcare
1117 3075 1313 3141 vellet;
1344 3076 1480 3130 dans
1509 3074 1560 3128 ei
1586 3089 1766 3144 regem
1798 3090 1884 3131 se-

296 3142 538 3216 cundum
565 3158 658 3198 cor
682 3142 858 3216 suurn,
890 3142 1443 3216 fidqﬂfortitpdinerac
1463 3142 1883 3216 amore'sapien-

298 3212 762 3285 ti_:n,_et_eorporis
791 3211 1044 3285 inqell‘abili
1069 3212 1487 3285 pulchritudine,
1535 3213 1587 3266 in
1628 3211 1885 3285 his'prae-

296 3281 664 3355 clarissimum
696 3281 947 3355 Catulum
971 3281 1177 3355 monuit
1199 3281 1478 3355 [liensclt.,
1501 3283 1694 3355 movit]
1728 3281 1870 3355 men-

300 3361 414 3407 tem
452 3351 672 3419 Albini,
706 3353 989 3410 consilium
1033 3359 1090 3410 et

298 3421 573 3493 impleret.

913 3533 1163 3619 CAPUT,
1180 3534 1268 3592 vr.

372 3623 635 3680 Atestinus
660 3623 907 3679 Carolum
930 3624 1183 3696 Magnum
1212 3634 1351 3680 artes
1389 3626 1631 3683 liberales
1657 3627 1809 3684 docet

613 3704 661 3749 et
698 3695 1035 3750 monasteriis
1059 3695 1224 3765 tribus
1256 3696 1562 3766 prwﬁcitur.

372 3796 491 3852 xu.
521 3794 713 3878 Iussus
741 3796 905 3878 igitur
932 3798 1000 3878 ab
1021 3780 1305 3878 pinguae
1326 3798 1735 3878 archiepiscopo
1760 3814 1884 3856 suc-

297 3880 522 3940 cessore
544 3866 800 3940 Elcbery,
839 3876 899 3922 ut
935 3868 1039 3940 sibi
1070 3867 1289 3938 pallium
1325 3866 1639 3937 impetraret
1662 3866 1732 3924 ab
1755 3885 1886 3940 apo-

299 3935 689 4009 stolico,yenit
725 3928 971 4009 Romam.
1001 3928 1242 4009 Cit-mque
1268 3928 1631 4009 reverteretur
1658 3928 1883 4009 accepto

297 4007 490 4078 pallio,
511 4007 698 4062 habuit
717 4007 1169 4078 regemCarolum
1186 4007 1377 4062 Parma
1399 4008 1619 4064 civitate
1640 4007 1878 4064 obvium.

296 4077 480 4149 Quem
502 4077 710 4149 magnis
740 4077 835 4149 rex
865 4077 1143 4147 alloquens
1180 4079 1525 4149 suasionibus
1552 4088 1605 4133 et
1629 4080 1881 4149 precibus

299 4145 623 4270 Eostulavit',
667 4155 728 4200 ut
771 4147 839 4201 ad
882 4161 941 4201 se
976 4145 1097 4215 post
1123 4147 1480 4214 expletionem
1516 4145 1776 4204 missatici
1823 4149 1880 4204 in

348 4213 592 4270 ranciam
619 4222 998 4269 reverteretur.
1025 4215 1255 4269 Noverat
1275 4218 1418 4270 enim
1443 4230 1567 4270 eum
1600 4220 1726 4270 auia
1751 4217 1880 4270 olim

348 4213 592 4287 ranciam
619 4213 998 4287 reverteretur.
1025 4213 1255 4287 Noverat
1275 4218 1418 4287 enim
1443 4230 1571 4287 eum
1600 4220 1726 4287 quia
1751 4217 1881 4273 olim

299 4300 331 4339 a
356 4284 630 4354 magistro
648 4298 747 4354 suo
764 4285 833 4338 ad
861 4286 1034 4353 ipsum
1056 4286 1289 4339 directus
1308 4284 1502 4339 fuerat.
1532 4284 1680 4341 Fecit
1702 4298 1881 4343 autem

298 4352 586 4420 Alcuiitus,
639 4352 1186 4409 aliorum’deservirc
1226 4356 1447 4423 cupiens
1491 4356 1774 4424 profectui,
1824 4363 1884 4410 ut

298 4424 410 4497 sibi
437 4431 653 4497 rogarat
676 4423 879 4497 [Edit.,
916 4424 1180 4497 rogaret],
1209 4440 1333 4480 cum
1376 4423 1697 4497 auctoritate
1740 4426 1883 4497 regis

299 4494 387 4548 sui
418 4493 620 4566 proprii
643 4493 696 4548 ei
723 4493 1145 4566 archiepiseOpi,
1173 4511 1238 4551 eo
1271 4504 1478 4549 tantum
1513 4496 1657 4566 jure,
1693 4504 1754 4550 ut
1780 4493 1880 4552 ile-

300 4574 430 4616 rum
451 4561 533 4614 ad’
545 4576 639 4634 eos
664 4561 1451 4634 reverteretur.'Pervenitque,
1474 4561 1692 4621 Christo
1719 4567 1883 4621 duca-

302 4640 422 4703 tum
445 4630 738 4703 prtebente,
762 4633 831 4703 ad
854 4647 1033 4701 regem
1058 4633 1309 4688 Carolnm
1327 4630 1359 4699 ς’
1382 4651 1540 4703 quem
1570 4644 1760 4691 tenens
1785 4652 1880 4691 rex

301 4701 426 4755 loco
446 4699 617 4771 patris
636 4699 993 4771 amplectitur,
1025 4718 1055 4771 a
1080 4718 1186 4771 quo
1207 4712 1352 4757 artes
1378 4699 1714 4759 introductus
1734 4705 1789 4759 in
1816 4707 1883 4770 li-

301 4770 886 4842 beraleshrefrigerari
923 4770 1196 4842 paululum
1227 4781 1482 4836 noverat,
1531 4773 1624 4827 sed
1665 4784 1883 4828 exsatu-

301 4839 419 4894 rari
445 4838 811 4912 obfervorem
856 4838 1081 4895 nimium
1124 4843 1256 4897 satis
1296 4842 1569 4911 nequibat.
1617 4842 1882 4912 Tempore

299 4924 439 4982 vero
464 4909 739 4982 aliquanto
764 4925 982 4982 cumeo
1012 4920 1252 4982 peracto,
1280 4909 1426 4967 dedit
1455 4912 1528 4966 illi
1557 4913 1660 4967 duo
1696 4909 1883 4967 mona-

300 4978 491 5051 steria,
516 4976 790 5034 Bethleem
813 4976 1040 5051 scilicet,
1076 4984 1220 5051 quod
1242 4983 1413 5037 altero
1439 4983 1655 5037 nomine
1690 4983 1883 5038 Ferra-

262 5048 421 5120 ‘rias
445 5055 705 5120 vocatur;
732 5056 788 5102 et
814 5051 985 5120 sancti
1015 5048 1148 5119 Lupi
1198 5053 1338 5120 apud
1378 5052 1577 5108 Trecas
1606 5053 1656 5106 1³.
1687 5053 1758 5107 At
1790 5056 1884 5107 de-

303 5119 473 5198 nique
514 5116 748 5198 Albinus.
777 5118 967 5198 nolens
1009 5116 1484 5198 sineauctoritate
1516 5123 1664 5198 regis
1705 5124 1790 5178 sui
1828 5132 1884 5177 et

562 5187 846 5272 proprium
867 5187 1114 5270 deserere
1142 5189 1317 5272 locum
1337 5187 1725 5272 qno‘educatus
1750 5208 1883 5262 quo-

301 5270 415 5327 que
456 5260 650 5327 capitis
679 5272 890 5312 comam
936 5260 1220 5322 amiserat,
1254 5275 1317 5315 ac
1350 5262 1404 5314 in
1448 5262 1664 5317 levitam
1694 5260 1883 5317 conse-

300 5325 496 5400 cratus
529 5325 722 5390 fuerat,
748 5327 1039 5400 postulavit
1058 5344 1539 5400 magnutn_regem,
1570 5340 1631 5386 ut
1658 5332 1813 5386 daret
1832 5332 1881 5386 ei

304 5396 595 5466 licentiam,
619 5396 893 5466 remeandi
924 5398 978 5455 in
1000 5396 1251 5466 patriam.
1295 5396 1463 5464 Quein
1501 5400 1727 5456 Carolus
1753 5417 1883 5456 voce

303 5462 631 5520 blandientis
658 5465 945 5536 alloquitur
968 5462 1037 5520 εἰ
1071 5467 1207 5521 Sunt
1244 5462 1427 5535 nobis,
1477 5472 1736 5541 magister
1770 5472 1884 5526 exi-

376 5607 403 5668 _-
432 5593 590 5668 Anno
616 5597 738 5668 τεο.
765 5598 886 5668 Vidi.
917 5613 1107 5668 poema
1135 5599 1227 5653 cit.
1249 5640 1265 5664 ,
1296 5613 1438 5654 vers.
1472 5600 1627 5664 l583.
1655 5611 1784 5658 tom.
1816 5602 1879 5659 ll.

377 5664 408 5703 ι’
430 5664 813 5721 Monasterium
830 5664 1181 5725 Ferrariense
1202 5670 1362 5723 situm
1391 5671 1442 5724 in
1467 5671 1685 5725 dioecesi
1716 5672 1885 5727 Seno-

307 5735 497 5804 pensi;
535 5735 709 5804 sancti
740 5733 873 5804 Lupi
897 5740 950 5791 in
974 5739 1232 5793 suburbio
1259 5739 1515 5794 Tricassi.
1557 5740 1784 5795 Μιιιιιι..
1814 5773 1884 5783 —-

309 5802 385 5878 De
426 5803 534 5878 his_
549 5802 835 5878 Alcuintts'
857 5805 1002 5876 loqui
1029 5807 1239 5862 videtur
1277 5810 1328 5862 in
1362 5809 1605 5878 epistolis
1632 5810 1702 5863 52
1734 5820 1787 5865 et
1815 5812 1883 5867 55

306 5867 477 5944 (nunc
503 5872 573 5927 66
603 5882 657 5926 et
680 5872 793 5944 67).

386 5940 411 5972 ‘
440 5942 568 5997 Vide
605 5940 763 6014 epist;
807 5943 895 5997 [0|
943 5943 1107 6009 (nunc
1160 5948 1278 6019 l29}
1322 5957 1376 6002 et
1417 5950 1659 6005 chartam
1703 5948 1882 6007 Caroli

2591 2067 2825 2124 CAPUT
2863 2067 2973 2137 VII.

2196 2135 2424 2191 Felicem
2453 2138 2757 2192 Itmreticum
2794 2135 2988 2208 refutat
3015 2138 3355 2211 Aquisgram'.

2047 2229 2184 2305 XIII.
2200 2232 2418 2305 interea
2431 2231 2654 2286 haeresis
2671 2232 2887 2287 inimica
2910 2232 3038 2305 Deo,
3059 2247 3124 2301 pa
3115 2233 3304 2305 _rtibus
3318 2248 3439 2305 qure
3451 2235 3572 2305 pul-

1978 2300 2180 2355 lulabat
2201 2301 2490 2370 Hispaniae,
2508 2317 2757 2356 asserens
2784 2300 3092 2371 adoptivum
3113 2302 3306 2358 Filium
3331 2300 3425 2359 Dei
3450 2300 3572 2359 esse

1979 2371 2275 2425 secundum
2306 2386 2546 2434 carnem,
2572 2373 2638 2426 ad
2668 2387 2829 2427 aures
2856 2373 3161 2441 perducitur
3190 2373 3390 2429 Caroli.
3417 2374 3572 2442 Qllﬂd

1980 2449 2039 2512 ut
2062 2442 2434 2510 experimento
2457 2444 2606 2496 novit
2627 2458 2717 2496 rex
2744 2458 2971 2511 magnus
2992 2454 3046 2497 et
3069 2459 3166 2512 per
3184 2445 3366 2499 omnia
3388 2447 3574 2500 cathoc

1981 2511 2137 2573 licus,
2173 2513 2298 2566 totis
2327 2512 2535 2566 nisibus
2557 2513 2872 2578 decertavit,
2905 2523 2964 2567 ut
2990 2511 3361 2569 destrueretur
3386 2530 3572 2571 semen

1979 2580 2199 2643 diaboli,
2225 2582 2540 2649 zizaniaque
2560 2582 2626 2637 de
2649 2581 2923 2636 frumento
2945 2584 3039 2637 Dei
3067 2583 3308 2638 funditus
3334 2586 3573 2639 eradica-

1982 2659 2188 2721 rentur.
2205 2651 2490 2706 Advocans
2506 2666 2738 2721 namque
2759 2652 3008 2705 Albinum
3029 2653 3391 2708 institutorem
3414 2670 3573 2708 suum

1983 2720 2217 2776 Turonis
2242 2761 2255 2783 ,
2287 2729 2342 2775 et
2385 2722 2644 2775 miserum
2677 2721 2911 2776 Felicem
2940 2723 3165 2777 hwresis
3202 2722 3360 2791 hujus
3387 2733 3571 2778 astru-

1982 2800 2186 2845 ctorctn
2224 2792 2291 2846 de
2322 2791 2591 2861 Hispania:
2616 2793 2893 2864 partibus,
2932 2796 3277 2864 congregavit
3304 2794 3570 2864 synodum

1982 2876 2233 2934 magnam
2251 2864 2626 2934 episcoporum
2650 2862 2702 2917 in
2714 2861 3035 2934 Aquisgrani
3048 2861 3318 2934 imperiali
3334 2861 3536 2934 palatio
3554 2880 3570 2925 ;

1984 2931 2036 2984 in
2073 2946 2303 2999 quorum
2334 2933 2447 3000 ipse
2488 2932 2680 2986 sedens
2707 2931 2922 3000 medio}
2978 2931 3209 2987 Felicem
3241 2931 3574 2989 licc't‘validc

1983 2991 2390 3069 repugnantem,
2428 3000 2493 3054 de
2520 3011 2712 3055 natura
2752 2991 2871 3055 Filii
2903 2991 2999 3056 Dei
3026 3003 3322 3057 secundum
3348 3018 3571 3057 carnem

1983 3086 2106 3140 cum
2131 3070 2325 3140 Albino
2353 3071 2668 3140 doctissimo
2687 3070 3011 3140 disputando
3033 3072 3424 3127 rationabiliter
3442 3088 3576 3127 con-

1984 3139 2168 3212 fligere
2192 3138 2373 3208 jussit.
2403 3138 2538 3212 Tum
2566 3138 2825 3209 quantum
2847 3140 3223 3211 episcoporum
3251 3151 3379 3197 tunc
3405 3144 3575 3197 exsti-

1983 3207 2368 3283 tit'silentiunt!
2398 3207 2444 3265 Ο
2481 3207 2641 3280 quam
2663 3212 2811 3283 clara
2832 3207 3357 3283 etiinexpugnabilis,
3389 3212 3572 3267 Caroli

1986 3297 2107 3336 cum
2135 3281 2485 3342 auctoritate,
2534 3281 2778 3351 magistri
2824 3282 2906 3335 sui
2942 3281 3064 3337 fidei
3112 3281 3382 3339 confessio
3412 3293 3467 3336 at
3507 3297 3575 3337 ne

1986 3350 2265 3405 defensio!
2308 3351 2412 3405 Per
2446 3351 2598 3405 plura
2637 3359 2816 3405 autem
2862 3350 3014 3405 Felix
3057 3350 3267 3405 fugiens
3312 3299 3570 3405 latibu1a.

3502 3370 3530 3406 il

1136 3321 1590 3416 ἰῖιὲὲῖὄὲἱέἓᾝὶἱῗ
1602 3321 1886 3425 Erigit
1909 3321 1958 3384 ο
1984 3321 3570 3475 ἱιὲἱὲηέἴῖινῑὲἶξιυέἵιῖἰὲὲηᾝεῆῗιυξῖἑίἰῗῖἓὶιῦἷιΐξιῗ

1984 3420 2316 3475 plurioribus
2344 3423 2413 3475 ab
2486 3422 2632 3475 lbino
2654 3421 2936 3475 confossus
2970 3431 3056 3475 est
3094 3423 3335 3475 snicnlis.
3367 3423 3423 3475 in
3451 3432 3569 3475 tan-

2486 3422 2632 3476 lbino
2654 3421 2947 3493 confossus
2970 3431 3056 3481 est
3094 3421 3335 3493 spiculis,
3367 3423 3423 3477 in
3451 3432 3569 3475 tan-
3658 3452 3665 3457 -

1984 3420 2316 3490 plurioribus
2344 3423 2413 3475 ab

1986 3498 2122 3557 tum,
2158 3499 2218 3545 ut
2244 3506 2381 3561 pene
2420 3507 2610 3547 omnes
2637 3491 2888 3547 civitates
2930 3492 3093 3547 Israel
3124 3491 3564 3551 consummaret.

1982 3577 2265 3632 quousque
2310 3561 2479 3617 Filius
2526 3561 2761 3617 hominis
2792 3564 3036 3632 veniret.
3084 3562 3217 3618 Natu
3263 3579 3294 3617 a
3335 3562 3571 3618 secunda

1983 3631 2155 3704 usque
2180 3632 2249 3687 ad
2276 3631 3023 3704 septimamsabbatiparum
3047 3634 3193 3689 aliud
3216 3641 3424 3704 gestum
3462 3641 3568 3704 est.

1983 3700 2248 3775 omnibus
2273 3700 2507 3775 denique
2534 3701 2651 3771 ejus
2676 3700 2947 3775 patefacta
2991 3700 3259 3769 socordia,
3297 3711 3458 3775 atque
3503 3702 3573 3756 ab

1982 3771 2253 3826 universis
2284 3771 2579 3840 apostolica
2622 3771 2945 3829 auctoritate
2987 3775 3212 3830 hzeresis
3252 3771 3526 3828 confutata
3554 3812 3571 3833 ,

1982 3840 2084 3895 soli
2127 3841 2229 3896 sibi
2268 3839 2431 3912 latuit
2456 3839 2773 3912 deformiter
2788 3882 2812 3912 γ.
2858 3857 3031 3912 usque
3055 3843 3183 3897 dum
3214 3844 3356 3899 dicta
3385 3841 3571 3912 Cyrilli

1985 3912 2242 3982 martyris
2254 3910 2303 3975 ιι,
2318 3911 2386 3965 ab
2408 3910 2602 3966 Albino
2621 3912 2723 3982 sibi
2745 3910 2958 3982 directa
2973 3912 3102 3982 legit
3123 3910 3570 3967 lamentabiliter:

1984 3980 2068 4053 Ea
2097 3990 2311 4053 natura,
2336 3998 2453 4052 qua:
2481 3998 2573 4044 per
2593 3980 2859 4035 diabolum
2895 3980 3197 4053 vitiatagest,
3232 3999 3389 4053 super
3415 3998 3575 4053 auge:

1984 4050 2062 4123 los
2089 4051 2327 4123 exaltant
2350 4050 2441 4123 est
2470 4060 2681 4123 propter
2704 4052 3024 4123 triumphum
3060 4051 3253 4123 Christi
3273 4050 3472 4122 {atque
3502 4051 3571 4102 ml

1982 4120 2251 4174 dexteram
2280 4118 2479 4193 Patris
2505 4118 2781 4193 collocata.
2814 4118 3122 4193 Hancrergo
3145 4122 3329 4193 legens
3354 4118 3571 4177 senten-

1984 4192 2133 4261 tiam,
2166 4191 2382 4261 tandem
2406 4204 2465 4244 se
2490 4191 2867 4261 recognovisse
2888 4199 2944 4245 et
2970 4192 3133 4261 impie
3165 4191 3341 4261 egisse
3363 4206 3493 4261 voce
3517 4200 3573 4244 et

1983 4259 2154 4313 nimio
2185 4258 2312 4312 fletu
2343 4266 2570 4342 testatus
2602 4258 2703 4313 est.
2886 4261 3029 4342 quod
3046 4258 3132 4342 :ad
3168 4258 3572 4342 aliudten‘dcns

1981 4342 2150 4400 pauca
2182 4342 2359 4400 super
2402 4328 2606 4400 hac_re
2647 4328 3069 4400 praelibavi,iqui
3111 4329 3402 4400 perfectius
3428 4330 3569 4383 hanc

1982 4395 2122 4452 scire
2150 4395 2283 4461 sitit',
2312 4397 2456 4467 legat
2484 4395 2601 4467 ejus
2620 4395 2874 4467 epistolas
2907 4399 2973 4453 ad
2996 4395 3247 4455 'Feliectn
3273 4407 3327 4454 et
3351 4399 3570 4468 Elipan—

1984 4475 2119 4532 tum,
2145 4475 2201 4523 et
2227 4470 2555 4539 ipsorumad
2582 4469 2766 4523 illum:
2807 4478 2861 4523 et
2889 4485 3049 4525 nosse
3075 4471 3447 4525 incunctanter
3473 4486 3569 4539 po-

1986 4538 2133 4601 terit,
2166 4539 2309 4607 quod
2340 4537 2631 4594 desiderat.

2055 4608 2341 4680 Largiente
2377 4609 2593 4677 Christo
2628 4610 2890 4664 hactenus
2916 4610 3191 4680 paululum
3222 4611 3291 4664 dc
3316 4611 3440 4663 vita!
3475 4609 3571 4662 Al-

1914 4684 1963 4745 D
1984 4676 2098 4759 bini
2126 4676 2296 4759 initio,
2314 4693 2447 4759 qute
2468 4676 2684 4759 cunctis
2711 4695 2817 4733 non
2992 4681 3204 4759 cognita
3229 4680 3571 4759 putavi,‘no_n

1985 4755 2045 4829 ut
2072 4745 2243 4825 volui,
2275 4745 2368 4829 sed
2410 4747 2637 4829 fideliter
2665 4745 3115 4829 quemadmodum
3152 4745 3317 4817 poiui,
3352 4748 3568 4829 scripsi.

1980 4816 2118 4888 llinc
2134 4815 2249 4888 jam
2274 4815 2543 4871 calamum
2569 4815 3067 4885 labrisquassatum
3097 4815 3293 4888 (neque
3316 4818 3459 4872 enim
3481 4818 3572 4888 ju-

1979 4885 2174 4949 dicavi,
2207 4895 2473 4941 noverunt
2500 4902 2621 4958 qua:
2647 4903 2811 4958 super
2839 4904 2904 4941 eo
2934 4885 3134 4952 cuncti,
3176 4885 3342 4958 parvo
3372 4888 3459 4942 isti
3486 4887 3571 4958 in-

1980 4970 2161 5029 serere
2206 4957 2380 5029 operi)
2424 4958 2491 5011 ad
2535 4957 2693 5012 linem
2718 4956 2893 5027 ’ejus,
2937 4956 3209 5029 despicate
3254 4956 3570 5028 crepitandu

1980 5025 2127 5092 licet,
2158 5028 2474 5096 pertrahere
2497 5030 2758 5082 conabor.

2565 5155 2790 5211 CAPUT
2828 5156 2961 5212 Vll‘l.
3018 5153 3028 5166 ’

1979 5244 2234 5301 Alcuinus
2264 5244 2494 5301 Fultlum
2526 5246 2761 5300 secedere
2782 5250 3014 5316 cupiens,
3044 5247 3266 5301 Turonis
3290 5245 3570 5304 retinetur.

2560 5316 2695 5383 Eius
2720 5318 2984 5387 discipuli.

2050 5407 2188 5463 XIV.
2217 5408 2351 5462 Cum
2378 5407 2844 5478 igitursenectute
2871 5422 3087 5475 unaque
3108 5404 3421 5461 infirmitate
3441 5410 3563 5478 plus

1981 5478 2140 5533 solito
2166 5494 2225 5533 se
2251 5474 2475 5532 sentiret
2504 5474 2892 5545 allecttnn,,diu
2922 5485 2981 5531 ut
2998 5474 3189 5531 secum
3216 5474 3564 5543 tractavérat,

1983 5612 2350 5749 ngtgéme.
2384 5611 2446 5676 ll,
2479 5628 2602 5684 pag.
2633 5614 2736 5669 566
2780 5613 3137 5685 (Patrologizc
3164 5623 3310 5671 torno
3356 5614 3565 5680 XCVII,

1983 5698 2047 5737 co
2073 5722 2087 5734 .
2256 5722 2269 5734 .

1983 5698 2087 5737 θοι.
2120 5698 2269 5737 9W).

2054 5750 2080 5790 ἀ
2119 5751 2305 5825 ςυνῇιιὶ
2346 5754 2615 5825 martyris.
2660 5751 2750 5825 Sc.
2795 5751 3177 5825 Alexandrini,
3221 5753 3312 5822 qui
3358 5763 3569 5825 martyr

1983 5817 2457 5893 appellariipotnit
2488 5817 2562 5877 ob
2586 5823 2750 5876 multa
2788 5817 3072 5893 ιιιιτιισίῖδρὶ
3102 5817 3263 5877 causa
3305 5838 3378 5877 su:
3401 5817 3565 5881 tinuit

1984 5892 2305 5962 disputando
2334 5891 2741 5961 scribendoque.
