4232 6468
323 461 493 526 ’1⁸23

1245 463 1573 516 V'E'I‘EliUM
1612 461 1699 516 ΕΤ
1735 459 2229 514 IUL'CEN'I'IORUM
2265 460 2698 515 'I'I'LS'I'IMONIA.

3509 465 3608 518 126

360 590 560 637 vestra:
580 592 782 633 serena:
821 577 1121 646 praesentia:
1148 585 1476 646 pnescntare
1513 574 1804 646 potuissem
1833 611 1846 624 .
1877 611 1890 624 .
1920 609 1935 625 .
1967 578 2014 632 Α
2043 570 2277 646 religiosi
2305 578 2358 646 et
2387 573 2528 646 do_cti
2559 591 2570 624 :
2610 588 2840 640 quorum
2884 574 3055 646 fidem
3077 584 3131 630 et
3156 575 3296 646 docti
3326 591 3452 646 nam
3473 591 3608 646 apo-

359 651 500 707 uihil
529 647 673 703 aliud
696 648 764 703 ad
789 641 1023 702 mentem
1047 641 1310 705 cucurrit,
1334 645 1436 698 nisi
1469 641 1528 698 ut
1550 641 1760 712 aliquod
1782 657 1942 711 opus-

358 721 546 778 culum
577 727 886 792 sanctorum
932 716 1148 770 Patrum
1190 715 1343 768 vobis
1387 714 1695 792 dirigerem,
1742 713 1794 792 in
1837 726 1944 792 quo

358 798 612 846 sanctum
643 788 919 859 ingenium
956 793 1194 859 vestrum
1223 797 1477 859 exercere
1508 783 1845 859 potuissetis:
1890 788 1947 835 et

359 862 486 916 ideo
514 857 657 913 istud
703 852 952 912 volumen
1002 853 1154 907 vobis
1197 852 1489 916 transmisi,
1535 852 1676 919 quod
1724 859 1944 905 sanctus

357 929 645 990 Alcuinus,
674 941 914 982 summus
940 922 1291 979 scholasticus
1311 938 1379 976 ex
1403 921 1569 975 variis
1594 921 1745 975 libris
1769 920 1942 974 sancti

355 998 649 1067 Augustini
693 996 1034 1067 congregavit
1079 992 1152 1067 in_
1181 1006 1373 1067 unum;
1419 991 1584 1067 quod
1617 991 1945 1067 peritissimo

356 1085 426 1123 ac
449 1060 823 1122 'nobilissimo'
847 1060 1158 1133 imperatori
1177 1061 1370 1133 Carolo
1394 1060 1644 1133 tradidit:
1670 1060 1808 1114 sicut
1829 1074 1945 1112 ma-

355 1139 506 1192 xima
535 1138 827 1191 necessitas
865 1131 948 1190 est
974 1131 1276 1187 mortalium
1327 1132 1393 1185 de
1415 1131 1594 1184 divina
1639 1138 1830 1184 natura
1879 1143 1942 1183 ac

353 1206 624 1269 essentia;
655 1207 721 1260 de
745 1215 942 1274 interna
964 1202 1233 1274 gignentia
1261 1201 1355 1255 Dei
1386 1201 1588 1274 Patris;
1627 1200 1692 1254 de
1711 1210 1941 1274 _a:_te_rna

353 1277 640 1330 nativitate
661 1275 780 1329 Filii
807 1273 935 1338 Dei;
967 1269 1045 1328 δέ
1072 1279 1272 1325 eterna
1319 1271 1660 1340 processione
1692 1269 1942 1339 Spiritus

350 1346 528 1402 sancti
537 1385 553 1398 .
565 1354 670 1400 etc.

1073 1409 1209 1466 XVI.

350 1505 535 1574 Lupus
562 1503 918 1559 Ferrariensis
939 1504 993 1556 in
1019 1503 1169 1624 25st.
1206 1500 1263 1553 II
1297 1500 1366 1552 ad
1394 1498 1698 1553 Lotliarium
1747 1513 1938 1568 regem,

737 1584 863 1624 tom.
893 1570 997 1624 XV
1068 1570 1157 1624 ibl.
1188 1569 1304 1624 PP.
1332 1587 1449 1624 aaa.
1479 1570 1534 1624 9.

737 1584 863 1627 tom.
893 1570 997 1626 XV
1019 1569 1157 1624 Bibl.
1188 1569 1304 1624 PP.
1329 1587 1449 1640 pag.
1479 1570 1534 1624 9.

425 1663 628 1739 Cellam
643 1662 824 1739 sancti
847 1659 1034 1739 Judoci
1051 1701 1066 1723 ,
1087 1674 1249 1728 quam
1277 1674 1500 1739 magnus
1517 1657 1748 1739 Carolus
1769 1672 1941 1738 quon-

350 1734 478 1790 dam
505 1731 731 1787 Alcuino
757 1732 824 1785 ad
843 1731 1239 1799 eleemosynam
1264 1728 1620 1782 exhibendam
1642 1728 1941 1797 peregrinis

348 1802 722 1866 commiserat,
755 1803 926 1856 beatae
950 1801 1224 1854 memoria:
1268 1808 1424 1867 pater
1466 1807 1647 1851 vester
1677 1799 1832 1851 nobis
1872 1812 1936 1851 ea

351 1873 564 1928 ratione
585 1872 869 1934 concessit,
918 1870 1057 1924 sicut
1079 1871 1312 1923 edictum
1358 1869 1498 1921 illius
1541 1876 1843 1927 attestatur,
1877 1874 1936 1919 ut

2045 640 2233 712 stolica
2261 641 2414 695 sedes
2443 641 2679 695 Romana
2711 657 2816 712 non
2846 643 3020 712 solum
3047 645 3427 712 benignissime
3453 640 3608 700 acce-

2043 710 2236 776 ptavit,
2293 726 2480 765 verum
2519 719 2574 766 et
2622 711 2803 765 multis
2843 711 3094 768 laudibus
3142 710 3354 778 eitulit,
3383 715 3523 769 sicut
3551 717 3603 768 in

2043 779 2259 854 scriptis
2289 780 2455 854 ipsius
2505 789 2704 854 sancta:
2741 781 2883 854 sedis
2913 782 3232 847 invenimus,
3278 800 3398 854 quae
3437 783 3608 840 eccle-

2044 849 2138 901 siae
2167 857 2363 922 nostrae
2390 850 2458 902 ab
2479 850 2666 904 eadem
2684 850 3040 922 ecclesiarum
3063 860 3235 906 matre
3263 849 3608 922 acceperunt,

2042 926 2285 992 tempore
2312 919 2447 972 divae
2471 919 2747 992 memoria:
2773 919 2949 992 Caroli
2990 922 3351 992 imperatoris,
3394 919 3609 992 quando

2043 988 2279 1057 synodus
2304 1003 2403 1056 pro
2443 989 2658 1057 cognita
2705 988 3019 1045 inﬁdelitate
3059 988 3253 1046 Felicis
3277 1001 3361 1047 est
3396 988 3604 1057 habita,

2043 1066 2098 1130 et
2137 1057 2532 1130 adRomanam
2573 1057 2886 1130 Ecclesiam,
2928 1061 3075 1115 velut
3103 1061 3169 1115 ad
3197 1063 3401 1130 apicem
3439 1062 3612 1117 eccle-

2043 1127 2249 1180 siarum
2281 1127 2636 1201 _tran_smi_ssa._
2678 1126 2785 1182 Sed
2811 1136 2865 1182 et
2897 1143 3084 1201 eorum
3114 1126 3316 1199 scripta
3347 1133 3438 1201 qui
3459 1132 3607 1201 legit,

2043 1212 2211 1271 quam
2251 1196 2673 1271 sintAlaudanda
2714 1207 2782 1271 et_
2818 1199 3122 1271 recipienda
3169 1196 3434 1271 intelligit.
3483 1196 3612 1254 Flo-

2041 1265 2276 1340 doardus
2313 1265 2454 1320 Hist.
2477 1265 2810 1340 ﬁhemensis
2846 1265 3050 1340 _E_ccles.
3079 1269 3288 1340 lib.im,
3318 1265 3456 1340 apud
3489 1272 3607 1326 Sir-

2041 1335 2292 1409 mondum
2317 1345 2444 1409 tom.
2468 1335 2494 1388 I
2511 1333 2549 1386 V
2576 1335 2694 1409 Qp._
2707 1337 2930 1409 cap.2I,
2959 1355 3077 1409 pag.
3109 1338 3230 1402 165,
3252 1333 3428 1408 refert,
3454 1342 3612 1395 Ilinc-

2041 1420 2252 1475 marum
2280 1406 2530 1478 in‘epist.‘
2553 1407 2621 1459 ad
2663 1406 2980 1478 Rhabauum
3014 1406 3608 1478 Maguntim'pmsulem

2041 1489 2304 1539 asserere,
2336 1475 2476 1528 hunc
2519 1476 2734 1529 beatum
2783 1475 3452 1535 Rhabanum'solumtunc
3477 1487 3609 1534 tem-

2039 1545 2188 1612 poris
2216 1545 2282 1598 de
2305 1544 2626 1614 discipulam
2654 1545 2798 1598 beati
2820 1546 3030 1601 Alcuini
3060 1547 3328 1603 relictum.

2743 1633 2905 1693 XXII.

2042 1722 2360 1794 Micrologus
2388 1724 2453 1778 de
2497 1721 2700 1794 ΕιτΙεεἒ
2734 1722 2967 1794 _0bserv.
3013 1741 3074 1778 ca

2497 1793 2638 1847 Bibl.
2673 1791 2812 1856 PP.,
2838 1810 2959 1864 pag.
2988 1791 3113 1849 490.

3115 1765 3128 1778 .
3151 1724 3221 1779 60
3245 1736 3350 1780 tom
3377 1725 3606 1782 XVIII.

2110 1882 2398 1960 Sciendum
2430 1893 2609 1960 autem
2658 1886 2946 1954 quemdam
2990 1886 3244 1960 Albinum
3271 1887 3607 1960 magistrum

348 1925 874 2027 quod'e‘leemosyna':
899 1947 1228 2027 superesset,
1254 1939 1306 2019 in
1328 1947 1748 2027 nostrumlusum
1771 1925 1930 2027 ceriae-

1967 1925 2011 1984 B
2037 1951 2216 2027 Caroli
2248 1954 2589 2027 imperatoris
2615 1925 2802 2024 ro'gatu
2833 1956 3005 2027 sancti
3042 1925 3612 2027 ﬁoiiifalcii.

352 2006 462 2067 fet.
495 2010 642 2064 Idem
689 2006 920 2080 in'epist.
951 2006 1020 2063 20
1041 2009 1109 2062 ad
1162 2009 1461 2080 Altuinum,
1668 2022 1788 2080 pag.
1813 2006 1886 2080 l2
1917 2025 1929 2058 :

351 2081 411 2135 In
439 2081 686 2134 versibus
710 2075 1021 2144 moralibus,
1049 2093 1184 2148 quos
1204 2079 1462 2132 Alcuinus
1491 2078 1686 2132 dicitur
1705 2075 1936 2130 edidisse

349 2159 557 2206 statera
591 2150 670 2204 sic
688 2151 859 2219 posita
897 2157 1009 2204 est:

466 2238 575 2292 Non
598 2241 684 2290 tibi
709 2241 775 2290 sit
796 2240 986 2290 modius
1003 2238 1204 2300 άυριει,
1229 2249 1322 2286 nec
1339 2243 1522 2287 statera
1546 2235 1748 2297 duplex.

1089 2319 1248 2374 XVII.

350 2411 446 2468 Ea:
472 2413 701 2480 antiquis
755 2410 1099 2464 monumentis
1140 2408 1452 2480 monasterii
1487 2407 1662 2480 sancti
1706 2404 1932 2480 ‘Vedasti

427 2477 712 2534 Ferreolus
766 2480 982 2532 Locrius
1033 2481 1086 2532 in
1117 2479 1374 2532 Chronico
1429 2495 1523 2530 suo
1571 2477 1780 2545 Belgica
1820 2478 1931 2529 haec

426 2551 583 2617 refert
611 2550 750 2619 apud
785 2548 1116 2619 Lambeciam
1166 2548 1452 2619 Comment.
1489 2547 1552 2600 de
1601 2546 1739 2598 Bibl.
1790 2545 1927 2599 Ca’s.

435 2617 658 2675 Vindob.
684 2619 775 2672 lib.
808 2635 867 2682 ll,
891 2636 1006 2687 cap.
1035 2617 1088 2682 5,
1111 2635 1231 2688 pag.
1269 2618 1396 2670 409..

424 2711 615 2766 Raddo
665 2711 856 2782 (abbas
906 2709 1076 2782 sancti
1114 2709 1356 2775 Vedasti)
1404 2707 1929 2782 aduresinstauran:

349 2783 454 2837 llas
489 2775 683 2836 divino'
717 2795 939 2835 munere
1001 2779 1158 2833 datus
1209 2793 1350 2832 anno
1404 2777 1509 2830 795
1535 2775 1927 2844 exspectationi

345 2850 891 2924 omniumcumulate
946 2849 1258 2924 respondit;
1297 2847 1390 2924 qui
1423 2843 1724 2924 ambustum
1753 2843 1926 2924 fmda-

349 2930 577 2989 tumque
597 2919 843 2989 incendio
871 2916 1122 2989 templum
1176 2916 1460 2989 magnifice
1497 2916 1837 2989 instauravit.
1866 2954 1879 2966 .
1907 2953 1921 2967 .

348 2986 570 3046 Missale
626 2988 954 3057 implicatum
981 2986 1139 3041 satis
1169 2987 1248 3057 (ut
1279 2987 1484 3040 ferebat
1507 2986 1758 3057 conditio
1785 2993 1923 3057 tem-

346 3060 524 3131 poris)
576 3054 810 3114 examini
862 3057 1073 3131 Alcuini
1131 3054 1394 3131 subjecit;
1429 3054 1588 3131 cujus
1640 3054 1924 3131 descripta:

347 3124 648 3185 Etiamnum
686 3136 901 3183 exstant
929 3127 1068 3198 apud
1101 3142 1200 3181 nos
1231 3129 1304 3198 ad_
1327 3125 1637 3198 Raddoncm
1663 3124 1920 3192 epistolm,

351 3209 520 3269 atque
557 3199 763 3269 aliquot
804 3193 1011 3263 versus,
1052 3198 1246 3267 quibus
1271 3195 1446 3268 Opera
1475 3193 1713 3264 ejusdem
1744 3201 1923 3264 postc-

349 3270 504 3324 ritati
527 3269 888 3324 commendat.

1048 3336 1230 3392 XVIII.

347 3429 582 3485 Annales
609 3428 898 3498 Fuldenses
911 3429 980 3498 ad
1004 3445 1209 3498 annum,
1229 3428 1332 3483 794
1358 3429 1498 3497 apud
1513 3428 1770 3498 Bouquct,
1799 3438 1924 3482 tom.

659 3497 696 3550 V
725 3497 918 3568 Script.
955 3497 1079 3550 Rer.
1109 3497 1324 3561 Gallic.,
1352 3514 1472 3566 pag.
1505 3498 1630 3552 550.

424 3587 521 3643 His
573 3566 903 3659 temporibus
964 3587 1244 3659 Alcuinus,
1291 3598 1647 3657 cognomento
1679 3587 1922 3652 Albinus,

345 3659 642 3717 Sanctitate
669 3657 724 3714 et
741 3659 984 3713 doctrina
1011 3657 1190 3712 clarus
1216 3659 1464 3712 habetur.

1111 3748 1247 3803 XIX.

602 3841 884 3895 Rnaaanus
920 3839 1140 3894 Maurus
1171 3841 1228 3894 in
1272 3837 1674 3923 Martyrologio.

419 3932 639 3987 Decimo
665 3942 859 4002 quarto
883 3931 1441 4003 Kal.Junii,depositio
1466 3931 1670 3986 domini
1688 3929 1918 3986 Alcuini.

1109 4043 1229 4098 XX.

341 4131 668 4204 Anastasius
699 4130 1140 4204 ABiblipthecarius
1176 4133 1232 4185 in
1281 4131 1402 4204 ita
1436 4135 1654 4187 Adriani
1690 4134 1720 4188 Ι
1748 4150 1917 4204 papa),

621 4201 768 4256 Edit.
801 4201 1082 4256 Ματαιοήὶ
1109 4211 1235 4255 tom.
1269 4201 1388 4268 III,
1414 4221 1466 4274 p.
1501 4204 1620 4258 I84.

421 4298 550 4371 Post
597 4299 714 4371 hinc
763 4298 1160 4371 conjunxerunt
1228 4299 1297 4353 ad
1342 4301 1523 4355 sedem
1575 4301 1921 4371 apostolicam

340 4368 501 4423 missi
527 4369 722 4436 saepius
748 4367 1085 4442 dictiCaroli
1115 4371 1551 4426 excellentissimi
1592 4367 1733 4442 regis
1755 4373 1924 4426 Fran-

341 4452 538 4511 corum
587 4443 648 4511 _et
699 4438 901 4511 patritii
959 4440 1365 4511 Romanorum;
1408 4443 1462 4497 id
1513 4452 1617 4506 est,
1656 4438 1925 4511 Ceorgius

341 4505 724 4582 sanctissimus
771 4505 1072 4582 episcopus,
1101 4505 1391 4582 Gulfardus
1446 4505 1728 4582 religiosus
1755 4505 1924 4566 abbas

341 4585 403 4649 et
440 4573 923 4649 consiliario-missu
951 4573 1195 4649 Albinus,
1240 4577 1526 4649 deliciosus
1547 4573 1724 4649 ipsius
1756 4583 1916 4648 regis,

2037 2024 2207 2094 scopi,
2224 2033 2281 2077 ut
2302 2026 2473 2088 aiunt,
2493 2025 2740 2080 missales
2751 2026 3024 2094 orationes
3048 2026 3113 2080 de
3136 2035 3322 2081 sancta
3347 2024 3612 2082 Trinitatc

2036 2093 2439 2166 composuisse;
2475 2103 2547 2166 Aet
2573 2094 2627 2148 in
2657 2095 2892 2166 secunda
2947 2093 3081 2149 feria
3103 2096 3170 2150 de
3221 2097 3522 2166 sapientia;
3557 2097 3609 2150 in

2038 2164 2221 2234 tertia,
2249 2165 2315 2218 de
2345 2163 2550 2232 Spiritu
2592 2170 2831 2234 saneto;
2866 2165 2922 2217 in
2969 2175 3161 2234 quarta
3207 2163 3606 2228 de'charitate;

2034 2234 2090 2288 in
2137 2233 2324 2301 quinta
2351 2235 2427 2305 _d_e_
2449 2233 2686 2305 angelis;
2719 2235 2773 2288 in
2804 2242 2954 2305 sexta
2985 2233 3052 2288 de
3079 2251 3240 2305 cruce
3264 2253 3278 2298 ;
3303 2237 3356 2289 in
3387 2237 3612 2291 sabbato

2034 2305 2100 2374 de
2135 2312 2319 2374 sancta
2351 2303 2537 2374 Maria.
2591 2304 2659 2357 Et
2686 2303 2844 2374 paulo
2881 2313 2996 2372 post
3022 2321 3040 2358 :
3078 2303 3229 2360 Fecit
3255 2314 3434 2360 tamen
3467 2306 3610 2360 idem

2030 2372 2294 2427 Alboinus
2354 2373 2407 2426 in
2457 2382 2643 2427 sancta
2686 2372 2937 2428 Ecclesia
3003 2390 3110 2428 non
3160 2376 3609 2430 contemnendum

2031 2456 2184 2511 Opus.
2208 2441 2342 2495 Nam
2356 2441 2714 2511 Gregorianas
2733 2444 3006 2498 orationes
3025 2444 3079 2497 in
3094 2443 3271 2499 Libris
3293 2444 3610 2498 Sacramen-

2032 2522 2210 2566 torum
2268 2511 2546 2582 collegisse
2599 2513 2880 2576 asseritur,
2931 2514 3125 2582 paucis
3187 2514 3308 2568 aliis
3361 2513 3608 2579 adjectis,

2031 2596 2168 2649 quas
2208 2589 2388 2635 tamen
2413 2580 2512 2635 sub
2537 2582 2694 2636 obelo
2742 2580 3007 2636 notandas
3036 2597 3157 2637 esse
3195 2581 3470 2637 indicavit.
3509 2583 3612 2636 De-

2031 2651 2156 2704 inde
2184 2651 2317 2706 alias
2340 2653 2614 2706 orationes
2641 2653 2755 2706 sive
2803 2649 3169 2721 prazfationes,
3211 2654 3314 2707 etsi
3341 2667 3446 2706 non
3475 2652 3608 2708 Gre-

2030 2721 2306 2789 gorianas,
2373 2722 2755 2776 ecclesiasticae
2802 2730 2982 2775 tamen
3034 2722 3338 2776 celebritati
3389 2722 3610 2776 idoneas

2029 2789 2263 2861 collegit,
2313 2791 2455 2844 sicut
2503 2791 2755 2859 prologus
2802 2799 3049 2861 testatur,
3104 2807 3263 2861 quem
3317 2800 3441 2861 post
3477 2791 3610 2846 Grc-

2028 2860 2278 2928 gorianas
2303 2861 2575 2914 orationes
2599 2861 2651 2914 in
2669 2861 2846 2913 medio
2870 2859 3109 2926 ejusdem
3123 2859 3282 2914 Libri
3299 2859 3602 2915 collocavit.

2717 2948 2903 3002 XXIII.

2030 3016 2366 3072 Hermannus
2383 3017 2763 3072 Contractusin
2787 3017 3043 3088 Chronico
3070 3019 3139 3073 ad
3169 3037 3293 3074 ann.
3317 3017 3440 3084 799,
3465 3020 3604 3088 apud

2385 3089 2644 3159 Bouquet,
2684 3099 2809 3142 tom.
2877 3086 2936 3152 V,
2966 3106 3086 3160 pag.
3120 3090 3243 3144 569.

2098 3176 2194 3231 llis
2224 3179 2556 3246 temporibus
2606 3179 2900 3248 Alcwinus,
2951 3179 3043 3246 qui
3079 3187 3135 3234 et
3159 3179 3406 3244 Albinus,
3461 3179 3604 3248 apud

1947 3273 1996 3338 ο
2028 3261 2181 3316 rcges
2214 3256 2578 3318 ceterosque,
2639 3248 2742 3302 vita
2771 3256 2826 3301 et
2863 3247 3107 3303 doctrina
3145 3249 3325 3304 clarus
3351 3249 3600 3303 habetur.

2729 3335 2917 3393 XXIV.

2031 3429 2349 3484 Odorannus
2401 3431 2685 3484 monachus
2736 3429 2903 3483 sancti
2964 3427 3107 3483 Petri
3161 3425 3502 3485 VimSenon.
3544 3429 3602 3484 in

2100 3500 2378 3623 Chrméigg,
2410 3504 2549 3571 apud
2577 3500 2662 3554 Du
2691 3498 2888 3554 Chesne
2913 3508 3040 3554 tam.
3073 3497 3136 3552 11
3167 3498 3364 3570 Script.
3393 3497 3594 3554 Franc.

2097 3587 2219 3639 pag.
2365 3609 2378 3622 .

2094 3661 2251 3731 Anno
2279 3661 2384 3715 804
2412 3661 2546 3731 obiit
2572 3660 2841 3731 Alcuinusr
2868 3661 3237 3731 philosophus,
3271 3664 3439 3718 abbas
3476 3679 3603 3717 san-

1924 3727 1933 3736 ’
2026 3730 2098 3784 cti
2130 3729 2366 3784 Martini.
2417 3729 2619 3783 Eadem
2668 3730 2844 3799 quoad
2870 3727 3097 3799 :annuni
3148 3733 3319 3786 obitus
3350 3732 3482 3785 beati
3509 3733 3603 3785 Αι-

2026 3801 2166 3852 cuini
2191 3800 2462 3872 [labentur
2501 3801 2555 3853 in
2582 3797 2831 3872 άὶυέῃᾷξι⁸
2857 3797 3130 3872 ϐζιτοηίεὲε
3171 3801 3312 3872 apud
3365 3801 3602 3872 Bouquet

2026 3880 2152 3923 toni.
2191 3868 2222 3922 γ
2254 3871 2443 3940 strpius
2467 3872 2554 3923 cit.
2583 3886 2704 3940 pag.
2733 3869 2856 3925 386.
2889 3869 2950 3924 C.

2724 3962 2890 4018 XXV.
2937 4021 2942 4026 ,

2027 4051 2255 4107 Sanctus
2286 4051 2443 4106 0dilo
2475 4051 2634 4106 abbas
2664 4050 3024 4108 Cluniacensis
3053 4055 3108 4108 in
3148 4053 3264 4108 Vita
3283 4059 3454 4110 sancti
3484 4055 3604 4111 lla-

2086 4121 2196 4196 joli
2256 4122 2544 4196 decessoris
2595 4123 2679 4175 sui
2733 4131 2860 4175 tom.
2904 4121 2970 4176 II
3012 4122 3146 4176 Maii
3181 4121 3436 4189 Boland.,
3476 4143 3599 4196 pag.

2094 4190 2218 4254 687,
2257 4191 2383 4243 edit.
2421 4189 2592 4243 Venet.

2095 4281 2208 4353 Ego
2232 4297 2362 4336 vero
2410 4281 2628 4336 ultimus
2673 4297 2952 4338 servorum
3003 4285 3146 4340 illius
3201 4287 3447 4341 servulus
3494 4302 3602 4341 non

2029 4352 2276 4428 _alia,_sed
2299 4369 2362 4428 ea
2393 4368 2512 4428 qua;
2536 4353 2635 4428 ipsi
2684 4353 2893 4428 praefati
2943 4364 3070 4428 sunt
3097 4355 3235 4428 stylo
3271 4372 3505 4427 paupere
3531 4374 3597 4412 ac

2025 4422 2358 4478 brevissimis
2387 4423 2827 4506 distinctionibus
2845 4422 3176 4506 capitulatim
3200 4422 3428 4506 quoque.
3443 4429 3602 4506 modo

2027 4510 2189 4564 ausus
2219 4510 2337 4547 sum
2361 4503 2641 4558 annotare,
2664 4504 2898 4564 secutus
2926 4496 3210 4550 Alcuinum
3241 4496 3462 4564 majoris
3491 4497 3593 4551 Ca-

2029 4563 2128 4617 roli
2163 4564 2504 4634 imperatoris
2533 4563 2848 4634 magistrum
2875 4583 2886 4615 :
2926 4566 3004 4618 sic
3029 4575 3083 4618 et
3111 4567 3288 4632 impar
3315 4563 3400 4628 eo,
3428 4581 3598 4634 quan-

342 4627 686 4715 inquii-entes
702 4627 771 4698 si
785 4627 1041 4714 testatus
1056 4627 1112 4700 vi
1124 4627 1344 4714 6636135
1348 4627 1571 4702 asin."
1577 4627 1693 4702 21;;
1699 4627 1922 4703 sistat:

1951 4627 2002 4686 D
2029 4643 2140 4715 tum
2163 4627 2414 4715 peccator
2437 4632 2603 4715 justo,
2626 4627 2969 4712 'illitteratus
2997 4627 3203 4701 perito;
3353 4627 3599 4715 nesciens

343 4713 440 4769 tas
458 4713 710 4784 civitates
730 4724 790 4784 et
814 4730 1003 4770 omnes
1025 4713 1265 4784 justitias
1309 4719 1450 4772 beati
1483 4719 1627 4773 Petri
1659 4720 1923 4773 reddidis-

343 4792 450 4849 set,
482 4781 804 4860 _sicut_l_'al_se
831 4786 884 4838 in
935 4781 1223 4860 Franciam
1274 4789 1556 4860 dirigebat,
1586 4805 1834 4844 asserens
1863 4805 1923 4844 se

342 4854 534 4909 omnia
565 4853 880 4908 reddidisse.
1111 4853 1120 4898 ’-

1062 4925 1180 4982 XXI

347 5013 746 5090 Ilinemgrus‘et
784 5016 967 5086 reliqui
995 5019 1218 5090 episcopi
1252 5035 1363 5072 suae
1387 5022 1666 5089 provincia»:
1691 5022 1745 5074 in
1767 5021 1916 5090 epist.

417 5087 489 5139 ad
522 5086 774 5158 rCarolum
804 5104 971 5158 regem
1005 5086 1181 5158 priori;
1222 5090 1364 5157 operi
1388 5086 1396 5089 ⁷
1417 5099 1601 5158 contra
1643 5086 1918 5158 prwdesti-

418 5157 662 5210 natianos
686 5157 905 5226 prwﬁxa
938 5156 1063 5211 tam.
1095 5156 1123 5210 Ι
1147 5156 1373 5228 Operam
1400 5157 1448 5208 Η
1457 5156 1699 5210 incmari.

418 5246 623 5298 Eorum
670 5248 832 5301 etiam
885 5249 1202 5312 sententias,
1251 5248 1341 5316 qui
1373 5247 1550 5300 divina
1585 5246 1915 5316 dignatione,

343 5325 636 5387 postquam
689 5316 801 5384 ipse
837 5334 1009 5372 canon
1036 5335 1065 5372 a
1099 5321 1258 5372 beato
1312 5316 1528 5371 Gelasio
1581 5319 1920 5386 conscriptus

344 5395 448 5449 est,
493 5398 655 5438 sensu
693 5394 747 5438 et
769 5387 1011 5441 doctrina
1065 5388 1327 5442 catholica
1371 5396 1426 5441 ct
1455 5389 1742 5441 sanctitate
1787 5403 1916 5441 con-

345 5454 670 5510 versationis
717 5455 770 5508 in
821 5457 1058 5512 Ecclesia
1109 5458 1426 5518 ﬂoruerunt,
1457 5467 1510 5510 et
1551 5458 1619 5509 ab
1676 5460 1913 5524 ipsorum

345 5523 787 5596 orthodoxorumr
813 5525 1052 5591 Patrum,
1083 5529 1171 5596 qui
1203 5529 1256 5581 in
1301 5529 1488 5581 eodem
1517 5523 1721 5579 canone
1749 5542 1915 5579 anno-

349 5597 444 5649 tati
475 5604 618 5653 sunt,
653 5593 816 5656 ﬁdeli,
847 5598 970 5663 quia
998 5593 1280 5660 catholica,
1312 5597 1550 5651 doctrina
1583 5596 1713 5648 nihil
1744 5597 1915 5650 disso-

346 5681 498 5728 num,
527 5664 661 5718 nihil
685 5663 956 5718 diversum
1009 5668 1336 5734 scripserunt
1366 5668 1450 5721 vel
1488 5668 1803 5727 docuerunt,
1833 5684 1913 5723 re-

346 5735 592 5789 verentia
615 5734 732 5803 pari
780 5734 1188 5804 amplectimur;
1224 5739 1386 5791 veluti
1415 5737 1734 5790 venerabilis
1762 5737 1915 5789 Beda:

347 5805 670 5875 presbyteri,
699 5814 829 5867 etc.,
860 5820 922 5859 ac
945 5806 1261 5858 veneranda:
1290 5810 1560 5861 meritoria:
1587 5807 1789 5859 Paulini
1821 5823 1914 5875 pa-

347 5874 597 5928 triarcha}
642 5875 996 5942 Aquileiensis
1042 5876 1308 5942 parm'hia'
1351 5889 1510 5944 atque
1563 5878 1768 5930 ,Ἡριιὶῃῆ
1816 5874 1914 5929 viri

2031 4701 2434 4774 facundissime.
2474 4701 2587 4774 lllc_
2617 4702 2811 4774 summi
2844 4711 2898 4756 et
2926 4702 3360 4774 incomparabilis
3414 4706 3513 4758 viri
3541 4713 3599 4760 et

2029 4771 2356 4825 sanctissimi
2404 4772 2699 4826 sacerdotis
2745 4771 2956 4827 Martini
2988 4771 3162 4829 Vitam
3192 4789 3220 4826 a
3256 4775 3455 4829 Severo
3479 4774 3599 4828 Sul-

2027 4842 2162 4914 pitio
2191 4842 2478 4914 altissimo
2531 4843 2668 4912 stylo
2698 4844 3022 4912 descriptam
3064 4845 3224 4899 dictis
3267 4845 3600 4914 plenioribus

2024 4912 2369 4976 elucidatam,
2400 4914 2467 4967 ad
2494 4922 2731 4967 nostram
2761 4923 3176 4982 nostrorumque
3213 4912 3466 4969 siinilium
3502 4915 3595 4967 de-

2027 4983 2247 5036 stinavit
2291 4984 2555 5036 notitiam.
2599 4984 2748 5036 Sicut
2776 4998 2932 5038 nemo
2958 4994 3079 5052 post
3103 4983 3372 5052 apostolos
3397 4983 3595 5036 beatis-

2027 5055 2164 5106 simo
2193 5062 2437 5120 mquatur
2463 5053 2710 5115 Martino,
2741 5053 2812 5104 ita
2841 5062 2895 5105 et
2933 5069 3032 5122 ego
3060 5055 3284 5108 multum
3309 5070 3394 5109 mc
3423 5055 3592 5120 impa-

2023 5137 2136 5175 rem
2164 5125 2421 5191 prolitcor
2444 5122 2686 5176 Alcuino.
3217 5161 3221 5166 .

2714 5199 2900 5254 XXVI.

2024 5290 2108 5344 Ea:
2149 5291 2463 5361 Nccrologio
2491 5307 2589 5344 ms.
2641 5291 2859 5359 capituli
2895 5292 3282 5361 metropolitani
3324 5290 3590 5345 Salisbur-

2272 5363 2441 5441 gensis
2474 5361 2664 5429 scripto
2695 5361 2835 5415 circa
2888 5362 3046 5430 ﬁnem
3102 5377 3224 5415 sate.
3265 5378 3341 5416 ιι.

2095 5472 2146 5508 ix
2178 5455 2292 5508 Kal.
2329 5453 2484 5507 Febr.
2516 5453 2647 5506 Arn.
2699 5454 3135 5521 archiepiscopus
3159 5455 3309 5513 obiit.
3339 5454 3589 5509 duodeci-

2023 5542 2142 5578 mus
2170 5543 2198 5578 a
2230 5534 2412 5594 sancto
2439 5522 2696 5594 Ruperto,
2727 5525 2932 5591 primus
2952 5526 3403 5594 archiepiscopus,
3429 5525 3590 5577 decor

2021 5605 2074 5647 et
2098 5595 2267 5647 honor
2312 5593 2468 5662 hujus
2511 5593 2794 5646 ecclesiae:
2833 5594 2923 5662 qui
2962 5595 3104 5648 inter
3138 5593 3251 5648 alia
3296 5593 3588 5647 innumera

2021 5674 2074 5718 et
2104 5660 2390 5716 laudabilia
2419 5660 2590 5730 Opera
2634 5663 2751 5731 plus
2799 5660 2960 5732 quam
3010 5665 3108 5718 150
3134 5665 3400 5718 volumina
3430 5665 3592 5729 jussit

2025 5735 2112 5788 hic
2141 5733 2431 5795 conscribi,
2463 5734 2616 5802 cujus
2657 5735 2829 5788 Vitam
2859 5735 3084 5788 Albinus
3113 5735 3367 5803 magister
3408 5735 3584 5788 Caroli

2019 5821 2116 5874 per
2145 5819 2241 5874 sua
2262 5803 2461 5870 scripta
2485 5805 2735 5873 plurima,
2763 5821 2880 5873 qum
2902 5806 2984 5859 hic
3006 5807 3142 5872 ame
3167 5821 3263 5860 nos
3285 5814 3427 5871 sunt,
3454 5806 3586 5859 mul-

2024 5873 2134 5929 tum
2166 5873 2429 5928 collaudat
2458 5885 2509 5929 et
2539 5875 2762 5930 extollit.
