4232 6414
672 429 766 482 151

1750 429 1835 482 DE
1874 429 1932 482 B.
1976 428 2035 482 F.
2078 427 2328 484 ALBINO
2368 428 2499 486 εει]
2538 430 2836 487 ALCUINO

3830 436 3927 486 I31!

673 543 876 620 nensis,
930 542 1143 620 natione
1170 539 1445 620 Anglicus,
1476 539 1630 592 Beda:
1679 539 1980 620 presbyteri
2008 538 2242 620 auditor,
2272 546 2319 604 Α
2347 541 2688 620 doctuserit.
2759 540 2872 620 gos
2915 541 3127 620 interea
3175 541 3526 620 indicabimus
3573 557 3712 620 quos
3750 543 3927 620 lilii-os

676 613 761 665 vir
791 612 844 664 in
868 611 1014 664 omni
1039 609 1386 663 scientiarum
1409 623 1603 676 genere
1624 623 1722 662 suo
1749 616 1988 675 tempore
2009 609 2248 662 celebra-

677 682 919 735 tissimus
946 683 1006 734 et‘
1021 679 1198 733 Caroli
1236 678 1408 748 Magni
1434 679 1658 748 Augusti
1687 685 2005 748 prmceptor,
2031 679 2249 748 scripsit

676 752 728 805 in
749 765 936 807 sacras
961 749 1171 802 litteras
1196 745 1537 816 infrascripta
1557 745 1850 800 volumina.

743 820 826 890 Ad
845 818 1108 890 Sigulfum
1133 819 1506 890 presbyteer
1545 816 1877 890 interpolata:
1901 817 2251 883 expositionis

675 906 742 943 ex
772 885 994 944 Patrum
1021 885 1305 942 sententiis
1330 887 1383 939 in
1405 885 1638 940 Genesin
1667 886 1884 939 brevem
1915 897 2248 939 commenta-

675 960 870 1014 riolum
897 973 995 1027 per
1022 956 1495 1027 interrogationem
1517 965 1574 1027 et
1593 955 1993 1027 responsionem
2009 957 2249 1027 rsimplici

674 1039 730 1082 et
752 1023 1005 1082 historica
1035 1023 1706 1093 narrationedispositum:
1735 1023 2113 1092 eujusinitium
2133 1035 2245 1078 est:

674 1098 1019 1152 Dilectissimo
1040 1098 1095 1150 in
1122 1095 1328 1150 Christo
1357 1095 1510 1163 fratri
1541 1093 1816 1163 Sigulpho.
1863 1093 1918 1146 In
1944 1094 2250 1162 quindecim

674 1167 881 1221 cantica
907 1167 1202 1228 Graduum,
1244 1166 1346 1218 hoc
1378 1171 1480 1229 est,
1531 1179 1560 1216 a
1611 1164 1817 1232 psalmo
1861 1163 1960 1216 119
1987 1177 2156 1230 usque
2185 1164 2253 1216 ad

677 1239 781 1291 155
803 1236 1084 1290 moralium
1112 1234 1516 1288 annotationum
1540 1233 1757 1286 brevem
1780 1233 2249 1297 commentarium,

673 1307 764 1376 qui
796 1306 981 1376 incipit
1014 1325 1026 1358 :
1062 1303 1270 1359 Gradus
1291 1303 1530 1376 sunt._In
1562 1311 1768 1376 septem
1812 1301 2046 1370 psalmos
2079 1302 2251 1368 poeni-

676 1372 1027 1451 tentiazjuitta
1053 1390 1268 1428 sensum
1293 1373 1548 1451 moralem
1575 1372 1911 1451 succinctas,_
1928 1381 2146 1451 argutas
2169 1387 2254 1451 _a_e

675 1447 811 1500 mire
837 1440 1200 1514 signiﬁcantes
1219 1444 1619 1514 apuotationes,
1646 1457 1876 1514 quarum
1899 1440 2256 1514 initium_:_Ti—

671 1514 814 1568 tutus
843 1511 1051 1584 pialmi.
1087 1513 1150 1584 In_
1167 1511 1623 1584 Ecclesiasten‘ad
1652 1511 1844 1584 Diniam
1873 1519 1927 1565 et
1956 1511 2256 1584 Candidum

672 1580 867 1638 librum
891 1599 1076 1638 unum.
1134 1582 1190 1635 In
1219 1581 1498 1635 Canticum
1524 1580 1680 1634 Cant.
1714 1580 1907 1634 librum
1938 1595 2123 1633 unum.
2198 1580 2256 1633 In

674 1653 899 1706 Joannis
926 1652 1272 1719 Evangelium
1311 1652 1600 1704 succincta:
1635 1651 1929 1718 lucidchue
1972 1651 2256 1704 brevitatis

679 1723 1186 1775 commentariorum
1237 1721 1402 1774 libros
1452 1730 1678 1788 septem.
1754 1720 1810 1772 In
1869 1735 2056 1773 omnes
2105 1719 2256 1772 Pauli

680 1792 1119 1860 Epistolaslibros
1145 1787 1571 1859 quatuordecim.
1596 1789 1652 1842 In
1676 1789 2031 1858 Apocalypsin
2060 1787 2257 1842 librum

682 1877 866 1914 unum.

748 1929 978 2000 Collegit
999 1929 1162 1982 etiam
1204 1936 1260 2000 et
1289 1928 1340 1981 in
1369 1929 1613 2000 ordinem
1663 1928 1872 2000 redegit
1895 1926 2044 1994 jussu
2076 1925 2253 2000 Caroli

681 2000 852 2069 Magni
882 1997 1440 2068 p'rrestantissimorum
1472 1997 1723 2069 Ecclesia:
1772 1997 2051 2069 doctorum
2076 1997 2256 2069 homi-

678 2066 850 2123 liasin
883 2066 1190 2137 Evangelia,
1225 2081 1344 2137 qua:
1365 2083 1461 2137 per
1498 2067 1620 2120 anni
1659 2069 1918 2121 ambitum
1958 2066 2178 2137 publice
2202 2067 2254 2119 in

680 2139 891 2208 templis
913 2136 1191 2208 leguntur.
1228 2136 1376 2208 sunt
1393 2145 1572 2190 autem
1590 2137 1682 2208 hic
1703 2151 1926 2208 numero
1950 2136 2097 2208 209,_
2113 2137 2258 2208 se_i_li-

681 2204 812 2262 cet':
856 2204 1137 2276 Augustini
1170 2206 1258 2267 48,
1291 2205 1610 2276 Hieronymi
1646 2206 1721 2276 6,_
1742 2204 2011 2276 Ambrosii
2041 2206 2129 2276 10,
2167 2205 2259 2258 Hi-

680 2279 796 2332 larii
827 2279 874 2340 I,
925 2273 1188 2348 Fulgentii
1219 2275 1273 2348 2,
1295 2273 1565 2348 ‘Origenis
1587 2275 1642 2348 il,
1675 2274 1890 2348 .\I_aximi
1913 2274 2261 2348 173βιιςγερ-

680 2344 1261 2470 ligauiidjlusiéveriani
1290 2345 1336 2410 I,
1365 2345 1559 2400 Leonis
1581 2344 1671 2408 21,
1702 2344 1946 2413 Gregorii
1976 2345 2063 2407 59,
2104 2344 2261 2398 Beda:

761 2458 773 2470 .
821 2433 865 2469 SI
905 2433 985 2470 οτι
1037 2456 1050 2469 .
1303 2458 1305 2461 .

723 2419 773 2478 8,
798 2417 985 2470 Isidori
1003 2418 1050 2469 1.
1303 2458 1305 2461 .

756 2487 812 2540 In
829 2487 912 2540 his
933 2496 1133 2549 autem,
1157 2499 1276 2554 qua:
1289 2485 1387 2554 sub
1408 2483 1618 2554 Hilarii,
1634 2483 1924 2554 Ambrosii,
1953 2482 2263 2554 Hieronymi

683 2564 741 2610 et
766 2556 1031 2611 interdum
1059 2553 1214 2609 Bedze
1262 2553 1418 2607 titulo
1449 2553 1836 2616 inscribuntur,
1894 2553 2128 2606 homilia:
2156 2568 2262 2606 non

683 2635 827 2688 sunt,
843 2627 934 2680 sed
954 2634 1209 2680 centones
1231 2624 1665 2693 explanationum
1687 2637 1749 2675 ex
1775 2623 1965 2676 horum
1983 2631 2264 2677 auctorum

681 2696 1086 2750 commentariis
1116 2695 1326 2756 dissuti,
1377 2701 1432 2746 et
1457 2693 1511 2746 in
1554 2694 1655 2746 hoc
1687 2693 1957 2746 volumine
1987 2693 2128 2745 inter
2171 2705 2266 2746 eas

683 2782 805 2836 quas
830 2775 1041 2836 veteres
1069 2771 1196 2836 sunt
1219 2761 1482 2836 ιιοιιιίιὶίῐεζ
1514 2764 1871 2836 annum_e_rati.
1932 2762 2143 2816 Claruit
2164 2763 2265 2816 sub

662 2831 877 2890 Carolo
911 2835 1099 2903 Magno
1127 2833 1262 2902 Aug.
1290 2847 1430 2885 anno
1452 2831 1662 2884 Domini
1698 2831 1820 2883 770'.

1373 2930 1598 2986 XLVIII.

1373 2933 1463 2986 XL
1514 2933 1598 2986 III.

803 3026 1034 3079 Joannes
1062 3023 1324 3076 Lelandus
1361 3022 1435 3075 De
1456 2933 1792 3091 svcriptoribus
1817 3021 2156 3075 Britannicis.

753 3115 870 3181 Quo
894 3109 1132 3183 tempore
1165 3152 1213 3165 ..
1247 3153 1259 3165 .
1293 3112 1522 3166 Eboraci
1550 3110 2023 3233 eiciantissimam,
2062 3112 2114 3164 in
2142 3126 2266 3182 gra-

753 3202 814 3233 lm
839 3184 1187 3233 posteritatis.
1223 3183 1599 3233 bibliothecam
1625 3188 1638 3233 l
1693 3181 1931 3233 cbertusl
1962 3181 2122 3233 homo
2141 3196 2266 3233 nro-

683 3189 815 3240 tiam
839 3181 1187 3253 posteritatis,
1223 3183 1599 3236 bibliothecam
1625 3181 1931 3304 (Echemus?
1962 3181 2122 3235 homo
2141 3181 2266 3249 pro-

683 3254 961 3304 movendis
985 3253 1177 3304 studiis
1204 3251 1362 3304 nlane
1393 3259 1551 3304 natus
1580 3251 1828 3304 instituit.
1933 3259 2056 3304 leue
2094 3253 2261 3304 tantis

683 3251 961 3309 movendis
985 3253 1177 3306 studiis
1204 3251 1362 3320 plane
1393 3259 1551 3304 natus
1580 3251 1828 3304 instituit.
1882 3251 1952 3304 Ut

685 3338 818 3390 suus
840 3331 1020 3376 custos
1038 3319 1259 3390 pervigil
1289 3320 1555 3375 thesauris
1589 3321 1967 3390 nondecsset,
2008 3319 2259 3390 Flaccum

685 3389 940 3447 A’lbinum
969 3389 1242 3446 alumnum
1270 3406 1424 3444 suum
1447 3389 1770 3459 eloquentia,
1820 3389 2137 3451 eruditione,
2168 3389 2260 3457 ju-

687 3465 830 3518 dicio
851 3463 1082 3530 denique
1117 3461 1386 3514 valentem
1434 3461 1582 3529 operi
1608 3459 1847 3529 praefecit
1897 3474 2055 3530 novo.
2114 3459 2264 3512 Idem

663 3551 800 3603 cap.
831 3533 920 3594 87,
963 3529 1230 3603 pangQ,
1277 3530 1529 3603 Albinum
1556 3537 1714 3603 vocat
1757 3531 1908 3603 inter_
1925 3529 2112 3603 doctos
2159 3544 2264 3603 sua

685 3597 846 3656 retate
879 3597 1266 3654 doctissimum.
1301 3598 1449 3651 Idem
1476 3616 1592 3668 cap.
1620 3599 1706 3658 88,
1733 3615 1854 3668 pag.
1889 3598 1984 3650 121
2019 3637 2034 3650 .
2061 3638 2073 3650 .
2104 3636 2120 3650 .
2149 3597 2266 3654 Oﬂ‘a

689 3671 1007 3725 Merciorum
1040 3669 1289 3738 princeps
1315 3668 1718 3738 potentissimus
1768 3683 1873 3721 una
1907 3682 2028 3720 cum
2057 3669 2268 3738 caeteris

689 3741 893 3809 Anglia:
929 3735 1726 3809 regulishabebatjustissimas
1777 3751 1970 3809 causas
2019 3737 2267 3791 mittendi

671 3805 933 3877 .ora'torcs
959 3805 1025 3861 ad
1049 3807 1299 3862 Carolum
1328 3807 1595 3877 Magnum.
1628 3805 1897 3871 Quaerenti
1925 3815 2102 3860 autem
2133 3822 2269 3877 quos

687 3879 1023 3948 potissimum
1068 3877 1325 3948 mitteret,
1356 3877 1605 3948 Albinus
1655 3877 2063 3948 occurritinter
2111 3877 2265 3948 alios,

687 3944 855 4018 quem
874 3957 979 4018 tam
1010 3947 1326 4001 necessaria:
1348 3945 1587 4018 juxtagac
1606 3945 1732 4018 utili
1753 3944 2004 4018 legationi
2032 3945 2270 4013 praelice-

671 4012 792 4086 ret.
847 4017 946 4070 Hic
969 4017 1148 4086 itaque
1174 4031 1277 4086 una
1300 4030 1422 4086 cum
1455 4015 1575 4068 aliis
1600 4023 1654 4067 et
1701 4012 2269 4086 doctissimiset‘pru-

691 4085 1021 4140 deiitissimis
1051 4082 1179 4138 viris
1207 4085 1258 4137 in
1289 4084 1514 4138 Galliam
1545 4082 1930 4146 transfretavit,
1970 4082 2270 4151 Caroliiqne

692 4156 883 4225 Magno
911 4153 1577 4225 principumAAnglieorum
1600 4168 1794 4207 causas
1820 4169 2009 4225 magna
2031 4153 2268 4225 dexteri-

691 4222 820 4290 tate,
845 4223 1030 4291 majori
1047 4222 1312 4285 facundia,
1330 4222 1561 4276 maxima
1588 4239 1714 4276 vero
1730 4223 2009 4291 prudentia
2029 4224 2267 4291 aperuit:

692 4309 862 4364 usque
886 4291 1017 4348 adeo
1043 4291 1339 4364 utCarolus
1359 4293 1675 4364 delectatus,
1707 4307 1868 4359 supra
1895 4308 2054 4364 quam
2079 4293 2272 4359 cuique

692 4360 951 4420 credibile
975 4371 1077 4426 est,
1131 4362 1364 4416 hominis
1409 4361 1713 4430 eloquentia
1739 4369 1792 4413 et
1831 4360 2112 4430 sapientia,
2159 4369 2272 4414 tum

693 4434 859 4488 etiam
890 4447 1100 4486 morum
1129 4431 1390 4484 suavitate
1418 4428 1564 4484 illum
1593 4432 1644 4484 in
1682 4428 1872 4493 Gallia,
1899 4428 2085 4484 forsan
2107 4431 2272 4484 etiam

697 4499 1092 4579 apuuenthl'fa
1120 4500 1576 4579 regeg‘propositi’s
1600 4500 1991 4579 honestissimis
2013 4501 2276 4579 conditio-

2349 610 2733 733 ediderithteste
2759 610 2963 664 Donato
3012 609 3182 672 Gallo,
3228 611 3446 665 minime
3476 609 3736 666 mendacc
3760 614 3927 668 histo-

2352 695 2568 733 noarao
2607 696 2660 733 ο.

2352 695 2660 747 riograpno.

2422 751 2497 802 De
2523 747 2786 802 Trinitate
2830 748 2925 802 lib.
2973 750 3026 803 5.
3058 748 3280 802 Domino
3327 747 3567 804 Glorioso
3609 749 3820 804 Carolo.
3873 753 3926 806 In

2350 819 2584 877 Genesin
2612 819 2704 871 lib.
2741 819 2790 870 1.
2825 817 3098 882 Quomodo
3137 818 3386 870 convenit.
3418 818 3474 872 In
3495 818 3715 874 Cantica
3742 821 3928 875 Canti-

2353 903 2540 944 corum
2585 887 2678 940 lib.
2714 887 2765 940 1.
2796 887 2852 940 1η
2884 888 3242 942 Ecclesiasten
3282 886 3373 940 lib.
3404 887 3457 942 1.
3494 887 3549 940 In
3579 887 3927 945 Evangelium

2350 959 2571 1012 Joannis
2600 957 2692 1010 lib.
2723 957 2775 1009 7.
2807 957 2862 1010 In
2893 957 3185 1026 Epistolam
3217 956 3291 1026 ad,
3309 954 3560 1011 Hebraeos
3604 957 3696 1012 lib.
3726 954 3775 1011 1.
3809 961 3932 1014 Dia-

2351 1029 2594 1097 logorum
2625 1025 3013 1097 ad_di$cipulos
3042 1026 3135 1097 lib.
3170 1029 3220 1078 1.
3270 1025 3344 1078 De
3369 1028 3575 1080 ratione
3617 1028 3814 1083 anima:
3863 1032 3930 1082 ad

2353 1094 2636 1151 Eulaliam.
2683 1094 3038 1148 Charissimw.
3085 1095 3482 1149 Sententiarum
3521 1097 3641 1150 libr.
3676 1097 3725 1150 1.
3758 1099 3930 1152 Moses

2352 1183 2444 1236 per
2468 1164 2844 1236 reuelationem.
2878 1164 3060 1236 Vitam
3080 1163 3494 1236 sanctiAVedasti
3529 1167 3925 1222 Atrebatensis.

2353 1232 2662 1289 Carminum
2689 1233 2756 1286 ad
2784 1233 3023 1289 diversos
3049 1234 3142 1288 lib.
3178 1235 3228 1287 1.
3256 1232 3398 1303 Inter
3421 1250 3538 1303 qua:
3557 1245 3736 1289 esstat
3768 1254 3932 1290 unum

2355 1307 2420 1358 de
2449 1313 2653 1372 septem
2691 1303 2949 1365 scientiis,
2990 1303 3183 1372 quibus
3209 1311 3264 1358 et
3290 1302 3390 1357 hos
3411 1302 3559 1358 addit
3591 1303 3930 1361 Trithemius.

2366 1372 2493 1426 Vide
2519 1388 2676 1441 supra
2702 1388 2845 1424 num.
2874 1373 2962 1427 15.

2427 1441 2535 1513 Nos
2570 1442 3084 1513 prietereavidimus
3109 1456 3149 1513 εΔ
3178 1441 3252 1494 De
3278 1441 3588 1498 sdoratione
3613 1443 3931 1513 imaginum.

2356 1511 2432 1565 De
2452 1509 2772 1580 Genealogia
2785 1510 3006 1565 Christi.
3039 1509 3482 1566 DeAstronomia.
3515 1513 3587 1566 De
3614 1509 3930 1569 Dial't'ctica.

2357 1581 2432 1635 De
2459 1581 2781 1645 Rhetorica;
2810 1581 2913 1634 nisi
2937 1582 3057 1648 quis
3090 1591 3240 1648 putet
3272 1581 3369 1634 hos
3405 1582 3612 1637 libellos
3655 1583 3800 1638 inter
3823 1586 3936 1638 dia—

2360 1652 2508 1720 logos
2531 1649 2912 1720 numerandos.
2965 1651 3041 1705 De
3077 1649 3488 1720 Orthogt‘apliia.
3529 1651 3604 1706 De
3640 1655 3936 1709 anriculari

2358 1719 2706 1791 Cenfessione
2736 1719 2996 1791 libellum,
3047 1721 3138 1790 qui
3184 1722 3238 1774 in
3260 1719 3493 1791 Librum
3522 1719 3638 1790 ejus
3665 1722 3909 1791 Epistula

2359 1804 2478 1842 rum
2511 1789 2743 1857 irrepsit.
2779 1788 3113 1858 orationum,
3157 1805 3288 1858 quas
3316 1788 3562 1846 Missales'
3583 1788 3780 1845 vocant
3809 1791 3932 1846 libr.

2362 1859 2413 1910 I.
2442 1858 2518 1911 De
2544 1859 2794 1912 Sacrario
2837 1857 2933 1912 Dei
2961 1871 2987 1899 ι
3013 1873 3028 1910 :
3058 1859 3147 1928 qui
3176 1857 3312 1912 liber
3337 1867 3514 1913 tamen
3541 1859 3678 1914 falso
3703 1863 3934 1916 ascribi-

2359 1937 2446 1981 tur
2475 1928 2686 1982 Albino.
2739 1929 2915 1982 Vitam
2963 1928 3070 1981 divi
3123 1928 3355 1982 Martini.
3414 1928 3766 1983 Homiliarum
3807 1931 3933 1985 libr.

2360 1999 2411 2050 1.
2447 1996 2908 2068 DogmatakAlbini
2937 1997 3002 2051 ad
3030 1996 3278 2054 Carolum
3315 1998 3439 2068 imp.
3482 1997 3791 2068 Orationem
3830 2001 3936 2056 Do-

2359 2065 2644 2131 minicam,
2693 2065 3008 2137 Symbolum
3052 2065 3433 2137 apostolorum,
3482 2067 3760 2122 Canticum
3809 2070 3938 2124 Am-

2360 2138 2526 2208 brosii
2567 2135 2826 2208 carmine.
2870 2135 2946 2190 De
2966 2135 3353 2208 octo'partibus
3393 2137 3669 2208 orationis,
3701 2154 3799 2208 per
3823 2140 3936 2192 dia-

2362 2205 2558 2275 logum,
2593 2205 3064 2275 interlocutoribus
3089 2205 3364 2260 Francone
3391 2213 3446 2260 et
3471 2205 3713 2262 Saxone;
3735 2207 3934 2264 Hacte-

2362 2273 2464 2329 nus
2494 2276 2558 2328 de
2584 2275 2735 2328 libris
2762 2273 2831 2328 ab
2853 2289 2920 2328 eo
2943 2275 3121 2328 editis.
3212 2302 3217 2306 -

2436 2344 2583 2418 fdem
2628 2343 2888 2418 Lelandus
2917 2343 2954 2396 Ι.
2984 2346 3072 2398 cit.
3104 2361 3216 2414 cap.
3253 2345 3370 2408 I00,
3416 2346 3470 2398 in
3499 2343 3735 2399 Candido
3759 2387 3772 2410 ,
3815 2366 3934 2418 pag.

2365 2413 2487 2476 155,
2521 2415 2595 2467 ita
2621 2413 2797 2466 scribit
2829 2430 2846 2466 :

2435 2482 2604 2549 Ilujus
2653 2482 2968 2551 (Higebaldi
2999 2481 3256 2551 episcopi)
3301 2497 3428 2536 cura
3471 2481 3686 2536 tandem
3734 2483 3938 2540 factum

2364 2561 2446 2606 est
2479 2562 2534 2606 ut
2564 2549 2833 2622 Candidus
2860 2551 2912 2604 in
2941 2549 3554 2622 Galliam‘cmnmigrans
3595 2568 3652 2606 se
3691 2555 3758 2607 ad
3787 2554 3941 2609 Flac-

2365 2637 2488 2676 cum
2524 2621 2798 2685 Albinum,
2847 2631 3098 2689 tanquam
3125 2622 3188 2674 ad
3212 2621 3500 2675 torrentem
3546 2622 3846 2676 litterarum
3876 2641 3942 2679 eo

2364 2695 2562 2746 steculo
2592 2689 3098 2758 profluentissimum
3128 2690 3415 2746 conferret.
3445 2731 3458 2742 .
3483 2729 3496 2742 .
3527 2729 3540 2742 .
3573 2731 3586 2744 .
3641 2691 3755 2747 IIoc
3793 2693 3941 2749 lucu-

2366 2762 2510 2816 lente
2556 2760 2683 2813 mihi
2745 2768 2993 2824 constat,
3050 2761 3190 2827 quod
3238 2760 3462 2814 Albinus
3512 2761 3943 2819 Commentarios

2365 2829 2625 2899 quosdam
2669 2829 2910 2899 Candide
2953 2829 3263 2899 presbytero
3308 2838 3360 2881 et
3405 2829 3761 2894 Nathanaeli,
3809 2834 3942 2886 alias

2366 2898 2592 2954 Naitano
2615 2899 2842 2954 diacono
2866 2898 3209 2952 dedicavu-it.
3238 2898 3410 2966 Atque
3429 2899 3561 2952 adeo
3583 2900 3840 2954 cre'dibile
3861 2915 3946 2956 est

2365 2969 2749 3024 Nathanaelem
2776 2968 3260 3039 Lindisfarnensem
3286 2968 3446 3023 fuisse
3473 2967 3794 3022 familiarem
3823 2974 3942 3039 qui-

2366 3042 2486 3094 dem
2519 3039 2805 3102 aliquando
2841 3037 3053 3100 Albino,
3103 3047 3158 3092 et
3193 3039 3575 3091 consuetudine
3616 3037 3946 3106 conjunctis-

2367 3110 2562 3161 simum
2589 3106 2848 3178 Candido.
2896 3108 2970 3160 De
2996 3107 3148 3162 libris
3189 3111 3360 3160 fructu
3407 3110 3685 3178 utriusque
3706 3109 3948 3178 scriptis

2368 3178 2560 3247 frigida
2588 3186 2643 3232 et
2669 3175 2853 3247 jejuna
2896 3185 2998 3247 est,
3041 3191 3159 3247 quae
3186 3184 3376 3247 restat,
3413 3175 3672 3247 cognitio.
3705 3175 3949 3233 Pessime

1953 3225 2261 3318 (Itié"ia'i{tis
2291 3225 2337 3289 C
2367 3225 2642 3318 ὲίἱέίῐᾶηἷέ
2669 3225 2879 3316 aaut,
2900 3225 3376 3300 ’ῐῖηῶξίᾇὴῐὲόέἷὲ
3413 3225 3947 3318 amisissem};

2363 3316 2718 3388 pulatoribus.

3071 3407 3254 3462 XLIX.

2365 3500 2596 3554 Joannes
2642 3497 2852 3552 Balteus
2894 3497 3464 3579 Anglus.Scriptorum
3506 3496 3713 3550 Britan.
3773 3509 3951 3550 centu-

2567 3603 2573 3610 -
3070 3585 3153 3620 νεα
3193 3583 3253 3620 II.

2439 3670 2663 3724 Flaccus
2689 3668 2933 3733 Albinus,
2981 3669 3073 3736 qui
3097 3676 3153 3722 et
3186 3669 3444 3723 Alcuinus
3472 3670 3731 3739 diaconus
3753 3685 3952 3739 cogno-

2370 3739 2695 3801 minabatur,
2736 3754 2765 3792 a
2793 3739 3066 3793 nonnullis
3095 3739 3449 3804 scriptoribus
3476 3738 3842 3794 Eboracensis
3856 3755 3953 3806 pu-

2372 3819 2546 3872 tatur,
2596 3807 2664 3861 ab
2710 3809 2832 3862 aliis
2879 3823 3006 3862 vero
3035 3807 3275 3861 Londino
3321 3824 3424 3861 non
3454 3809 3636 3877 procul
3689 3809 3953 3862 orinn-lus

2372 3879 2588 3932 fertur.-
2621 3877 2718 3932 Hic
2772 3879 2928 3931 Beda:
2974 3877 3241 3944 primum,
3295 3877 3510 3946 Egberti
3563 3878 3953 3947 archiepiscopi

2370 3955 2556 4017 postea
2587 3948 3107 4017 obsequentissimus
3143 3947 3269 4017 olim
3306 3947 3594 4017 discipulus
3617 3988 3632 4012 ,
3680 3947 3955 4013 theologo-

2373 4015 2492 4070 rum
2518 4032 2628 4070 sua:
2651 4017 2844 4086 :etatis,
2891 4016 2998 4069 imo
3022 4016 3260 4086 omnium
3288 4015 3576 4086 Anglorum
3604 4024 3728 4086 post
3755 4017 3953 4069 Bedam

2370 4095 2424 4140 et
2445 4085 2507 4138 Al
2533 4086 2781 4138 llielmum
2807 4084 2960 4154 longe
2990 4084 3742 4154 ernvlitissimus'credebatur,
3772 4086 3865 4149 ita,
3896 4093 3957 4138 ut

2373 4165 2518 4210 esset
2544 4154 2721 4208 Caroli
2766 4154 2939 4224 Magni
2965 4163 3280 4224 praeceptor,
3308 4164 3362 4208 et
3391 4153 3715 4208 Parisiorum
3743 4153 3954 4208 Acade-

2374 4226 2496 4279 mia:
2550 4225 2828 4279 institutor
2860 4223 3107 4293 primus.
3144 4223 3438 4294 ’Gymuasii
3493 4223 3957 4294 Cantabrigiensis

2375 4295 2593 4348 annales
2629 4295 2824 4348 habent
2845 4333 2859 4356 ,
2900 4296 3042 4360 quod
3067 4309 3254 4347 omnes
3285 4293 3390 4347 illic
3417 4293 3657 4346 liberales
3683 4301 3829 4360 artes
3858 4307 3957 4360 pu-

2377 4364 2514 4416 blice
2546 4372 2666 4431 post
2678 4353 2874 4416 Bedam
2903 4353 3166 4425 docuerit,
3194 4362 3398 4424 Latine,
3423 4361 3608 4431 Graece
3629 4369 3682 4415 et
3695 4353 3956 4416 Hebraice

2416 4430 2603 4486 eri'tu’s.
2655 4434 2720 4486 Et
2747 4434 2888 4500 quod
2937 4433 3154 4486 tandem
3180 4431 3403 4486 Eboraci
3434 4431 3532 4484 sub
3562 4430 3792 4500 Egberto
3820 4445 3957 4498 pra:-

2399 4504 2588 4571 egerit,
2633 4499 3070 4570 philosophorum
3099 4502 3196 4571 sui
3243 4500 3508 4571 temporis
3548 4499 3951 4571 antesignanus.

694 4573 854 4625 nibus
878 4541 1370 4648 retinuerithi'at
1389 4541 1509 4648 ipse
1537 4568 1761 4648 Carolus
1805 4569 2269 4648 optimqingenio,
2306 4590 2352 4648 υ
2376 4541 2459 4624 ΑΒ
2504 4541 3046 4648 ράαγροιριιῧεεξῐηρ
3092 4541 3407 4648 ψει-(3101·υῇ
3453 4585 3576 4648 rege
3608 4569 3675 4622 ad
3705 4541 3957 4648 Carolum

693 4651 750 4696 et
775 4656 878 4695 non
914 4655 939 4692 a
970 4638 1164 4708 litteris
1190 4635 1524 4690 abhorrenti.
1573 4635 1751 4708 Quare
1791 4635 1913 4690 cum
1946 4635 2140 4692 Albino
2163 4639 2273 4708 egit

695 4709 888 4778 quibus
913 4709 1087 4778 modis
1110 4707 1344 4761 Francos
1370 4707 1736 4778 suoseruditis
1757 4708 1962 4778 artibus
1981 4707 2270 4778 excoleret.

694 4776 813 4833 Non
850 4779 940 4848 hic
977 4776 1150 4848 defuit
1181 4791 1368 4848 sanum
1395 4776 1574 4848 Albini
1592 4777 1910 4848 consilium,
1944 4777 2047 4848 qui
2080 4777 2273 4848 ipsum

736 4847 959 4929 rincipio
980 4846 1228 4929 Carolum
1245 4846 1442 4929 insigni
1464 4846 2014 4929 quadamdiligentia,
2028 4847 2187 4929 editis
2209 4847 2274 4929 ad

738 4932 803 4971 oc
815 4913 1307 4984 aliquotquiadhuc
1328 4913 2023 4984 exstantlibellisinSti-uxit
2049 4932 2061 4966 :
2084 4915 2274 4984 deinde

698 4982 927 5066 publicis
954 4982 1386 5066 przeleetiopibus
1411 4982 1745 5066 nobilitatem
1774 4983 2093 5066 Francicam
2116 4983 2276 5038 Lute-

701 5053 828 5110 tiam
855 5053 1182 5109 Parisiorum
1208 5053 1404 5117 illexit;
1433 5061 1762 5121 postremum
1785 5054 2056 5122 etplebem
2081 5053 2272 5122 ipsam,

700 5134 759 5179 ut
798 5124 1023 5193 quisque
1037 5131 1166 5193 erat
1192 5124 1447 5192 praeclaro
1494 5123 1726 5193 ingenio,
1780 5123 1846 5176 ad
1869 5124 2070 5191 optima
2099 5123 2274 5176 studia

701 5191 962 5248 incitavit.
1031 5191 1180 5245 Unde
1198 5191 1354 5246 brevi
1400 5191 1842 5247 scholasticorum
1876 5207 2132 5246 numerus
2158 5206 2274 5244 ma-

737 5279 837 5317 nus
863 5261 1125 5315 Lutetiam
1162 5260 1435 5316 conﬂuxit.
1494 5262 1667 5330 Atque
1697 5263 1812 5315 haec
1842 5259 1944 5313 fuit
1971 5261 2276 5330 Academiae

747 5332 1030 5385 arisiorum
1054 5330 1224 5409 origo,
1255 5329 1840 5409 quampostr‘qubipo
1855 5331 2095 5409 debent;
2121 5329 2275 5409 Quod

703 5401 750 5455 si
770 5415 920 5470 nunc
947 5416 1104 5470 quem
1125 5398 1300 5468 juvat,
1350 5400 1479 5470 quid
1505 5400 1826 5470 ampliusin
1851 5398 2021 5453 Gallia
2069 5398 2274 5470 fecerit,

703 5469 865 5535 scire,
903 5468 1137 5541 perlegat
1165 5471 1362 5524 librum
1399 5468 1516 5538 ejus
1560 5468 1946 5544 Epistolarum,
1983 5477 2036 5522 et
2067 5469 2279 5523 abunde

775 5615 801 5673 ξι
829 5602 988 5673 Forte
1012 5619 1025 5654 τ
1057 5603 1134 5656 De
1169 5605 1355 5658 divinis
1381 5605 1578 5673 oﬂiciis.

784 5670 811 5709 δ
835 5671 1080 5726 Praefatio
1117 5675 1230 5728 haec
1259 5670 1473 5740 praedia
1516 5681 1600 5726 est
1637 5673 1854 5727 editioni
1900 5671 2283 5726 Commentarii

704 5743 755 5796 in
789 5743 1146 5796 Ecclesiasten
1176 5743 1412 5805 Basileai,
1445 5743 1600 5796 1551.
1644 5741 1783 5795 Idem
1808 5744 1872 5797 de
1897 5742 2123 5795 Alcuinu
2143 5741 2286 5810 judi-

704 5813 848 5864 cium
901 5813 1018 5865 tulit
1069 5812 1335 5865 Adrianus
1388 5812 1792 5881 Erntspergius
1842 5813 1894 5865 in
1949 5811 2170 5880 cpistola
2219 5811 2286 5864 aJ

2375 4636 2689 4708 pnedictuni
2721 4654 2818 4707 pro
2840 4641 2989 4712 pacis
3007 4639 3086 4712 fre
3099 4640 3207 4692 lere
3233 4636 3619 4712 confirmando,
3651 4646 3815 4712 atque
3836 4639 3959 4712 aliis

2378 4707 2663 4790 regnorum
2695 4707 2923 4790 negqtiis
2950 4707 3146 4790 missus
3171 4726 3183 4762 :
3213 4715 3490 4790 perspecta
3517 4707 3632 4776 ejus
3652 4709 3956 4790 eruditione

2376 4777 2510 4849 pene
2538 4777 2926 4833 incredibilitit
2965 4793 3053 4849 ex,
3080 4777 3252 4846 legato
3295 4777 3506 4849 hospes,
3555 4786 3609 4830 et
3637 4790 3703 4828 ex
3750 4777 3960 4849 hospite

2376 4845 2592 4903 demum
2622 4849 2881 4917 magister
2905 4845 3226 4917 deliciosus:
3275 4861 3379 4917 non
3408 4845 3582 4917 aliter,
3625 4860 3788 4917 quam
3811 4845 3957 4917 apud

2379 4913 2738 4997 Athenienses
2759 4915 2921 4970 fuerit
2939 4917 3064 4997 olim
3079 4915 3323 4997 Gorgias.
3349 4913 3958 4997 Qein‘ceps‘igitnnillum

2378 4988 2758 5040 instructorem
2789 5001 2900 5055 prae
2921 4985 3039 5038 aliis
3065 4983 3318 5040 omnibus
3344 4983 3567 5040 Carolus
3589 4983 3769 5055 Caesar
3789 4985 3958 5039 hahe-

2378 5055 2469 5108 bat
2496 5057 2548 5109 in
2585 5054 2885 5117 rhetoricis,
2919 5055 3235 5118 dialecticis,
3286 5054 3676 5108 mathematicis
3717 5067 3782 5107 ac
3809 5056 3956 5109 theo-

2381 5125 2601 5194 logicis;
2629 5126 2721 5192 qui
2752 5133 2806 5178 et
2845 5123 3004 5178 simul
3046 5124 3392 5194 computandi
3420 5132 3593 5194 artem
3621 5131 3785 5194 atque
3815 5123 3956 5176 sidc-

2382 5189 2499 5246 ruin
2545 5189 2735 5249 curéus
2781 5194 2960 5247 varios
3002 5195 3105 5247 sub
3130 5189 3196 5247 eo
3237 5192 3452 5260 eopiose
3489 5189 3710 5245 didicitj
3743 5189 3818 5244 De
3853 5206 3956 5258 quo

2383 5263 2628 5316 Bebelius
2667 5264 2718 5317 in
2755 5263 2984 5332 quadam
3024 5261 3386 5332 praefationeb
3416 5260 3518 5314 hoc
3551 5261 3776 5332 scribit:
3819 5280 3836 5309 ι
3867 5260 3957 5312 Al-

2380 5332 2558 5394 binus,
2592 5329 2787 5402 iuquit,
2817 5341 3005 5402 auctor
3026 5329 3228 5402 ubique
3252 5331 3393 5399 pius.
3420 5329 3743 5402 succinctus,
3786 5337 3957 5402 matu-

2383 5417 2495 5458 rus.
2542 5397 2758 5468 gravis,
2809 5401 3034 5454 scientia
3083 5397 3308 5469 plenus,
3345 5407 3401 5454 et
3439 5405 3564 5469 ante
3594 5399 3793 5469 multos
3825 5397 3957 5469 alios

2383 5465 2653 5540 praecipue
2678 5472 2892 5540 dignus,
2936 5470 3028 5538 qui
3071 5465 3127 5523 in
3169 5469 3416 5523 manibus
3462 5467 3737 5522 hominum
3763 5465 3958 5522 habea-

2387 5600 2676 5680 Georgium
2713 5600 2978 5680 baronem
3006 5598 3076 5653 de
3112 5596 3423 5680 Graveneck
3450 5596 3696 5680 abbatem
3910 5595 3952 5649 I.

2389 5665 2687 5741 principem
2707 5665 3712 5749 Campidonensem.pizazlisa‘libroibe.

2557 5735 2684 5799 usu,
2719 5735 2882 5862 gracili)
2910 5739 2958 5791 is
3001 5736 3222 5861 precandi
3270 5737 3394 5821 fecit
3431 5735 3664 5792 Colonia:
3696 5735 3822 5791 ιδῃ
3867 5748 3956 5802 per

2397 5842 2410 5862 ι
2448 5827 2478 5862 a
2503 5824 2692 5863 crnum
2800 5822 3002 5862 omum
3035 5823 3114 5860 m-
3153 5823 3192 5859 ο.
