4232 6426
735 507 837 564 159

1585 505 1645 557 Β.
1686 504 1747 558 F.
1788 505 2010 559 ALBINI
2049 505 2180 561 SEU
2212 507 2485 564 ALCUINI
2523 504 2802 560 OPERUM
2841 501 3016 558 PARS
3056 500 3093 556 Ι.

3888 499 3982 553 NO

737 637 758 669 ί
800 630 937 687 quas
967 617 1272 687 vulgaverat
1291 595 1577 687 Chesnius,
1604 615 1671 668 ab
1700 615 1766 669 iis
1797 631 1916 684 qua:
1944 615 2180 669 nondum
2215 625 2297 687 ty-
2323 619 2370 674 Δ
2403 635 2421 667 ι
2462 616 2783 670 eruditionis
2812 623 3068 687 apparatu
3093 613 3354 687 edendam
3376 610 3514 687 hanc
3543 626 3716 666 meam
3745 612 3982 687 qualem-

740 706 756 736 ι
801 683 882 753 pis
909 683 1172 738 mandata:
1197 683 1410 753 fuerant
1435 700 1449 735 ε
1472 683 1613 737 unde
1641 698 1745 736 non
1773 683 1996 747 temere,
2023 693 2083 738 ut
2110 683 2292 745 credo,

737 775 754 806 ‹
800 751 1162 820 conjecturam
1186 751 1466 813 faciebam,
1497 753 1892 806 Armacbanum
1923 753 2202 820 praesulem
2230 753 2296 808 de

734 843 752 876 ‹
802 823 866 878 iis
897 832 1029 879 tunc
1059 822 1207 890 prelo
1237 821 1632 876 committendis
1656 823 1936 889 cogitasse.

801 910 820 944 ι
868 891 932 946 Et
965 901 1113 945 certe
1134 931 1149 954 ,
1180 906 1280 945 nec
1313 891 1430 944 luce
1465 891 1694 958 publica,
1731 906 1828 944 nec
1857 891 1989 944 tanti
2013 891 2115 946 viri
2152 892 2297 945 curis

735 980 749 1010 ι
786 962 999 1032 indigna
1030 961 1312 1032 videbatur
1340 961 1456 1014 haec
1479 958 1711 1032 Alcuini‘
1741 960 2087 1029 epistularum
2135 960 2296 1032 colleg

732 1049 751 1080 α
795 1029 934 1094 οιίοξ
993 1029 1135 1097 quod
1186 1029 1426 1098 profecto
1472 1029 1740 1098 constabit
1785 1034 1926 1082 inter
1970 1044 2160 1082 omnes
2204 1030 2295 1097 qui

733 1121 748 1149 ι
795 1114 916 1154 eam
961 1097 1275 1152 evolveri’nt.
1330 1097 1409 1150 Ει
1438 1097 1684 1165 plurimis
1731 1098 1926 1151 litteris
1956 1113 2089 1165 quas
2115 1098 2296 1152 Alcui-

732 1183 751 1217 ‹
797 1183 897 1222 nus
927 1169 992 1222 ad
1022 1175 1267 1235 sanctum
1296 1165 1639 1219 Benedictum
1664 1166 2023 1220 Anianensem
2067 1168 2296 1235 scripse-

733 1258 748 1287 ι
797 1245 898 1295 rat,
937 1237 1134 1289 nullam
1179 1234 1246 1287 ad
1295 1250 1393 1289 nos
1433 1235 1740 1303 pervenisse
1793 1234 2190 1294 existimarunt,
2240 1245 2296 1290 et

731 1325 746 1354 ι
798 1307 1141 1358 vehementer
1170 1304 1454 1372 doluerunt
1481 1305 1770 1372 scriptores
1803 1304 2048 1359 Historia:
2090 1305 2296 1358 littera-

795 1375 890 1441 riga
917 1373 1208 1430 Galliarum
1253 1371 1525 1441 (tomilV,
1579 1371 1696 1440 pag.
1727 1373 1874 1441 329).
1941 1372 2144 1426 Harum
2187 1389 2291 1426 una

796 1429 984 1496 saltem
1015 1443 1155 1512 (duce
1189 1429 1355 1512 certe)
1392 1429 1805 1509 superestinter
1831 1429 1926 1497 eas
1949 1457 2086 1510 quas
2123 1444 2290 1497 codex

795 1511 1110 1565 Harleiauus
1135 1511 1372 1569 exhibet.

800 1624 818 1653 ς
863 1603 1006 1657 Alias
1029 1615 1242 1670 quoque
1265 1601 1517 1668 epistolas
1539 1608 1732 1668 prteter
1754 1600 2101 1656 Alcuinianas
2131 1603 2294 1658 habet

731 1693 746 1721 α
793 1673 933 1727 idem
976 1673 1166 1733 codex,
1197 1685 1422 1737 quarum
1456 1678 1661 1737 septem
1696 1671 1932 1739 Dungalo
1969 1670 2145 1725 abbati
2199 1674 2294 1726 tri-

727 1759 749 1793 ς
795 1742 1052 1801 bunntur,
1095 1741 1284 1792 breves
1337 1739 1572 1805 quidem,
1625 1738 1717 1792 sed
1760 1738 2035 1793 an'ccdotre
2080 1756 2289 1795 omnes.

728 1828 746 1858 α
794 1809 900 1863 Has
936 1809 1177 1878 proxime
1215 1806 1480 1878 antecedit
1526 1808 1748 1878 epistola
1781 1807 2001 1872 maioris
2039 1812 2293 1864 momenti

732 1899 747 1926 α
795 1893 825 1932 a
857 1876 1049 1932 Carolo
1075 1877 1263 1946 Magno
1309 1877 1508 1946 scripta
1555 1876 1621 1928 ad
1659 1876 1970 1930 Michaelem
2007 1879 2296 1946 imperato—

729 1966 746 1996 ε
796 1963 928 2001 rem.
962 1946 1111 2000 Hanc
1157 1939 1466 2013 appendicis
1496 1945 1614 1999 loco
1649 1946 1890 2012 epistolis
1914 1939 2121 2001 Alcuini
2170 1947 2296 2001 sub-
2329 1939 2372 1997 Β

731 2035 749 2066 ι
795 2024 1008 2069 nectere
1048 2015 1225 2076 libuit,
1271 2014 1411 2081 quod
1441 2029 1544 2066 non
1576 2014 1840 2082 ingratum
1874 2015 2064 2069 fecisse
2103 2031 2190 2070 me
2213 2031 2300 2070 ar-

732 2103 750 2135 ι
782 2085 988 2204 ὺίιῆὶοιι,
1013 2083 1227 2137 omissis
1250 2083 1471 2151 Dungali
1505 2083 1698 2137 litteris
1719 2124 1733 2146 ,
1761 2099 1896 2152 quas
1920 2086 2008 2139 hic
2033 2086 2300 2140 indicasse

733 2173 750 2203 ς
798 2169 856 2204 su
902 2154 1043 2204 Iciat.

733 2173 750 2203 ς
798 2154 1043 2208 sumciat.

800 2241 818 2273 ς
865 2222 978 2276 Non
1009 2235 1460 2288 supervacaneum
1499 2236 1628 2275 sane
1654 2222 1922 2275 duxissem
1952 2229 2118 2276 totum
2145 2224 2297 2276 codi-

729 2309 746 2340 ι
793 2307 906 2346 cem
927 2292 1306 2358 exscripsisse;
1341 2293 1431 2344 sed
1457 2290 1987 2358 mihi'aliisimpedito
2008 2308 2112 2345 non
2129 2293 2293 2346 licuit.

656 2413 659 2416 .
728 2379 744 2410 ι
792 2360 847 2415 1τί
875 2369 1080 2413 tantum
1113 2360 1166 2412 in
1196 2375 1280 2412 me
1296 2361 1524 2428 sumpsi,
1551 2370 1608 2412 ut
1636 2376 1770 2427 quas
1794 2360 2043 2414 Usserins
2069 2362 2298 2415 ineditas

726 2449 743 2478 ‹
791 2432 1043 2482 docuerat
1076 2429 1286 2481 Alcuini
1321 2429 1596 2496 epistolas,
1621 2445 1742 2482 cum
1774 2443 1867 2480 eas
1909 2444 2007 2482 nec
2029 2431 2296 2496 posterius

727 2518 743 2548 ι
790 2499 959 2551 editas
979 2498 1458 2565 deprehenderem,
1481 2513 1724 2551 curarem
1758 2499 2064 2559 transcribi,
2093 2499 2292 2560 addita,

726 2587 741 2615 c
789 2583 946 2634 quam
979 2567 1135 2637 modo
1167 2567 1403 2631 Ian-lavi,
1435 2567 1609 2620 Caroli
1643 2566 1815 2637 Magni
1843 2567 2066 2636 epistola
2107 2568 2292 2622 itidem

725 2655 742 2684 ι
792 2638 1046 2689 hactenus
1077 2636 1294 2689 inedita.

794 2724 810 2754 ι
856 2704 972 2774 Ipse
1002 2706 1100 2758 has
1129 2720 1318 2774 omnes
1345 2721 1464 2758 cum
1496 2706 1680 2758 codice
1711 2721 1811 2758 ms.
1845 2706 2044 2759 contuli
2071 2718 2125 2759 et
2154 2706 2295 2759 aflir-

723 2792 740 2822 ‹
781 2773 928 2828 mare
951 2775 1146 2837 ausim,
1175 2773 1239 2826 ad
1263 2774 1567 2840 exemplum
1595 2774 1868 2842 archetypi
1889 2776 2296 2830 accuratissime

723 2862 738 2891 ι
787 2856 1088 2922 expressas,
1118 2841 1515 2921 mendisetiam
1542 2857 1661 2922 qum
1697 2841 1900 2895 incuria
1935 2844 2133 2922 veteris
2162 2844 2296 2896 scri-

722 2930 738 2959 (
787 2912 957 2979 ptoris
997 2912 1048 2981 in
1080 2911 1503 2981 manuscriptum
1555 2911 1902 2981 irrepserant,
1961 2913 2012 2965 in
2064 2927 2292 2981 apogra-

723 3000 739 3028 ι
789 2981 951 3049 phum
984 2980 1050 3033 ad
1082 2979 1338 3047 majorem
1369 2980 1526 3033 iidem
1553 2979 1844 3034 translatis.

793 3067 809 3098 ι
855 3051 996 3119 Ergo
1039 3049 1414 3103 emendatione
1455 3050 1508 3102 in
1540 3050 1671 3104 locis
1699 3065 1806 3103 non
1842 3051 2060 3117 paucis,
2106 3051 2215 3104 imo
2241 3059 2296 3104 et

670 3115 680 3158 Γ
721 3135 737 3164 σ
787 3119 838 3199 in
862 3115 1109 3199 pltjribtis
1139 3119 1496 3199 illustratione
1524 3119 1761 3188 indigent
1787 3115 2025 3190 epistola:
2051 3119 2295 3199 illzeised

721 3204 739 3237 ι
787 3188 909 3243 huic
934 3188 1102 3240 labori
1121 3188 1464 3256 suscipiendo
1488 3202 1588 3241 nec
1604 3203 1705 3256 ego
1722 3203 1819 3256 par
1837 3188 1978 3250 Sum,
2000 3202 2098 3241 nec
2121 3189 2290 3242 otium

723 3275 738 3303 ι
788 3257 917 3308 mihi
961 3256 1137 3309 datur.
1191 3253 1334 3309 Satis
1373 3256 1556 3319 fuerit,
1588 3253 1739 3309 si'in'
1771 3253 2002 3324 Opemm
2047 3256 2289 3311 omnium

722 3344 738 3372 α
785 3325 995 3379 Alcuini
1036 3325 1410 3379 collectionem
1440 3341 1470 3378 a
1499 3325 1810 3380 doctissimo
1843 3326 1958 3379 viro
1984 3341 2107 3379 cum
2147 3328 2294 3380 omni

1127 3477 1183 3550 ἦ,
1213 3491 1237 3518 α
1268 3478 1599 3532 EPISTOLA
1634 3478 1862 3550 PRIMA.

1186 3564 1252 3601 an
1291 3562 1520 3600 AEBICUI
1562 3564 1731 3600 nucsu
1763 3548 1812 3598 δ.

1320 3615 1496 3682 (Anno
1529 3615 1678 3685 787.)

713 3705 919 3758 [nudat
949 3705 1096 3757 illum
1123 3704 1183 3756 ob
1209 3704 1439 3756 studium
1475 3721 1640 3757 sacra:
1668 3703 1902 3757 lectionis
1933 3713 1980 3756 et
2016 3705 2290 3758 humilita—

785 3785 884 3845 tem
899 3788 918 3845 ;
941 3782 1080 3845 optat
1102 3772 1182 3825 illi
1208 3773 1474 3825 victoriam
1500 3772 1748 3845 adversus
1768 3772 2042 3842 inﬁdeles;
2084 3775 2291 3845 pietatis

784 3841 1094 3911 Christiana:
1134 3851 1496 3910 praceptorem
1533 3844 1771 3911 proponit
1820 3841 2060 3896 sanctum
2085 3841 2296 3896 'Pemli-

784 3927 904 3962 nam
930 3910 1326 3978 Aquileiensem.

785 3999 1100 4052 Venerando
1121 3998 1239 4052 viro
1267 3998 1462 4052 Aerico
1493 4000 1634 4064 duci,
1667 3999 1893 4054 Albinus
1923 4001 2180 4070 magister
2200 4017 2289 4057 sa-

714 4078 900 4148 lutem.
1679 4147 1689 4160 ,

784 4177 925 4231 Satis
953 4178 1082 4232 mihi
1115 4193 1281 4232 sacne
1318 4178 1563 4234 lectionis
1602 4181 1830 4234 intentio
1857 4189 1918 4236 ‘et
1941 4183 2044 4250 piae
2078 4183 2294 4236 humili-

711 4268 838 4320 tatis
868 4270 1204 4322 conversatio
1229 4269 1405 4338 placet
1428 4270 1482 4322 in
1508 4271 1683 4334 vobis,
1711 4279 1766 4322 et
1803 4273 1856 4324 in
1887 4288 1992 4340 qua
2018 4287 2150 4326 mea:
2173 4288 2293 4342 par-

711 4357 892 4410 vitatis
923 4357 1264 4411 familiariter
1299 4359 1726 4414 mansiunculam
1762 4362 1985 4417 visitare
2014 4380 2118 4419 non
2144 4380 2294 4432 spre-

711 4445 880 4499 vistis.
923 4447 1073 4500 Unde
1119 4457 1171 4501 et
1221 4448 1424 4514 gratias
1470 4451 1680 4519 agimus
1723 4460 1917 4506 vestrae
1956 4454 2290 4523 benignitati,

713 4531 986 4601 Deumque
1012 4535 1358 4588 dilectissime
1380 4535 1486 4606 [ΑΙ.
1511 4539 1940 4611 diligentissime]
1981 4557 2082 4610 pro
2115 4553 2292 4597 vestra

712 4623 1064 4690 deprecamur
1110 4624 1406 4691 sospitate,
1482 4635 1749 4694 quatenus
1806 4638 1910 4683 tuae
1964 4629 2294 4688 fortitudinis

712 4711 984 4765 dexteram
1018 4721 1214 4766 contra
1261 4713 1600 4769 adversarios
1647 4718 1817 4772 sancti
1844 4718 1925 4771 sui
1956 4719 2190 4774 nominis
2215 4721 2293 4773 vi-

712 4804 934 4857 ctricem
963 4804 1160 4870 ubique
1197 4803 1358 4856 faciat
1395 4816 1446 4857 et
1474 4807 1541 4859 ab
1575 4809 1720 4860 omni
1752 4810 2085 4863 adversitate'
2113 4810 2296 4865 diabo-

714 4893 826 4947 lica:
861 4892 1083 4955 fraudis,
1113 4909 1206 4946 seu
1239 4909 1269 4946 a
1301 4896 1510 4947 cunctis
1540 4897 1876 4950 inimicorum
1909 4899 2135 4963 insidiis,
2179 4915 2290 4954 sua:

715 4997 919 5053 magnre
958 4983 1175 5051 pietatis
1213 4984 1448 5052 potentia
1482 4984 1774 5039 clementer
1800 4987 2098 5041 custodiat?
2121 4987 2285 5055 cujus

713 5072 1106 5125 sanctissimam
1155 5072 1480 5126 voluntatem
1522 5075 1572 5127 in
1614 5077 1988 5132 observatione
2015 5079 2288 5133 mandato-

746 5250 754 5257 _
785 5193 807 5218 ι
851 5181 1422 5257 Hm_c_cpistola__inter‘
1445 5184 1808 5257 Quercetanas
1843 5189 1933 5251 94,
1967 5189 2106 5243 inter
2127 5189 2288 5244 Cani—

714 5250 894 5322 s_ianas
933 5250 1000 5303 53
1045 5262 1146 5303 est.
1197 5252 1336 5322 _Viro
1380 5253 1676 5309 clarissimo
1729 5250 1982 5311 Madrisio
2019 5259 2285 5322 Utinensi,

713 5318 945 5404 pperurn
978 5320 1762 5404 sanclinPan'lin‘i.patriarcha:
1802 5327 2163 5404 Aquileiensis
2194 5318 2289 5382 Pa;

714 5386 953 5463 trologia:
977 5390 1203 5463 tomoC,
1234 5390 1334 5463 col.
1356 5386 1507 5463 £525,
1543 5397 1737 5463 scripta
1770 5386 1981 5450 videtur
2011 5398 2193 5450 statim
2221 5400 2288 5453 ab

714 5455 945 5536 adventu
974 5457 1147 5536 Aerici
1177 5460 1326 5512 ducis
1355 5455 1699 5536 Eorojuliun'i.
1729 5467 1833 5536 hoc
1863 5474 1966 5524 est,
1997 5481 2137 5519 anno
2163 5467 2282 5520 787.

719 5541 737 5575 ι
759 5523 837 5595 Eo
862 5526 1005 5579 enim
1040 5535 1276 5594 tempore
1301 5570 1310 5588 ,
1347 5530 1421 5582 ait
1451 5571 1464 5591 ,
1489 5523 1762 5585 'Alcuinus
1798 5523 2080 5588 FranCiam
2109 5575 2121 5595 ,
2149 5537 2288 5589 unde

715 5594 870 5674 paulo
893 5605 1018 5674 ante
1041 5596 1360 5674 discesserat
1384 5599 1648 5674 licui'icus
1672 5603 1963 5674 (Aericus),
1991 5594 2280 5674 incolebat,

716 5668 1111 5741 guiantequam
1162 5668 1491 5741 provinciam
1531 5670 1758 5741 ducatus
1802 5668 1958 5733 adiit,
1997 5673 2283 5726 Alcuinum

717 5737 947 5787 invisere
968 5737 1140 5801 potuit
1164 5777 1177 5797 ,
1227 5737 1423 5789 monita
1471 5737 1606 5792 forte
1633 5740 1820 5792 salutis
1845 5751 2059 5796 reternze
2083 5743 2148 5794 ad
2171 5759 2286 5797 sus-

717 5811 924 5919 Cprllllll
974 5821 1108 5873 Opus
1152 5807 1264 5859 sine
1310 5805 1401 5858 Dei
1457 5808 1657 5862 oll'ensa
1709 5811 2090 5863 exantlanalum
2129 5829 2290 5880 expo-

720 5886 741 5919 s
773 5887 801 5919 ιι
830 5881 1027 5919 alin-us.
1065 5895 1081 5919 ι

720 5881 1027 5926 sittl.itttt'us.
1064 5895 1081 5925 ι

2403 703 2422 735 ι
2467 699 2678 753 cunque
2706 681 3000 753 symbolam
3025 681 3370 753 contulerim,
3397 681 3448 734 in
3475 697 3671 751 magno
3696 695 3864 749 opere
3887 681 3981 734 ad-

2403 772 2432 805 ‹.
2461 749 2610 822 jutor
2630 749 2820 822 debilis
2839 761 2892 804 et
2919 751 3142 822 pusillus
3173 749 3508 822 administer.

2473 820 2491 873 ἡ
2535 821 2610 875 lta
2639 821 2865 876 Londini
2907 820 3284 889 transcriptum
3311 820 3459 886 prius
3488 821 3602 873 ﬁeri
3629 833 3974 883 curaveram,

2401 911 2421 942 ι
2467 901 2527 946 ut
2551 907 2648 946 suo
2671 904 3006 959 unaquaeque
3043 889 3266 956 epistola
3294 890 3648 956 quaternione
3673 891 3984 944 continere-

2403 979 2421 1011 ‹
2467 961 2801 1022 tur.Verum,
2817 958 2942 1012 dum
2958 974 3023 1012 ex
3041 959 3125 1012 bis
3145 959 3589 1026 quaternionibus
3611 959 3662 1012 in
3691 961 3980 1027 spissiores

2402 1048 2420 1080 ε
2468 1029 2716 1084 foliorum
2773 1028 3058 1082 fasciculos
3117 1027 3352 1082 secunda
3396 1043 3557 1098 manu
3605 1035 3977 1098 congeruntur

2401 1117 2422 1149 ι
2462 1099 2718 1167 θρξεῑοιξε,
2753 1111 2852 1150 nec
2874 1111 3004 1151 suus
3032 1098 3322 1166 unicuique
3342 1097 3644 1167 assignatur
3664 1097 3972 1164 quaternio,

2402 1187 2420 1218 ι
2461 1165 2593 1221 ordo
2616 1167 2670 1220 in
2689 1181 2792 1220 ms.
2819 1176 3065 1220 servatus
3085 1165 3452 1220 intervertitur
3473 1169 3818 1221 amanuensis
3839 1167 3985 1221 osci-

2403 1256 2421 1288 ‹
2465 1237 2655 1290 tantia.
2688 1235 2792 1304 Sed
2818 1236 2939 1304 quis
2966 1235 3130 1289 fuerit
3161 1235 3295 1288 ordo
3326 1234 3434 1298 ille,
3457 1236 3589 1304 satis
3608 1237 3886 1304 apparebit
3905 1250 3976 1290 ex

2403 1325 2420 1356 ι
2466 1319 2691 1359 numero
2737 1303 2984 1375 foliorum
3015 1320 3117 1375 ms.
3147 1304 3372 1375 codicis,
3407 1303 3635 1374 singulis
3679 1315 3839 1375 prout
3880 1320 3982 1359 ex-

2404 1394 2422 1426 c
2467 1375 2681 1442 scripta:
2709 1383 2833 1427 sunt
2851 1373 3092 1442 epistolis
3119 1372 3294 1427 afﬁxo.

2473 1464 2490 1494 ι
2540 1442 2664 1496 Haec
2713 1444 2906 1509 raptim
2958 1442 3260 1496 scribebam
3287 1442 3511 1497 Parisiis
3551 1458 3606 1495 vi
3648 1442 3774 1498 ldus
3800 1442 3981 1497 Martii

2403 1530 2422 1562 ο
2468 1512 2606 1566 1769
2628 1513 2694 1565 ad
2725 1526 2880 1564 usum
2902 1511 3331 1574 reverendissimi
3357 1519 3411 1565 et
3439 1512 3785 1566 illustrissimi
3809 1512 3871 1565 D.
3907 1511 3976 1566 ι).

2403 1601 2421 1631 ι
2467 1581 2740 1645 Frobenii,
2776 1581 2986 1650 abbatis
3014 1581 3270 1650 principis
3289 1579 3345 1634 S.
3378 1581 3701 1635 Emmerami
3729 1581 3982 1650 Ratispo-

2403 1670 2422 1700 ι
2467 1651 2650 1704 nensis
2670 1689 2684 1712 ,
2715 1651 2800 1703 cui
2842 1649 3067 1702 salutem
3098 1649 3382 1718 plurimam
3416 1650 3544 1703 dare
3572 1651 3732 1704 liceat
3760 1661 3814 1705 et
3845 1649 3967 1719 pre-

2404 1737 2422 1770 c
2469 1719 2577 1773 cari
2613 1719 2786 1772 fausta
2821 1719 3021 1772 omnia.

3117 1805 3133 1836 ι
3174 1787 3252 1840 Ds:
3289 1788 3611 1853 Ennomon,

2548 1873 2566 1904 ι
2598 1853 2775 1926 Regia:
2797 1857 3032 1925 inscript.
3056 1865 3104 1910 et
3123 1856 3268 1909 hum.
3293 1857 3394 1910 litt.
3418 1858 3711 1911 Academia:
3728 1865 3922 1912 socius.
3959 1880 3980 1908 ι

2474 1945 2579 1999 «Ita
2597 1947 2680 2015 vir
2691 1944 3032 1999 doctissimus
3048 1944 3204 2015 simul
3228 1958 3291 1998 ac
3311 1945 3756 2008 modestissimus,
3774 1947 3856 1999 cui
3877 1961 3986 2015 pro

2399 2015 2612 2070 detecto
2655 2014 2757 2068 hoc
2783 2019 3036 2068 thesauro
3071 2013 3354 2084 litterario,
3405 2015 3495 2082 qui
3539 2029 3669 2069 sane
3703 2013 3896 2084 magni‘
3924 2015 3984 2068 in

2400 2084 2626 2138 historia
2643 2092 2752 2137 tam
2775 2083 2920 2137 civili
2940 2098 3102 2151 quam
3123 2083 3488 2138 ecclesiastica
3516 2085 3775 2137 aastimari
3796 2083 3982 2147 debet,

2399 2161 2577 2222 grates
2605 2161 2891 2222 perpetuas
2916 2152 3146 2222 habeant
3174 2152 3368 2206 eruditi
3395 2164 3600 2206 omnes.

2475 2241 2492 2271 ι
2516 2220 2744 2275 Errores
2777 2221 2976 2275 veteris
2996 2220 3275 2288 scriptoris
3302 2221 3354 2274 in
3379 2229 3524 2276 textu
3551 2222 3828 2275 emendavi
3855 2223 3984 2290 qui-

2398 2293 2540 2362 dem,
2583 2291 2810 2362 lectione
2839 2298 3032 2344 tamen.
3066 2290 3268 2343 codicis
3313 2299 3516 2362 notata,
3568 2299 3627 2344 ut
3654 2292 3847 2360 eruditi
3889 2291 3987 2362 ju-

2399 2360 2579 2414 dicare
2622 2361 2829 2428 possint
2871 2375 2997 2412 num
3039 2368 3221 2412 nostra
3273 2361 3537 2414 correctio
3573 2362 3642 2414 sit
3698 2360 3978 2427 probanda

2397 2429 2480 2480 vel
2508 2428 2878 2495 improbanda.

2473 2516 2491 2547 ‹
2519 2497 2754 2565 Epistola
2789 2497 2964 2566 Caroli
2995 2495 3167 2566 Magni
3197 2497 3262 2550 ad
3291 2496 3601 2566 Michaelem
3624 2497 3777 2566 imp.,
3815 2511 3986 2564 quam

2396 2567 2482 2619 vir
2501 2568 2834 2620 clarissimus
2854 2565 3185 2620 Alcuinianis
3204 2565 3513 2634 appendicis
3535 2565 3651 2620 loco
3665 2565 3982 2634 subnexuit.

2397 2636 2484 2690 illa
2524 2645 2607 2690 est
2632 2651 2794 2704 quam
2829 2635 2967 2688 idem
3010 2635 3201 2704 legatis
3238 2629 3370 2704 suis,
3404 2629 3982 2704 Amalarid‘episcopo

2398 2702 2740 2767 Trevirensi,
2787 2713 2842 2756 et
2882 2704 3045 2757 Petro
3068 2702 3247 2757 abbati
3279 2702 3676 2767 Nonantulano,
3717 2702 3815 2772 pro
3844 2702 3984 2772 pace

2397 2775 2539 2827 inter
2579 2782 2866 2840 utrumque
2906 2773 3189 2840 imperium
3226 2772 3592 2827 conﬁrmanda
3638 2774 3820 2827 missis
3845 2812 3860 2835 ,
3914 2775 3986 2826 ad

2395 2843 2678 2912 pnefatnm
2711 2843 3089 2912 imperatorem
3118 2857 3224 2912 una
3271 2857 3391 2896 cum
3440 2843 3798 2912 instrumento
3831 2843 3987 2909 pacis

2397 2909 2741 2966 deferendam
2764 2910 3000 2964 tradidit.
3017 2911 3166 2964 Illam
3182 2909 3300 2966 loco
3321 2920 3621 2979 Opportune
3648 2910 3791 2979 inter
3811 2924 3979 2979 opera

2396 2981 2631 3035 Alcuino‘
2661 2980 2933 3049 supposita
2967 2980 3234 3040 dabimus,
3281 2978 3400 3046 post
3436 2979 3671 3047 ejusdem
3720 2978 3986 3049 Anialarii

2395 3048 3186 3117 opusculum’De'cairemoniis
3215 3049 3485 3116 baptismi,
3536 3049 3669 3102 falso
3720 3048 3987 3101 hactenus

2396 3118 2623 3173 Alcuino
2651 3117 2975 3190 ascriptum,
3005 3132 3260 3190 unacum
3282 3117 3832 3190 Hoddéporicdillius,
3857 3117 3987 3190 bac-

2399 3196 2554 3241 tenus
2585 3202 2797 3255 quoque
2825 3185 3184 3240 desideratum
3202 3227 3215 3249 ,
3244 3194 3299 3240 et
3328 3186 3568 3254 epistolis
3603 3185 3745 3239 illius
3770 3185 3836 3239 ad
3876 3185 3984 3241 Pe-

2401 3267 2543 3311 trum
2568 3257 2776 3311 itineris
2798 3256 3024 3319 socium,
3045 3255 3306 3324 hujusque
3327 3256 3682 3325 responsoriis
3705 3257 3990 3325 hucusque

2399 3327 2603 3395 pariter
2631 3325 2896 3379 ineditis.»

2394 3495 2512 3532 rum
2549 3479 2714 3541 illius,
2742 3477 3001 3547 quantum
3035 3480 3281 3534 humanae
3304 3479 3558 3550 possibile
3585 3480 3657 3533 sit
3680 3478 3987 3548 fragilitati,

2393 3566 2753 3622 intentissime
2782 3565 3039 3631 elliciens,
3072 3576 3132 3621 ut
3159 3576 3210 3622 te
3240 3568 3291 3622 in
3315 3568 3586 3637 prosperis
3619 3583 3809 3636 regere
3842 3577 3898 3622 et
3930 3570 3986 3622 in

2396 3659 2636 3713 adversis
2660 3667 2942 3730 protegere
2969 3660 3237 3728 dignetur.
3269 3659 3427 3712 Plura
3464 3660 3579 3722 tibi,
3602 3659 3686 3712 vir
3719 3673 3990 3712 veneran-

2395 3749 2481 3814 de,
2501 3749 2565 3803 de
2583 3747 2905 3804 Christianae
2928 3751 3146 3820 pietatis
3170 3751 3546 3806 observatione
3572 3748 3710 3805 forte
3731 3751 3988 3819 scripsis-

2396 3853 2529 3902 sem,
2584 3840 2628 3892 si
2677 3839 2772 3894 tibi
2817 3840 3004 3895 doctor
3038 3841 3289 3912 egregius
3332 3849 3387 3896 et
3429 3841 3548 3909 pius
3587 3840 3824 3895 cmlestis
3859 3841 3987 3894 vita:

2395 3938 2696 3997 pmceptor
2739 3929 2996 3984 Paulinus
3037 3945 3188 3983 meus
3221 3942 3270 3993 ε,
3322 3938 3518 3998 ρι-ωειο
3559 3944 3664 3982 non
3714 3939 3880 3991 esset,
3919 3931 3987 3983 de

2396 4017 2549 4085 cujus
2592 4019 2754 4073 corde
2790 4029 3005 4074 emanat
3049 4020 3168 4075 fons
3216 4020 3445 4075 viventis
3492 4034 3671 4087 aqum,
3717 4020 3771 4072 in
3815 4019 3983 4072 vitam

2398 4107 2638 4161 salientis
2667 4115 2922 4162 :cternam
2958 4109 3136 4179 (Joan.
3172 4125 3246 4174 iv,
3273 4107 3382 4177 Η).
3444 4106 3594 4161 Illum
3643 4108 3842 4160 haLcas
3881 4106 3982 4161 til.i

2398 4198 2586 4252 salutis
2611 4206 2825 4253 aeternae
2848 4199 3248 4270 conciliatorem
3270 4239 3285 4263 ,
3309 4213 3377 4251 ne
3401 4197 3592 4250 alicubi
3621 4204 3725 4250 tua:
3752 4212 3982 4252 conver-

2399 4289 2625 4343 sationis
2674 4303 2770 4357 pes
2820 4288 3122 4357 impingat:
3169 4288 3261 4342 sed
3310 4295 3457 4340 recto
3492 4286 3682 4339 itinere
3726 4301 3976 4347 currens,

2398 4377 2578 4431 divina
2603 4378 2834 4446 donante
2863 4378 3054 4446 gratia,
3083 4378 3150 4431 ad
3177 4384 3445 4446 perpetua:
3471 4386 3654 4444 portas
3695 4375 3821 4427 vita:
3855 4390 3979 4445 per-

2398 4470 2582 4521 venire
2619 4477 2908 4522 mereatur.
2952 4470 3082 4522 Vive
3109 4476 3164 4521 et
3186 4468 3302 4520 vale
3330 4466 3558 4522 feliciter
3577 4466 3630 4518 in
3653 4475 3938 4519 :rtcrnnm.

2898 4575 2948 4645 5
2986 4577 3010 4614 ἀ
3050 4575 3378 4631 EPISTOLA
3416 4577 3476 4632 ιι.

3003 4663 3068 4699 ΑΙ)
3106 4663 3371 4700 ARSONEW.

2985 4719 3000 4778 (
3029 4716 3182 4768 Amo
3222 4717 3342 4770 790.
3377 4717 3392 4780 )

2400 4783 2558 4836 Illum
2590 4794 2891 4851 prarsentem
2917 4785 3103 4836 habere
3127 4784 3383 4838 desiderat
3407 4802 3424 4846 ;
3450 4785 3688 4838 hortatur
3716 4788 3786 4840 ad
3814 4790 3978 4842 soler-

2469 4863 2570 4922 tem
2596 4869 2782 4922 curam
2813 4853 3107 4922 animarum
3136 4869 3231 4906 suo
3266 4854 3501 4922 regimini
3532 4858 3929 4911 commissarum
3957 4876 3973 4920 ,'

2471 4920 3040 4993 Laidrqdumsalutari
3074 4922 3211 4993 cupit
3231 4938 3252 4993 _;
3287 4920 3341 4993 se
3368 4939 3483 4993 vero
3509 4924 3571 4975 ob
3599 4927 3741 4993 regni
3770 4929 3971 4981 novita-

2469 5002 2571 5042 tem
2599 4989 2770 5040 adhuc
2801 4990 2854 5041 in
2882 4990 3056 5058 patria
3085 4988 3316 5060 (Anglia)
3345 4992 3551 5044 retineri
3582 4988 3868 5061 signiﬁcat.

2471 5078 2674 5132 Dilecto
2702 5076 2847 5130 Patri
2879 5077 3083 5145 Aquila:
3111 5081 3364 5149 episcopo
3396 5080 3620 5135 Albinus
3646 5077 3901 5140 Salutem.

2461 5191 2490 5231 δ
2531 5190 2745 5243 Aericus
2770 5190 2836 5243 ab
2857 5190 2974 5243 aliis
3000 5190 3276 5253 Henricus,
3319 5191 3507 5246 Ericus
3536 5202 3590 5247 et
3615 5193 3846 5248 Erichns
3875 5211 3969 5253 an-

2386 5262 2635 5334 pellatur,
2670 5260 2968 5334 provincim
3015 5259 3394 5334 Forojuliensis
3422 5263 3553 5334 duxA
3575 5277 3605 5315 a
3643 5254 3840 5334 Carolo
3867 5254 3968 5318 Περ

2424 5329 2832 5402 ιιοίορῃειίιιῃιιε
2853 5338 2936 5402 est
2958 5328 3271 5402 anno__787;
3320 5332 3385 5402 de
3414 5345 3480 5402 eo
3504 5331 3656 5402 plura
3685 5332 3808 5386 vide
3830 5335 3966 5402 apud

2442 5399 2700 5454 adrisium
2732 5397 2832 5451 loc.
2865 5398 2958 5452 cit.
2989 5397 3040 5450 in
3089 5398 3304 5452 dissert.
3353 5401 3404 5452 in
3454 5397 3673 5454 Librum
3706 5397 3967 5456 Exhortao

2387 5470 2550 5524 tionis
2580 5467 2750 5522 sancti
2789 5466 3016 5519 Paulini.

2461 5551 2482 5576 ε
2526 5536 2784 5589 Pculinus
2808 5552 2969 5589 meus.
3002 5535 3169 5606 Hujus
3201 5537 3374 5590 Vitam
3405 5552 3528 5606 egre
3568 5539 3616 5593 ie
3645 5538 3964 5593 illustratam

2483 5606 2670 5661 eodem
2705 5606 2822 5657 viro
2862 5605 3161 5659 clarissimo
3188 5604 3439 5660 Madrisio
3471 5554 3590 5661 vige
3623 5608 3678 5661 in
3704 5607 3964 5661 Oneri‘ms

2392 5607 2458 5660 ab
2483 5606 2670 5678 eode_m
2705 5606 2822 5678 viro
2862 5604 3162 5678 clarissimo
3188 5604 3590 5678 Madrisi‘o'vide
3623 5608 3678 5662 in
3704 5607 3964 5678 Operi‘ms

2394 5676 2564 5747 sancti
2603 5673 2920 5747 Paulinigab
2950 5674 3054 5747 illo
3082 5674 3259 5747 editis.
3287 5675 3539 5747 Paulinus
3568 5691 3695 5731 vero
3721 5673 3964 5747 prmstitit

2395 5746 2604 5800 Aerico.
2644 5742 2785 5814 quod
2810 5743 3067 5814 Alcuinus
3093 5744 3180 5797 hic
3204 5753 3373 5811 optat,
3400 5761 3494 5814 per
3518 5742 3736 5800 Librum
3767 5748 3964 5800 Exhor-

2399 5814 2615 5866 tationis
2644 5812 2730 5879 qui
2759 5822 2934 5866 exstat
2960 5813 3179 5866 ibidem.

2468 5883 2491 5920 ἀ
2533 5882 2655 5934 [hcc
2681 5881 2902 5948 cpistola
2938 5884 3163 5936 habetur
3202 5883 3251 5936 in
3292 5884 3409 5936 rod.
3441 5900 3539 5937 ms.
3573 5885 3960 5948 Salisburgvns‘.
