4232 6414
727 509 824 585 ατ.

721 658 744 682 -
771 639 1014 694 tulerunt
1041 614 1389 690 a'Saracenis
1413 601 1568 698 quasi
1599 634 1838 681 trecenta
1877 622 2047 678 millia
2090 623 2145 674 in
2179 619 2295 672 loa-
2326 623 2371 674 Α

721 747 846 805 gum
887 743 996 802 per
1028 727 1319 783 maritima.
1372 721 1481 778 Sed
1522 720 1628 774 heu
1656 759 1671 784 ,
1721 718 1860 787 proh
1901 714 2100 769 dolor!
2153 711 2297 805 quod

722 803 884 880 iidem
908 818 1175 875 maledicti
1197 811 1462 873 Saraceni
1481 810 1617 886 -(qui
1643 819 1698 866 et
1721 806 1999 881 Agareni)
2045 813 2158 858 tota
2204 803 2299 858 do—

717 914 996 981 minantur
1015 909 1196 967 Africa
1219 918 1275 966 et
1299 907 1427 963 Asia
1466 905 1673 976 majore
1715 901 1955 957 maxima
1987 914 2064 954 ex
2102 904 2297 966 parte:

722 1007 789 1060 de
837 1017 1069 1073 quorum
1117 998 1426 1071 egressione
1475 1005 1584 1051 tua:
1632 991 1957 1048 veneranda:
2004 987 2304 1058 prudentia:

668 1128 682 1141 .
724 1095 956 1157 dudum,
1001 1099 1064 1147 ut
1105 1089 1394 1153 existimo,
1441 1086 1656 1157 scripsi.

793 1181 871 1237 De
917 1188 1146 1242 caetero,
1191 1177 1354 1232 Pater
1398 1175 1772 1248 sanctissime,
1817 1173 1955 1228 sciat
2003 1168 2303 1245 reverentia

726 1282 851 1336 tua,
898 1269 1041 1339 quod
1086 1283 1186 1338 ego
1231 1267 1375 1322 illius
1419 1274 1582 1330 tuus,
1633 1271 1688 1320 et
1736 1261 1936 1334 Ioseph
1983 1258 2304 1314 vernaculus

727 1371 880 1424 tuus,
927 1359 1042 1415 Deo
1089 1358 1423 1420 miserante,
1473 1355 1590 1410 sani
1641 1366 1867 1415 sumus,
1920 1358 1976 1405 et
2024 1349 2100 1403 tui
2143 1346 2303 1402 amici

728 1449 824 1502 toti
869 1448 963 1519 qui
1014 1447 1174 1519 apud;
1198 1460 1298 1500 nos
1342 1451 1498 1510 sunt,
1545 1443 1598 1496 in
1642 1440 2000 1512 prosperitate
2039 1436 2152 1493 Deo
2190 1451 2306 1490 ser-

728 1513 903 1593 viunt:
944 1513 1065 1592 Sed—
1092 1513 1272 1591 nescio
1310 1534 1439 1603 quid
1475 1533 1634 1587 nobis
1669 1538 1955 1585 venturum
1997 1524 2087 1582 sit.
2128 1527 2157 1567 ιι
2195 1526 2307 1580 Ali-

727 1631 856 1700 quid
883 1611 1040 1686 enim
1087 1627 1474 1689 dissensionis,
1515 1619 2055 1700 diabolicopfomento
2094 1617 2306 1673 inﬂam—

731 1698 944 1786 mante,
970 1734 1141 1791 nuper
1168 1719 1307 1773 inter
1331 1732 1513 1787 regem
1538 1698 1810 1769 Carolum'
1822 1719 1876 1765 et
1911 1724 2094 1780 regem
2132 1706 2305 1764 Olfam

730 1819 979 1866 exortum
1026 1812 1146 1872 est,
1187 1808 1261 1861 ita
1309 1815 1368 1860 ut
1404 1805 1657 1872 utrinque
1705 1801 1976 1870 navigatio
2023 1798 2307 1853 interdicta

733 1903 1132 1976 negotiantibus
1155 1907 1351 1955 cesset.
1380 1895 1520 1953 Sunt
1544 1896 1635 1964 qui
1663 1895 1875 1957 dicunt,
1903 1905 2002 1946 nos
2041 1904 2138 1960 pro
2175 1902 2335 1958 pace

733 2012 854 2052 esse
898 2006 920 2035 ο
961 1995 1014 2049 in
1060 1993 1178 2048 illas
1201 1988 1396 2062 partes
1439 1983 1905 2055 mittendos._8ed
1945 1984 2203 2044 obsecro,
2248 1986 2310 2032 ut

737 2088 931 2144 vestris
953 2083 1313 2141 sacrosanctis
1336 2081 1668 2136 orationibus
1701 2085 1980 2133 manentes
2004 2073 2087 2130 vel
2119 2078 2310 2127 euntes

737 2179 1060 2233 muniamur.
1108 2174 1302 2231 Nescio
1344 2173 1475 2243 quid
1513 2170 1764 2242 peccavi,
1811 2168 1939 2238 quia
1986 2174 2091 2220 tua:
2130 2172 2313 2234 pater-

738 2271 920 2325 nitatis
955 2267 1294 2324 dulcissimas
1327 2265 1537 2319 litteras
1575 2255 1742 2316 multo
1775 2270 2017 2330 tempore
2055 2271 2164 2311 non
2202 2269 2315 2309 me-

736 2361 821 2416 rui
859 2361 1078 2423 videre;
1111 2364 1288 2412 tamen
1327 2352 1761 2424 pernecessarias
1799 2350 2074 2406 orationes
2114 2344 2317 2401 sancti-

740 2433 866 2504 tatis
917 2457 1020 2501 tua:
1067 2461 1151 2500 me
1199 2443 1443 2515 quotidie
1489 2441 1694 2497 sentire
1741 2439 1927 2494 credo.

808 2539 928 2594 Misi
954 2537 1207 2594 ebaritati
1244 2543 1350 2588 tum
1381 2531 1580 2602 aliquid
1610 2532 1674 2586 de
1699 2530 1846 2595 oleo,
1875 2531 2019 2601 quod
2043 2530 2133 2585 vix
2161 2528 2318 2584 modo
2344 2517 2349 2523 ’

742 2633 794 2683 in
815 2627 1093 2689 Britannia
1114 2624 1404 2688 invenitur,
1428 2631 1488 2677 ut
1511 2622 1850 2692 dispensares
1867 2637 1970 2693 per
1994 2622 2111 2677 loca
2135 2635 2346 2679 neces--

741 2719 882 2774 saria
923 2717 1297 2787 episcoporum
1337 2714 1406 2768 ad
1445 2712 1732 2769 utilitatem
1767 2711 2044 2767 hominum
2069 2749 2087 2778 ,
2114 2710 2199 2764 vel
2227 2711 2324 2765 ho-

637 2827 647 2868 '_
744 2824 930 2865 norem
957 2807 1052 2862 Dei
1081 2805 1212 2878 [Αι.,
1240 2803 1529 2859 utilitatem
1550 2801 1774 2857 honoris
1796 2801 1945 2874 Dei]:
1966 2801 2085 2884 Misi
2111 2816 2325 2870 quoque

743 2897 1132 2968 quinquaginta
1163 2893 1324 2949 siclos
1360 2891 1622 2947 fratribus
1661 2891 1726 2947 de
1765 2892 2106 2961 eleemosyna
2146 2890 2324 2946 Caroli

747 2990 890 3058 regis
918 2987 1245 3059 (obsecrout
1264 3000 1363 3056 pro
1385 2999 1450 3040 eo
1466 2983 1733 3054 oretis)-et
1750 2983 1816 3039 de
1840 2999 1958 3040 mea
1985 2984 2327 3054 eleemosyna

745 3077 1132 3150 quinquaginta
1158 3075 1319 3131 siclos
1343 3093 1356 3129 :
1385 3082 1439 3130 et
1459 3074 1528 3128 ad
1553 3074 1817 3128 australes
1855 3072 2050 3128 fratres
2090 3072 2328 3134 Baldhu-

747 3169 938 3238 vinega
977 3165 1198 3236 triginta
1240 3164 1404 3219 siclos
1440 3164 1506 3219 de
1544 3162 1882 3234 eleemosyna
1905 3161 2110 3239 regis,
2142 3169 2196 3215 et
2236 3160 2326 3215 tri-

747 3258 892 3330 ginta
919 3257 988 3313 de
1011 3258 1357 3325 eleemosyna
1378 3268 1518 3318 mea,
1540 3242 1596 3308 et
1617 3253 1802 3321 viginti
1822 3253 1984 3308 siclos
2009 3253 2076 3306 de
2101 3253 2331 3308 clecmo—

750 3364 881 3420 syna
907 3341 1296 3416 patrisfamiliae
1321 3343 1558 3408 Areidte,
1587 3351 1642 3398 et
1669 3344 1855 3414 viginti
1882 3345 1948 3399 de
1985 3343 2325 3415 eleemosyna

751 3454 870 3495 mea
894 3455 909 3504 ;
939 3445 995 3492 et
1018 3452 1116 3506 per
1140 3435 1377 3506 singulos
1403 3435 1757 3491 anachoretas
1781 3445 1893 3491 tres
1919 3435 2078 3491 siclos
2103 3434 2170 3489 de
2192 3451 2329 3506 puro

752 3538 995 3599 argento,
1024 3536 1083 3581 ut
1107 3527 1182 3582 illi
1205 3541 1392 3581 omnes
1415 3535 1571 3580 orent
1595 3539 1693 3594 pro
1733 3540 1850 3590 me,
1876 3533 1931 3594 et
1966 3541 2066 3595 pro
2104 3519 2330 3588 Domino

754 3633 879 3687 rege
922 3615 1147 3680 Carolo,
1191 3623 1252 3669 ut
1292 3613 1436 3669 Deus
1477 3613 1626 3668 illum
1673 3623 1957 3670 conservet
1997 3614 2065 3668 ad
2110 3613 2329 3668 tutelam

756 3716 956 3764 sancte
993 3722 1104 3763 suae
1141 3705 1421 3768 Ecclesiae,
1461 3713 1516 3758 ct
1554 3705 1622 3760 ad
1660 3705 1967 3760 laudemtet
2000 3705 2224 3775 gloriam
2249 3704 2331 3758 sui

758 3798 1009 3853 nominis.
1037 3795 1302 3851 Exaudiat
1333 3809 1431 3851 vos
1454 3795 1795 3866 omnipotens
1832 3794 1973 3851 Dens
2011 3811 2106 3865 pro
2146 3805 2331 3850 saneta

759 3903 852 3944 sua
901 3886 1138 3942 Eccleaia
1186 3885 1610 3955 intercedentes»,
1659 3893 1714 3940 et
1758 3885 2023 3958 proiicere
2073 3886 2236 3939 faciat
2281 3887 2334 3938 in

761 3980 953 4034 salutis
979 3987 1208 4034 externae
1251 3977 1610 4048 prosperitate

834 4234 858 4260 α
888 4220 1132 4294 Tulerqu
1157 4238 1201 4294 ~Aa
1232 4219 1529 4294 Saracenis.
1569 4221 1695 4276 Hum
1728 4221 1973 4294 fortassis
2000 4224 2338 4294 intelligenda

765 4301 889 4345 sunt
920 4289 986 4344 de
1012 4290 1351 4360 expeditione
1394 4293 1626 4360 maxima
1676 4305 1816 4345 anno
1856 4293 1958 4347 788
1996 4289 2250 4348 a—Carolo
2285 4294 2339 4346 in

769 4359 1093 4429 Hispaniam
1121 4370 1388 4427 suscepta,
1437 4375 1538 4429 qua
1581 4359 1946 4428 Pampilonam
1990 4362 2340 4424 destructum,

772 4432 1136 4501 Hispanosque
1161 4440 1215 4482 et
1239 4429 1533 4501 \Vascoues
1562 4431 1871 4501 subjugatos
1899 4430 2081 4492 fuisse,
2120 4442 2344 4488 narrant

769 4500 980 4552 illorum
1009 4502 1306 4566 temporum
1334 4500 1629 4553 annalistcc.

843 4569 870 4608 ιι
898 4567 1105 4642 Aliquid
1134 4568 1269 4620 enim
1307 4567 1660 4642 dissensionis,
1691 4577 1793 4642 etc.
1817 4569 2154 4642 'Quaegfuerit
2188 4574 2346 4642 huius

772 4635 1056 4692 simultatis
1101 4652 1281 4694 causa.
1312 4636 1586 4700 discimus,
1627 4639 1799 4707 inquit
1838 4635 2035 4694 Mabill.
2083 4643 2202 4697 Act.
2243 4635 2341 4699 SS.
2376 4651 2423 4707 ι)

772 4710 903 4762 Ben.
933 4717 1056 4761 suae.
1088 4721 1173 4770 1v,
1200 4714 1339 4776 part.
1372 4721 1407 4776 ι,
1451 4721 1571 4776 pag.
1606 4707 1725 4769 169,
1748 4714 1828 4763 ‘ex
1858 4708 2106 4767 Chronici
2150 4712 2348 4768 Fonta—

776 4776 1028 4860 nellen'sis
1049 4775 1282 4860 capiti,
1313 4775 1402 4855 ubi
1430 4775 1651 4856 Carolus
1675 4778 1902 4860 biagnus
1935 4780 2041 4835 lilio
2067 4797 2163 4860 suo
2185 4786 2347 4853 aequi-

777 4861 908 4919 γι)ςο
931 4845 1098 4916 tiliam
1116 4844 1256 4919 _0_t_f.e
1275 4845 1417 4914 regis
1449 4863 1468 4894 ι
1504 4844 1886 4919 ἰιιλοοῐῂιιεῖιιηι
1915 4844 2300 4919 expostulasse,
2325 4875 2356 4905 »-

777 4913 1259 4985 diciturisedillo
1293 4913 1402 4985 non
1428 4913 1823 4982 acquiescenie,
1854 4934 1872 4966 ι
1907 4913 2007 4973 nisi
2047 4921 2203 4976 Berta
2243 4913 2348 4978 filia

777 4983 951 5039 Carali
985 4983 1156 5054 Magni
1183 4982 1300 5050 ejus
1333 4982 1443 5037 ﬁlio
1479 4985 1662 5052 nuptui
1691 4986 2006 5051 traderetur,
2046 5009 2063 5041 ι
2099 4990 2349 5048 Carolum

782 5054 1252 5125 inde‘eommotum
1290 5055 1626 5125 praecepisse,
1657 5073 1676 5106 ι
1710 5064 1770 5109 ut
1799 5072 1956 5113 nemo
1979 5060 2044 5116 de
2077 5061 2352 5116 Britannia

783 5119 953 5192 insula
984 5137 1046 5177 ac
1072 5131 1229 5192 gente
1272 5119 1563 5188 Anglorum
1612 5129 1943 5183 mercimonii
1993 5145 2152 5185 causa
2203 5132 2354 5186 littus

783 5191 991 5262 Oceani
1011 5191 1178 5262 maris
1205 5193 1492 5262 attingeret
1528 5193 1578 5246 in
1607 5193 1795 5250 Gallia.
1830 5198 1934 5252 Sed
1957 5199 2058 5254 hoc
2082 5215 2149 5255 ne
2181 5201 2347 5260 ﬁeret.

785 5261 1143 5383 gutntonitione
1179 5276 1240 5316 ac
1280 5260 1663 5331 supplicatione
1700 5264 1948 5321 Gervoldi
1979 5270 2188 5325 abbatis
2218 5271 2357 5338 inhio

827 5347 837 5383 I
867 5345 955 5383 um
982 5343 1118 5383 esse.
1146 5346 1176 5382 ἰ
2321 5339 2323 5341 ί

827 5333 955 5384 itum
982 5343 1118 5384 esse.
1146 5346 1176 5382 ἰ
2320 5333 2323 5341 ’

859 5411 887 5492 ξ
916 5398 1634 5492 ’ἐπεξίὲαῐξξῐεε⁸.ξὶιέεεςνέοξ;
1664 5402 1998 5492 autem
2023 5407 2058 5492 |_-
2082 5408 2199 5492 εει-ε
2231 5425 2352 5492 Pas-

790 5469 909 5549 i87,
944 5469 1018 5549 ait
1049 5486 1061 5521 :
1096 5469 1240 5549 hanc
1267 5470 1546 5549 epistolam
1585 5473 1650 5549 in
1673 5473 1858 5544 Anglia
1887 5480 2138 5549 scriptam
2171 5469 2354 5538 fuisse.

791 5540 930 5614 unde
958 5539 1212 5594 Alcuinus
1236 5541 1302 5593 ad
1330 5538 1576 5614 Carolum
1609 5538 1852 5614 Magnum
1887 5538 2010 5600 erat'
2045 5547 2353 5603 mittendus.

795 5606 961 5679 Aliter
997 5619 1172 5679 tamen
1212 5618 1397 5679 postea
1437 5611 1603 5665 sensit
1638 5606 1721 5666 vir
1750 5612 2130 5672 celeberrimus
2161 5619 2354 5673 Annal.

797 5675 1021 5753 lib.}.xv,
1042 5695 1093 5753 ιι.
1115 5675 1269 5753 16,324
1293 5679 1385 5732 lib.
1418 5693 1563 5753 xxvn
1593 5697 1644 5734 n.
1671 5682 1884 5753 10,7ubi
1908 5684 2026 5753 ait:
2055 5687 2356 5753 Alcuinum,

795 5747 1016 5824 quitum
1045 5747 1297 5824 in_Gallla_
1315 5750 1647 5812 versabatur,
1673 5752 1816 5824 pacis
1833 5749 2178 5810 conciiiandaz
2200 5747 2359 5814 causa

796 5816 849 5868 in
879 5815 1203 5869 Britanniam
1231 5819 1469 5883 missum,
1499 5828 1550 5872 et
1577 5834 1631 5872 re
1657 5815 1876 5886 quidem
1896 5835 2028 5880 γει-ιι·
2049 5839 2112 5878 eo
2136 5828 2235 5881 sub
2263 5845 2357 5882 an-

1579 519 1640 572 B.
1678 515 1741 570 F.
1776 513 1996 570 ALBlNl
2037 511 2165 565 SEU
2205 504 2478 564 ALCIJINI
2516 503 2796 558 οΡΕιιυΜ
2836 500 3014 556 PARS
3053 499 3091 553 ῐ.

3897 487 3993 544 ιιι

2923 609 2949 648 ἀ
2992 607 3321 662 EPISTOLA
3364 608 3384 662 l
3393 607 3454 661 Υ.

2857 721 2883 754 Δ
2892 717 2923 755 Β
2963 713 3184 754 νηλεὲς
3221 712 3532 754 εριθεοινυκ.

2913 790 3076 861 (Ante
3094 804 3294 844 annum
3323 787 3474 860 792.)

2404 884 2598 939 Felicis
2629 884 2938 954 Urgcllitam
2962 881 3213 954 episcopi,
3251 889 3308 935 ut
3346 881 3570 946 videtur,
3600 897 3635 954 ιι
3673 881 3867 950 pietate
3899 881 4005 936 silli

2671 949 2897 1017 laudati,
2929 949 3254 1006 orationibus
3281 967 3336 1005 se
3362 949 3716 1008 commendat.

2470 1045 2569 1099 Pio
2597 1043 2744 1098 Patri
2772 1054 2794 1082 ε
2817 1041 2979 1097 Felici
3004 1041 3277 1111 episcopo,
3304 1039 3566 1095 Alcuinus
3585 1040 3807 1095 humilis
3836 1040 4000 1094 levita

2403 1136 2657 1191 salutem.

2473 1226 2788 1294 Aliquorum
2823 1223 3051 1306 fratrum
3088 1223 3352 1280 relatione
3391 1223 3546 1278 nobis
3581 1223 3907 1279 notissimus
3942 1240 4005 1278 es

2402 1318 2623 1387 pietate,
2659 1316 2762 1370 etsi
2802 1331 2906 1370 non
2942 1313 3110 1370 facie.
3154 1314 3498 1385 Quapropter
3536 1317 3859 1386 praesumpsi
3905 1331 4007 1387 per

2405 1404 2658 1462 ﬁduciam
2677 1407 2983 1471 eharitatis,
3003 1421 3124 1476 qua:
3141 1413 3226 1461 est
3244 1404 3508 1470 Christus,
3525 1406 3712 1462 volens
3731 1409 4005 1478 meipsum

2409 1496 2516 1552 tuis
2542 1505 2865 1566 tuorumque
2895 1494 3132 1550 fidelium
3155 1510 3254 1564 per
3281 1497 3722 1565 te_sacrosanctis
3742 1497 4011 1552 orationi-

2407 1588 2510 1643 bus
2532 1587 2951 1643 commendare:
2978 1601 3082 1641 non
3117 1587 3253 1640 meis
3285 1581 3492 1640 meritis
3513 1587 3881 1657 exigentibus,
3913 1589 4012 1643 sed

2408 1683 2517 1737 tuis
2549 1681 2706 1736 bonis
2734 1680 3042 1734 rumoribus
3070 1678 3470 1750 instigantibus.
3497 1678 3836 1749 Quapropter
3868 1695 4006 1751 sup-

2409 1772 2533 1842 plex
2555 1772 2783 1827 obsecro
2803 1777 2863 1824 ut
2881 1784 2969 1824 me
2989 1783 3051 1824 ca
3073 1770 3337 1826 charitate
3363 1769 3626 1826 Salvatori
3653 1781 3838 1826 nostro
3853 1786 4011 1828 enm-

2412 1861 2706 1925 mendetis,
2745 1875 2852 1930 qua
2891 1858 2979 1933 ille
3018 1875 3206 1915 omnes
3246 1875 3373 1916 suos
3415 1859 3714 1930 conjunxit,
3747 1861 4011 1918 Charitas

2339 1963 2384 2021 Β
2408 1949 2558 2005 enim
2581 1950 2851 2004 neminem
2881 1948 3105 2018 spernit.
3141 1947 3247 2004 Per
3279 1963 3402 2003 eum
3437 1957 3491 2004 et
3515 1959 3732 2020 propter
3756 1964 3886 2006 eum
3915 1953 4020 2020 qui

2413 2041 2560 2095 venit
2596 2041 2650 2094 in
2685 2039 2829 2094 hunc
2865 2039 3122 2093 mundum
3156 2049 3476 2108 peccatores
3507 2039 3683 2095 salvos
3718 2039 3926 2102 facere.
3959 2051 4013 2096 ct

2415 2131 2594 2185 veniet
2618 2130 2685 2183 ad
2704 2128 2966 2197 judicium
2986 2128 3163 2197 iustos
3185 2143 3446 2185 coronare
3475 2145 3492 2183 :
3515 2138 3574 2184 ut
3595 2137 3723 2192 tunc
3746 2145 3844 2200 ego
3872 2146 4010 2200 pec-

2416 2233 2570 2280 cator
2591 2223 2674 2278 vel
2704 2223 2919 2278 veniam
2942 2238 3041 2293 per
3065 2230 3278 2278 vestras
3300 2223 3573 2278 orationes
3601 2223 3890 2292 accipiam,
3917 2225 4009 2277 ubi

2416 2330 2516 2371 vos
2542 2329 2640 2384 per
2673 2314 2768 2368 Dei
2796 2313 3226 2368 misericordiam
3256 2307 3511 2368 coronam
3540 2313 3838 2382 accipiatis.

2454 2406 2546 2476 '8
2573 2401 3002 2469 State,-fratres,
3044 2409 3100 2456 et
3143 2402 3378 2456 viriliter
3411 2409 3644 2472 pugnate
3676 2415 3775 2470 pro
3811 2416 3877 2456 eo
3919 2403 4012 2472 qui

2421 2486 2757 2566 fortiter'pro
2775 2493 2932 2549 vobis
2954 2493 3222 2548 vincebat.
3247 2491 3363 2546 Non
3385 2488 3512 2562 quia
3529 2492 3621 2562 qui
3645 2493 3895 2561 coeperit,
3921 2494 4014 2546 sed

2421 2588 2512 2659 qui
2529 2585 2926 2658 perseveraverit
2943 2590 3104 2654 usque
3116 2585 3173 2637 in
3185 2583 3365 2653 ﬁnem,
3381 2583 3462 2636 hic
3483 2581 3655 2637 salvus
3675 2583 3771 2636 erit
3789 2581 4014 2654 (Matth.

2422 2693 2482 2743 ι,
2503 2677 2617 2748 22).
2650 2677 2716 2732 Et
2740 2675 3146 2746 proficiscimini
3170 2675 3237 2730 de
3261 2675 3347 2730 die
3379 2675 3436 2729 in
3467 2675 3629 2739 diem,
3659 2675 3797 2730 sicut
3834 2676 4016 2731 sancti

2425 2769 2542 2833 Dei,
2571 2769 2666 2838 qui
2692 2767 2844 2822 ibant
2871 2768 2937 2822 de
2957 2769 3160 2823 virtute
3184 2768 3238 2822 in
3267 2767 3732 2835 virtutem.\Plura
3757 2769 4013 2840 scripsis-

2427 2875 2540 2915 sem
2567 2859 2742 2924 vobis,
2773 2861 2816 2914 si
2842 2858 3171 2931 superfluum
3190 2875 3295 2914 non
3311 2859 3582 2915 videretur
3603 2873 3697 2915 eos
3720 2859 4019 2916 admonere

2428 2951 2496 3006 de
2523 2949 2834 3013 virtutibus,
2868 2936 3007 3020 quos
3034 2964 3228 3019 rogate
3253 2949 3422 3004 debeo
3457 2957 3518 3002 ut
3546 2949 3877 3003 intercedant
3921 2965 4019 3022 pro

2426 3040 2665 3111 peccatis
2689 3039 2844 3117 meis.
2884 3038 2991 3094 Sed
3018 3039 3286 3103 charitas,
3321 3051 3441 3107 quae
3471 3039 3743 3109 neminem
3781 3035 4016 3110 spernit,

2430 3130 2592 3184 etiam
2620 3127 2869 3183 sustinet.
2896 3126 3033 3194 Quid
3057 3127 3208 3196 plus?
3237 3127 3434 3182 lterum
3461 3127 3762 3197 iterumque
3786 3129 4018 3184 obsecro

2430 3227 2492 3275 ut
2506 3234 2595 3274 me
2611 3217 2856 3274 fraterno
2877 3217 3355 3287 amoreaccipiatis
3374 3217 3428 3272 in
3450 3219 3880 3274 communionem
3894 3236 4019 3276 ora-

2354 3304 2402 3368 C
2435 3312 2637 3366 tionum
2663 3317 2990 3372 vestrarum,
3013 3319 3280 3378 quatenus
3296 3308 3440 3363 Deus
3458 3307 3739 3362 cbaritatis
3767 3310 4022 3366 remune-

2398 3395 2580 3455 "rator
2600 3415 2699 3455 vos
2717 3400 2949 3470 accipiat
2972 3395 3296 3454 in'teternam
3313 3397 3536 3469 gloriam
3552 3399 3698 3470 regni
3710 3401 4019 3456 sui.Valete

2429 3501 2486 3547 ct
2507 3493 2680 3548 vivete
2719 3489 2903 3547 felices
2929 3491 2982 3546 in
3017 3489 3243 3547 Domino
3278 3490 3425 3556 Iesu,
3458 3491 3655 3547 fratres
3679 3493 4013 3563 charissimi.

3001 3581 3332 3638 EPISTOIA
3371 3583 3433 3638 ν.

2802 3669 2871 3706 ΑΙ)
2907 3667 3191 3721 ουριιλουκ
3232 3668 3605 3708 [σκεδηῖτειιωί
3614 3693 3627 3705 .

2929 3746 3107 3818 (Anno
3136 3747 3238 3802 793
3277 3747 3355 3800 vel
3388 3746 3529 3819 seq.)

2438 3836 2743 3904 Cudradum
2769 3833 3120 3910 presbyterum
3141 3847 3255 3907 post
3275 3836 3829 3910 sanctorumglocornm
3851 3847 4019 3891 vasta-

2655 3943 2658 3946 .
2694 3960 2699 3967 ,
2752 3909 2944 3961 tionem
2966 3908 3206 3959 hortatur
3231 3907 3300 3960 ad
3330 3907 3694 3960 constantiam.

2510 3998 2829 4053 Venerando
2865 3995 3010 4050 Patri
3059 3995 3075 4032 τ
3113 3995 3360 4050 Cudrado
3402 3985 3715 4065 presbytero
3764 3996 4021 4051 Alcuinus

2441 4088 2699 4142 diaconus
2725 4087 2974 4142 salutem.

2444 4257 2572 4297 num
2600 4241 2704 4296 790
2729 4239 3025 4310 profectum
3052 4236 3247 4310 fuisse,
3278 4240 3403 4310 etsi
3423 4238 3761 4310 interdictum
3809 4241 4024 4310 naviga-

2447 4309 2607 4365 tionis
2629 4305 3015 4380 supplicatione
3041 4305 3288 4381 Gervoldi
3325 4309 3532 4363 abbatis
3558 4308 3826 4381 sublatum
3859 4305 4019 4381 esset.

2445 4382 2574 4447 Qua:
2599 4369 3102 4450 quidemsententia
3143 4369 3314 4448 magis
3350 4392 3471 4432 cum
3499 4369 3752 4433 contextu
3781 4380 4021 4448 epistole

2446 4449 2717 4505 conterere
2747 4449 2972 4505 videtur.

2516 4543 2542 4581 ἀ
2576 4542 2718 4596 Edit.
2748 4540 3001 4608 Quercet.
3029 4540 3116 4605 '76,
3145 4541 3324 4624 Canis.
3349 4543 3417 4624 45
3447 4543 3698 4613 (Froben.
3734 4540 3882 4615 165).

2523 4641 2546 4668 ε
2581 4628 2744 4682 Felici
2778 4629 3033 4698 episcopo.
3070 4646 3090 4678 ι
3122 4629 3221 4684 Hic
3247 4641 3346 4697 est,
3381 4633 3434 4686 ni
3463 4632 3634 4696 fallor,
3659 4633 3734 4687 ait
3756 4632 4020 4693 Canisius.

2450 4700 2598 4774 Felix
2623 4699 2971 4774 iiildebaldus
2999 4698 3332 4774 Coloniensis
3363 4704 3832 4774 archiepiscopus,
3856 4713 3960 4758 etc.
4002 4724 4017 4753 ι

2451 4771 2557 4825 Sed
2607 4770 2768 4824 dubio
2809 4767 3145 4841 carethune
3192 4785 3309 4826 esse
3358 4767 3587 4827 Felicem
3617 4767 4020 4841 WUFgellitauum

2449 4841 2776 4910 episcopum,
2820 4839 2907 4910 cui
2950 4838 3225 4902 Alcuinus,
3265 4849 3546 4909 antequam
3591 4838 3738 4896 illius
3773 4856 3928 4896 error
3962 4844 4022 4896 de

2451 4908 2734 4981 adoptione
2781 4909 3226 4981 vulgaretur,_sc_
3255 4908 3647 4965 commendavit
3685 4911 3886 4981 Scripta
3925 4911 4019 4967 hac

2452 4975 2695 5058 cpiitola,
2729 4975 2881 5044 cujus
2922 4977 3036 5058 ipse
3080 4976 3338 5058 Alcuinus
3383 4981 3625 5058 meminit
3665 4975 3925 5058 in_altera
3962 4983 4021 5058 ad

2452 5046 2718 5119 eumdem,
2750 5061 2816 5100 ex
2844 5046 3028 5119 codice
3053 5061 3152 5119 ms.
3185 5046 3437 5119 Sallslni‘a
3463 5065 3549 5103 me
3575 5051 3861 5119 deseritita,
3886 5060 3940 5106 et
3968 5052 4022 5106 li-

2455 5118 2567 5188 bris
2609 5117 2727 5188 ejus
2761 5123 2945 5188 centra
2984 5117 3216 5172 Felicem
3253 5118 3620 5188 prxﬂxa,ru‘.ii
3658 5120 3733 5174 ait
3757 5117 3796 5174 V:
3841 5139 3860 5171 ι
3899 5121 4021 5177 olim

2457 5185 2735 5254 meipsum,
2778 5185 3181 5240 celeberrimam
3218 5185 3319 5242 tute
3356 5187 3655 5244 sanctitatis
3696 5192 3890 5244 famam
3933 5207 4023 5245 au-

2454 5254 2636 5319 diens;
2746 5254 2852 5308 tuis
2882 5257 3235 5312 sanctissimis
3262 5256 3731 5313 intercessionibus
3759 5275 4022 5316 commen—

2459 5327 2584 5379 dare
2627 5324 2829 5396 curavi.
2881 5343 2899 5375 ι
2933 5321 3143 5396 scripta
3177 5341 3303 5395 ergo
3344 5326 3440 5382 fuit
3483 5329 3598 5382 lucc
3642 5328 3861 5396 epistola
3903 5346 4022 5385 ante

2460 5409 2656 5516 aliqum
2686 5389 2807 5457 792,
2837 5409 2943 5462 quo
2967 5389 3161 5449 Felicis
3184 5389 3338 5451 error
3357 5397 3468 5466 jam
3503 5389 3854 5469 undeq'uaque
3883 5401 4015 5453 inno-

2462 5473 2534 5516 tui
2569 5502 2579 5512 .

2462 5473 2579 5516 ιωι.

2491 5569 2496 5575 ·
2537 5553 2557 5592 ί
2590 5552 2855 5624 Cudrado
2881 5555 3193 5624 presbytero.
3232 5557 3481 5614 Erelesite
3518 5560 3769 5614 nimirum
3809 5559 3866 5614 S.
3893 5559 4022 5616 Cudv

2462 5623 2612 5698 lerti
2645 5621 3124 5698 Lindisfarnensis,
3157 5628 3252 5696 qui
3297 5629 3350 5681 in
3399 5627 3484 5682 illa
3522 5630 3838 5698 vastatione,
3873 5645 4021 5698 quam

2465 5691 2718 5768 Alcuinus
2757 5693 2977 5759 smpius,
3018 5691 3313 5768 prwsértim
3353 5697 3405 5750 in
3443 5697 3664 5768 cpistola
3702 5699 3735 5752 8
3775 5691 3932 5768 (nunc
3974 5701 4022 5752 9i

2467 5762 2724 5829 deplorat,
2753 5772 2799 5815 et
2835 5762 3120 5838 (λιιιηῂηῇηο
3143 5765 3244 5838 795
3270 5762 3509 5835 remigii,
3540 5762 3792 5824 furentes
3808 5782 4023 5838 pagano-

2470 5847 2584 5888 rum
2617 5847 2805 5884 manus
2841 5833 3064 5886 feliciter
3087 5836 3272 5889 evasit.
