  <div class='ocr_page' id='page_1' title='image "/cluster/home/n/w/nwhite01/storage/ocr_20150623/99-100/uc1.31175006946845/720.png"; bbox 0 0 4232 6436; ppageno 0'>
   <div class='ocr_carea' id='block_1_1' title="bbox 270 435 375 492">
    <p class='ocr_par' dir='ltr' id='par_1_1' title="bbox 270 435 375 492">
     <span class='ocr_line' id='line_1_1' title="bbox 270 435 375 492; baseline 0.019 -2"><span class='ocrx_word' id='word_1_1' title='bbox 270 435 375 492; x_wconf 76' lang='lat' dir='ltr'><strong>H5</strong></span> 
     </span>
    </p>
   </div>
   <div class='ocr_carea' id='block_1_2' title="bbox 1626 437 2114 496">
    <p class='ocr_par' dir='ltr' id='par_1_2' title="bbox 1626 437 2114 496">
     <span class='ocr_line' id='line_1_2' title="bbox 1626 437 2114 496; baseline -0.002 -1"><span class='ocrx_word' id='word_1_2' title='bbox 1626 478 1629 479; x_wconf 50' lang='grc' dir='ltr'><em>ν</em></span> <span class='ocrx_word' id='word_1_3' title='bbox 1732 437 2114 496; x_wconf 70' lang='grc' dir='ltr'><strong>ΕΡΙΒΤΟιιΕ.</strong></span> 
     </span>
    </p>
   </div>
   <div class='ocr_carea' id='block_1_3' title="bbox 3458 452 3561 506">
    <p class='ocr_par' dir='ltr' id='par_1_3' title="bbox 3458 452 3561 506">
     <span class='ocr_line' id='line_1_3' title="bbox 3458 452 3561 506; baseline -0.01 -1"><span class='ocrx_word' id='word_1_4' title='bbox 3458 452 3561 506; x_wconf 75' lang='lat' dir='ltr'><strong>N6</strong></span> 
     </span>
    </p>
   </div>
   <div class='ocr_carea' id='block_1_4' title="bbox 340 536 3560 629">
    <p class='ocr_par' dir='ltr' id='par_1_4' title="bbox 340 536 3560 629">
     <span class='ocr_line' id='line_1_4' title="bbox 340 536 3560 629; baseline 0.004 -23"><span class='ocrx_word' id='word_1_5' title='bbox 340 549 511 606; x_wconf 77' lang='lat' dir='ltr'><strong>Valde</strong></span> <span class='ocrx_word' id='word_1_6' title='bbox 547 559 859 605; x_wconf 77' lang='lat' dir='ltr'><strong>sanctorum</strong></span> <span class='ocrx_word' id='word_1_7' title='bbox 896 548 1141 605; x_wconf 83' lang='lat' dir='ltr'><strong>locorum</strong></span> <span class='ocrx_word' id='word_1_8' title='bbox 1180 536 1475 619; x_wconf 83' lang='lat' dir='ltr'><strong>ingemisco</strong></span> <span class='ocrx_word' id='word_1_9' title='bbox 1514 552 1668 624; x_wconf 65' lang='grc' dir='ltr'><strong>[Νι.</strong></span> <span class='ocrx_word' id='word_1_10' title='bbox 1712 552 1938 625; x_wconf 72' lang='lat' dir='ltr'><strong>iuge—.A</strong></span> <span class='ocrx_word' id='word_1_11' title='bbox 1964 568 2121 608; x_wconf 89' lang='lat' dir='ltr'><strong>suum</strong></span> <span class='ocrx_word' id='word_1_12' title='bbox 2148 570 2247 625; x_wconf 85' lang='lat' dir='ltr'><strong>per</strong></span> <span class='ocrx_word' id='word_1_13' title='bbox 2278 570 2375 610; x_wconf 87' lang='lat' dir='ltr'><strong>vos</strong></span> <span class='ocrx_word' id='word_1_14' title='bbox 2399 555 2700 622; x_wconf 73' lang='lat' dir='ltr'><strong>benefacta,</strong></span> <span class='ocrx_word' id='word_1_15' title='bbox 2725 566 2985 629; x_wconf 79' lang='lat' dir='ltr'><strong>perpetua</strong></span> <span class='ocrx_word' id='word_1_16' title='bbox 3012 573 3241 615; x_wconf 74' lang='lat' dir='ltr'><strong>summa:</strong></span> <span class='ocrx_word' id='word_1_17' title='bbox 3266 563 3560 618; x_wconf 79' lang='lat' dir='ltr'><strong>beatitudi-</strong></span> 
     </span>
    </p>
   </div>
   <div class='ocr_carea' id='block_1_5' title="bbox 266 638 1861 713">
    <p class='ocr_par' dir='ltr' id='par_1_5' title="bbox 266 638 1861 713">
     <span class='ocr_line' id='line_1_5' title="bbox 266 638 1861 713; baseline 0.001 -17"><span class='ocrx_word' id='word_1_18' title='bbox 266 638 477 713; x_wconf 77' lang='lat' dir='ltr'><strong>mesco]</strong></span> <span class='ocrx_word' id='word_1_19' title='bbox 505 640 894 707; x_wconf 66' lang='lat' dir='ltr'><strong>vastationem;</strong></span> <span class='ocrx_word' id='word_1_20' title='bbox 937 641 1031 697; x_wconf 88' lang='lat' dir='ltr'><strong>sed</strong></span> <span class='ocrx_word' id='word_1_21' title='bbox 1067 651 1264 697; x_wconf 77' lang='lat' dir='ltr'><strong>veStrse</strong></span> <span class='ocrx_word' id='word_1_22' title='bbox 1300 642 1424 698; x_wconf 76' lang='lat' dir='ltr'><strong>fidei</strong></span> <span class='ocrx_word' id='word_1_23' title='bbox 1466 642 1706 698; x_wconf 75' lang='lat' dir='ltr'><strong>laitificor</strong></span> <span class='ocrx_word' id='word_1_24' title='bbox 1727 657 1861 699; x_wconf 81' lang='lat' dir='ltr'><strong>con-</strong></span> 
     </span>
    </p>
   </div>
   <div class='ocr_carea' id='block_1_6' title="bbox 265 731 1861 801">
    <p class='ocr_par' dir='ltr' id='par_1_6' title="bbox 265 731 1861 801">
     <span class='ocr_line' id='line_1_6' title="bbox 265 731 1861 801; baseline -0.003 -12"><span class='ocrx_word' id='word_1_25' title='bbox 265 732 495 796; x_wconf 77' lang='lat' dir='ltr'><strong>stantia,</strong></span> <span class='ocrx_word' id='word_1_26' title='bbox 523 731 724 800; x_wconf 84' lang='lat' dir='ltr'><strong>Deique</strong></span> <span class='ocrx_word' id='word_1_27' title='bbox 747 732 1131 801; x_wconf 72' lang='lat' dir='ltr'><strong>omnipotentis</strong></span> <span class='ocrx_word' id='word_1_28' title='bbox 1156 732 1469 787; x_wconf 89' lang='lat' dir='ltr'><strong>collaudans</strong></span> <span class='ocrx_word' id='word_1_29' title='bbox 1498 732 1861 795; x_wconf 86' lang='lat' dir='ltr'><strong>clementiam,</strong></span> 
     </span>
    </p>
   </div>
   <div class='ocr_carea' id='block_1_7' title="bbox 263 821 1871 900">
    <p class='ocr_par' dir='ltr' id='par_1_7' title="bbox 263 821 1871 900">
     <span class='ocr_line' id='line_1_7' title="bbox 263 821 1871 900; baseline -0.001 -23"><span class='ocrx_word' id='word_1_30' title='bbox 263 824 357 893; x_wconf 88' lang='lat' dir='ltr'><strong>qui</strong></span> <span class='ocrx_word' id='word_1_31' title='bbox 389 822 489 877; x_wconf 86' lang='lat' dir='ltr'><strong>tibi</strong></span> <span class='ocrx_word' id='word_1_32' title='bbox 515 823 655 877; x_wconf 87' lang='lat' dir='ltr'><strong>inter</strong></span> <span class='ocrx_word' id='word_1_33' title='bbox 678 837 872 877; x_wconf 89' lang='lat' dir='ltr'><strong>manus</strong></span> <span class='ocrx_word' id='word_1_34' title='bbox 898 838 1234 900; x_wconf 83' lang='lat' dir='ltr'><strong>paganorum</strong></span> <span class='ocrx_word' id='word_1_35' title='bbox 1258 824 1526 892; x_wconf 87' lang='lat' dir='ltr'><strong>pepercit,</strong></span> <span class='ocrx_word' id='word_1_36' title='bbox 1561 823 1681 878; x_wconf 91' lang='lat' dir='ltr'><strong>ideo</strong></span> <span class='ocrx_word' id='word_1_37' title='bbox 1709 821 1871 877; x_wconf 85' lang='lat' dir='ltr'><strong>tlrma</strong></span> 
     </span>
    </p>
   </div>
   <div class='ocr_carea' id='block_1_8' title="bbox 267 916 1867 987">
    <p class='ocr_par' dir='ltr' id='par_1_8' title="bbox 267 916 1867 987">
     <span class='ocr_line' id='line_1_8' title="bbox 267 916 1867 987; baseline 0.003 -18"><span class='ocrx_word' id='word_1_38' title='bbox 267 916 372 971; x_wconf 72' lang='lat' dir='ltr'><strong>fide</strong></span> <span class='ocrx_word' id='word_1_39' title='bbox 408 918 465 970; x_wconf 89' lang='lat' dir='ltr'><strong>in</strong></span> <span class='ocrx_word' id='word_1_40' title='bbox 502 930 612 986; x_wconf 86' lang='lat' dir='ltr'><strong>quo</strong></span> <span class='ocrx_word' id='word_1_41' title='bbox 644 916 835 985; x_wconf 84' lang='lat' dir='ltr'><strong>cepisti</strong></span> <span class='ocrx_word' id='word_1_42' title='bbox 877 919 1154 985; x_wconf 88' lang='lat' dir='ltr'><strong>proposito</strong></span> <span class='ocrx_word' id='word_1_43' title='bbox 1192 929 1509 987; x_wconf 82' lang='lat' dir='ltr'><strong>permaneas</strong></span> <span class='ocrx_word' id='word_1_44' title='bbox 1540 935 1554 972; x_wconf 89' lang='lat'><strong>:</strong></span> <span class='ocrx_word' id='word_1_45' title='bbox 1587 917 1867 974; x_wconf 81' lang='lat' dir='ltr'><strong>conlidens</strong></span> 
     </span>
    </p>
   </div>
   <div class='ocr_carea' id='block_1_9' title="bbox 260 1005 1869 1079">
    <p class='ocr_par' dir='ltr' id='par_1_9' title="bbox 260 1005 1869 1079">
     <span class='ocr_line' id='line_1_9' title="bbox 260 1005 1869 1079; baseline -0.001 -17"><span class='ocrx_word' id='word_1_46' title='bbox 260 1020 323 1063; x_wconf 91' lang='lat' dir='ltr'><strong>tu</strong></span> <span class='ocrx_word' id='word_1_47' title='bbox 354 1008 425 1075; x_wconf 10' lang='lat' dir='ltr'><strong>in,</strong></span> <span class='ocrx_word' id='word_1_48' title='bbox 442 1006 818 1061; x_wconf 81' lang='lat' dir='ltr'><strong>misericordia</strong></span> <span class='ocrx_word' id='word_1_49' title='bbox 846 1006 964 1070; x_wconf 88' lang='lat' dir='ltr'><strong>Dei,</strong></span> <span class='ocrx_word' id='word_1_50' title='bbox 991 1014 1051 1059; x_wconf 91' lang='lat' dir='ltr'><strong>ut</strong></span> <span class='ocrx_word' id='word_1_51' title='bbox 1078 1015 1130 1059; x_wconf 89' lang='lat' dir='ltr'><strong>te</strong></span> <span class='ocrx_word' id='word_1_52' title='bbox 1148 1022 1260 1061; x_wconf 72' lang='lat' dir='ltr'><strong>sum</strong></span> <span class='ocrx_word' id='word_1_53' title='bbox 1285 1007 1501 1077; x_wconf 88' lang='lat' dir='ltr'><strong>pietatis</strong></span> <span class='ocrx_word' id='word_1_54' title='bbox 1528 1005 1739 1079; x_wconf 75' lang='lat' dir='ltr'><strong>[SuppL</strong></span> <span class='ocrx_word' id='word_1_55' title='bbox 1764 1007 1869 1061; x_wconf 86' lang='lat' dir='ltr'><strong>cie-</strong></span> 
     </span>
    </p>
   </div>
   <div class='ocr_carea' id='block_1_10' title="bbox 262 1097 1869 1169">
    <p class='ocr_par' dir='ltr' id='par_1_10' title="bbox 262 1097 1869 1169">
     <span class='ocr_line' id='line_1_10' title="bbox 262 1097 1869 1169; baseline 0.002 -17"><span class='ocrx_word' id='word_1_56' title='bbox 262 1099 471 1155; x_wconf 85' lang='lat' dir='ltr'><strong>mentia</strong></span> <span class='ocrx_word' id='word_1_57' title='bbox 513 1097 590 1153; x_wconf 75' lang='lat' dir='ltr'><strong>uel</strong></span> <span class='ocrx_word' id='word_1_58' title='bbox 626 1097 887 1169; x_wconf 78' lang='lat' dir='ltr'><strong>simile]...</strong></span> <span class='ocrx_word' id='word_1_59' title='bbox 935 1109 1238 1163; x_wconf 81' lang='lat' dir='ltr'><strong>conservet,</strong></span> <span class='ocrx_word' id='word_1_60' title='bbox 1278 1100 1586 1169; x_wconf 85' lang='lat' dir='ltr'><strong>ubicunque</strong></span> <span class='ocrx_word' id='word_1_61' title='bbox 1630 1101 1869 1156; x_wconf 87' lang='lat' dir='ltr'><strong>fraterno</strong></span> 
     </span>
    </p>
   </div>
   <div class='ocr_carea' id='block_1_11' title="bbox 259 1189 1870 1247">
    <p class='ocr_par' dir='ltr' id='par_1_11' title="bbox 259 1189 1870 1247">
     <span class='ocr_line' id='line_1_11' title="bbox 259 1189 1870 1247; baseline -0.002 -1"><span class='ocrx_word' id='word_1_62' title='bbox 259 1190 497 1247; x_wconf 80' lang='lat' dir='ltr'><strong>consilio</strong></span> <span class='ocrx_word' id='word_1_63' title='bbox 534 1200 588 1245; x_wconf 86' lang='lat' dir='ltr'><strong>te</strong></span> <span class='ocrx_word' id='word_1_64' title='bbox 620 1189 866 1244; x_wconf 78' lang='lat' dir='ltr'><strong>habitare</strong></span> <span class='ocrx_word' id='word_1_65' title='bbox 902 1189 1033 1244; x_wconf 89' lang='lat' dir='ltr'><strong>velit</strong></span> <span class='ocrx_word' id='word_1_66' title='bbox 1074 1190 1235 1245; x_wconf 89' lang='lat' dir='ltr'><strong>Deus.</strong></span> <span class='ocrx_word' id='word_1_67' title='bbox 1274 1189 1481 1245; x_wconf 89' lang='lat' dir='ltr'><strong>Tamen</strong></span> <span class='ocrx_word' id='word_1_68' title='bbox 1514 1191 1629 1245; x_wconf 89' lang='lat' dir='ltr'><strong>sive</strong></span> <span class='ocrx_word' id='word_1_69' title='bbox 1668 1192 1720 1244; x_wconf 91' lang='lat' dir='ltr'><strong>in</strong></span> <span class='ocrx_word' id='word_1_70' title='bbox 1752 1191 1870 1244; x_wconf 84' lang='lat' dir='ltr'><strong>loco</strong></span> 
     </span>
    </p>
   </div>
   <div class='ocr_carea' id='block_1_12' title="bbox 260 1279 1866 1353">
    <p class='ocr_par' dir='ltr' id='par_1_12' title="bbox 260 1279 1866 1353">
     <span class='ocr_line' id='line_1_12' title="bbox 260 1279 1866 1353; baseline -0.001 -18"><span class='ocrx_word' id='word_1_71' title='bbox 260 1280 626 1335; x_wconf 73' lang='lat' dir='ltr'><strong>habitationis</strong></span> <span class='ocrx_word' id='word_1_72' title='bbox 652 1279 958 1349; x_wconf 85' lang='lat' dir='ltr'><strong>singularis,</strong></span> <span class='ocrx_word' id='word_1_73' title='bbox 988 1280 1105 1335; x_wconf 84' lang='lat' dir='ltr'><strong>sive‘</strong></span> <span class='ocrx_word' id='word_1_74' title='bbox 1129 1281 1181 1334; x_wconf 92' lang='lat' dir='ltr'><strong>in</strong></span> <span class='ocrx_word' id='word_1_75' title='bbox 1209 1280 1447 1336; x_wconf 88' lang='lat' dir='ltr'><strong>fraterna</strong></span> <span class='ocrx_word' id='word_1_76' title='bbox 1467 1283 1690 1336; x_wconf 89' lang='lat' dir='ltr'><strong>cohorte</strong></span> <span class='ocrx_word' id='word_1_77' title='bbox 1713 1280 1866 1353; x_wconf 62' lang='grc' dir='ltr'><strong>[Μεη</strong></span> 
     </span>
    </p>
   </div>
   <div class='ocr_carea' id='block_1_13' title="bbox 262 1369 1867 1443">
    <p class='ocr_par' dir='ltr' id='par_1_13' title="bbox 262 1369 1867 1443">
     <span class='ocr_line' id='line_1_13' title="bbox 262 1369 1867 1443; baseline 0 -17"><span class='ocrx_word' id='word_1_78' title='bbox 262 1372 542 1426; x_wconf 79' lang='lat' dir='ltr'><strong>fraternas</strong></span> <span class='ocrx_word' id='word_1_79' title='bbox 566 1369 861 1443; x_wconf 76' lang='lat' dir='ltr'><strong>cohortes],</strong></span> <span class='ocrx_word' id='word_1_80' title='bbox 893 1370 1189 1426; x_wconf 79' lang='lat' dir='ltr'><strong>solitariam</strong></span> <span class='ocrx_word' id='word_1_81' title='bbox 1212 1373 1676 1432; x_wconf 78' lang='lat' dir='ltr'><strong>conversationem</strong></span> <span class='ocrx_word' id='word_1_82' title='bbox 1699 1381 1755 1427; x_wconf 86' lang='lat' dir='ltr'><strong>et</strong></span> <span class='ocrx_word' id='word_1_83' title='bbox 1781 1388 1867 1426; x_wconf 88' lang='lat' dir='ltr'><strong>se-</strong></span> 
     </span>
    </p>
   </div>
   <div class='ocr_carea' id='block_1_14' title="bbox 261 1461 1869 1534">
    <p class='ocr_par' dir='ltr' id='par_1_14' title="bbox 261 1461 1869 1534">
     <span class='ocr_line' id='line_1_14' title="bbox 261 1461 1869 1534; baseline -0.002 -15"><span class='ocrx_word' id='word_1_84' title='bbox 261 1474 451 1524; x_wconf 85' lang='lat' dir='ltr'><strong>cretas</strong></span> <span class='ocrx_word' id='word_1_85' title='bbox 473 1463 767 1527; x_wconf 89' lang='lat' dir='ltr'><strong>orationes,</strong></span> <span class='ocrx_word' id='word_1_86' title='bbox 790 1470 845 1516; x_wconf 89' lang='lat' dir='ltr'><strong>et</strong></span> <span class='ocrx_word' id='word_1_87' title='bbox 864 1461 1191 1530; x_wconf 81' lang='lat' dir='ltr'><strong>jejnnio&#39;rum</strong></span> <span class='ocrx_word' id='word_1_88' title='bbox 1221 1464 1555 1534; x_wconf 90' lang='lat' dir='ltr'><strong>propositum</strong></span> <span class='ocrx_word' id='word_1_89' title='bbox 1585 1463 1869 1534; x_wconf 89' lang='lat' dir='ltr'><strong>diligenter</strong></span> 
     </span>
    </p>
   </div>
   <div class='ocr_carea' id='block_1_15' title="bbox 260 1552 1869 1625">
    <p class='ocr_par' dir='ltr' id='par_1_15' title="bbox 260 1552 1869 1625">
     <span class='ocr_line' id='line_1_15' title="bbox 260 1552 1869 1625; baseline 0 -16"><span class='ocrx_word' id='word_1_90' title='bbox 260 1554 535 1619; x_wconf 85' lang='lat' dir='ltr'><strong>observa;</strong></span> <span class='ocrx_word' id='word_1_91' title='bbox 563 1552 690 1622; x_wconf 89' lang='lat' dir='ltr'><strong>quia</strong></span> <span class='ocrx_word' id='word_1_92' title='bbox 719 1567 824 1606; x_wconf 90' lang='lat' dir='ltr'><strong>non</strong></span> <span class='ocrx_word' id='word_1_93' title='bbox 853 1552 946 1621; x_wconf 87' lang='lat' dir='ltr'><strong>qui</strong></span> <span class='ocrx_word' id='word_1_94' title='bbox 972 1554 1216 1622; x_wconf 81' lang='lat' dir='ltr'><strong>coeperit,</strong></span> <span class='ocrx_word' id='word_1_95' title='bbox 1248 1554 1340 1608; x_wconf 88' lang='lat' dir='ltr'><strong>sed</strong></span> <span class='ocrx_word' id='word_1_96' title='bbox 1368 1555 1459 1624; x_wconf 86' lang='lat' dir='ltr'><strong>qui</strong></span> <span class='ocrx_word' id='word_1_97' title='bbox 1488 1568 1869 1625; x_wconf 88' lang='lat' dir='ltr'><strong>perseverave-</strong></span> 
     </span>
    </p>
   </div>
   <div class='ocr_carea' id='block_1_16' title="bbox 264 1642 1871 1714">
    <p class='ocr_par' dir='ltr' id='par_1_16' title="bbox 264 1642 1871 1714">
     <span class='ocr_line' id='line_1_16' title="bbox 264 1642 1871 1714; baseline 0.001 -14"><span class='ocrx_word' id='word_1_98' title='bbox 264 1644 360 1708; x_wconf 87' lang='lat' dir='ltr'><strong>rit,</strong></span> <span class='ocrx_word' id='word_1_99' title='bbox 396 1651 503 1699; x_wconf 90' lang='lat' dir='ltr'><strong>etc.</strong></span> <span class='ocrx_word' id='word_1_100' title='bbox 544 1643 757 1713; x_wconf 74' lang='lat' dir='ltr'><strong>(Matth.</strong></span> <span class='ocrx_word' id='word_1_101' title='bbox 793 1658 845 1704; x_wconf 69' lang='grc' dir='ltr'><strong>ι,</strong></span> <span class='ocrx_word' id='word_1_102' title='bbox 879 1642 993 1714; x_wconf 69' lang='grc'>22).</span> <span class='ocrx_word' id='word_1_103' title='bbox 1040 1642 1250 1713; x_wconf 82' lang='lat' dir='ltr'><strong>Meque,</strong></span> <span class='ocrx_word' id='word_1_104' title='bbox 1293 1644 1535 1709; x_wconf 88' lang='lat' dir='ltr'><strong>obsecro,</strong></span> <span class='ocrx_word' id='word_1_105' title='bbox 1577 1647 1629 1700; x_wconf 92' lang='lat' dir='ltr'><strong>in</strong></span> <span class='ocrx_word' id='word_1_106' title='bbox 1668 1647 1871 1702; x_wconf 89' lang='lat' dir='ltr'><strong>sanctis</strong></span> 
     </span>
    </p>
   </div>
   <div class='ocr_carea' id='block_1_17' title="bbox 262 1733 1870 1810">
    <p class='ocr_par' dir='ltr' id='par_1_17' title="bbox 262 1733 1870 1810">
     <span class='ocr_line' id='line_1_17' title="bbox 262 1733 1870 1810; baseline 0.003 -21"><span class='ocrx_word' id='word_1_107' title='bbox 262 1734 378 1789; x_wconf 83' lang='lat' dir='ltr'><strong>tuis</strong></span> <span class='ocrx_word' id='word_1_108' title='bbox 426 1733 763 1810; x_wconf 76' lang='lat' dir='ltr'><strong>orationibus</strong></span> <span class='ocrx_word' id='word_1_109' title='bbox 801 1733 997 1789; x_wconf 88' lang='lat' dir='ltr'><strong>habeto</strong></span> <span class='ocrx_word' id='word_1_110' title='bbox 1050 1736 1456 1803; x_wconf 89' lang='lat' dir='ltr'><strong>memorialiter,</strong></span> <span class='ocrx_word' id='word_1_111' title='bbox 1507 1739 1648 1793; x_wconf 87' lang='lat' dir='ltr'><strong>sicut</strong></span> <span class='ocrx_word' id='word_1_112' title='bbox 1691 1738 1870 1794; x_wconf 87' lang='lat' dir='ltr'><strong>Buitta</strong></span> 
     </span>
    </p>
   </div>
   <div class='ocr_carea' id='block_1_18' title="bbox 265 1824 1874 1899">
    <p class='ocr_par' dir='ltr' id='par_1_18' title="bbox 265 1824 1874 1899">
     <span class='ocr_line' id='line_1_18' title="bbox 265 1824 1874 1899; baseline 0.002 -19"><span class='ocrx_word' id='word_1_113' title='bbox 265 1825 404 1880; x_wconf 82' lang='lat' dir='ltr'><strong>mihi</strong></span> <span class='ocrx_word' id='word_1_114' title='bbox 446 1839 516 1879; x_wconf 77' lang='lat' dir='ltr'><strong>ex</strong></span> <span class='ocrx_word' id='word_1_115' title='bbox 561 1824 669 1879; x_wconf 90' lang='lat' dir='ltr'><strong>tuis</strong></span> <span class='ocrx_word' id='word_1_116' title='bbox 714 1825 893 1880; x_wconf 86' lang='lat' dir='ltr'><strong>verbis</strong></span> <span class='ocrx_word' id='word_1_117' title='bbox 941 1824 1083 1898; x_wconf 80' lang='lat' dir='ltr'><strong>fideli</strong></span> <span class='ocrx_word' id='word_1_118' title='bbox 1134 1827 1397 1883; x_wconf 88' lang='lat' dir='ltr'><strong>relatione</strong></span> <span class='ocrx_word' id='word_1_119' title='bbox 1436 1829 1686 1899; x_wconf 84' lang='lat' dir='ltr'><strong>promisit</strong></span> <span class='ocrx_word' id='word_1_120' title='bbox 1738 1848 1751 1881; x_wconf 89' lang='lat'><strong>:</strong></span> <span class='ocrx_word' id='word_1_121' title='bbox 1792 1831 1874 1884; x_wconf 86' lang='lat' dir='ltr'><strong>vi-</strong></span> 
     </span>
    </p>
   </div>
   <div class='ocr_carea' id='block_1_19' title="bbox 1968 641 3559 719">
    <p class='ocr_par' dir='ltr' id='par_1_19' title="bbox 1968 641 3559 719">
     <span class='ocr_line' id='line_1_19' title="bbox 1968 641 3559 719; baseline 0.006 -22"><span class='ocrx_word' id='word_1_122' title='bbox 1968 644 2054 698; x_wconf 87' lang='lat' dir='ltr'><strong>nis</strong></span> <span class='ocrx_word' id='word_1_123' title='bbox 2084 641 2256 714; x_wconf 88' lang='lat' dir='ltr'><strong>gloria</strong></span> <span class='ocrx_word' id='word_1_124' title='bbox 2286 646 2630 701; x_wconf 82' lang='lat' dir='ltr'><strong>remuneret?</strong></span> <span class='ocrx_word' id='word_1_125' title='bbox 2667 645 2780 702; x_wconf 83' lang='lat' dir='ltr'><strong>Hoc</strong></span> <span class='ocrx_word' id='word_1_126' title='bbox 2805 646 3030 719; x_wconf 73' lang='lat' dir='ltr'><strong>singulis</strong></span> <span class='ocrx_word' id='word_1_127' title='bbox 3063 648 3368 718; x_wconf 77' lang='lat' dir='ltr'><strong>vigiliarum</strong></span> <span class='ocrx_word' id='word_1_128' title='bbox 3407 667 3559 707; x_wconf 87' lang='lat' dir='ltr'><strong>mea-</strong></span> 
     </span>
    </p>
   </div>
   <div class='ocr_carea' id='block_1_20' title="bbox 1971 734 3559 811">
    <p class='ocr_par' dir='ltr' id='par_1_20' title="bbox 1971 734 3559 811">
     <span class='ocr_line' id='line_1_20' title="bbox 1971 734 3559 811; baseline 0.007 -25"><span class='ocrx_word' id='word_1_129' title='bbox 1971 747 2088 787; x_wconf 90' lang='lat' dir='ltr'><strong>rum</strong></span> <span class='ocrx_word' id='word_1_130' title='bbox 2115 734 2419 799; x_wconf 88' lang='lat' dir='ltr'><strong>momentis,</strong></span> <span class='ocrx_word' id='word_1_131' title='bbox 2446 736 2549 790; x_wconf 90' lang='lat' dir='ltr'><strong>hoc</strong></span> <span class='ocrx_word' id='word_1_132' title='bbox 2572 736 2883 805; x_wconf 77' lang='lat' dir='ltr'><strong>quotidiana</strong></span> <span class='ocrx_word' id='word_1_133' title='bbox 2904 738 3297 807; x_wconf 86' lang='lat' dir='ltr'><strong>supplicatione</strong></span> <span class='ocrx_word' id='word_1_134' title='bbox 3320 743 3559 811; x_wconf 84' lang='lat' dir='ltr'><strong>requiro.</strong></span> 
     </span>
    </p>
   </div>
   <div class='ocr_carea' id='block_1_21' title="bbox 1968 821 3562 894">
    <p class='ocr_par' dir='ltr' id='par_1_21' title="bbox 1968 821 3562 894">
     <span class='ocr_line' id='line_1_21' title="bbox 1968 821 3562 894; baseline 0.008 -19"><span class='ocrx_word' id='word_1_135' title='bbox 1968 821 2031 875; x_wconf 87' lang='lat' dir='ltr'><strong>in</strong></span> <span class='ocrx_word' id='word_1_136' title='bbox 2056 821 2156 878; x_wconf 85' lang='lat' dir='ltr'><strong>hac</strong></span> <span class='ocrx_word' id='word_1_137' title='bbox 2184 838 2342 893; x_wconf 89' lang='lat' dir='ltr'><strong>prece</strong></span> <span class='ocrx_word' id='word_1_138' title='bbox 2377 824 2429 877; x_wconf 87' lang='lat' dir='ltr'><strong>in</strong></span> <span class='ocrx_word' id='word_1_139' title='bbox 2468 832 2759 894; x_wconf 76' lang='lat' dir='ltr'><strong>conspectu</strong></span> <span class='ocrx_word' id='word_1_140' title='bbox 2788 825 3072 891; x_wconf 81' lang='lat' dir='ltr'><strong>Altissimi,</strong></span> <span class='ocrx_word' id='word_1_141' title='bbox 3103 828 3562 887; x_wconf 79' lang='lat' dir='ltr'><strong>intimasdeside-</strong></span> 
     </span>
    </p>
   </div>
   <div class='ocr_carea' id='block_1_22' title="bbox 1964 912 3563 989">
    <p class='ocr_par' dir='ltr' id='par_1_22' title="bbox 1964 912 3563 989">
     <span class='ocr_line' id='line_1_22' title="bbox 1964 912 3563 989; baseline 0.008 -25"><span class='ocrx_word' id='word_1_142' title='bbox 1964 912 2034 965; x_wconf 82' lang='lat' dir='ltr'><strong>rii</strong></span> <span class='ocrx_word' id='word_1_143' title='bbox 2075 912 2181 968; x_wconf 90' lang='lat' dir='ltr'><strong>mei</strong></span> <span class='ocrx_word' id='word_1_144' title='bbox 2223 913 2488 983; x_wconf 85' lang='lat' dir='ltr'><strong>lacrymas</strong></span> <span class='ocrx_word' id='word_1_145' title='bbox 2512 929 2610 984; x_wconf 88' lang='lat' dir='ltr'><strong>per</strong></span> <span class='ocrx_word' id='word_1_146' title='bbox 2648 914 2765 968; x_wconf 88' lang='lat' dir='ltr'><strong>loca</strong></span> <span class='ocrx_word' id='word_1_147' title='bbox 2794 926 3105 971; x_wconf 87' lang='lat' dir='ltr'><strong>sanctorum</strong></span> <span class='ocrx_word' id='word_1_148' title='bbox 3144 928 3441 989; x_wconf 82' lang='lat' dir='ltr'><strong>martyrum</strong></span> <span class='ocrx_word' id='word_1_149' title='bbox 3480 924 3563 977; x_wconf 82' lang='lat' dir='ltr'><strong>vel</strong></span> 
     </span>
    </p>
   </div>
   <div class='ocr_carea' id='block_1_23' title="bbox 1967 998 3565 1073">
    <p class='ocr_par' dir='ltr' id='par_1_23' title="bbox 1967 998 3565 1073">
     <span class='ocr_line' id='line_1_23' title="bbox 1967 998 3565 1073; baseline 0.009 -20"><span class='ocrx_word' id='word_1_150' title='bbox 1967 998 2342 1056; x_wconf 86' lang='lat' dir='ltr'><strong>confessorum</strong></span> <span class='ocrx_word' id='word_1_151' title='bbox 2366 1002 2591 1068; x_wconf 88' lang='lat' dir='ltr'><strong>Christi,</strong></span> <span class='ocrx_word' id='word_1_152' title='bbox 2621 1019 2728 1072; x_wconf 91' lang='lat' dir='ltr'><strong>quo</strong></span> <span class='ocrx_word' id='word_1_153' title='bbox 2752 1019 2839 1058; x_wconf 89' lang='lat' dir='ltr'><strong>me</strong></span> <span class='ocrx_word' id='word_1_154' title='bbox 2867 1004 2971 1073; x_wconf 89' lang='lat' dir='ltr'><strong>iter</strong></span> <span class='ocrx_word' id='word_1_155' title='bbox 3010 1005 3565 1069; x_wconf 34' lang='lat' dir='ltr'><strong>instabilitatis&#39;dedu-</strong></span> 
     </span>
    </p>
   </div>
   <div class='ocr_carea' id='block_1_24' title="bbox 1968 1090 2651 1154">
    <p class='ocr_par' dir='ltr' id='par_1_24' title="bbox 1968 1090 2651 1154">
     <span class='ocr_line' id='line_1_24' title="bbox 1968 1090 2651 1154; baseline 0.003 -12"><span class='ocrx_word' id='word_1_156' title='bbox 1968 1090 2061 1154; x_wconf 88' lang='lat' dir='ltr'><strong>cit,</strong></span> <span class='ocrx_word' id='word_1_157' title='bbox 2097 1090 2319 1146; x_wconf 88' lang='lat' dir='ltr'><strong>fundere</strong></span> <span class='ocrx_word' id='word_1_158' title='bbox 2343 1108 2449 1147; x_wconf 92' lang='lat' dir='ltr'><strong>non</strong></span> <span class='ocrx_word' id='word_1_159' title='bbox 2474 1108 2651 1151; x_wconf 83' lang='lat' dir='ltr'><strong>cesso.</strong></span> 
     </span>
    </p>
   </div>
   <div class='ocr_carea' id='block_1_25' title="bbox 2044 1181 3566 1260">
    <p class='ocr_par' dir='ltr' id='par_1_25' title="bbox 2044 1181 3566 1260">
     <span class='ocr_line' id='line_1_25' title="bbox 2044 1181 3566 1260; baseline 0.008 -25"><span class='ocrx_word' id='word_1_160' title='bbox 2044 1181 2152 1241; x_wconf 62' lang='lat' dir='ltr'><strong>VIus</strong></span> <span class='ocrx_word' id='word_1_161' title='bbox 2175 1196 2390 1253; x_wconf 85' lang='lat' dir='ltr'><strong>semper</strong></span> <span class='ocrx_word' id='word_1_162' title='bbox 2425 1184 2477 1237; x_wconf 90' lang='lat' dir='ltr'><strong>in</strong></span> <span class='ocrx_word' id='word_1_163' title='bbox 2499 1184 2680 1247; x_wconf 69' lang='lat' dir='ltr'><strong>corde,</strong></span> <span class='ocrx_word' id='word_1_164' title='bbox 2707 1193 2763 1238; x_wconf 89' lang='lat' dir='ltr'><strong>et</strong></span> <span class='ocrx_word' id='word_1_165' title='bbox 2786 1186 2946 1254; x_wconf 87' lang='lat' dir='ltr'><strong>primi</strong></span> <span class='ocrx_word' id='word_1_166' title='bbox 2978 1185 3119 1242; x_wconf 92' lang='lat' dir='ltr'><strong>inter</strong></span> <span class='ocrx_word' id='word_1_167' title='bbox 3143 1192 3311 1245; x_wconf 89' lang='lat' dir='ltr'><strong>verba</strong></span> <span class='ocrx_word' id='word_1_168' title='bbox 3339 1205 3566 1260; x_wconf 76' lang='lat' dir='ltr'><strong>precan-</strong></span> 
     </span>
    </p>
   </div>
   <div class='ocr_carea' id='block_1_26' title="bbox 1976 1272 3566 1343">
    <p class='ocr_par' dir='ltr' id='par_1_26' title="bbox 1976 1272 3566 1343">
     <span class='ocr_line' id='line_1_26' title="bbox 1976 1272 3566 1343; baseline 0.007 -19"><span class='ocrx_word' id='word_1_169' title='bbox 1976 1272 2046 1325; x_wconf 86' lang='lat' dir='ltr'><strong>tia</strong></span> <span class='ocrx_word' id='word_1_170' title='bbox 2074 1272 2130 1325; x_wconf 93' lang='lat' dir='ltr'><strong>in</strong></span> <span class='ocrx_word' id='word_1_171' title='bbox 2152 1286 2265 1326; x_wconf 92' lang='lat' dir='ltr'><strong>ore.</strong></span> <span class='ocrx_word' id='word_1_172' title='bbox 2308 1273 2429 1335; x_wconf 83' lang='lat' dir='ltr'><strong>Vos,</strong></span> <span class='ocrx_word' id='word_1_173' title='bbox 2465 1273 2692 1343; x_wconf 88' lang='lat' dir='ltr'><strong>piissimi</strong></span> <span class='ocrx_word' id='word_1_174' title='bbox 2724 1274 2931 1339; x_wconf 88' lang='lat' dir='ltr'><strong>Patres,</strong></span> <span class='ocrx_word' id='word_1_175' title='bbox 2957 1291 3051 1331; x_wconf 90' lang='lat' dir='ltr'><strong>seu</strong></span> <span class='ocrx_word' id='word_1_176' title='bbox 3092 1277 3146 1331; x_wconf 91' lang='lat' dir='ltr'><strong>in</strong></span> <span class='ocrx_word' id='word_1_177' title='bbox 3185 1279 3566 1335; x_wconf 86' lang='lat' dir='ltr'><strong>communibus</strong></span> 
     </span>
    </p>
   </div>
   <div class='ocr_carea' id='block_1_27' title="bbox 1974 1362 3573 1438">
    <p class='ocr_par' dir='ltr' id='par_1_27' title="bbox 1974 1362 3573 1438">
     <span class='ocr_line' id='line_1_27' title="bbox 1974 1362 3573 1438; baseline 0.004 -21"><span class='ocrx_word' id='word_1_178' title='bbox 1974 1370 2176 1417; x_wconf 72' lang='lat' dir='ltr'><strong>sancta:</strong></span> <span class='ocrx_word' id='word_1_179' title='bbox 2199 1362 2467 1418; x_wconf 88' lang='lat' dir='ltr'><strong>orationis</strong></span> <span class='ocrx_word' id='word_1_180' title='bbox 2494 1362 2645 1429; x_wconf 85' lang='lat' dir='ltr'><strong>foris,</strong></span> <span class='ocrx_word' id='word_1_181' title='bbox 2677 1364 2764 1418; x_wconf 88' lang='lat' dir='ltr'><strong>vel</strong></span> <span class='ocrx_word' id='word_1_182' title='bbox 2790 1365 2842 1418; x_wconf 94' lang='lat' dir='ltr'><strong>in</strong></span> <span class='ocrx_word' id='word_1_183' title='bbox 2870 1366 3095 1421; x_wconf 88' lang='lat' dir='ltr'><strong>secretis</strong></span> <span class='ocrx_word' id='word_1_184' title='bbox 3125 1368 3573 1438; x_wconf 83' lang='lat' dir='ltr'><strong>deprecationum</strong></span> 
     </span>
    </p>
   </div>
   <div class='ocr_carea' id='block_1_28' title="bbox 1974 1455 3579 1525">
    <p class='ocr_par' dir='ltr' id='par_1_28' title="bbox 1974 1455 3579 1525">
     <span class='ocr_line' id='line_1_28' title="bbox 1974 1455 3579 1525; baseline 0.003 -14"><span class='ocrx_word' id='word_1_185' title='bbox 1974 1464 2277 1511; x_wconf 86' lang='lat' dir='ltr'><strong>vestrarum</strong></span> <span class='ocrx_word' id='word_1_186' title='bbox 2301 1455 2779 1511; x_wconf 89' lang='lat' dir='ltr'><strong>intercessionibus</strong></span> <span class='ocrx_word' id='word_1_187' title='bbox 2800 1455 3086 1512; x_wconf 83' lang='lat' dir='ltr'><strong>Alcuinum</strong></span> <span class='ocrx_word' id='word_1_188' title='bbox 3114 1459 3282 1514; x_wconf 87' lang='lat' dir='ltr'><strong>filium</strong></span> <span class='ocrx_word' id='word_1_189' title='bbox 3306 1470 3579 1525; x_wconf 52' lang='lat' dir='ltr'><strong>vestrum,</strong></span> 
     </span>
    </p>
   </div>
   <div class='ocr_carea' id='block_1_29' title="bbox 1972 1546 3566 1620">
    <p class='ocr_par' dir='ltr' id='par_1_29' title="bbox 1972 1546 3566 1620">
     <span class='ocr_line' id='line_1_29' title="bbox 1972 1546 3566 1620; baseline 0.001 -19"><span class='ocrx_word' id='word_1_190' title='bbox 1972 1562 2072 1620; x_wconf 90' lang='lat' dir='ltr'><strong>per</strong></span> <span class='ocrx_word' id='word_1_191' title='bbox 2096 1546 2192 1602; x_wconf 90' lang='lat' dir='ltr'><strong>Dei</strong></span> <span class='ocrx_word' id='word_1_192' title='bbox 2218 1547 2477 1617; x_wconf 84' lang='lat' dir='ltr'><strong>deprecor</strong></span> <span class='ocrx_word' id='word_1_193' title='bbox 2503 1546 2846 1613; x_wconf 89' lang='lat' dir='ltr'><strong>charitatem,</strong></span> <span class='ocrx_word' id='word_1_194' title='bbox 2871 1546 3073 1619; x_wconf 88' lang='lat' dir='ltr'><strong>jugiter</strong></span> <span class='ocrx_word' id='word_1_195' title='bbox 3102 1548 3154 1603; x_wconf 94' lang='lat' dir='ltr'><strong>in</strong></span> <span class='ocrx_word' id='word_1_196' title='bbox 3185 1550 3348 1605; x_wconf 88' lang='lat' dir='ltr'><strong>corde</strong></span> <span class='ocrx_word' id='word_1_197' title='bbox 3376 1550 3566 1605; x_wconf 82' lang='lat' dir='ltr'><strong>habete</strong></span> 
     </span>
    </p>
   </div>
   <div class='ocr_carea' id='block_1_30' title="bbox 1972 1640 3567 1709">
    <p class='ocr_par' dir='ltr' id='par_1_30' title="bbox 1972 1640 3567 1709">
     <span class='ocr_line' id='line_1_30' title="bbox 1972 1640 3567 1709; baseline 0.001 -14"><span class='ocrx_word' id='word_1_198' title='bbox 1972 1648 2027 1695; x_wconf 91' lang='lat' dir='ltr'><strong>et</strong></span> <span class='ocrx_word' id='word_1_199' title='bbox 2052 1641 2108 1694; x_wconf 89' lang='lat' dir='ltr'><strong>in</strong></span> <span class='ocrx_word' id='word_1_200' title='bbox 2132 1654 2247 1694; x_wconf 89' lang='lat' dir='ltr'><strong>ore.</strong></span> <span class='ocrx_word' id='word_1_201' title='bbox 2282 1640 2386 1694; x_wconf 86' lang='lat' dir='ltr'><strong>Vos</strong></span> <span class='ocrx_word' id='word_1_202' title='bbox 2410 1653 2642 1709; x_wconf 86' lang='lat' dir='ltr'><strong>quoque,</strong></span> <span class='ocrx_word' id='word_1_203' title='bbox 2675 1640 2768 1708; x_wconf 85' lang='lat' dir='ltr'><strong>qui</strong></span> <span class='ocrx_word' id='word_1_204' title='bbox 2791 1640 2926 1695; x_wconf 88' lang='lat' dir='ltr'><strong>estis</strong></span> <span class='ocrx_word' id='word_1_205' title='bbox 2950 1650 3110 1695; x_wconf 66' lang='lat' dir='ltr'><strong>aetate</strong></span> <span class='ocrx_word' id='word_1_206' title='bbox 3134 1640 3264 1705; x_wconf 59' lang='lat' dir='ltr'><strong>filii.</strong></span> <span class='ocrx_word' id='word_1_207' title='bbox 3280 1641 3374 1696; x_wconf 91' lang='lat' dir='ltr'><strong>sed</strong></span> <span class='ocrx_word' id='word_1_208' title='bbox 3404 1643 3567 1699; x_wconf 81' lang='lat' dir='ltr'><strong>meri.-</strong></span> 
     </span>
    </p>
   </div>
   <div class='ocr_carea' id='block_1_31' title="bbox 1973 1732 3623 1802">
    <p class='ocr_par' dir='ltr' id='par_1_31' title="bbox 1973 1732 3623 1802">
     <span class='ocr_line' id='line_1_31' title="bbox 1973 1732 3623 1802; baseline -0.001 -13"><span class='ocrx_word' id='word_1_209' title='bbox 1973 1742 2152 1789; x_wconf 89' lang='lat' dir='ltr'><strong>torum</strong></span> <span class='ocrx_word' id='word_1_210' title='bbox 2199 1734 2488 1789; x_wconf 84' lang='lat' dir='ltr'><strong>sanctitate</strong></span> <span class='ocrx_word' id='word_1_211' title='bbox 2528 1732 2736 1796; x_wconf 86' lang='lat' dir='ltr'><strong>Patres,</strong></span> <span class='ocrx_word' id='word_1_212' title='bbox 2784 1747 2883 1802; x_wconf 84' lang='lat' dir='ltr'><strong>per</strong></span> <span class='ocrx_word' id='word_1_213' title='bbox 2908 1733 3146 1792; x_wconf 88' lang='lat' dir='ltr'><strong>divinam</strong></span> <span class='ocrx_word' id='word_1_214' title='bbox 3174 1732 3565 1789; x_wconf 36' lang='lat' dir='ltr'><strong>obtester‘cle-</strong></span> <span class='ocrx_word' id='word_1_215' title='bbox 3617 1784 3623 1791; x_wconf 87' lang='grc'>,</span> 
     </span>
    </p>
   </div>
   <div class='ocr_carea' id='block_1_32' title="bbox 1976 1825 3603 1895">
    <p class='ocr_par' dir='ltr' id='par_1_32' title="bbox 1976 1825 3603 1895">
     <span class='ocr_line' id='line_1_32' title="bbox 1976 1825 3603 1895; baseline 0.001 -16"><span class='ocrx_word' id='word_1_216' title='bbox 1976 1826 2256 1890; x_wconf 87' lang='lat' dir='ltr'><strong>mentiam,</strong></span> <span class='ocrx_word' id='word_1_217' title='bbox 2288 1841 2563 1895; x_wconf 83' lang='lat' dir='ltr'><strong>nunquam</strong></span> <span class='ocrx_word' id='word_1_218' title='bbox 2590 1825 2910 1880; x_wconf 87' lang='lat' dir='ltr'><strong>eruditionis</strong></span> <span class='ocrx_word' id='word_1_219' title='bbox 2931 1834 3125 1880; x_wconf 78' lang='lat' dir='ltr'><strong>vestra:</strong></span> <span class='ocrx_word' id='word_1_220' title='bbox 3146 1826 3199 1880; x_wconf 91' lang='lat' dir='ltr'><strong>in</strong></span> <span class='ocrx_word' id='word_1_221' title='bbox 3222 1827 3425 1882; x_wconf 90' lang='lat' dir='ltr'><strong>sanctis</strong></span> <span class='ocrx_word' id='word_1_222' title='bbox 3449 1842 3567 1881; x_wconf 81' lang='lat' dir='ltr'><strong>ora-</strong></span> <span class='ocrx_word' id='word_1_223' title='bbox 3598 1843 3603 1847; x_wconf 67' lang='lat'><em>&#39;</em></span> 
     </span>
    </p>
   </div>
   <div class='ocr_carea' id='block_1_33' title="bbox 264 1898 3571 1992">
    <p class='ocr_par' dir='ltr' id='par_1_33' title="bbox 264 1898 3571 1992">
     <span class='ocr_line' id='line_1_33' title="bbox 264 1898 3571 1992; baseline -0.001 -17"><span class='ocrx_word' id='word_1_224' title='bbox 264 1912 607 1990; x_wconf 76' lang='lat' dir='ltr'><strong>sitantesque</strong></span> <span class='ocrx_word' id='word_1_225' title='bbox 663 1928 716 1973; x_wconf 90' lang='lat' dir='ltr'><strong>te</strong></span> <span class='ocrx_word' id='word_1_226' title='bbox 765 1898 971 1974; x_wconf 87' lang='lat' dir='ltr'><strong>fratres</strong></span> <span class='ocrx_word' id='word_1_227' title='bbox 1009 1921 1376 1976; x_wconf 86' lang='lat' dir='ltr'><strong>consolatione</strong></span> <span class='ocrx_word' id='word_1_228' title='bbox 1414 1898 1584 1977; x_wconf 84' lang='lat' dir='ltr'><strong>sancti</strong></span> <span class='ocrx_word' id='word_1_229' title='bbox 1637 1922 1871 1992; x_wconf 87' lang='lat' dir='ltr'><strong>Spiritus</strong></span> <span class='ocrx_word' id='word_1_230' title='bbox 1901 1903 1946 1961; x_wconf 69' lang='grc' dir='ltr'><strong>Β</strong></span> <span class='ocrx_word' id='word_1_231' title='bbox 1977 1919 2214 1973; x_wconf 88' lang='lat' dir='ltr'><strong>tionibus</strong></span> <span class='ocrx_word' id='word_1_232' title='bbox 2240 1918 2620 1974; x_wconf 71' lang='lat' dir='ltr'><strong>obliviscimini</strong></span> <span class='ocrx_word' id='word_1_233' title='bbox 2648 1919 2987 1989; x_wconf 84' lang='lat' dir='ltr'><strong>magistrum.</strong></span> <span class='ocrx_word' id='word_1_234' title='bbox 3018 1916 3195 1973; x_wconf 81' lang='lat' dir='ltr'><strong>Testis</strong></span> <span class='ocrx_word' id='word_1_235' title='bbox 3222 1919 3366 1973; x_wconf 82' lang='lat' dir='ltr'><strong>enim</strong></span> <span class='ocrx_word' id='word_1_236' title='bbox 3392 1918 3571 1974; x_wconf 86' lang='lat' dir='ltr'><strong>cordis</strong></span> 
     </span>
    </p>
   </div>
   <div class='ocr_carea' id='block_1_34' title="bbox 262 2009 1866 2081">
    <p class='ocr_par' dir='ltr' id='par_1_34' title="bbox 262 2009 1866 2081">
     <span class='ocr_line' id='line_1_34' title="bbox 262 2009 1866 2081; baseline 0.001 -16"><span class='ocrx_word' id='word_1_237' title='bbox 262 2010 559 2081; x_wconf 79' lang='lat' dir='ltr'><strong>diligenter</strong></span> <span class='ocrx_word' id='word_1_238' title='bbox 596 2009 863 2075; x_wconf 86' lang='lat' dir='ltr'><strong>admone,</strong></span> <span class='ocrx_word' id='word_1_239' title='bbox 900 2011 1196 2066; x_wconf 80' lang='lat' dir='ltr'><strong>exhortans</strong></span> <span class='ocrx_word' id='word_1_240' title='bbox 1228 2026 1350 2078; x_wconf 90' lang='lat' dir='ltr'><strong>eos,</strong></span> <span class='ocrx_word' id='word_1_241' title='bbox 1391 2021 1449 2066; x_wconf 90' lang='lat' dir='ltr'><strong>nt</strong></span> <span class='ocrx_word' id='word_1_242' title='bbox 1489 2013 1542 2066; x_wconf 91' lang='lat' dir='ltr'><strong>in</strong></span> <span class='ocrx_word' id='word_1_243' title='bbox 1576 2013 1669 2066; x_wconf 89' lang='lat' dir='ltr'><strong>Dei</strong></span> <span class='ocrx_word' id='word_1_244' title='bbox 1698 2013 1866 2068; x_wconf 84' lang='lat' dir='ltr'><strong>confi—</strong></span> 
     </span>
    </p>
   </div>
   <div class='ocr_carea' id='block_1_35' title="bbox 264 2099 1872 2174">
    <p class='ocr_par' dir='ltr' id='par_1_35' title="bbox 264 2099 1872 2174">
     <span class='ocr_line' id='line_1_35' title="bbox 264 2099 1872 2174; baseline 0.001 -18"><span class='ocrx_word' id='word_1_245' title='bbox 264 2101 407 2156; x_wconf 82' lang='lat' dir='ltr'><strong>dant</strong></span> <span class='ocrx_word' id='word_1_246' title='bbox 428 2099 795 2169; x_wconf 86' lang='lat' dir='ltr'><strong>protectione,</strong></span> <span class='ocrx_word' id='word_1_247' title='bbox 828 2107 885 2154; x_wconf 89' lang='lat' dir='ltr'><strong>et</strong></span> <span class='ocrx_word' id='word_1_248' title='bbox 922 2100 1307 2155; x_wconf 87' lang='lat' dir='ltr'><strong>intercessione</strong></span> <span class='ocrx_word' id='word_1_249' title='bbox 1333 2102 1506 2174; x_wconf 86' lang='lat' dir='ltr'><strong>sancti</strong></span> <span class='ocrx_word' id='word_1_250' title='bbox 1543 2100 1872 2157; x_wconf 88' lang='lat' dir='ltr'><strong>Cudberchti</strong></span> 
     </span>
    </p>
   </div>
   <div class='ocr_carea' id='block_1_36' title="bbox 263 2188 1871 2260">
    <p class='ocr_par' dir='ltr' id='par_1_36' title="bbox 263 2188 1871 2260">
     <span class='ocr_line' id='line_1_36' title="bbox 263 2188 1871 2260; baseline 0.001 -15"><span class='ocrx_word' id='word_1_251' title='bbox 263 2190 451 2245; x_wconf 84' lang='lat' dir='ltr'><strong>Patris</strong></span> <span class='ocrx_word' id='word_1_252' title='bbox 471 2190 663 2245; x_wconf 87' lang='lat' dir='ltr'><strong>nostri.</strong></span> <span class='ocrx_word' id='word_1_253' title='bbox 688 2188 805 2244; x_wconf 86' lang='lat' dir='ltr'><strong>Non</strong></span> <span class='ocrx_word' id='word_1_254' title='bbox 828 2190 883 2243; x_wconf 90' lang='lat' dir='ltr'><strong>in</strong></span> <span class='ocrx_word' id='word_1_255' title='bbox 904 2198 1180 2245; x_wconf 87' lang='lat' dir='ltr'><strong>armorum</strong></span> <span class='ocrx_word' id='word_1_256' title='bbox 1203 2192 1453 2260; x_wconf 75' lang='lat' dir='ltr'><strong>strepitu,</strong></span> <span class='ocrx_word' id='word_1_257' title='bbox 1478 2192 1562 2245; x_wconf 88' lang='lat' dir='ltr'><strong>vel</strong></span> <span class='ocrx_word' id='word_1_258' title='bbox 1585 2194 1639 2246; x_wconf 91' lang='lat' dir='ltr'><strong>in</strong></span> <span class='ocrx_word' id='word_1_259' title='bbox 1661 2194 1871 2248; x_wconf 88' lang='lat' dir='ltr'><strong>ruitura</strong></span> 
     </span>
    </p>
   </div>
   <div class='ocr_carea' id='block_1_37' title="bbox 264 2266 1871 2352">
    <p class='ocr_par' dir='ltr' id='par_1_37' title="bbox 264 2266 1871 2352">
     <span class='ocr_line' id='line_1_37' title="bbox 264 2266 1871 2352; baseline 0.001 -18"><span class='ocrx_word' id='word_1_260' title='bbox 264 2280 509 2349; x_wconf 85' lang='lat' dir='ltr'><strong>lapidum</strong></span> <span class='ocrx_word' id='word_1_261' title='bbox 530 2281 801 2351; x_wconf 88' lang='lat' dir='ltr'><strong>congerie,</strong></span> <span class='ocrx_word' id='word_1_262' title='bbox 829 2281 921 2336; x_wconf 87' lang='lat' dir='ltr'><strong>sed</strong></span> <span class='ocrx_word' id='word_1_263' title='bbox 948 2280 1002 2335; x_wconf 93' lang='lat' dir='ltr'><strong>in</strong></span> <span class='ocrx_word' id='word_1_264' title='bbox 1026 2266 1182 2336; x_wconf 84' lang='lat' dir='ltr'><strong>muro</strong></span> <span class='ocrx_word' id='word_1_265' title='bbox 1200 2282 1419 2351; x_wconf 88' lang='lat' dir='ltr'><strong>pietatis</strong></span> <span class='ocrx_word' id='word_1_266' title='bbox 1444 2296 1690 2352; x_wconf 66' lang='lat' dir='ltr'><strong>supernae</strong></span> <span class='ocrx_word' id='word_1_267' title='bbox 1719 2297 1871 2352; x_wconf 88' lang='lat' dir='ltr'><strong>spem</strong></span> 
     </span>
    </p>
   </div>
   <div class='ocr_carea' id='block_1_38' title="bbox 265 2370 1873 2443">
    <p class='ocr_par' dir='ltr' id='par_1_38' title="bbox 265 2370 1873 2443">
     <span class='ocr_line' id='line_1_38' title="bbox 265 2370 1873 2443; baseline 0.001 -17"><span class='ocrx_word' id='word_1_268' title='bbox 265 2370 373 2426; x_wconf 86' lang='lat' dir='ltr'><strong>sibi</strong></span> <span class='ocrx_word' id='word_1_269' title='bbox 412 2379 577 2425; x_wconf 74' lang='lat' dir='ltr'><strong>certae</strong></span> <span class='ocrx_word' id='word_1_270' title='bbox 602 2370 933 2427; x_wconf 79' lang='lat' dir='ltr'><strong>defensionis</strong></span> <span class='ocrx_word' id='word_1_271' title='bbox 970 2373 1327 2439; x_wconf 86' lang='lat' dir='ltr'><strong>constituant;</strong></span> <span class='ocrx_word' id='word_1_272' title='bbox 1368 2380 1423 2427; x_wconf 90' lang='lat' dir='ltr'><strong>et</strong></span> <span class='ocrx_word' id='word_1_273' title='bbox 1453 2374 1737 2443; x_wconf 66' lang='lat' dir='ltr'><strong>prmsentis</strong></span> <span class='ocrx_word' id='word_1_274' title='bbox 1774 2375 1873 2428; x_wconf 90' lang='lat' dir='ltr'><strong>tri-</strong></span> 
     </span>
    </p>
   </div>
   <div class='ocr_carea' id='block_1_39' title="bbox 263 2458 1873 2518">
    <p class='ocr_par' dir='ltr' id='par_1_39' title="bbox 263 2458 1873 2518">
     <span class='ocr_line' id='line_1_39' title="bbox 263 2458 1873 2518; baseline 0.002 -4"><span class='ocrx_word' id='word_1_275' title='bbox 263 2458 567 2515; x_wconf 89' lang='lat' dir='ltr'><strong>bulationis</strong></span> <span class='ocrx_word' id='word_1_276' title='bbox 606 2461 881 2515; x_wconf 83' lang='lat' dir='ltr'><strong>iniseriam</strong></span> <span class='ocrx_word' id='word_1_277' title='bbox 914 2462 983 2516; x_wconf 89' lang='lat' dir='ltr'><strong>ad</strong></span> <span class='ocrx_word' id='word_1_278' title='bbox 1020 2469 1235 2518; x_wconf 60' lang='grc' dir='ltr'><strong>αξιοι-πω</strong></span> <span class='ocrx_word' id='word_1_279' title='bbox 1272 2462 1547 2518; x_wconf 88' lang='lat' dir='ltr'><strong>felicitatis</strong></span> <span class='ocrx_word' id='word_1_280' title='bbox 1581 2463 1873 2518; x_wconf 84' lang='lat' dir='ltr'><strong>beatitudi-</strong></span> 
     </span>
    </p>
   </div>
   <div class='ocr_carea' id='block_1_40' title="bbox 264 2549 1872 2608">
    <p class='ocr_par' dir='ltr' id='par_1_40' title="bbox 264 2549 1872 2608">
     <span class='ocr_line' id='line_1_40' title="bbox 264 2549 1872 2608; baseline 0.001 -2"><span class='ocrx_word' id='word_1_281' title='bbox 264 2565 395 2606; x_wconf 90' lang='lat' dir='ltr'><strong>nem</strong></span> <span class='ocrx_word' id='word_1_282' title='bbox 430 2549 758 2605; x_wconf 58' lang='lat' dir='ltr'><strong>transferant</strong></span> <span class='ocrx_word' id='word_1_283' title='bbox 790 2565 805 2604; x_wconf 85' lang='lat'><strong>:</strong></span> <span class='ocrx_word' id='word_1_284' title='bbox 836 2549 951 2606; x_wconf 87' lang='lat' dir='ltr'><strong>toto</strong></span> <span class='ocrx_word' id='word_1_285' title='bbox 978 2567 1036 2607; x_wconf 90' lang='lat' dir='ltr'><strong>se</strong></span> <span class='ocrx_word' id='word_1_286' title='bbox 1061 2552 1223 2607; x_wconf 89' lang='lat' dir='ltr'><strong>corde</strong></span> <span class='ocrx_word' id='word_1_287' title='bbox 1244 2561 1564 2607; x_wconf 89' lang='lat' dir='ltr'><strong>convertant</strong></span> <span class='ocrx_word' id='word_1_288' title='bbox 1591 2553 1658 2606; x_wconf 89' lang='lat' dir='ltr'><strong>ad</strong></span> <span class='ocrx_word' id='word_1_289' title='bbox 1691 2553 1872 2608; x_wconf 86' lang='lat' dir='ltr'><strong>Domi-</strong></span> 
     </span>
    </p>
   </div>
   <div class='ocr_carea' id='block_1_41' title="bbox 227 2644 1867 2713">
    <p class='ocr_par' dir='ltr' id='par_1_41' title="bbox 227 2644 1867 2713">
     <span class='ocr_line' id='line_1_41' title="bbox 227 2644 1867 2713; baseline 0 -15"><span class='ocrx_word' id='word_1_290' title='bbox 227 2687 233 2690; x_wconf 78' lang='lat'><strong>.</strong></span> <span class='ocrx_word' id='word_1_291' title='bbox 262 2659 420 2706; x_wconf 87' lang='lat' dir='ltr'><strong>num,</strong></span> <span class='ocrx_word' id='word_1_292' title='bbox 448 2653 505 2699; x_wconf 91' lang='lat' dir='ltr'><strong>et</strong></span> <span class='ocrx_word' id='word_1_293' title='bbox 529 2644 574 2697; x_wconf 89' lang='lat' dir='ltr'><strong>si</strong></span> <span class='ocrx_word' id='word_1_294' title='bbox 602 2644 733 2713; x_wconf 89' lang='lat' dir='ltr'><strong>quid</strong></span> <span class='ocrx_word' id='word_1_295' title='bbox 756 2644 810 2698; x_wconf 91' lang='lat' dir='ltr'><strong>in</strong></span> <span class='ocrx_word' id='word_1_296' title='bbox 828 2644 1070 2699; x_wconf 90' lang='lat' dir='ltr'><strong>moribus</strong></span> <span class='ocrx_word' id='word_1_297' title='bbox 1084 2646 1198 2700; x_wconf 91' lang='lat' dir='ltr'><strong>suis</strong></span> <span class='ocrx_word' id='word_1_298' title='bbox 1224 2645 1617 2700; x_wconf 89' lang='lat' dir='ltr'><strong>emendandum</strong></span> <span class='ocrx_word' id='word_1_299' title='bbox 1647 2646 1735 2708; x_wconf 78' lang='lat' dir='ltr'><strong>sit,</strong></span> <span class='ocrx_word' id='word_1_300' title='bbox 1762 2660 1867 2699; x_wconf 91' lang='lat' dir='ltr'><strong>non</strong></span> 
     </span>
    </p>
   </div>
   <div class='ocr_carea' id='block_1_42' title="bbox 262 2734 1867 2808">
    <p class='ocr_par' dir='ltr' id='par_1_42' title="bbox 262 2734 1867 2808">
     <span class='ocr_line' id='line_1_42' title="bbox 262 2734 1867 2808; baseline 0.002 -20"><span class='ocrx_word' id='word_1_301' title='bbox 262 2734 514 2807; x_wconf 83' lang='lat' dir='ltr'><strong>segniter</strong></span> <span class='ocrx_word' id='word_1_302' title='bbox 539 2735 831 2806; x_wconf 88' lang='lat' dir='ltr'><strong>corrigant,</strong></span> <span class='ocrx_word' id='word_1_303' title='bbox 862 2744 923 2791; x_wconf 94' lang='lat' dir='ltr'><strong>ut</strong></span> <span class='ocrx_word' id='word_1_304' title='bbox 950 2736 1063 2791; x_wconf 81' lang='lat' dir='ltr'><strong>Deo</strong></span> <span class='ocrx_word' id='word_1_305' title='bbox 1084 2736 1297 2792; x_wconf 88' lang='lat' dir='ltr'><strong>illorum</strong></span> <span class='ocrx_word' id='word_1_306' title='bbox 1322 2738 1535 2808; x_wconf 85' lang='lat' dir='ltr'><strong>placeat</strong></span> <span class='ocrx_word' id='word_1_307' title='bbox 1565 2739 1867 2803; x_wconf 87' lang='lat' dir='ltr'><strong>conversio,</strong></span> 
     </span>
    </p>
   </div>
   <div class='ocr_carea' id='block_1_43' title="bbox 263 2824 1873 2898">
    <p class='ocr_par' dir='ltr' id='par_1_43' title="bbox 263 2824 1873 2898">
     <span class='ocr_line' id='line_1_43' title="bbox 263 2824 1873 2898; baseline 0.001 -16"><span class='ocrx_word' id='word_1_308' title='bbox 263 2824 417 2889; x_wconf 75' lang='lat' dir='ltr'><strong>sicut</strong></span> <span class='ocrx_word' id='word_1_309' title='bbox 439 2825 797 2880; x_wconf 76' lang='lat' dir='ltr'><strong>Ninivitarum</strong></span> <span class='ocrx_word' id='word_1_310' title='bbox 826 2826 875 2880; x_wconf 88' lang='lat' dir='ltr'><strong>ei</strong></span> <span class='ocrx_word' id='word_1_311' title='bbox 913 2826 1116 2896; x_wconf 87' lang='lat' dir='ltr'><strong>placuit</strong></span> <span class='ocrx_word' id='word_1_312' title='bbox 1150 2828 1466 2896; x_wconf 76' lang='lat' dir='ltr'><strong>poenitentia</strong></span> <span class='ocrx_word' id='word_1_313' title='bbox 1486 2869 1499 2894; x_wconf 93' lang='lat'><strong>,</strong></span> <span class='ocrx_word' id='word_1_314' title='bbox 1538 2836 1593 2883; x_wconf 92' lang='lat' dir='ltr'><strong>et</strong></span> <span class='ocrx_word' id='word_1_315' title='bbox 1632 2829 1873 2898; x_wconf 88' lang='lat' dir='ltr'><strong>pepercit</strong></span> 
     </span>
    </p>
   </div>
   <div class='ocr_carea' id='block_1_44' title="bbox 265 2916 1872 2989">
    <p class='ocr_par' dir='ltr' id='par_1_44' title="bbox 265 2916 1872 2989">
     <span class='ocr_line' id='line_1_44' title="bbox 265 2916 1872 2989; baseline 0.001 -16"><span class='ocrx_word' id='word_1_316' title='bbox 265 2916 484 2973; x_wconf 86' lang='lat' dir='ltr'><strong>civitati</strong></span> <span class='ocrx_word' id='word_1_317' title='bbox 513 2931 612 2987; x_wconf 88' lang='lat' dir='ltr'><strong>per</strong></span> <span class='ocrx_word' id='word_1_318' title='bbox 637 2916 905 2987; x_wconf 85' lang='lat' dir='ltr'><strong>lacrymas</strong></span> <span class='ocrx_word' id='word_1_319' title='bbox 935 2916 1307 2973; x_wconf 84' lang='lat' dir='ltr'><strong>conﬁtentium</strong></span> <span class='ocrx_word' id='word_1_320' title='bbox 1345 2928 1565 2989; x_wconf 89' lang='lat' dir='ltr'><strong>peccata</strong></span> <span class='ocrx_word' id='word_1_321' title='bbox 1602 2935 1717 2975; x_wconf 90' lang='lat' dir='ltr'><strong>sua.</strong></span> <span class='ocrx_word' id='word_1_322' title='bbox 1752 2920 1872 2975; x_wconf 79' lang='lat' dir='ltr'><strong>Cle-</strong></span> 
     </span>
    </p>
   </div>
   <div class='ocr_carea' id='block_1_45' title="bbox 269 3010 1872 3082">
    <p class='ocr_par' dir='ltr' id='par_1_45' title="bbox 269 3010 1872 3082">
     <span class='ocr_line' id='line_1_45' title="bbox 269 3010 1872 3082; baseline 0.002 -17"><span class='ocrx_word' id='word_1_323' title='bbox 269 3017 539 3065; x_wconf 87' lang='lat' dir='ltr'><strong>mcnsest</strong></span> <span class='ocrx_word' id='word_1_324' title='bbox 567 3010 708 3064; x_wconf 91' lang='lat' dir='ltr'><strong>Deus</strong></span> <span class='ocrx_word' id='word_1_325' title='bbox 728 3017 784 3063; x_wconf 90' lang='lat' dir='ltr'><strong>et</strong></span> <span class='ocrx_word' id='word_1_326' title='bbox 806 3010 1135 3075; x_wconf 85' lang='lat' dir='ltr'><strong>misericors,</strong></span> <span class='ocrx_word' id='word_1_327' title='bbox 1160 3019 1215 3065; x_wconf 88' lang='lat' dir='ltr'><strong>et</strong></span> <span class='ocrx_word' id='word_1_328' title='bbox 1237 3010 1441 3065; x_wconf 86' lang='lat' dir='ltr'><strong>nullum</strong></span> <span class='ocrx_word' id='word_1_329' title='bbox 1470 3012 1795 3082; x_wconf 88' lang='lat' dir='ltr'><strong>derelinquit</strong></span> <span class='ocrx_word' id='word_1_330' title='bbox 1818 3014 1872 3069; x_wconf 92' lang='lat' dir='ltr'><strong>in</strong></span> 
     </span>
    </p>
   </div>
   <div class='ocr_carea' id='block_1_46' title="bbox 265 3099 1875 3169">
    <p class='ocr_par' dir='ltr' id='par_1_46' title="bbox 265 3099 1875 3169">
     <span class='ocr_line' id='line_1_46' title="bbox 265 3099 1875 3169; baseline 0.001 -13"><span class='ocrx_word' id='word_1_331' title='bbox 265 3110 335 3156; x_wconf 83' lang='lat' dir='ltr'><strong>se</strong></span> <span class='ocrx_word' id='word_1_332' title='bbox 360 3107 702 3169; x_wconf 79' lang='lat' dir='ltr'><strong>sperantem;</strong></span> <span class='ocrx_word' id='word_1_333' title='bbox 728 3113 853 3153; x_wconf 90' lang='lat' dir='ltr'><strong>nam</strong></span> <span class='ocrx_word' id='word_1_334' title='bbox 875 3106 931 3153; x_wconf 93' lang='lat' dir='ltr'><strong>et</strong></span> <span class='ocrx_word' id='word_1_335' title='bbox 957 3099 1251 3154; x_wconf 89' lang='lat' dir='ltr'><strong>novissima</strong></span> <span class='ocrx_word' id='word_1_336' title='bbox 1271 3099 1372 3155; x_wconf 84' lang='lat' dir='ltr'><strong>Job</strong></span> <span class='ocrx_word' id='word_1_337' title='bbox 1401 3099 1622 3156; x_wconf 88' lang='lat' dir='ltr'><strong>fuerunt</strong></span> <span class='ocrx_word' id='word_1_338' title='bbox 1650 3103 1875 3159; x_wconf 80' lang='lat' dir='ltr'><strong>meliora</strong></span> 
     </span>
    </p>
   </div>
   <div class='ocr_carea' id='block_1_47' title="bbox 264 3189 1874 3263">
    <p class='ocr_par' dir='ltr' id='par_1_47' title="bbox 264 3189 1874 3263">
     <span class='ocr_line' id='line_1_47' title="bbox 264 3189 1874 3263; baseline 0.004 -18"><span class='ocrx_word' id='word_1_339' title='bbox 264 3189 577 3260; x_wconf 83' lang='lat' dir='ltr'><strong>prioribus;</strong></span> <span class='ocrx_word' id='word_1_340' title='bbox 623 3191 715 3253; x_wconf 82' lang='lat' dir='ltr'><strong>sic</strong></span> <span class='ocrx_word' id='word_1_341' title='bbox 738 3197 794 3245; x_wconf 92' lang='lat' dir='ltr'><strong>et</strong></span> <span class='ocrx_word' id='word_1_342' title='bbox 826 3189 978 3253; x_wconf 88' lang='lat' dir='ltr'><strong>vobis</strong></span> <span class='ocrx_word' id='word_1_343' title='bbox 1011 3191 1175 3246; x_wconf 84' lang='lat' dir='ltr'><strong>credo</strong></span> <span class='ocrx_word' id='word_1_344' title='bbox 1200 3190 1395 3254; x_wconf 82' lang='lat' dir='ltr'><strong>faciat,</strong></span> <span class='ocrx_word' id='word_1_345' title='bbox 1422 3193 1467 3246; x_wconf 91' lang='lat' dir='ltr'><strong>si</strong></span> <span class='ocrx_word' id='word_1_346' title='bbox 1500 3193 1567 3247; x_wconf 89' lang='lat' dir='ltr'><strong>ad</strong></span> <span class='ocrx_word' id='word_1_347' title='bbox 1609 3195 1729 3263; x_wconf 88' lang='lat' dir='ltr'><strong>ejus</strong></span> <span class='ocrx_word' id='word_1_348' title='bbox 1766 3195 1874 3251; x_wconf 87' lang='lat' dir='ltr'><strong>cle-</strong></span> 
     </span>
    </p>
   </div>
   <div class='ocr_carea' id='block_1_48' title="bbox 268 3282 1869 3352">
    <p class='ocr_par' dir='ltr' id='par_1_48' title="bbox 268 3282 1869 3352">
     <span class='ocr_line' id='line_1_48' title="bbox 268 3282 1869 3352; baseline 0.002 -15"><span class='ocrx_word' id='word_1_349' title='bbox 268 3282 535 3337; x_wconf 82' lang='lat' dir='ltr'><strong>mentiam</strong></span> <span class='ocrx_word' id='word_1_350' title='bbox 569 3282 962 3352; x_wconf 88' lang='lat' dir='ltr'><strong>deprecandam</strong></span> <span class='ocrx_word' id='word_1_351' title='bbox 998 3283 1329 3337; x_wconf 85' lang='lat' dir='ltr'><strong>unanimiter</strong></span> <span class='ocrx_word' id='word_1_352' title='bbox 1358 3285 1605 3338; x_wconf 86' lang='lat' dir='ltr'><strong>conversi</strong></span> <span class='ocrx_word' id='word_1_353' title='bbox 1638 3284 1869 3341; x_wconf 91' lang='lat' dir='ltr'><strong>fueritis.</strong></span> 
     </span>
    </p>
   </div>
   <div class='ocr_carea' id='block_1_49' title="bbox 813 3392 1336 3449">
    <p class='ocr_par' dir='ltr' id='par_1_49' title="bbox 813 3392 1336 3449">
     <span class='ocr_line' id='line_1_49' title="bbox 813 3392 1336 3449; baseline -0.002 -1"><span class='ocrx_word' id='word_1_354' title='bbox 813 3406 838 3434; x_wconf 71' lang='grc' dir='ltr'>ι</span> <span class='ocrx_word' id='word_1_355' title='bbox 877 3392 1211 3449; x_wconf 85' lang='lat' dir='ltr'><strong>EPISTOLA</strong></span> <span class='ocrx_word' id='word_1_356' title='bbox 1255 3395 1315 3449; x_wconf 86' lang='lat' dir='ltr'><strong>Vl</strong></span> <span class='ocrx_word' id='word_1_357' title='bbox 1325 3435 1336 3447; x_wconf 91' lang='lat'><strong>.</strong></span> 
     </span>
    </p>
   </div>
   <div class='ocr_carea' id='block_1_50' title="bbox 551 3501 1600 3544">
    <p class='ocr_par' dir='ltr' id='par_1_50' title="bbox 551 3501 1600 3544">
     <span class='ocr_line' id='line_1_50' title="bbox 551 3501 1600 3544; baseline 0.002 -5"><span class='ocrx_word' id='word_1_358' title='bbox 551 3502 615 3539; x_wconf 71' lang='lat' dir='ltr'><strong>AD</strong></span> <span class='ocrx_word' id='word_1_359' title='bbox 654 3501 896 3541; x_wconf 68' lang='lat' dir='ltr'><strong>FRATRI-38</strong></span> <span class='ocrx_word' id='word_1_360' title='bbox 929 3501 1282 3541; x_wconf 68' lang='lat' dir='ltr'><strong>EBOMCENSIS</strong></span> <span class='ocrx_word' id='word_1_361' title='bbox 1316 3503 1600 3544; x_wconf 71' lang='grc' dir='ltr'><strong>εεειεειΑ-ῖ.</strong></span> 
     </span>
    </p>
   </div>
   <div class='ocr_carea' id='block_1_51' title="bbox 771 3577 1376 3653">
    <p class='ocr_par' dir='ltr' id='par_1_51' title="bbox 771 3577 1376 3653">
     <span class='ocr_line' id='line_1_51' title="bbox 771 3577 1376 3653; baseline 0.002 -21"><span class='ocrx_word' id='word_1_362' title='bbox 771 3577 949 3649; x_wconf 90' lang='lat' dir='ltr'><strong>(Circa</strong></span> <span class='ocrx_word' id='word_1_363' title='bbox 986 3594 1185 3633; x_wconf 90' lang='lat' dir='ltr'><strong>annum</strong></span> <span class='ocrx_word' id='word_1_364' title='bbox 1228 3580 1376 3653; x_wconf 78' lang='lat'><strong>795.)</strong></span> 
     </span>
    </p>
   </div>
   <div class='ocr_carea' id='block_1_52' title="bbox 272 3684 1875 3763">
    <p class='ocr_par' dir='ltr' id='par_1_52' title="bbox 272 3684 1875 3763">
     <span class='ocr_line' id='line_1_52' title="bbox 272 3684 1875 3763; baseline 0.006 -21"><span class='ocrx_word' id='word_1_365' title='bbox 272 3686 349 3742; x_wconf 75' lang='lat' dir='ltr'><strong>Sc</strong></span> <span class='ocrx_word' id='word_1_366' title='bbox 370 3685 438 3740; x_wconf 84' lang='lat' dir='ltr'><strong>ab</strong></span> <span class='ocrx_word' id='word_1_367' title='bbox 466 3684 884 3763; x_wconf 76' lang='lat' dir='ltr'><strong>Eboracensibus</strong></span> <span class='ocrx_word' id='word_1_368' title='bbox 906 3689 971 3754; x_wconf 71' lang='lat' dir='ltr'><strong>ob</strong></span> <span class='ocrx_word' id='word_1_369' title='bbox 995 3690 1221 3763; x_wconf 72' lang='lat' dir='ltr'><strong>infamia</strong></span> <span class='ocrx_word' id='word_1_370' title='bbox 1246 3710 1409 3763; x_wconf 76' lang='lat' dir='ltr'><strong>usque</strong></span> <span class='ocrx_word' id='word_1_371' title='bbox 1429 3696 1498 3748; x_wconf 83' lang='lat' dir='ltr'><strong>ad</strong></span> <span class='ocrx_word' id='word_1_372' title='bbox 1524 3695 1722 3750; x_wconf 77' lang='lat' dir='ltr'><strong>virilem</strong></span> <span class='ocrx_word' id='word_1_373' title='bbox 1747 3707 1875 3751; x_wconf 72' lang='grc' dir='ltr'><strong>αντα-</strong></span> 
     </span>
    </p>
   </div>
   <div class='ocr_carea' id='block_1_53' title="bbox 348 3757 1871 3830">
    <p class='ocr_par' dir='ltr' id='par_1_53' title="bbox 348 3757 1871 3830">
     <span class='ocr_line' id='line_1_53' title="bbox 348 3757 1871 3830; baseline 0.005 -18"><span class='ocrx_word' id='word_1_374' title='bbox 348 3766 453 3830; x_wconf 66' lang='lat' dir='ltr'><strong>tem</strong></span> <span class='ocrx_word' id='word_1_375' title='bbox 487 3757 769 3830; x_wconf 75' lang='lat' dir='ltr'><strong>educatum</strong></span> <span class='ocrx_word' id='word_1_376' title='bbox 794 3768 944 3827; x_wconf 85' lang='lat' dir='ltr'><strong>grato</strong></span> <span class='ocrx_word' id='word_1_377' title='bbox 984 3762 1159 3813; x_wconf 81' lang='lat' dir='ltr'><strong>animo</strong></span> <span class='ocrx_word' id='word_1_378' title='bbox 1182 3757 1476 3830; x_wconf 70' lang='grc' dir='ltr'><strong>ρνοιὶἓειιιν.</strong></span> <span class='ocrx_word' id='word_1_379' title='bbox 1504 3764 1727 3818; x_wconf 83' lang='lat' dir='ltr'><strong>Illorum</strong></span> <span class='ocrx_word' id='word_1_380' title='bbox 1757 3782 1871 3821; x_wconf 89' lang='lat' dir='ltr'><strong>om-</strong></span> 
     </span>
    </p>
   </div>
   <div class='ocr_carea' id='block_1_54' title="bbox 343 3827 1899 3897">
    <p class='ocr_par' dir='ltr' id='par_1_54' title="bbox 343 3827 1899 3897">
     <span class='ocr_line' id='line_1_54' title="bbox 343 3827 1899 3897; baseline 0.005 -16"><span class='ocrx_word' id='word_1_381' title='bbox 343 3827 494 3881; x_wconf 78' lang='lat' dir='ltr'><strong>nium</strong></span> <span class='ocrx_word' id='word_1_382' title='bbox 526 3828 846 3882; x_wconf 78' lang='lat' dir='ltr'><strong>oratiOnibus</strong></span> <span class='ocrx_word' id='word_1_383' title='bbox 875 3844 929 3882; x_wconf 84' lang='lat' dir='ltr'><strong>se</strong></span> <span class='ocrx_word' id='word_1_384' title='bbox 954 3827 1314 3896; x_wconf 76' lang='lat' dir='ltr'><strong>commendat,-</strong></span> <span class='ocrx_word' id='word_1_385' title='bbox 1352 3842 1423 3897; x_wconf 86' lang='lat' dir='ltr'><strong>et,</strong></span> <span class='ocrx_word' id='word_1_386' title='bbox 1460 3843 1515 3887; x_wconf 81' lang='lat' dir='ltr'><strong>ut</strong></span> <span class='ocrx_word' id='word_1_387' title='bbox 1544 3852 1576 3887; x_wconf 91' lang='lat' dir='ltr'><strong>a</strong></span> <span class='ocrx_word' id='word_1_388' title='bbox 1612 3835 1747 3889; x_wconf 77' lang='lat' dir='ltr'><strong>vitiis</strong></span> <span class='ocrx_word' id='word_1_389' title='bbox 1776 3837 1873 3889; x_wconf 84' lang='lat' dir='ltr'><strong>sibi</strong></span> <span class='ocrx_word' id='word_1_390' title='bbox 1898 3858 1899 3861; x_wconf 48' lang='grc' dir='ltr'><strong>η</strong></span> 
     </span>
    </p>
   </div>
   <div class='ocr_carea' id='block_1_55' title="bbox 344 3898 1469 3963">
    <p class='ocr_par' dir='ltr' id='par_1_55' title="bbox 344 3898 1469 3963">
     <span class='ocr_line' id='line_1_55' title="bbox 344 3898 1469 3963; baseline 0.003 -12"><span class='ocrx_word' id='word_1_391' title='bbox 344 3907 590 3963; x_wconf 78' lang='lat' dir='ltr'><strong>caueant,</strong></span> <span class='ocrx_word' id='word_1_392' title='bbox 619 3898 881 3952; x_wconf 82' lang='lat' dir='ltr'><strong>hortatur.</strong></span> <span class='ocrx_word' id='word_1_393' title='bbox 1388 3956 1394 3963; x_wconf 69' lang='grc'><em>,</em></span> <span class='ocrx_word' id='word_1_394' title='bbox 1466 3920 1469 3921; x_wconf 47' lang='grc' dir='ltr'><em>ν</em></span> 
     </span>
    </p>
   </div>
   <div class='ocr_carea' id='block_1_56' title="bbox 345 4004 1877 4074">
    <p class='ocr_par' dir='ltr' id='par_1_56' title="bbox 345 4004 1877 4074">
     <span class='ocr_line' id='line_1_56' title="bbox 345 4004 1877 4074; baseline 0.01 -15"><span class='ocrx_word' id='word_1_395' title='bbox 345 4004 731 4062; x_wconf 88' lang='lat' dir='ltr'><strong>Dilectissimis</strong></span> <span class='ocrx_word' id='word_1_396' title='bbox 755 4016 808 4062; x_wconf 88' lang='lat' dir='ltr'><strong>et</strong></span> <span class='ocrx_word' id='word_1_397' title='bbox 835 4009 988 4064; x_wconf 88' lang='lat' dir='ltr'><strong>valde</strong></span> <span class='ocrx_word' id='word_1_398' title='bbox 1012 4014 1413 4071; x_wconf 86' lang='lat' dir='ltr'><strong>venerabilihus</strong></span> <span class='ocrx_word' id='word_1_399' title='bbox 1435 4017 1487 4071; x_wconf 90' lang='lat' dir='ltr'><strong>in</strong></span> <span class='ocrx_word' id='word_1_400' title='bbox 1515 4016 1714 4074; x_wconf 87' lang='lat' dir='ltr'><strong>Christi</strong></span> <span class='ocrx_word' id='word_1_401' title='bbox 1750 4021 1877 4074; x_wconf 83' lang='lat' dir='ltr'><strong>cha-</strong></span> 
     </span>
    </p>
   </div>
   <div class='ocr_carea' id='block_1_57' title="bbox 272 4095 1876 4170">
    <p class='ocr_par' dir='ltr' id='par_1_57' title="bbox 272 4095 1876 4170">
     <span class='ocr_line' id='line_1_57' title="bbox 272 4095 1876 4170; baseline 0.009 -21"><span class='ocrx_word' id='word_1_402' title='bbox 272 4096 441 4149; x_wconf 87' lang='lat' dir='ltr'><strong>ritate</strong></span> <span class='ocrx_word' id='word_1_403' title='bbox 464 4095 495 4135; x_wconf 71' lang='grc' dir='ltr'>δ</span> <span class='ocrx_word' id='word_1_404' title='bbox 520 4095 880 4152; x_wconf 86' lang='lat' dir='ltr'><strong>Eboracensis</strong></span> <span class='ocrx_word' id='word_1_405' title='bbox 911 4099 1169 4157; x_wconf 70' lang='lat' dir='ltr'><strong>Ecclesia:</strong></span> <span class='ocrx_word' id='word_1_406' title='bbox 1196 4102 1476 4170; x_wconf 82' lang='lat' dir='ltr'><strong>fratribus,</strong></span> <span class='ocrx_word' id='word_1_407' title='bbox 1509 4117 1703 4163; x_wconf 73' lang='lat' dir='ltr'><strong>vestrm</strong></span> <span class='ocrx_word' id='word_1_408' title='bbox 1736 4109 1876 4164; x_wconf 81' lang='lat' dir='ltr'><strong>filius</strong></span> 
     </span>
    </p>
   </div>
   <div class='ocr_carea' id='block_1_58' title="bbox 272 4184 1325 4261">
    <p class='ocr_par' dir='ltr' id='par_1_58' title="bbox 272 4184 1325 4261">
     <span class='ocr_line' id='line_1_58' title="bbox 272 4184 1325 4261; baseline 0.007 -21"><span class='ocrx_word' id='word_1_409' title='bbox 272 4184 498 4255; x_wconf 88' lang='lat' dir='ltr'><strong>pietatis</strong></span> <span class='ocrx_word' id='word_1_410' title='bbox 528 4184 759 4241; x_wconf 84' lang='lat' dir='ltr'><strong>Albinus</strong></span> <span class='ocrx_word' id='word_1_411' title='bbox 788 4184 1047 4244; x_wconf 85' lang='lat' dir='ltr'><strong>diaconus</strong></span> <span class='ocrx_word' id='word_1_412' title='bbox 1068 4191 1325 4261; x_wconf 80' lang='lat' dir='ltr'><strong>salutem.</strong></span> 
     </span>
    </p>
   </div>
   <div class='ocr_carea' id='block_1_59' title="bbox 347 4274 1878 4351">
    <p class='ocr_par' dir='ltr' id='par_1_59' title="bbox 347 4274 1878 4351">
     <span class='ocr_line' id='line_1_59' title="bbox 347 4274 1878 4351; baseline 0.009 -22"><span class='ocrx_word' id='word_1_413' title='bbox 347 4274 549 4331; x_wconf 83' lang='lat' dir='ltr'><strong>Totum</strong></span> <span class='ocrx_word' id='word_1_414' title='bbox 600 4291 734 4332; x_wconf 73' lang='lat' dir='ltr'><strong>mete</strong></span> <span class='ocrx_word' id='word_1_415' title='bbox 774 4278 1080 4335; x_wconf 90' lang='lat' dir='ltr'><strong>devotionis</strong></span> <span class='ocrx_word' id='word_1_416' title='bbox 1118 4291 1311 4351; x_wconf 88' lang='lat' dir='ltr'><strong>pectus</strong></span> <span class='ocrx_word' id='word_1_417' title='bbox 1354 4296 1551 4341; x_wconf 71' lang='lat' dir='ltr'><strong>vestrm</strong></span> <span class='ocrx_word' id='word_1_418' title='bbox 1578 4278 1878 4344; x_wconf 19' lang='lat' dir='ltr'><strong>‘charitatis</strong></span> 
     </span>
    </p>
   </div>
   <div class='ocr_carea' id='block_1_60' title="bbox 273 4366 1877 4447">
    <p class='ocr_par' dir='ltr' id='par_1_60' title="bbox 273 4366 1877 4447">
     <span class='ocr_line' id='line_1_60' title="bbox 273 4366 1877 4447; baseline 0.007 -25"><span class='ocrx_word' id='word_1_419' title='bbox 273 4366 565 4435; x_wconf 78' lang='lat' dir='ltr'><strong>dulcedine</strong></span> <span class='ocrx_word' id='word_1_420' title='bbox 603 4366 877 4439; x_wconf 88' lang='lat' dir='ltr'><strong>impletur,</strong></span> <span class='ocrx_word' id='word_1_421' title='bbox 918 4380 973 4425; x_wconf 92' lang='lat' dir='ltr'><strong>et</strong></span> <span class='ocrx_word' id='word_1_422' title='bbox 1008 4372 1054 4427; x_wconf 90' lang='lat' dir='ltr'><strong>si</strong></span> <span class='ocrx_word' id='word_1_423' title='bbox 1095 4374 1227 4443; x_wconf 89' lang='lat' dir='ltr'><strong>quid</strong></span> <span class='ocrx_word' id='word_1_424' title='bbox 1261 4374 1419 4447; x_wconf 87' lang='lat' dir='ltr'><strong>pleno</strong></span> <span class='ocrx_word' id='word_1_425' title='bbox 1458 4380 1660 4433; x_wconf 87' lang='lat' dir='ltr'><strong>amoris</strong></span> <span class='ocrx_word' id='word_1_426' title='bbox 1699 4380 1877 4435; x_wconf 89' lang='lat' dir='ltr'><strong>modio</strong></span> 
     </span>
    </p>
   </div>
   <div class='ocr_carea' id='block_1_61' title="bbox 272 4455 1876 4537">
    <p class='ocr_par' dir='ltr' id='par_1_61' title="bbox 272 4455 1876 4537">
     <span class='ocr_line' id='line_1_61' title="bbox 272 4455 1876 4537; baseline 0.009 -26"><span class='ocrx_word' id='word_1_427' title='bbox 272 4455 607 4528; x_wconf 81' lang='lat' dir='ltr'><strong>supperaddi</strong></span> <span class='ocrx_word' id='word_1_428' title='bbox 617 4468 816 4530; x_wconf 82' lang='lat' dir='ltr'><strong>potest,</strong></span> <span class='ocrx_word' id='word_1_429' title='bbox 829 4464 1068 4532; x_wconf 88' lang='lat' dir='ltr'><strong>quotidie</strong></span> <span class='ocrx_word' id='word_1_430' title='bbox 1080 4469 1376 4523; x_wconf 89' lang='lat' dir='ltr'><strong>crescendo</strong></span> <span class='ocrx_word' id='word_1_431' title='bbox 1387 4470 1782 4537; x_wconf 85' lang='lat' dir='ltr'><strong>accumulatur,</strong></span> <span class='ocrx_word' id='word_1_432' title='bbox 1801 4472 1876 4527; x_wconf 93' lang='lat' dir='ltr'><strong>ita</strong></span> 
     </span>
    </p>
   </div>
   <div class='ocr_carea' id='block_1_62' title="bbox 274 4546 1877 4631">
    <p class='ocr_par' dir='ltr' id='par_1_62' title="bbox 274 4546 1877 4631">
     <span class='ocr_line' id='line_1_62' title="bbox 274 4546 1877 4631; baseline 0.012 -32"><span class='ocrx_word' id='word_1_433' title='bbox 274 4555 333 4601; x_wconf 93' lang='lat' dir='ltr'><strong>ut</strong></span> <span class='ocrx_word' id='word_1_434' title='bbox 359 4546 532 4603; x_wconf 88' lang='lat' dir='ltr'><strong>solius</strong></span> <span class='ocrx_word' id='word_1_435' title='bbox 556 4554 832 4606; x_wconf 74' lang='lat' dir='ltr'><strong>memoria:</strong></span> <span class='ocrx_word' id='word_1_436' title='bbox 862 4556 927 4608; x_wconf 90' lang='lat' dir='ltr'><strong>de</strong></span> <span class='ocrx_word' id='word_1_437' title='bbox 957 4555 1109 4615; x_wconf 89' lang='lat' dir='ltr'><strong>vobis</strong></span> <span class='ocrx_word' id='word_1_438' title='bbox 1140 4559 1401 4625; x_wconf 87' lang='lat' dir='ltr'><strong>suavitas,</strong></span> <span class='ocrx_word' id='word_1_439' title='bbox 1437 4565 1877 4631; x_wconf 89' lang='lat' dir='ltr'><strong>supervenientes</strong></span> 
     </span>
    </p>
   </div>
   <div class='ocr_carea' id='block_1_63' title="bbox 238 4636 1878 4723">
    <p class='ocr_par' dir='ltr' id='par_1_63' title="bbox 238 4636 1878 4723">
     <span class='ocr_line' id='line_1_63' title="bbox 238 4636 1878 4723; baseline 0.01 -31"><span class='ocrx_word' id='word_1_440' title='bbox 238 4648 242 4651; x_wconf 86' lang='lat'>&#39;</span> <span class='ocrx_word' id='word_1_441' title='bbox 273 4636 557 4693; x_wconf 71' lang='lat' dir='ltr'><strong>smcularis</strong></span> <span class='ocrx_word' id='word_1_442' title='bbox 577 4640 839 4709; x_wconf 65' lang='lat' dir='ltr'><strong>angustiae</strong></span> <span class='ocrx_word' id='word_1_443' title='bbox 858 4636 1234 4723; x_wconf 85' lang='lat' dir='ltr'><strong>tribulationes</strong></span> <span class='ocrx_word' id='word_1_444' title='bbox 1256 4647 1413 4721; x_wconf 82' lang='lat' dir='ltr'><strong>longe</strong></span> <span class='ocrx_word' id='word_1_445' title='bbox 1432 4665 1462 4703; x_wconf 90' lang='lat' dir='ltr'><strong>a</strong></span> <span class='ocrx_word' id='word_1_446' title='bbox 1484 4653 1711 4706; x_wconf 85' lang='lat' dir='ltr'><strong>secretis</strong></span> <span class='ocrx_word' id='word_1_447' title='bbox 1734 4669 1878 4707; x_wconf 82' lang='lat' dir='ltr'><strong>men—</strong></span> 
     </span>
    </p>
   </div>
   <div class='ocr_carea' id='block_1_64' title="bbox 277 4730 1878 4811">
    <p class='ocr_par' dir='ltr' id='par_1_64' title="bbox 277 4730 1878 4811">
     <span class='ocr_line' id='line_1_64' title="bbox 277 4730 1878 4811; baseline 0.009 -27"><span class='ocrx_word' id='word_1_448' title='bbox 277 4730 347 4784; x_wconf 90' lang='lat' dir='ltr'><strong>tis</strong></span> <span class='ocrx_word' id='word_1_449' title='bbox 378 4743 517 4785; x_wconf 67' lang='lat' dir='ltr'><strong>mea:</strong></span> <span class='ocrx_word' id='word_1_450' title='bbox 538 4730 807 4809; x_wconf 89' lang='lat' dir='ltr'><strong>cubilibus</strong></span> <span class='ocrx_word' id='word_1_451' title='bbox 834 4730 1086 4803; x_wconf 87' lang='lat' dir='ltr'><strong>depellat.</strong></span> <span class='ocrx_word' id='word_1_452' title='bbox 1111 4733 1179 4789; x_wconf 87' lang='lat' dir='ltr'><strong>Et</strong></span> <span class='ocrx_word' id='word_1_453' title='bbox 1200 4736 1304 4791; x_wconf 89' lang='lat' dir='ltr'><strong>hoc</strong></span> <span class='ocrx_word' id='word_1_454' title='bbox 1336 4739 1471 4793; x_wconf 88' lang='lat' dir='ltr'><strong>mihi</strong></span> <span class='ocrx_word' id='word_1_455' title='bbox 1494 4740 1769 4811; x_wconf 82' lang='lat' dir='ltr'><strong>singulare</strong></span> <span class='ocrx_word' id='word_1_456' title='bbox 1793 4759 1878 4799; x_wconf 93' lang='lat' dir='ltr'><strong>so-</strong></span> 
     </span>
    </p>
   </div>
   <div class='ocr_carea' id='block_1_65' title="bbox 274 4820 1877 4893">
    <p class='ocr_par' dir='ltr' id='par_1_65' title="bbox 274 4820 1877 4893">
     <span class='ocr_line' id='line_1_65' title="bbox 274 4820 1877 4893; baseline 0.009 -18"><span class='ocrx_word' id='word_1_457' title='bbox 274 4822 470 4876; x_wconf 82' lang='lat' dir='ltr'><strong>latium</strong></span> <span class='ocrx_word' id='word_1_458' title='bbox 494 4823 548 4877; x_wconf 90' lang='lat' dir='ltr'><strong>in</strong></span> <span class='ocrx_word' id='word_1_459' title='bbox 577 4823 772 4893; x_wconf 89' lang='lat' dir='ltr'><strong>spiritu</strong></span> <span class='ocrx_word' id='word_1_460' title='bbox 799 4820 1185 4893; x_wconf 83' lang='lat' dir='ltr'><strong>consolationis</strong></span> <span class='ocrx_word' id='word_1_461' title='bbox 1209 4837 1410 4885; x_wconf 79' lang='lat' dir='ltr'><strong>sancta:</strong></span> <span class='ocrx_word' id='word_1_462' title='bbox 1430 4829 1691 4888; x_wconf 89' lang='lat' dir='ltr'><strong>Dominus</strong></span> <span class='ocrx_word' id='word_1_463' title='bbox 1717 4834 1877 4889; x_wconf 87' lang='lat' dir='ltr'><strong>Chri-</strong></span> 
     </span>
    </p>
   </div>
   <div class='ocr_carea' id='block_1_66' title="bbox 275 4892 1880 5054">
    <p class='ocr_par' dir='ltr' id='par_1_66' title="bbox 275 4892 1880 5054">
     <span class='ocr_line' id='line_1_66' title="bbox 275 4892 1880 5054; baseline 0.009 -88"><span class='ocrx_word' id='word_1_464' title='bbox 275 4921 398 4967; x_wconf 84' lang='lat' dir='ltr'><strong>stus</strong></span> <span class='ocrx_word' id='word_1_465' title='bbox 423 4912 733 4982; x_wconf 84' lang='lat' dir='ltr'><strong>perdonare</strong></span> <span class='ocrx_word' id='word_1_466' title='bbox 773 4892 1025 5054; x_wconf 30' lang='lat' dir='ltr'><strong>dignati:</strong></span> <span class='ocrx_word' id='word_1_467' title='bbox 1065 4929 1169 4975; x_wconf 92' lang='lat' dir='ltr'><strong>est.</strong></span> <span class='ocrx_word' id='word_1_468' title='bbox 1222 4921 1330 4977; x_wconf 82' lang='lat' dir='ltr'><strong>Vos</strong></span> <span class='ocrx_word' id='word_1_469' title='bbox 1379 4898 1594 4995; x_wconf 70' lang='lat' dir='ltr'><strong>fragiles</strong></span> <span class='ocrx_word' id='word_1_470' title='bbox 1641 4925 1880 4982; x_wconf 68' lang='lat' dir='ltr'><strong>infantiae</strong></span> 
     </span>
     <span class='ocr_line' id='line_1_67' title="bbox 275 4999 1880 5054; baseline 0 0"><span class='ocrx_word' id='word_1_471' title='bbox 275 5016 419 5054; x_wconf 62' lang='lat' dir='ltr'><strong>mea</strong></span> <span class='ocrx_word' id='word_1_472' title='bbox 448 5016 621 5054; x_wconf 88' lang='lat' dir='ltr'><strong>annos</strong></span> <span class='ocrx_word' id='word_1_473' title='bbox 648 4999 996 5054; x_wconf 66' lang='lat' dir='ltr'><strong>[AL-animos</strong></span> <span class='ocrx_word' id='word_1_474' title='bbox 1050 5018 1294 5054; x_wconf 48' lang='lat' dir='ltr'><strong>mahernn</strong></span> <span class='ocrx_word' id='word_1_475' title='bbox 1329 5008 1537 5054; x_wconf 65' lang='lat' dir='ltr'><strong>fnuialia</strong></span> <span class='ocrx_word' id='word_1_476' title='bbox 1578 5013 1767 5054; x_wconf 72' lang='lat' dir='ltr'><strong>nﬂ&#39;pntn</strong></span> <span class='ocrx_word' id='word_1_477' title='bbox 1826 5024 1880 5054; x_wconf 73' lang='lat' dir='ltr'><strong>at</strong></span> 
     </span>
    </p>
   </div>
   <div class='ocr_carea' id='block_1_67' title="bbox 274 4999 1880 5080">
    <p class='ocr_par' dir='ltr' id='par_1_67' title="bbox 274 4999 1880 5080">
     <span class='ocr_line' id='line_1_68' title="bbox 274 4999 1880 5080; baseline 0.009 -22"><span class='ocrx_word' id='word_1_478' title='bbox 274 5016 419 5058; x_wconf 61' lang='lat' dir='ltr'><strong>mea</strong></span> <span class='ocrx_word' id='word_1_479' title='bbox 448 5016 621 5057; x_wconf 88' lang='lat' dir='ltr'><strong>annos</strong></span> <span class='ocrx_word' id='word_1_480' title='bbox 648 4999 1018 5080; x_wconf 67' lang='lat' dir='ltr'><strong>[ALanimos]</strong></span> <span class='ocrx_word' id='word_1_481' title='bbox 1048 5018 1294 5067; x_wconf 89' lang='lat' dir='ltr'><strong>materno</strong></span> <span class='ocrx_word' id='word_1_482' title='bbox 1327 5008 1537 5070; x_wconf 87' lang='lat' dir='ltr'><strong>fovistis</strong></span> <span class='ocrx_word' id='word_1_483' title='bbox 1576 5013 1791 5079; x_wconf 78' lang='lat' dir='ltr'><strong>affectu,</strong></span> <span class='ocrx_word' id='word_1_484' title='bbox 1826 5024 1880 5072; x_wconf 87' lang='lat' dir='ltr'><strong>et</strong></span> 
     </span>
    </p>
   </div>
   <div class='ocr_carea' id='block_1_68' title="bbox 274 5092 1877 5177">
    <p class='ocr_par' dir='ltr' id='par_1_68' title="bbox 274 5092 1877 5177">
     <span class='ocr_line' id='line_1_69' title="bbox 274 5092 1877 5177; baseline 0.007 -27"><span class='ocrx_word' id='word_1_485' title='bbox 274 5092 547 5150; x_wconf 84' lang='lat' dir='ltr'><strong>lascivum</strong></span> <span class='ocrx_word' id='word_1_486' title='bbox 574 5093 823 5163; x_wconf 64' lang='lat' dir='ltr'><strong>pueritia:</strong></span> <span class='ocrx_word' id='word_1_487' title='bbox 856 5103 1070 5166; x_wconf 88' lang='lat' dir='ltr'><strong>tempus</strong></span> <span class='ocrx_word' id='word_1_488' title='bbox 1097 5100 1187 5169; x_wconf 90' lang='lat' dir='ltr'><strong>pia</strong></span> <span class='ocrx_word' id='word_1_489' title='bbox 1228 5094 1561 5177; x_wconf 79' lang='lat' dir='ltr'><strong>suStinuistis</strong></span> <span class='ocrx_word' id='word_1_490' title='bbox 1597 5106 1877 5175; x_wconf 87' lang='lat' dir='ltr'><strong>patientia,</strong></span> 
     </span>
    </p>
   </div>
   <div class='ocr_carea' id='block_1_69' title="bbox 276 5184 1880 5267">
    <p class='ocr_par' dir='ltr' id='par_1_69' title="bbox 276 5184 1880 5267">
     <span class='ocr_line' id='line_1_70' title="bbox 276 5184 1880 5267; baseline 0.009 -24"><span class='ocrx_word' id='word_1_491' title='bbox 276 5196 333 5243; x_wconf 79' lang='lat' dir='ltr'><strong>et</strong></span> <span class='ocrx_word' id='word_1_492' title='bbox 355 5193 598 5258; x_wconf 71' lang='lat' dir='ltr'><strong>paterna:</strong></span> <span class='ocrx_word' id='word_1_493' title='bbox 632 5184 1004 5257; x_wconf 78' lang='lat' dir='ltr'><strong>castigationis</strong></span> <span class='ocrx_word' id='word_1_494' title='bbox 1033 5192 1331 5262; x_wconf 88' lang='lat' dir='ltr'><strong>disciplinis</strong></span> <span class='ocrx_word' id='word_1_495' title='bbox 1360 5194 1428 5251; x_wconf 92' lang='lat' dir='ltr'><strong>ad</strong></span> <span class='ocrx_word' id='word_1_496' title='bbox 1457 5192 1753 5267; x_wconf 85' lang='lat' dir='ltr'><strong>perfectam</strong></span> <span class='ocrx_word' id='word_1_497' title='bbox 1777 5202 1880 5257; x_wconf 86' lang='lat' dir='ltr'><strong>viri</strong></span> 
     </span>
    </p>
   </div>
   <div class='ocr_carea' id='block_1_70' title="bbox 276 5275 1879 5360">
    <p class='ocr_par' dir='ltr' id='par_1_70' title="bbox 276 5275 1879 5360">
     <span class='ocr_line' id='line_1_71' title="bbox 276 5275 1879 5360; baseline 0.011 -32"><span class='ocrx_word' id='word_1_498' title='bbox 276 5275 578 5355; x_wconf 81' lang='lat' dir='ltr'><strong>edocuistis</strong></span> <span class='ocrx_word' id='word_1_499' title='bbox 599 5282 836 5342; x_wconf 65' lang='lat' dir='ltr'><strong>aetatem,</strong></span> <span class='ocrx_word' id='word_1_500' title='bbox 860 5284 916 5331; x_wconf 91' lang='lat' dir='ltr'><strong>et</strong></span> <span class='ocrx_word' id='word_1_501' title='bbox 936 5292 1216 5336; x_wconf 88' lang='lat' dir='ltr'><strong>sacrarum</strong></span> <span class='ocrx_word' id='word_1_502' title='bbox 1240 5285 1545 5342; x_wconf 89' lang='lat' dir='ltr'><strong>eruditione</strong></span> <span class='ocrx_word' id='word_1_503' title='bbox 1567 5288 1879 5360; x_wconf 88' lang='lat' dir='ltr'><strong>disciplina-</strong></span> 
     </span>
    </p>
   </div>
   <div class='ocr_carea' id='block_1_71' title="bbox 279 5367 1885 5446">
    <p class='ocr_par' dir='ltr' id='par_1_71' title="bbox 279 5367 1885 5446">
     <span class='ocr_line' id='line_1_72' title="bbox 279 5367 1885 5446; baseline 0.01 -26"><span class='ocrx_word' id='word_1_504' title='bbox 279 5382 404 5421; x_wconf 85' lang='lat' dir='ltr'><strong>rum</strong></span> <span class='ocrx_word' id='word_1_505' title='bbox 453 5368 773 5424; x_wconf 87' lang='lat' dir='ltr'><strong>roborastis.</strong></span> <span class='ocrx_word' id='word_1_506' title='bbox 816 5367 955 5435; x_wconf 86' lang='lat' dir='ltr'><strong>Quid</strong></span> <span class='ocrx_word' id='word_1_507' title='bbox 1005 5369 1126 5439; x_wconf 88' lang='lat' dir='ltr'><strong>plus</strong></span> <span class='ocrx_word' id='word_1_508' title='bbox 1165 5372 1348 5430; x_wconf 88' lang='lat' dir='ltr'><strong>dicere</strong></span> <span class='ocrx_word' id='word_1_509' title='bbox 1391 5377 1595 5442; x_wconf 84' lang='lat' dir='ltr'><strong>habeo,</strong></span> <span class='ocrx_word' id='word_1_510' title='bbox 1642 5380 1783 5446; x_wconf 87' lang='lat' dir='ltr'><strong>nisi,</strong></span> <span class='ocrx_word' id='word_1_511' title='bbox 1824 5392 1885 5437; x_wconf 91' lang='lat' dir='ltr'><strong>ut</strong></span> 
     </span>
    </p>
   </div>
   <div class='ocr_carea' id='block_1_72' title="bbox 278 5458 1881 5532">
    <p class='ocr_par' dir='ltr' id='par_1_72' title="bbox 278 5458 1881 5532">
     <span class='ocr_line' id='line_1_73' title="bbox 278 5458 1881 5532; baseline 0.011 -21"><span class='ocrx_word' id='word_1_512' title='bbox 278 5458 473 5512; x_wconf 63' lang='grc' dir='ltr'><strong>πίει-ηε</strong></span> <span class='ocrx_word' id='word_1_513' title='bbox 507 5458 675 5531; x_wconf 83' lang='lat' dir='ltr'><strong>Regis</strong></span> <span class='ocrx_word' id='word_1_514' title='bbox 695 5461 891 5531; x_wconf 90' lang='lat' dir='ltr'><strong>pietas,</strong></span> <span class='ocrx_word' id='word_1_515' title='bbox 923 5462 1104 5517; x_wconf 89' lang='lat' dir='ltr'><strong>omnia</strong></span> <span class='ocrx_word' id='word_1_516' title='bbox 1144 5464 1363 5532; x_wconf 90' lang='lat' dir='ltr'><strong>pietatis</strong></span> <span class='ocrx_word' id='word_1_517' title='bbox 1403 5469 1456 5522; x_wconf 90' lang='lat' dir='ltr'><strong>in</strong></span> <span class='ocrx_word' id='word_1_518' title='bbox 1498 5486 1585 5525; x_wconf 91' lang='lat' dir='ltr'><strong>me</strong></span> <span class='ocrx_word' id='word_1_519' title='bbox 1626 5471 1881 5528; x_wconf 82' lang='lat' dir='ltr'><strong>famulum</strong></span> 
     </span>
    </p>
   </div>
   <div class='ocr_carea' id='block_1_73' title="bbox 353 5567 1682 5657">
    <p class='ocr_par' dir='ltr' id='par_1_73' title="bbox 353 5567 1682 5657">
     <span class='ocr_line' id='line_1_74' title="bbox 353 5567 1682 5657; baseline 0.011 -35"><span class='ocrx_word' id='word_1_520' title='bbox 353 5578 381 5657; x_wconf 59' lang='grc' dir='ltr'><strong>ε</strong></span> <span class='ocrx_word' id='word_1_521' title='bbox 421 5567 863 5657; x_wconf 26' lang='grc' dir='ltr'><strong>ξρεᾼιέριιεφεῑὲ</strong></span> <span class='ocrx_word' id='word_1_522' title='bbox 882 5574 971 5657; x_wconf 63' lang='grc' dir='ltr'><strong>θᾷ,</strong></span> <span class='ocrx_word' id='word_1_523' title='bbox 998 5573 1283 5657; x_wconf 54' lang='lat' dir='ltr'><strong>panis.</strong></span> <span class='ocrx_word' id='word_1_524' title='bbox 1320 5571 1583 5657; x_wconf 63' lang='lat' dir='ltr'><strong>(Frqben.</strong></span> <span class='ocrx_word' id='word_1_525' title='bbox 1607 5584 1682 5657; x_wconf 82' lang='lat'><strong>5).</strong></span> 
     </span>
    </p>
   </div>
   <div class='ocr_carea' id='block_1_74' title="bbox 352 5636 1881 5716">
    <p class='ocr_par' dir='ltr' id='par_1_74' title="bbox 352 5636 1881 5716">
     <span class='ocr_line' id='line_1_75' title="bbox 352 5636 1881 5716; baseline 0.014 -25"><span class='ocrx_word' id='word_1_526' title='bbox 352 5636 382 5676; x_wconf 74' lang='grc' dir='ltr'><strong>ιι</strong></span> <span class='ocrx_word' id='word_1_527' title='bbox 420 5636 1065 5716; x_wconf 59' lang='grc' dir='ltr'><strong>Εροηέεηέιτεςειέείω</strong></span> <span class='ocrx_word' id='word_1_528' title='bbox 1105 5636 1380 5715; x_wconf 60' lang='lat' dir='ltr'><strong>fratribus.</strong></span> <span class='ocrx_word' id='word_1_529' title='bbox 1424 5650 1527 5716; x_wconf 81' lang='lat' dir='ltr'><strong>Qui</strong></span> <span class='ocrx_word' id='word_1_530' title='bbox 1571 5636 1881 5712; x_wconf 60' lang='lat' dir='ltr'><strong>institutum</strong></span> 
     </span>
    </p>
   </div>
   <div class='ocr_carea' id='block_1_75' title="bbox 283 5708 1884 5793">
    <p class='ocr_par' dir='ltr' id='par_1_75' title="bbox 283 5708 1884 5793">
     <span class='ocr_line' id='line_1_76' title="bbox 283 5708 1884 5793; baseline 0.009 -32"><span class='ocrx_word' id='word_1_531' title='bbox 283 5708 679 5793; x_wconf 65' lang='lat' dir='ltr'><strong>monachorum</strong></span> <span class='ocrx_word' id='word_1_532' title='bbox 697 5708 1189 5793; x_wconf 75' lang='lat' dir='ltr'><strong>Benedictinorum,</strong></span> <span class='ocrx_word' id='word_1_533' title='bbox 1211 5717 1315 5793; x_wconf 84' lang='lat' dir='ltr'><strong>abs</strong></span> <span class='ocrx_word' id='word_1_534' title='bbox 1332 5719 1405 5774; x_wconf 88' lang='lat' dir='ltr'><strong>du</strong></span> <span class='ocrx_word' id='word_1_535' title='bbox 1413 5708 1521 5784; x_wconf 60' lang='lat' dir='ltr'><strong>bio,</strong></span> <span class='ocrx_word' id='word_1_536' title='bbox 1556 5708 1884 5793; x_wconf 9' lang='lat' dir='ltr'><strong>iuoﬁitﬁehan:</strong></span> 
     </span>
    </p>
   </div>
   <div class='ocr_carea' id='block_1_76' title="bbox 283 5778 1880 5859">
    <p class='ocr_par' dir='ltr' id='par_1_76' title="bbox 283 5778 1880 5859">
     <span class='ocr_line' id='line_1_77' title="bbox 283 5778 1880 5859; baseline 0.012 -27"><span class='ocrx_word' id='word_1_537' title='bbox 283 5790 396 5859; x_wconf 76' lang='lat' dir='ltr'><strong>t_ur,</strong></span> <span class='ocrx_word' id='word_1_538' title='bbox 426 5778 571 5859; x_wconf 74' lang='lat' dir='ltr'><strong>inter</strong></span> <span class='ocrx_word' id='word_1_539' title='bbox 602 5794 750 5859; x_wconf 68' lang='lat' dir='ltr'><strong>quos</strong></span> <span class='ocrx_word' id='word_1_540' title='bbox 777 5782 1037 5859; x_wconf 70' lang='lat' dir='ltr'><strong>Alcuinus</strong></span> <span class='ocrx_word' id='word_1_541' title='bbox 1061 5801 1129 5859; x_wconf 76' lang='lat' dir='ltr'><strong>se</strong></span> <span class='ocrx_word' id='word_1_542' title='bbox 1158 5778 1445 5857; x_wconf 74' lang='lat' dir='ltr'><strong>educatum</strong></span> <span class='ocrx_word' id='word_1_543' title='bbox 1484 5778 1880 5859; x_wconf 66' lang='lat' dir='ltr'><strong>et&#39;enutritum</strong></span> 
     </span>
    </p>
   </div>
   <div class='ocr_carea' id='block_1_77' title="bbox 286 5849 1871 5931">
    <p class='ocr_par' dir='ltr' id='par_1_77' title="bbox 286 5849 1871 5931">
     <span class='ocr_line' id='line_1_78' title="bbox 286 5849 1871 5931; baseline 0.012 -30"><span class='ocrx_word' id='word_1_544' title='bbox 286 5850 452 5907; x_wconf 81' lang='lat' dir='ltr'><strong>fuisse</strong></span> <span class='ocrx_word' id='word_1_545' title='bbox 478 5850 565 5906; x_wconf 85' lang='lat' dir='ltr'><strong>hic</strong></span> <span class='ocrx_word' id='word_1_546' title='bbox 596 5849 899 5919; x_wconf 80' lang='lat' dir='ltr'><strong>profitetur.</strong></span> <span class='ocrx_word' id='word_1_547' title='bbox 933 5854 1051 5909; x_wconf 68' lang='lat' dir='ltr'><strong>Vici.</strong></span> <span class='ocrx_word' id='word_1_548' title='bbox 1086 5857 1285 5912; x_wconf 80' lang='lat' dir='ltr'><strong>Mabill.</strong></span> <span class='ocrx_word' id='word_1_549' title='bbox 1331 5860 1382 5913; x_wconf 91' lang='lat' dir='ltr'><strong>in</strong></span> <span class='ocrx_word' id='word_1_550' title='bbox 1420 5849 1871 5931; x_wconf 43' lang='lat' dir='ltr'><strong>Elogidsicuini,</strong></span> 
     </span>
    </p>
   </div>
   <div class='ocr_carea' id='block_1_78' title="bbox 1976 2008 3570 2081">
    <p class='ocr_par' dir='ltr' id='par_1_78' title="bbox 1976 2008 3570 2081">
     <span class='ocr_line' id='line_1_79' title="bbox 1976 2008 3570 2081; baseline 0.001 -18"><span class='ocrx_word' id='word_1_551' title='bbox 1976 2010 2082 2064; x_wconf 91' lang='lat' dir='ltr'><strong>mei</strong></span> <span class='ocrx_word' id='word_1_552' title='bbox 2108 2008 2243 2063; x_wconf 91' lang='lat' dir='ltr'><strong>mihi</strong></span> <span class='ocrx_word' id='word_1_553' title='bbox 2268 2016 2353 2064; x_wconf 88' lang='lat' dir='ltr'><strong>est</strong></span> <span class='ocrx_word' id='word_1_554' title='bbox 2375 2009 2675 2078; x_wconf 83' lang='lat' dir='ltr'><strong>inspector,</strong></span> <span class='ocrx_word' id='word_1_555' title='bbox 2696 2010 2823 2078; x_wconf 89' lang='lat' dir='ltr'><strong>quia</strong></span> <span class='ocrx_word' id='word_1_556' title='bbox 2852 2009 3047 2065; x_wconf 86' lang='lat' dir='ltr'><strong>devote</strong></span> <span class='ocrx_word' id='word_1_557' title='bbox 3084 2019 3326 2065; x_wconf 88' lang='lat' dir='ltr'><strong>vestrum</strong></span> <span class='ocrx_word' id='word_1_558' title='bbox 3358 2020 3570 2081; x_wconf 85' lang='lat' dir='ltr'><strong>semper</strong></span> 
     </span>
    </p>
   </div>
   <div class='ocr_carea' id='block_1_79' title="bbox 1976 2097 3568 2169">
    <p class='ocr_par' dir='ltr' id='par_1_79' title="bbox 1976 2097 3568 2169">
     <span class='ocr_line' id='line_1_80' title="bbox 1976 2097 3568 2169; baseline 0.003 -18"><span class='ocrx_word' id='word_1_559' title='bbox 1976 2098 2031 2152; x_wconf 92' lang='lat' dir='ltr'><strong>iu</strong></span> <span class='ocrx_word' id='word_1_560' title='bbox 2060 2097 2447 2166; x_wconf 83' lang='lat' dir='ltr'><strong>ecclesiasticis</strong></span> <span class='ocrx_word' id='word_1_561' title='bbox 2474 2098 2775 2169; x_wconf 85' lang='lat' dir='ltr'><strong>disciplinis</strong></span> <span class='ocrx_word' id='word_1_562' title='bbox 2797 2106 2854 2154; x_wconf 90' lang='lat' dir='ltr'><strong>et</strong></span> <span class='ocrx_word' id='word_1_563' title='bbox 2892 2099 3122 2169; x_wconf 88' lang='lat' dir='ltr'><strong>spiritali</strong></span> <span class='ocrx_word' id='word_1_564' title='bbox 3152 2100 3396 2156; x_wconf 89' lang='lat' dir='ltr'><strong>doctrina</strong></span> <span class='ocrx_word' id='word_1_565' title='bbox 3426 2102 3568 2158; x_wconf 80' lang='lat' dir='ltr'><strong>desi-</strong></span> 
     </span>
    </p>
   </div>
   <div class='ocr_carea' id='block_1_80' title="bbox 1976 2187 3570 2262">
    <p class='ocr_par' dir='ltr' id='par_1_80' title="bbox 1976 2187 3570 2262">
     <span class='ocr_line' id='line_1_81' title="bbox 1976 2187 3570 2262; baseline 0.002 -20"><span class='ocrx_word' id='word_1_566' title='bbox 1976 2188 2203 2242; x_wconf 89' lang='lat' dir='ltr'><strong>derabat</strong></span> <span class='ocrx_word' id='word_1_567' title='bbox 2229 2187 2551 2257; x_wconf 79' lang='lat' dir='ltr'><strong>profectum:</strong></span> <span class='ocrx_word' id='word_1_568' title='bbox 2582 2188 2651 2245; x_wconf 88' lang='lat' dir='ltr'><strong>Et</strong></span> <span class='ocrx_word' id='word_1_569' title='bbox 2686 2190 2731 2243; x_wconf 90' lang='lat' dir='ltr'><strong>si</strong></span> <span class='ocrx_word' id='word_1_570' title='bbox 2760 2189 2890 2259; x_wconf 89' lang='lat' dir='ltr'><strong>quid</strong></span> <span class='ocrx_word' id='word_1_571' title='bbox 2915 2189 3096 2245; x_wconf 84' lang='lat' dir='ltr'><strong>minus</strong></span> <span class='ocrx_word' id='word_1_572' title='bbox 3123 2190 3570 2262; x_wconf 42' lang='lat' dir='ltr'><strong>accepistis,‘non</strong></span> 
     </span>
    </p>
   </div>
   <div class='ocr_carea' id='block_1_81' title="bbox 1976 2277 3572 2352">
    <p class='ocr_par' dir='ltr' id='par_1_81' title="bbox 1976 2277 3572 2352">
     <span class='ocr_line' id='line_1_82' title="bbox 1976 2277 3572 2352; baseline 0.003 -21"><span class='ocrx_word' id='word_1_573' title='bbox 1976 2292 2127 2343; x_wconf 66' lang='lat' dir='ltr'><strong>mete,</strong></span> <span class='ocrx_word' id='word_1_574' title='bbox 2149 2278 2331 2352; x_wconf 74' lang='lat' dir='ltr'><strong>credo,</strong></span> <span class='ocrx_word' id='word_1_575' title='bbox 2356 2279 2527 2349; x_wconf 69' lang='lat' dir='ltr'><strong>culpre</strong></span> <span class='ocrx_word' id='word_1_576' title='bbox 2545 2277 3007 2349; x_wconf 82' lang='lat' dir='ltr'><strong>deputari&#39;potcst.</strong></span> <span class='ocrx_word' id='word_1_577' title='bbox 3032 2279 3100 2333; x_wconf 86' lang='lat' dir='ltr'><strong>Et</strong></span> <span class='ocrx_word' id='word_1_578' title='bbox 3120 2294 3395 2350; x_wconf 87' lang='lat' dir='ltr'><strong>nunquam</strong></span> <span class='ocrx_word' id='word_1_579' title='bbox 3416 2279 3572 2336; x_wconf 87' lang='lat' dir='ltr'><strong>istius</strong></span> 
     </span>
    </p>
   </div>
   <div class='ocr_carea' id='block_1_82' title="bbox 1974 2368 3572 2443">
    <p class='ocr_par' dir='ltr' id='par_1_82' title="bbox 1974 2368 3572 2443">
     <span class='ocr_line' id='line_1_83' title="bbox 1974 2368 3572 2443; baseline 0.003 -21"><span class='ocrx_word' id='word_1_580' title='bbox 1974 2368 2269 2425; x_wconf 87' lang='lat' dir='ltr'><strong>voluntatis</strong></span> <span class='ocrx_word' id='word_1_581' title='bbox 2296 2384 2451 2436; x_wconf 74' lang='lat' dir='ltr'><strong>mem,</strong></span> <span class='ocrx_word' id='word_1_582' title='bbox 2483 2370 2598 2426; x_wconf 91' lang='lat' dir='ltr'><strong>sive</strong></span> <span class='ocrx_word' id='word_1_583' title='bbox 2624 2371 2842 2437; x_wconf 58' lang='lat' dir='ltr'><strong>absens,</strong></span> <span class='ocrx_word' id='word_1_584' title='bbox 2874 2373 2989 2427; x_wconf 82' lang='lat' dir='ltr'><strong>sive</strong></span> <span class='ocrx_word' id='word_1_585' title='bbox 3015 2387 3275 2443; x_wconf 70' lang='lat' dir='ltr'><strong>praesens,</strong></span> <span class='ocrx_word' id='word_1_586' title='bbox 3298 2372 3366 2428; x_wconf 91' lang='lat' dir='ltr'><strong>de</strong></span> <span class='ocrx_word' id='word_1_587' title='bbox 3391 2381 3572 2429; x_wconf 89' lang='lat' dir='ltr'><strong>vestro</strong></span> 
     </span>
    </p>
   </div>
   <div class='ocr_carea' id='block_1_83' title="bbox 1975 2461 3549 2533">
    <p class='ocr_par' dir='ltr' id='par_1_83' title="bbox 1975 2461 3549 2533">
     <span class='ocr_line' id='line_1_84' title="bbox 1975 2461 3549 2533; baseline 0.002 -17"><span class='ocrx_word' id='word_1_588' title='bbox 1975 2462 2254 2533; x_wconf 86' lang='lat' dir='ltr'><strong>profectu,</strong></span> <span class='ocrx_word' id='word_1_589' title='bbox 2294 2462 2668 2518; x_wconf 79' lang='lat' dir='ltr'><strong>benevolentia</strong></span> <span class='ocrx_word' id='word_1_590' title='bbox 2707 2462 2963 2519; x_wconf 86' lang='lat' dir='ltr'><strong>cessabit.</strong></span> <span class='ocrx_word' id='word_1_591' title='bbox 2999 2461 3043 2518; x_wconf 95' lang='grc' dir='ltr'><strong>Ο</strong></span> <span class='ocrx_word' id='word_1_592' title='bbox 3073 2464 3313 2519; x_wconf 90' lang='lat' dir='ltr'><strong>omnium</strong></span> <span class='ocrx_word' id='word_1_593' title='bbox 3340 2462 3549 2519; x_wconf 88' lang='lat' dir='ltr'><strong>dilectis</strong></span> 
     </span>
    </p>
   </div>
   <div class='ocr_carea' id='block_1_84' title="bbox 1974 2546 3619 2624">
    <p class='ocr_par' dir='ltr' id='par_1_84' title="bbox 1974 2546 3619 2624">
     <span class='ocr_line' id='line_1_85' title="bbox 1974 2546 3619 2624; baseline 0.001 -17"><span class='ocrx_word' id='word_1_594' title='bbox 1974 2552 2097 2607; x_wconf 90' lang='lat' dir='ltr'><strong>simi</strong></span> <span class='ocrx_word' id='word_1_595' title='bbox 2141 2551 2334 2607; x_wconf 87' lang='lat' dir='ltr'><strong>Patres</strong></span> <span class='ocrx_word' id='word_1_596' title='bbox 2371 2559 2428 2606; x_wconf 89' lang='lat' dir='ltr'><strong>et</strong></span> <span class='ocrx_word' id='word_1_597' title='bbox 2471 2551 2691 2617; x_wconf 89' lang='lat' dir='ltr'><strong>fratres,</strong></span> <span class='ocrx_word' id='word_1_598' title='bbox 2730 2546 3004 2608; x_wconf 82' lang='lat' dir='ltr'><strong>memores</strong></span> <span class='ocrx_word' id='word_1_599' title='bbox 3046 2554 3153 2609; x_wconf 91' lang='lat' dir='ltr'><strong>mei</strong></span> <span class='ocrx_word' id='word_1_600' title='bbox 3199 2561 3372 2608; x_wconf 87' lang='lat' dir='ltr'><strong>estote</strong></span> <span class='ocrx_word' id='word_1_601' title='bbox 3414 2571 3427 2607; x_wconf 93' lang='lat'><strong>:</strong></span> <span class='ocrx_word' id='word_1_602' title='bbox 3473 2568 3573 2624; x_wconf 84' lang='lat' dir='ltr'><strong>ego</strong></span> <span class='ocrx_word' id='word_1_603' title='bbox 3616 2562 3619 2567; x_wconf 79' lang='lat'>‘</span> 
     </span>
    </p>
   </div>
   <div class='ocr_carea' id='block_1_85' title="bbox 1976 2643 3572 2709">
    <p class='ocr_par' dir='ltr' id='par_1_85' title="bbox 1976 2643 3572 2709">
     <span class='ocr_line' id='line_1_86' title="bbox 1976 2643 3572 2709; baseline 0.003 -14"><span class='ocrx_word' id='word_1_604' title='bbox 1976 2652 2154 2699; x_wconf 87' lang='lat' dir='ltr'><strong>vester</strong></span> <span class='ocrx_word' id='word_1_605' title='bbox 2188 2657 2304 2708; x_wconf 91' lang='lat' dir='ltr'><strong>ero,</strong></span> <span class='ocrx_word' id='word_1_606' title='bbox 2344 2643 2459 2699; x_wconf 90' lang='lat' dir='ltr'><strong>sive</strong></span> <span class='ocrx_word' id='word_1_607' title='bbox 2487 2643 2540 2698; x_wconf 91' lang='lat' dir='ltr'><strong>in</strong></span> <span class='ocrx_word' id='word_1_608' title='bbox 2568 2646 2697 2709; x_wconf 88' lang='lat' dir='ltr'><strong>vita,</strong></span> <span class='ocrx_word' id='word_1_609' title='bbox 2730 2644 2844 2699; x_wconf 88' lang='lat' dir='ltr'><strong>sive</strong></span> <span class='ocrx_word' id='word_1_610' title='bbox 2873 2645 2925 2698; x_wconf 89' lang='lat' dir='ltr'><strong>in</strong></span> <span class='ocrx_word' id='word_1_611' title='bbox 2968 2653 3161 2701; x_wconf 87' lang='lat' dir='ltr'><strong>morte.</strong></span> <span class='ocrx_word' id='word_1_612' title='bbox 3193 2645 3263 2699; x_wconf 85' lang='lat' dir='ltr'><strong>Et</strong></span> <span class='ocrx_word' id='word_1_613' title='bbox 3291 2644 3432 2709; x_wconf 74' lang='lat' dir='ltr'><strong>forte</strong></span> <span class='ocrx_word' id='word_1_614' title='bbox 3470 2646 3572 2700; x_wconf 84' lang='lat' dir='ltr'><strong>mi-</strong></span> 
     </span>
    </p>
   </div>
   <div class='ocr_carea' id='block_1_86' title="bbox 1974 2732 3569 2806">
    <p class='ocr_par' dir='ltr' id='par_1_86' title="bbox 1974 2732 3569 2806">
     <span class='ocr_line' id='line_1_87' title="bbox 1974 2732 3569 2806; baseline 0.001 -17"><span class='ocrx_word' id='word_1_615' title='bbox 1974 2734 2249 2789; x_wconf 88' lang='lat' dir='ltr'><strong>serebitur</strong></span> <span class='ocrx_word' id='word_1_616' title='bbox 2282 2732 2341 2803; x_wconf 80' lang='lat'><strong>9</strong></span> <span class='ocrx_word' id='word_1_617' title='bbox 2384 2733 2489 2789; x_wconf 90' lang='lat' dir='ltr'><strong>mei</strong></span> <span class='ocrx_word' id='word_1_618' title='bbox 2529 2732 2706 2801; x_wconf 85' lang='lat' dir='ltr'><strong>Deus,</strong></span> <span class='ocrx_word' id='word_1_619' title='bbox 2740 2742 2803 2789; x_wconf 92' lang='lat' dir='ltr'><strong>ut</strong></span> <span class='ocrx_word' id='word_1_620' title='bbox 2836 2734 2992 2806; x_wconf 87' lang='lat' dir='ltr'><strong>cujus</strong></span> <span class='ocrx_word' id='word_1_621' title='bbox 3027 2733 3310 2789; x_wconf 87' lang='lat' dir='ltr'><strong>infantiam</strong></span> <span class='ocrx_word' id='word_1_622' title='bbox 3337 2735 3569 2801; x_wconf 87' lang='lat' dir='ltr'><strong>aluistis,</strong></span> 
     </span>
    </p>
   </div>
   <div class='ocr_carea' id='block_1_87' title="bbox 1958 2825 3576 2898">
    <p class='ocr_par' dir='ltr' id='par_1_87' title="bbox 1958 2825 3576 2898">
     <span class='ocr_line' id='line_1_88' title="bbox 1958 2825 3576 2898; baseline 0.002 -16"><span class='ocrx_word' id='word_1_623' title='bbox 1958 2826 2093 2894; x_wconf 88' lang='lat' dir='ltr'><strong>&#39;ejus</strong></span> <span class='ocrx_word' id='word_1_624' title='bbox 2112 2833 2446 2881; x_wconf 88' lang='lat' dir='ltr'><strong>senectutem</strong></span> <span class='ocrx_word' id='word_1_625' title='bbox 2482 2825 2776 2898; x_wconf 90' lang='lat' dir='ltr'><strong>sepeliatis.</strong></span> <span class='ocrx_word' id='word_1_626' title='bbox 2811 2826 2881 2881; x_wconf 84' lang='lat' dir='ltr'><strong>Et</strong></span> <span class='ocrx_word' id='word_1_627' title='bbox 2913 2827 2961 2883; x_wconf 90' lang='lat' dir='ltr'><strong>si</strong></span> <span class='ocrx_word' id='word_1_628' title='bbox 3002 2826 3143 2882; x_wconf 89' lang='lat' dir='ltr'><strong>alter</strong></span> <span class='ocrx_word' id='word_1_629' title='bbox 3179 2828 3396 2898; x_wconf 90' lang='lat' dir='ltr'><strong>corpori</strong></span> <span class='ocrx_word' id='word_1_630' title='bbox 3424 2827 3576 2885; x_wconf 74' lang='lat' dir='ltr'><strong>locus</strong></span> 
     </span>
    </p>
   </div>
   <div class='ocr_carea' id='block_1_88' title="bbox 1975 2916 3575 2987">
    <p class='ocr_par' dir='ltr' id='par_1_88' title="bbox 1975 2916 3575 2987">
     <span class='ocr_line' id='line_1_89' title="bbox 1975 2916 3575 2987; baseline 0.001 -15"><span class='ocrx_word' id='word_1_631' title='bbox 1975 2916 2341 2987; x_wconf 85' lang='lat' dir='ltr'><strong>deputabitur,</strong></span> <span class='ocrx_word' id='word_1_632' title='bbox 2380 2926 2573 2972; x_wconf 22' lang='lat' dir='ltr'><strong>tamen.</strong></span> <span class='ocrx_word' id='word_1_633' title='bbox 2600 2916 2814 2979; x_wconf 67' lang='lat' dir='ltr'><strong>animae,</strong></span> <span class='ocrx_word' id='word_1_634' title='bbox 2853 2916 3281 2986; x_wconf 83' lang='lat' dir='ltr'><strong>qualemcunque</strong></span> <span class='ocrx_word' id='word_1_635' title='bbox 3324 2917 3575 2973; x_wconf 88' lang='lat' dir='ltr'><strong>habitura</strong></span> 
     </span>
    </p>
   </div>
   <div class='ocr_carea' id='block_1_89' title="bbox 1975 3007 3567 3077">
    <p class='ocr_par' dir='ltr' id='par_1_89' title="bbox 1975 3007 3567 3077">
     <span class='ocr_line' id='line_1_90' title="bbox 1975 3007 3567 3077; baseline 0.001 -15"><span class='ocrx_word' id='word_1_636' title='bbox 1975 3008 2099 3071; x_wconf 92' lang='lat' dir='ltr'><strong>erit,</strong></span> <span class='ocrx_word' id='word_1_637' title='bbox 2123 3022 2219 3077; x_wconf 90' lang='lat' dir='ltr'><strong>per</strong></span> <span class='ocrx_word' id='word_1_638' title='bbox 2235 3014 2448 3061; x_wconf 90' lang='lat' dir='ltr'><strong>vestras</strong></span> <span class='ocrx_word' id='word_1_639' title='bbox 2466 3014 2703 3072; x_wconf 61' lang='lat' dir='ltr'><strong>sanctis,</strong></span> <span class='ocrx_word' id='word_1_640' title='bbox 2719 3007 2831 3061; x_wconf 88' lang='lat' dir='ltr'><strong>Deo</strong></span> <span class='ocrx_word' id='word_1_641' title='bbox 2847 3007 3106 3073; x_wconf 90' lang='lat' dir='ltr'><strong>donante,</strong></span> <span class='ocrx_word' id='word_1_642' title='bbox 3130 3007 3567 3070; x_wconf 86' lang='lat' dir='ltr'><strong>intercessiones.</strong></span> 
     </span>
    </p>
   </div>
   <div class='ocr_carea' id='block_1_90' title="bbox 1980 3096 3575 3170">
    <p class='ocr_par' dir='ltr' id='par_1_90' title="bbox 1980 3096 3575 3170">
     <span class='ocr_line' id='line_1_91' title="bbox 1980 3096 3575 3170; baseline -0.001 -17"><span class='ocrx_word' id='word_1_643' title='bbox 1980 3098 2195 3169; x_wconf 88' lang='lat' dir='ltr'><strong>requies</strong></span> <span class='ocrx_word' id='word_1_644' title='bbox 2214 3097 2513 3162; x_wconf 80' lang='lat' dir='ltr'><strong>vobiscum,</strong></span> <span class='ocrx_word' id='word_1_645' title='bbox 2539 3098 2721 3161; x_wconf 84' lang='lat' dir='ltr'><strong>credo,</strong></span> <span class='ocrx_word' id='word_1_646' title='bbox 2751 3096 3070 3164; x_wconf 88' lang='lat' dir='ltr'><strong>donabitur;</strong></span> <span class='ocrx_word' id='word_1_647' title='bbox 3101 3098 3247 3167; x_wconf 86' lang='lat' dir='ltr'><strong>quia,</strong></span> <span class='ocrx_word' id='word_1_648' title='bbox 3276 3099 3418 3153; x_wconf 91' lang='lat' dir='ltr'><strong>sicut</strong></span> <span class='ocrx_word' id='word_1_649' title='bbox 3439 3104 3575 3170; x_wconf 87' lang='lat' dir='ltr'><strong>puer</strong></span> 
     </span>
    </p>
   </div>
   <div class='ocr_carea' id='block_1_91' title="bbox 1980 3191 3575 3259">
    <p class='ocr_par' dir='ltr' id='par_1_91' title="bbox 1980 3191 3575 3259">
     <span class='ocr_line' id='line_1_92' title="bbox 1980 3191 3575 3259; baseline -0.001 -10"><span class='ocrx_word' id='word_1_650' title='bbox 1980 3203 2166 3251; x_wconf 89' lang='lat' dir='ltr'><strong>noster</strong></span> <span class='ocrx_word' id='word_1_651' title='bbox 2195 3191 2401 3249; x_wconf 88' lang='lat' dir='ltr'><strong>Seneca</strong></span> <span class='ocrx_word' id='word_1_652' title='bbox 2432 3208 2489 3249; x_wconf 90' lang='lat' dir='ltr'><strong>se</strong></span> <span class='ocrx_word' id='word_1_653' title='bbox 2517 3191 2715 3249; x_wconf 89' lang='lat' dir='ltr'><strong>vidisse</strong></span> <span class='ocrx_word' id='word_1_654' title='bbox 2744 3200 2991 3259; x_wconf 89' lang='lat' dir='ltr'><strong>testatur,</strong></span> <span class='ocrx_word' id='word_1_655' title='bbox 3029 3200 3229 3248; x_wconf 64' lang='lat' dir='ltr'><strong>nostra:</strong></span> <span class='ocrx_word' id='word_1_656' title='bbox 3264 3192 3575 3250; x_wconf 80' lang='lat' dir='ltr'><strong>fraternita-</strong></span> 
     </span>
    </p>
   </div>
   <div class='ocr_carea' id='block_1_92' title="bbox 1980 3283 3575 3356">
    <p class='ocr_par' dir='ltr' id='par_1_92' title="bbox 1980 3283 3575 3356">
     <span class='ocr_line' id='line_1_93' title="bbox 1980 3283 3575 3356; baseline 0.001 -17"><span class='ocrx_word' id='word_1_657' title='bbox 1980 3285 2050 3339; x_wconf 89' lang='lat' dir='ltr'><strong>tis</strong></span> <span class='ocrx_word' id='word_1_658' title='bbox 2072 3284 2283 3339; x_wconf 89' lang='lat' dir='ltr'><strong>animas</strong></span> <span class='ocrx_word' id='word_1_659' title='bbox 2326 3285 2379 3339; x_wconf 91' lang='lat' dir='ltr'><strong>in</strong></span> <span class='ocrx_word' id='word_1_660' title='bbox 2414 3284 2606 3339; x_wconf 88' lang='lat' dir='ltr'><strong>eodem</strong></span> <span class='ocrx_word' id='word_1_661' title='bbox 2635 3283 2836 3339; x_wconf 54' lang='lat' dir='ltr'><strong>latitia:</strong></span> <span class='ocrx_word' id='word_1_662' title='bbox 2862 3285 2982 3340; x_wconf 92' lang='lat' dir='ltr'><strong>loco</strong></span> <span class='ocrx_word' id='word_1_663' title='bbox 3016 3285 3422 3356; x_wconf 87' lang='lat' dir='ltr'><strong>congregandas</strong></span> <span class='ocrx_word' id='word_1_664' title='bbox 3454 3300 3575 3341; x_wconf 83' lang='lat' dir='ltr'><strong>esse</strong></span> 
     </span>
    </p>
   </div>
   <div class='ocr_carea' id='block_1_93' title="bbox 1976 3375 3576 3432">
    <p class='ocr_par' dir='ltr' id='par_1_93' title="bbox 1976 3375 3576 3432">
     <span class='ocr_line' id='line_1_94' title="bbox 1976 3375 3576 3432; baseline 0.001 -3"><span class='ocrx_word' id='word_1_665' title='bbox 1976 3375 2251 3429; x_wconf 90' lang='lat' dir='ltr'><strong>credimus</strong></span> <span class='ocrx_word' id='word_1_666' title='bbox 2281 3390 2297 3428; x_wconf 90' lang='lat'><strong>:</strong></span> <span class='ocrx_word' id='word_1_667' title='bbox 2332 3375 2433 3429; x_wconf 89' lang='lat' dir='ltr'><strong>etsi</strong></span> <span class='ocrx_word' id='word_1_668' title='bbox 2463 3376 2782 3431; x_wconf 87' lang='lat' dir='ltr'><strong>meritorum</strong></span> <span class='ocrx_word' id='word_1_669' title='bbox 2824 3376 3113 3431; x_wconf 88' lang='lat' dir='ltr'><strong>diversitas</strong></span> <span class='ocrx_word' id='word_1_670' title='bbox 3151 3375 3315 3431; x_wconf 88' lang='lat' dir='ltr'><strong>alium</strong></span> <span class='ocrx_word' id='word_1_671' title='bbox 3363 3376 3576 3432; x_wconf 84' lang='lat' dir='ltr'><strong>beatius</strong></span> 
     </span>
    </p>
   </div>
   <div class='ocr_carea' id='block_1_94' title="bbox 1979 3463 3575 3537">
    <p class='ocr_par' dir='ltr' id='par_1_94' title="bbox 1979 3463 3575 3537">
     <span class='ocr_line' id='line_1_95' title="bbox 1979 3463 3575 3537; baseline 0.003 -19"><span class='ocrx_word' id='word_1_672' title='bbox 1979 3466 2150 3520; x_wconf 68' lang='lat' dir='ltr'><strong>lactari</strong></span> <span class='ocrx_word' id='word_1_673' title='bbox 2200 3463 2384 3530; x_wconf 87' lang='lat' dir='ltr'><strong>faciet,</strong></span> <span class='ocrx_word' id='word_1_674' title='bbox 2427 3472 2607 3521; x_wconf 84' lang='lat' dir='ltr'><strong>tamen</strong></span> <span class='ocrx_word' id='word_1_675' title='bbox 2652 3466 2977 3522; x_wconf 72' lang='lat' dir='ltr'><strong>aeternitatis</strong></span> <span class='ocrx_word' id='word_1_676' title='bbox 3020 3466 3303 3537; x_wconf 66' lang='lat' dir='ltr'><strong>aequalitas</strong></span> <span class='ocrx_word' id='word_1_677' title='bbox 3350 3475 3575 3523; x_wconf 87' lang='lat' dir='ltr'><strong>cunctos</strong></span> 
     </span>
    </p>
   </div>
   <div class='ocr_carea' id='block_1_95' title="bbox 1980 3556 3573 3617">
    <p class='ocr_par' dir='ltr' id='par_1_95' title="bbox 1980 3556 3573 3617">
     <span class='ocr_line' id='line_1_96' title="bbox 1980 3556 3573 3617; baseline 0.004 -6"><span class='ocrx_word' id='word_1_678' title='bbox 1980 3556 2210 3614; x_wconf 86' lang='lat' dir='ltr'><strong>feliciter</strong></span> <span class='ocrx_word' id='word_1_679' title='bbox 2236 3559 2420 3614; x_wconf 88' lang='lat' dir='ltr'><strong>vivere</strong></span> <span class='ocrx_word' id='word_1_680' title='bbox 2442 3556 2658 3614; x_wconf 83' lang='lat' dir='ltr'><strong>elIiciet.</strong></span> <span class='ocrx_word' id='word_1_681' title='bbox 2683 3558 2752 3613; x_wconf 85' lang='lat' dir='ltr'><strong>Et</strong></span> <span class='ocrx_word' id='word_1_682' title='bbox 2778 3559 2918 3615; x_wconf 91' lang='lat' dir='ltr'><strong>sicut</strong></span> <span class='ocrx_word' id='word_1_683' title='bbox 2945 3575 3087 3614; x_wconf 89' lang='lat' dir='ltr'><strong>unus</strong></span> <span class='ocrx_word' id='word_1_684' title='bbox 3112 3560 3197 3615; x_wconf 83' lang='lat' dir='ltr'><strong>sol</strong></span> <span class='ocrx_word' id='word_1_685' title='bbox 3217 3561 3467 3617; x_wconf 90' lang='lat' dir='ltr'><strong>omnibus</strong></span> <span class='ocrx_word' id='word_1_686' title='bbox 3488 3562 3573 3617; x_wconf 84' lang='lat' dir='ltr'><strong>lu-</strong></span> 
     </span>
    </p>
   </div>
   <div class='ocr_carea' id='block_1_96' title="bbox 1976 3636 3573 3723">
    <p class='ocr_par' dir='ltr' id='par_1_96' title="bbox 1976 3636 3573 3723">
     <span class='ocr_line' id='line_1_97' title="bbox 1976 3636 3573 3723; baseline 0.004 -20"><span class='ocrx_word' id='word_1_687' title='bbox 1976 3656 2081 3711; x_wconf 87' lang='lat' dir='ltr'><strong>cet,</strong></span> <span class='ocrx_word' id='word_1_688' title='bbox 2109 3664 2214 3703; x_wconf 91' lang='lat' dir='ltr'><strong>non</strong></span> <span class='ocrx_word' id='word_1_689' title='bbox 2243 3657 2420 3704; x_wconf 89' lang='lat' dir='ltr'><strong>tamen</strong></span> <span class='ocrx_word' id='word_1_690' title='bbox 2442 3636 2673 3720; x_wconf 87' lang='lat' dir='ltr'><strong>propter</strong></span> <span class='ocrx_word' id='word_1_691' title='bbox 2701 3650 2983 3707; x_wconf 82' lang='lat' dir='ltr'><strong>oculorum</strong></span> <span class='ocrx_word' id='word_1_692' title='bbox 3013 3651 3324 3708; x_wconf 82' lang='lat' dir='ltr'><strong>distantiam</strong></span> <span class='ocrx_word' id='word_1_693' title='bbox 3350 3653 3573 3723; x_wconf 65' lang='lat' dir='ltr'><strong>aequali-</strong></span> 
     </span>
    </p>
   </div>
   <div class='ocr_carea' id='block_1_97' title="bbox 1980 3740 3616 3808">
    <p class='ocr_par' dir='ltr' id='par_1_97' title="bbox 1980 3740 3616 3808">
     <span class='ocr_line' id='line_1_98' title="bbox 1980 3740 3616 3808; baseline 0.007 -14"><span class='ocrx_word' id='word_1_694' title='bbox 1980 3749 2062 3794; x_wconf 90' lang='lat' dir='ltr'><strong>ter</strong></span> <span class='ocrx_word' id='word_1_695' title='bbox 2082 3741 2151 3794; x_wconf 93' lang='lat' dir='ltr'><strong>ab</strong></span> <span class='ocrx_word' id='word_1_696' title='bbox 2175 3740 2427 3796; x_wconf 89' lang='lat' dir='ltr'><strong>omnibus</strong></span> <span class='ocrx_word' id='word_1_697' title='bbox 2448 3742 2683 3808; x_wconf 86' lang='lat' dir='ltr'><strong>videtur,</strong></span> <span class='ocrx_word' id='word_1_698' title='bbox 2706 3745 2781 3798; x_wconf 67' lang='lat' dir='ltr'><strong>ita</strong></span> <span class='ocrx_word' id='word_1_699' title='bbox 2799 3753 3002 3799; x_wconf 67' lang='lat' dir='ltr'><strong>acterna</strong></span> <span class='ocrx_word' id='word_1_700' title='bbox 3027 3746 3302 3803; x_wconf 90' lang='lat' dir='ltr'><strong>beatitudo</strong></span> <span class='ocrx_word' id='word_1_701' title='bbox 3326 3748 3576 3805; x_wconf 80' lang='lat' dir='ltr'><strong>omnibus</strong></span> <span class='ocrx_word' id='word_1_702' title='bbox 3610 3774 3616 3783; x_wconf 81' lang='lat'><strong><em>-</em></strong></span> 
     </span>
    </p>
   </div>
   <div class='ocr_carea' id='block_1_98' title="bbox 1977 3831 3577 3907">
    <p class='ocr_par' dir='ltr' id='par_1_98' title="bbox 1977 3831 3577 3907">
     <span class='ocr_line' id='line_1_99' title="bbox 1977 3831 3577 3907; baseline 0.006 -22"><span class='ocrx_word' id='word_1_703' title='bbox 1977 3832 2036 3885; x_wconf 88' lang='lat' dir='ltr'><strong>in</strong></span> <span class='ocrx_word' id='word_1_704' title='bbox 2059 3832 2154 3887; x_wconf 87' lang='lat' dir='ltr'><strong>Dei</strong></span> <span class='ocrx_word' id='word_1_705' title='bbox 2178 3846 2348 3903; x_wconf 87' lang='lat' dir='ltr'><strong>regno</strong></span> <span class='ocrx_word' id='word_1_706' title='bbox 2371 3831 2533 3900; x_wconf 84' lang='lat' dir='ltr'><strong>justis</strong></span> <span class='ocrx_word' id='word_1_707' title='bbox 2555 3833 2960 3907; x_wconf 78' lang='lat' dir='ltr'><strong>perdonabitur,</strong></span> <span class='ocrx_word' id='word_1_708' title='bbox 2984 3836 3114 3892; x_wconf 78' lang='lat' dir='ltr'><strong>licet</strong></span> <span class='ocrx_word' id='word_1_709' title='bbox 3142 3839 3460 3894; x_wconf 89' lang='lat' dir='ltr'><strong>meritorum</strong></span> <span class='ocrx_word' id='word_1_710' title='bbox 3491 3856 3577 3897; x_wconf 80' lang='lat' dir='ltr'><strong>su-</strong></span> 
     </span>
    </p>
   </div>
   <div class='ocr_carea' id='block_1_99' title="bbox 1976 3917 3575 4002">
    <p class='ocr_par' dir='ltr' id='par_1_99' title="bbox 1976 3917 3575 4002">
     <span class='ocr_line' id='line_1_100' title="bbox 1976 3917 3575 4002; baseline 0.006 -26"><span class='ocrx_word' id='word_1_711' title='bbox 1976 3921 2216 3977; x_wconf 87' lang='lat' dir='ltr'><strong>blimitas</strong></span> <span class='ocrx_word' id='word_1_712' title='bbox 2256 3922 2391 3978; x_wconf 86' lang='lat' dir='ltr'><strong>alios</strong></span> <span class='ocrx_word' id='word_1_713' title='bbox 2424 3917 2833 3995; x_wconf 33' lang='lat' dir='ltr'><strong>majore‘gloria</strong></span> <span class='ocrx_word' id='word_1_714' title='bbox 2866 3936 3108 3982; x_wconf 90' lang='lat' dir='ltr'><strong>coronet.</strong></span> <span class='ocrx_word' id='word_1_715' title='bbox 3138 3926 3220 3982; x_wconf 79' lang='lat' dir='ltr'><strong>Ad</strong></span> <span class='ocrx_word' id='word_1_716' title='bbox 3260 3944 3422 4000; x_wconf 90' lang='lat' dir='ltr'><strong>quam</strong></span> <span class='ocrx_word' id='word_1_717' title='bbox 3463 3931 3575 4002; x_wconf 82' lang='lat' dir='ltr'><strong>glo-</strong></span> 
     </span>
    </p>
   </div>
   <div class='ocr_carea' id='block_1_100' title="bbox 1978 4010 3577 4094">
    <p class='ocr_par' dir='ltr' id='par_1_100' title="bbox 1978 4010 3577 4094">
     <span class='ocr_line' id='line_1_101' title="bbox 1978 4010 3577 4094; baseline 0.007 -28"><span class='ocrx_word' id='word_1_718' title='bbox 1978 4014 2133 4079; x_wconf 83' lang='lat' dir='ltr'><strong>riam,</strong></span> <span class='ocrx_word' id='word_1_719' title='bbox 2167 4015 2470 4070; x_wconf 85' lang='lat' dir='ltr'><strong>charissimi</strong></span> <span class='ocrx_word' id='word_1_720' title='bbox 2498 4015 2715 4082; x_wconf 87' lang='lat' dir='ltr'><strong>fratres,</strong></span> <span class='ocrx_word' id='word_1_721' title='bbox 2740 4026 2853 4094; x_wconf 84' lang='lat' dir='ltr'><strong>tota</strong></span> <span class='ocrx_word' id='word_1_722' title='bbox 2880 4010 3179 4076; x_wconf 80' lang='lat' dir='ltr'><strong>intentione</strong></span> <span class='ocrx_word' id='word_1_723' title='bbox 3204 4022 3577 4094; x_wconf 7' lang='lat' dir='ltr'><strong>etgvoluntatis</strong></span> 
     </span>
    </p>
   </div>
   <div class='ocr_carea' id='block_1_101' title="bbox 1977 4090 3429 4182">
    <p class='ocr_par' dir='ltr' id='par_1_101' title="bbox 1977 4090 3429 4182">
     <span class='ocr_line' id='line_1_102' title="bbox 1977 4090 3429 4182; baseline 0.006 -24"><span class='ocrx_word' id='word_1_724' title='bbox 1977 4104 2158 4175; x_wconf 85' lang='lat' dir='ltr'><strong>operis</strong></span> <span class='ocrx_word' id='word_1_725' title='bbox 2183 4105 2542 4176; x_wconf 84' lang='lat' dir='ltr'><strong>vosmetipsos</strong></span> <span class='ocrx_word' id='word_1_726' title='bbox 2575 4090 2766 4177; x_wconf 77' lang='lat' dir='ltr'><strong>dignos</strong></span> <span class='ocrx_word' id='word_1_727' title='bbox 2800 4109 3086 4178; x_wconf 88' lang='lat' dir='ltr'><strong>pervenire</strong></span> <span class='ocrx_word' id='word_1_728' title='bbox 3110 4090 3429 4182; x_wconf 65' lang='lat' dir='ltr'><strong>praeparate.</strong></span> 
     </span>
    </p>
   </div>
   <div class='ocr_carea' id='block_1_102' title="bbox 2050 4192 3567 4265">
    <p class='ocr_par' dir='ltr' id='par_1_102' title="bbox 2050 4192 3567 4265">
     <span class='ocr_line' id='line_1_103' title="bbox 2050 4192 3567 4265; baseline 0.006 -19"><span class='ocrx_word' id='word_1_729' title='bbox 2050 4192 2203 4247; x_wconf 84' lang='lat' dir='ltr'><strong>Nulla</strong></span> <span class='ocrx_word' id='word_1_730' title='bbox 2232 4195 2468 4249; x_wconf 86' lang='lat' dir='ltr'><strong>carnalis</strong></span> <span class='ocrx_word' id='word_1_731' title='bbox 2493 4195 2947 4265; x_wconf 82' lang='lat' dir='ltr'><strong>concupiscentia,</strong></span> <span class='ocrx_word' id='word_1_732' title='bbox 2981 4198 3128 4251; x_wconf 83' lang='lat' dir='ltr'><strong>nulla</strong></span> <span class='ocrx_word' id='word_1_733' title='bbox 3149 4192 3426 4254; x_wconf 66' lang='lat' dir='ltr'><strong>saecularis</strong></span> <span class='ocrx_word' id='word_1_734' title='bbox 3450 4217 3567 4255; x_wconf 85' lang='lat' dir='ltr'><strong>am-</strong></span> 
     </span>
    </p>
   </div>
   <div class='ocr_carea' id='block_1_103' title="bbox 1978 4278 3571 4366">
    <p class='ocr_par' dir='ltr' id='par_1_103' title="bbox 1978 4278 3571 4366">
     <span class='ocr_line' id='line_1_104' title="bbox 1978 4278 3571 4366; baseline 0.004 -22"><span class='ocrx_word' id='word_1_735' title='bbox 1978 4288 2111 4344; x_wconf 90' lang='lat' dir='ltr'><strong>bitio</strong></span> <span class='ocrx_word' id='word_1_736' title='bbox 2133 4290 2483 4344; x_wconf 83' lang='lat' dir='ltr'><strong>beatitudinis</strong></span> <span class='ocrx_word' id='word_1_737' title='bbox 2510 4290 2615 4344; x_wconf 87' lang='lat' dir='ltr'><strong>iter</strong></span> <span class='ocrx_word' id='word_1_738' title='bbox 2638 4290 2791 4346; x_wconf 86' lang='lat' dir='ltr'><strong>vobis</strong></span> <span class='ocrx_word' id='word_1_739' title='bbox 2817 4278 3158 4358; x_wconf 81' lang='lat' dir='ltr'><strong>intercludat,</strong></span> <span class='ocrx_word' id='word_1_740' title='bbox 3192 4295 3286 4351; x_wconf 92' lang='lat' dir='ltr'><strong>sed</strong></span> <span class='ocrx_word' id='word_1_741' title='bbox 3311 4310 3409 4366; x_wconf 86' lang='lat' dir='ltr'><strong>per</strong></span> <span class='ocrx_word' id='word_1_742' title='bbox 3429 4297 3571 4352; x_wconf 78' lang='lat' dir='ltr'><strong>viam</strong></span> 
     </span>
    </p>
   </div>
   <div class='ocr_carea' id='block_1_104' title="bbox 1978 4381 3571 4461">
    <p class='ocr_par' dir='ltr' id='par_1_104' title="bbox 1978 4381 3571 4461">
     <span class='ocr_line' id='line_1_105' title="bbox 1978 4381 3571 4461; baseline 0.011 -29"><span class='ocrx_word' id='word_1_743' title='bbox 1978 4381 2223 4437; x_wconf 84' lang='lat' dir='ltr'><strong>veritatis</strong></span> <span class='ocrx_word' id='word_1_744' title='bbox 2250 4390 2306 4437; x_wconf 92' lang='lat' dir='ltr'><strong>et</strong></span> <span class='ocrx_word' id='word_1_745' title='bbox 2335 4382 2657 4448; x_wconf 90' lang='lat' dir='ltr'><strong>sanctitatis,</strong></span> <span class='ocrx_word' id='word_1_746' title='bbox 2687 4398 2786 4453; x_wconf 91' lang='lat' dir='ltr'><strong>per</strong></span> <span class='ocrx_word' id='word_1_747' title='bbox 2811 4400 2974 4455; x_wconf 88' lang='lat' dir='ltr'><strong>quam</strong></span> <span class='ocrx_word' id='word_1_748' title='bbox 3012 4386 3155 4442; x_wconf 91' lang='lat' dir='ltr'><strong>beati</strong></span> <span class='ocrx_word' id='word_1_749' title='bbox 3180 4387 3393 4455; x_wconf 89' lang='lat' dir='ltr'><strong>Patres,</strong></span> <span class='ocrx_word' id='word_1_750' title='bbox 3429 4405 3571 4461; x_wconf 75' lang='lat' dir='ltr'><strong>pra:-</strong></span> 
     </span>
    </p>
   </div>
   <div class='ocr_carea' id='block_1_105' title="bbox 1980 4470 3571 4546">
    <p class='ocr_par' dir='ltr' id='par_1_105' title="bbox 1980 4470 3571 4546">
     <span class='ocr_line' id='line_1_106' title="bbox 1980 4470 3571 4546; baseline 0.007 -21"><span class='ocrx_word' id='word_1_751' title='bbox 1980 4470 2295 4527; x_wconf 90' lang='lat' dir='ltr'><strong>decessores</strong></span> <span class='ocrx_word' id='word_1_752' title='bbox 2334 4473 2530 4537; x_wconf 90' lang='lat' dir='ltr'><strong>nostri,</strong></span> <span class='ocrx_word' id='word_1_753' title='bbox 2572 4474 2641 4528; x_wconf 89' lang='lat' dir='ltr'><strong>ad</strong></span> <span class='ocrx_word' id='word_1_754' title='bbox 2687 4488 2852 4545; x_wconf 86' lang='lat' dir='ltr'><strong>regna</strong></span> <span class='ocrx_word' id='word_1_755' title='bbox 2897 4485 3264 4546; x_wconf 81' lang='lat' dir='ltr'><strong>pervenerunt</strong></span> <span class='ocrx_word' id='word_1_756' title='bbox 3308 4479 3571 4546; x_wconf 67' lang='lat' dir='ltr'><strong>coelestia,</strong></span> 
     </span>
    </p>
   </div>
   <div class='ocr_carea' id='block_1_106' title="bbox 1905 4563 3569 4656">
    <p class='ocr_par' dir='ltr' id='par_1_106' title="bbox 1905 4563 3569 4656">
     <span class='ocr_line' id='line_1_107' title="bbox 1905 4563 3569 4656; baseline 0.009 -42"><span class='ocrx_word' id='word_1_757' title='bbox 1905 4597 1957 4656; x_wconf 66' lang='grc' dir='ltr'><strong>Β</strong></span> <span class='ocrx_word' id='word_1_758' title='bbox 1981 4572 2329 4629; x_wconf 80' lang='lat' dir='ltr'><strong>superna~vos</strong></span> <span class='ocrx_word' id='word_1_759' title='bbox 2353 4563 2647 4617; x_wconf 89' lang='lat' dir='ltr'><strong>comitante</strong></span> <span class='ocrx_word' id='word_1_760' title='bbox 2672 4566 2867 4635; x_wconf 87' lang='lat' dir='ltr'><strong>gratia,</strong></span> <span class='ocrx_word' id='word_1_761' title='bbox 2893 4568 3008 4635; x_wconf 88' lang='lat' dir='ltr'><strong>pari</strong></span> <span class='ocrx_word' id='word_1_762' title='bbox 3033 4567 3252 4641; x_wconf 87' lang='lat' dir='ltr'><strong>pietatis</strong></span> <span class='ocrx_word' id='word_1_763' title='bbox 3279 4584 3569 4635; x_wconf 83' lang='lat' dir='ltr'><strong>consensu,</strong></span> 
     </span>
    </p>
   </div>
   <div class='ocr_carea' id='block_1_107' title="bbox 1980 4650 3574 4731">
    <p class='ocr_par' dir='ltr' id='par_1_107' title="bbox 1980 4650 3574 4731">
     <span class='ocr_line' id='line_1_108' title="bbox 1980 4650 3574 4731; baseline 0.009 -29"><span class='ocrx_word' id='word_1_764' title='bbox 1980 4664 2089 4703; x_wconf 88' lang='lat' dir='ltr'><strong>uno</strong></span> <span class='ocrx_word' id='word_1_765' title='bbox 2119 4650 2413 4705; x_wconf 90' lang='lat' dir='ltr'><strong>voluntatis</strong></span> <span class='ocrx_word' id='word_1_766' title='bbox 2446 4650 2664 4717; x_wconf 78' lang='lat' dir='ltr'><strong>aﬁ‘ectu,</strong></span> <span class='ocrx_word' id='word_1_767' title='bbox 2704 4656 3033 4722; x_wconf 86' lang='lat' dir='ltr'><strong>quotidianis</strong></span> <span class='ocrx_word' id='word_1_768' title='bbox 3080 4657 3284 4712; x_wconf 87' lang='lat' dir='ltr'><strong>currite</strong></span> <span class='ocrx_word' id='word_1_769' title='bbox 3316 4659 3574 4731; x_wconf 85' lang='lat' dir='ltr'><strong>profecti-</strong></span> 
     </span>
    </p>
   </div>
   <div class='ocr_carea' id='block_1_108' title="bbox 1939 4737 3573 4821">
    <p class='ocr_par' dir='ltr' id='par_1_108' title="bbox 1939 4737 3573 4821">
     <span class='ocr_line' id='line_1_109' title="bbox 1939 4737 3573 4821; baseline 0.009 -28"><span class='ocrx_word' id='word_1_770' title='bbox 1939 4771 1943 4774; x_wconf 84' lang='lat'><strong><em>~</em></strong></span> <span class='ocrx_word' id='word_1_771' title='bbox 1979 4739 2100 4794; x_wconf 92' lang='lat' dir='ltr'><strong>bus.</strong></span> <span class='ocrx_word' id='word_1_772' title='bbox 2139 4737 2364 4793; x_wconf 91' lang='lat' dir='ltr'><strong>Omnem</strong></span> <span class='ocrx_word' id='word_1_773' title='bbox 2378 4754 2428 4799; x_wconf 12' lang='lat' dir='ltr'><strong>ea</strong></span> <span class='ocrx_word' id='word_1_774' title='bbox 2452 4748 2633 4795; x_wconf 90' lang='lat' dir='ltr'><strong>vestra</strong></span> <span class='ocrx_word' id='word_1_775' title='bbox 2663 4752 2850 4799; x_wconf 89' lang='lat' dir='ltr'><strong>sancta</strong></span> <span class='ocrx_word' id='word_1_776' title='bbox 2892 4748 3301 4804; x_wconf 85' lang='lat' dir='ltr'><strong>conversatione</strong></span> <span class='ocrx_word' id='word_1_777' title='bbox 3331 4749 3573 4821; x_wconf 81' lang='lat' dir='ltr'><strong>repellite</strong></span> 
     </span>
    </p>
   </div>
   <div class='ocr_carea' id='block_1_109' title="bbox 1981 4830 3570 4905">
    <p class='ocr_par' dir='ltr' id='par_1_109' title="bbox 1981 4830 3570 4905">
     <span class='ocr_line' id='line_1_110' title="bbox 1981 4830 3570 4905; baseline 0.008 -22"><span class='ocrx_word' id='word_1_778' title='bbox 1981 4830 2287 4901; x_wconf 86' lang='lat' dir='ltr'><strong>segnitiem,</strong></span> <span class='ocrx_word' id='word_1_779' title='bbox 2337 4830 2605 4885; x_wconf 79' lang='lat' dir='ltr'><strong>luxuriam</strong></span> <span class='ocrx_word' id='word_1_780' title='bbox 2660 4835 2907 4888; x_wconf 88' lang='lat' dir='ltr'><strong>castitate</strong></span> <span class='ocrx_word' id='word_1_781' title='bbox 2961 4847 3165 4893; x_wconf 89' lang='lat' dir='ltr'><strong>mutate</strong></span> <span class='ocrx_word' id='word_1_782' title='bbox 3182 4881 3209 4905; x_wconf 61' lang='lat'><strong>,,</strong></span> <span class='ocrx_word' id='word_1_783' title='bbox 3253 4841 3570 4898; x_wconf 85' lang='lat' dir='ltr'><strong>ebrietatem</strong></span> 
     </span>
    </p>
   </div>
   <div class='ocr_carea' id='block_1_110' title="bbox 1981 4919 3611 4999">
    <p class='ocr_par' dir='ltr' id='par_1_110' title="bbox 1981 4919 3611 4999">
     <span class='ocr_line' id='line_1_111' title="bbox 1981 4919 3611 4999; baseline 0.009 -26"><span class='ocrx_word' id='word_1_784' title='bbox 1981 4920 2136 4991; x_wconf 88' lang='lat' dir='ltr'><strong>quasi</strong></span> <span class='ocrx_word' id='word_1_785' title='bbox 2182 4919 2379 4976; x_wconf 88' lang='lat' dir='ltr'><strong>inferni</strong></span> <span class='ocrx_word' id='word_1_786' title='bbox 2426 4919 2610 4979; x_wconf 87' lang='lat' dir='ltr'><strong>foveas</strong></span> <span class='ocrx_word' id='word_1_787' title='bbox 2669 4923 2872 4996; x_wconf 87' lang='lat' dir='ltr'><strong>fugite,</strong></span> <span class='ocrx_word' id='word_1_788' title='bbox 2924 4944 3286 4999; x_wconf 89' lang='lat' dir='ltr'><strong>supervacuos</strong></span> <span class='ocrx_word' id='word_1_789' title='bbox 3338 4938 3611 4993; x_wconf 20' lang='lat' dir='ltr'><strong>vestium,</strong></span> 
     </span>
    </p>
   </div>
   <div class='ocr_carea' id='block_1_111' title="bbox 1942 5013 3571 5091">
    <p class='ocr_par' dir='ltr' id='par_1_111' title="bbox 1942 5013 3571 5091">
     <span class='ocr_line' id='line_1_112' title="bbox 1942 5013 3571 5091; baseline 0.01 -25"><span class='ocrx_word' id='word_1_790' title='bbox 1942 5048 1945 5049; x_wconf 50' lang='grc' dir='ltr'><em>ν</em></span> <span class='ocrx_word' id='word_1_791' title='bbox 1980 5021 2210 5068; x_wconf 88' lang='lat' dir='ltr'><strong>ornatus</strong></span> <span class='ocrx_word' id='word_1_792' title='bbox 2242 5013 2409 5068; x_wconf 90' lang='lat' dir='ltr'><strong>nolite</strong></span> <span class='ocrx_word' id='word_1_793' title='bbox 2434 5016 2741 5083; x_wconf 78' lang='lat' dir='ltr'><strong>exquirere.</strong></span> <span class='ocrx_word' id='word_1_794' title='bbox 2772 5016 2963 5073; x_wconf 81' lang='lat' dir='ltr'><strong>Melius</strong></span> <span class='ocrx_word' id='word_1_795' title='bbox 2988 5028 3071 5074; x_wconf 88' lang='lat' dir='ltr'><strong>est</strong></span> <span class='ocrx_word' id='word_1_796' title='bbox 3114 5024 3286 5078; x_wconf 90' lang='lat' dir='ltr'><strong>servis</strong></span> <span class='ocrx_word' id='word_1_797' title='bbox 3313 5024 3428 5091; x_wconf 86' lang='lat' dir='ltr'><strong>Dei,</strong></span> <span class='ocrx_word' id='word_1_798' title='bbox 3456 5029 3571 5082; x_wconf 54' lang='lat' dir='ltr'><strong>ani.</strong></span> 
     </span>
    </p>
   </div>
   <div class='ocr_carea' id='block_1_112' title="bbox 1984 5106 3567 5186">
    <p class='ocr_par' dir='ltr' id='par_1_112' title="bbox 1984 5106 3567 5186">
     <span class='ocr_line' id='line_1_113' title="bbox 1984 5106 3567 5186; baseline 0.008 -26"><span class='ocrx_word' id='word_1_799' title='bbox 1984 5122 2128 5161; x_wconf 89' lang='lat' dir='ltr'><strong>mam</strong></span> <span class='ocrx_word' id='word_1_800' title='bbox 2159 5106 2544 5163; x_wconf 89' lang='lat' dir='ltr'><strong>ecclesiasticis</strong></span> <span class='ocrx_word' id='word_1_801' title='bbox 2582 5124 2779 5163; x_wconf 87' lang='lat' dir='ltr'><strong>ornare</strong></span> <span class='ocrx_word' id='word_1_802' title='bbox 2826 5112 3095 5185; x_wconf 73' lang='lat' dir='ltr'><strong>moribus,</strong></span> <span class='ocrx_word' id='word_1_803' title='bbox 3139 5129 3300 5183; x_wconf 90' lang='lat' dir='ltr'><strong>quam</strong></span> <span class='ocrx_word' id='word_1_804' title='bbox 3350 5130 3567 5186; x_wconf 81' lang='lat' dir='ltr'><strong>corpus,</strong></span> 
     </span>
    </p>
   </div>
   <div class='ocr_carea' id='block_1_113' title="bbox 1984 5194 3655 5273">
    <p class='ocr_par' dir='ltr' id='par_1_113' title="bbox 1984 5194 3655 5273">
     <span class='ocr_line' id='line_1_114' title="bbox 1984 5194 3655 5273; baseline 0.007 -23"><span class='ocrx_word' id='word_1_805' title='bbox 1984 5197 2243 5253; x_wconf 89' lang='lat' dir='ltr'><strong>laicorum</strong></span> <span class='ocrx_word' id='word_1_806' title='bbox 2268 5199 2679 5264; x_wconf 87' lang='lat' dir='ltr'><strong>consuetudine,</strong></span> <span class='ocrx_word' id='word_1_807' title='bbox 2726 5205 3028 5273; x_wconf 87' lang='lat' dir='ltr'><strong>pompatica</strong></span> <span class='ocrx_word' id='word_1_808' title='bbox 3078 5204 3274 5259; x_wconf 87' lang='lat' dir='ltr'><strong>vestire</strong></span> <span class='ocrx_word' id='word_1_809' title='bbox 3308 5209 3565 5263; x_wconf 80' lang='lat' dir='ltr'><strong>vanitate.</strong></span> <span class='ocrx_word' id='word_1_810' title='bbox 3648 5194 3655 5201; x_wconf 65' lang='grc'><strong>’</strong></span> 
     </span>
    </p>
   </div>
   <div class='ocr_carea' id='block_1_114' title="bbox 1948 5288 3564 5357">
    <p class='ocr_par' dir='ltr' id='par_1_114' title="bbox 1948 5288 3564 5357">
     <span class='ocr_line' id='line_1_115' title="bbox 1948 5288 3564 5357; baseline 0.008 -15"><span class='ocrx_word' id='word_1_811' title='bbox 1948 5288 2052 5343; x_wconf 86' lang='lat' dir='ltr'><strong>-Et</strong></span> <span class='ocrx_word' id='word_1_812' title='bbox 2084 5289 2276 5343; x_wconf 89' lang='lat' dir='ltr'><strong>melius</strong></span> <span class='ocrx_word' id='word_1_813' title='bbox 2306 5294 2419 5354; x_wconf 87' lang='lat' dir='ltr'><strong>est,</strong></span> <span class='ocrx_word' id='word_1_814' title='bbox 2469 5304 2625 5345; x_wconf 89' lang='lat' dir='ltr'><strong>sacra</strong></span> <span class='ocrx_word' id='word_1_815' title='bbox 2668 5295 2858 5350; x_wconf 89' lang='lat' dir='ltr'><strong>matris</strong></span> <span class='ocrx_word' id='word_1_816' title='bbox 2906 5296 3163 5352; x_wconf 65' lang='lat' dir='ltr'><strong>Ecclesiae</strong></span> <span class='ocrx_word' id='word_1_817' title='bbox 3214 5301 3564 5357; x_wconf 73' lang='lat' dir='ltr'><strong>mundissima</strong></span> 
     </span>
    </p>
   </div>
   <div class='ocr_carea' id='block_1_115' title="bbox 1951 5380 3568 5453">
    <p class='ocr_par' dir='ltr' id='par_1_115' title="bbox 1951 5380 3568 5453">
     <span class='ocr_line' id='line_1_116' title="bbox 1951 5380 3568 5453; baseline 0.01 -20"><span class='ocrx_word' id='word_1_818' title='bbox 1951 5380 2195 5435; x_wconf 84' lang='lat' dir='ltr'><strong>-calcare</strong></span> <span class='ocrx_word' id='word_1_819' title='bbox 2248 5380 2450 5445; x_wconf 81' lang='lat' dir='ltr'><strong>limina,</strong></span> <span class='ocrx_word' id='word_1_820' title='bbox 2480 5385 2998 5453; x_wconf 15' lang='lat' dir='ltr'><strong>.quam‘lutulentas</strong></span> <span class='ocrx_word' id='word_1_821' title='bbox 3046 5389 3258 5446; x_wconf 72' lang='lat' dir='ltr'><strong>villanae</strong></span> <span class='ocrx_word' id='word_1_822' title='bbox 3308 5391 3568 5450; x_wconf 72' lang='lat' dir='ltr'><strong>fmditatis</strong></span> 
     </span>
    </p>
   </div>
   <div class='ocr_carea' id='block_1_116' title="bbox 1984 5470 3566 5557">
    <p class='ocr_par' dir='ltr' id='par_1_116' title="bbox 1984 5470 3566 5557">
     <span class='ocr_line' id='line_1_117' title="bbox 1984 5470 3566 5557; baseline 0.011 -33"><span class='ocrx_word' id='word_1_823' title='bbox 1984 5470 2206 5525; x_wconf 87' lang='lat' dir='ltr'><strong>semitas</strong></span> <span class='ocrx_word' id='word_1_824' title='bbox 2239 5470 2603 5539; x_wconf 84' lang='lat' dir='ltr'><strong>frequentare.</strong></span> <span class='ocrx_word' id='word_1_825' title='bbox 2640 5474 2925 5557; x_wconf 81' lang='lat' dir='ltr'><strong>Regularis</strong></span> <span class='ocrx_word' id='word_1_826' title='bbox 2955 5480 3077 5534; x_wconf 76' lang='lat' dir='ltr'><strong>vita:</strong></span> <span class='ocrx_word' id='word_1_827' title='bbox 3116 5498 3212 5537; x_wconf 89' lang='lat' dir='ltr'><strong>vos</strong></span> <span class='ocrx_word' id='word_1_828' title='bbox 3240 5484 3456 5539; x_wconf 83' lang='lat' dir='ltr'><strong>ordinet</strong></span> <span class='ocrx_word' id='word_1_829' title='bbox 3485 5486 3566 5540; x_wconf 78' lang='lat' dir='ltr'><strong>di-</strong></span> 
     </span>
    </p>
   </div>
   <div class='ocr_carea' id='block_1_117' title="bbox 1982 5558 3565 5666">
    <p class='ocr_par' dir='ltr' id='par_1_117' title="bbox 1982 5558 3565 5666">
     <span class='ocr_line' id='line_1_118' title="bbox 1982 5558 3565 5666; baseline 0.01 -22"><span class='ocrx_word' id='word_1_830' title='bbox 1982 5562 2223 5661; x_wconf 73' lang='lat' dir='ltr'><strong>§5,pag.</strong></span> <span class='ocrx_word' id='word_1_831' title='bbox 2258 5588 2382 5666; x_wconf 65' lang='lat'><strong>{64.</strong></span> <span class='ocrx_word' id='word_1_832' title='bbox 2402 5558 2657 5666; x_wconf 22' lang='lat' dir='ltr'><strong>[Epist&#39;ola&#39;</strong></span> <span class='ocrx_word' id='word_1_833' title='bbox 2678 5594 2801 5666; x_wconf 78' lang='lat' dir='ltr'><strong>data</strong></span> <span class='ocrx_word' id='word_1_834' title='bbox 2827 5589 2991 5661; x_wconf 84' lang='lat' dir='ltr'><strong>fuisse</strong></span> <span class='ocrx_word' id='word_1_835' title='bbox 3018 5564 3233 5663; x_wconf 81' lang='lat' dir='ltr'><strong>videtur</strong></span> <span class='ocrx_word' id='word_1_836' title='bbox 3255 5618 3400 5663; x_wconf 86' lang='lat' dir='ltr'><strong>anno</strong></span> <span class='ocrx_word' id='word_1_837' title='bbox 3440 5605 3565 5664; x_wconf 80' lang='lat'><strong>795.</strong></span> 
     </span>
    </p>
   </div>
   <div class='ocr_carea' id='block_1_118' title="bbox 1956 5663 3567 5741">
    <p class='ocr_par' dir='ltr' id='par_1_118' title="bbox 1956 5663 3567 5741">
     <span class='ocr_line' id='line_1_119' title="bbox 1956 5663 3567 5741; baseline 0.014 -31"><span class='ocrx_word' id='word_1_838' title='bbox 1956 5675 1960 5679; x_wconf 93' lang='grc'>·</span> <span class='ocrx_word' id='word_1_839' title='bbox 1983 5670 2269 5741; x_wconf 64' lang='lat' dir='ltr'><strong>postquam</strong></span> <span class='ocrx_word' id='word_1_840' title='bbox 2315 5663 2486 5741; x_wconf 70' lang='lat' dir='ltr'><strong>altera</strong></span> <span class='ocrx_word' id='word_1_841' title='bbox 2516 5663 2646 5717; x_wconf 78' lang='lat' dir='ltr'><strong>vice</strong></span> <span class='ocrx_word' id='word_1_842' title='bbox 2671 5664 2739 5719; x_wconf 90' lang='lat' dir='ltr'><strong>ab</strong></span> <span class='ocrx_word' id='word_1_843' title='bbox 2769 5668 2977 5741; x_wconf 73' lang='lat' dir='ltr'><strong>_eo_rum&#39;</strong></span> <span class='ocrx_word' id='word_1_844' title='bbox 3004 5673 3279 5728; x_wconf 85' lang='lat' dir='ltr'><strong>consortio</strong></span> <span class='ocrx_word' id='word_1_845' title='bbox 3303 5663 3567 5741; x_wconf 73' lang='lat' dir='ltr'><strong>sublatus,</strong></span> 
     </span>
    </p>
   </div>
   <div class='ocr_carea' id='block_1_119' title="bbox 1986 5730 3571 5813">
    <p class='ocr_par' dir='ltr' id='par_1_119' title="bbox 1986 5730 3571 5813">
     <span class='ocr_line' id='line_1_120' title="bbox 1986 5730 3571 5813; baseline 0.009 -31"><span class='ocrx_word' id='word_1_846' title='bbox 1986 5730 2038 5791; x_wconf 86' lang='lat' dir='ltr'><strong>in</strong></span> <span class='ocrx_word' id='word_1_847' title='bbox 2064 5730 2295 5812; x_wconf 71' lang='lat' dir='ltr'><strong>Galliam</strong></span> <span class='ocrx_word' id='word_1_848' title='bbox 2339 5734 2527 5813; x_wconf 68' lang='lat' dir='ltr'><strong>rediit;</strong></span> <span class='ocrx_word' id='word_1_849' title='bbox 2566 5741 2695 5813; x_wconf 62' lang='lat' dir='ltr'><strong>eme</strong></span> <span class='ocrx_word' id='word_1_850' title='bbox 2734 5736 2965 5813; x_wconf 72' lang='lat' dir='ltr'><strong>cladem,</strong></span> <span class='ocrx_word' id='word_1_851' title='bbox 2990 5747 3142 5813; x_wconf 91' lang='lat' dir='ltr'><strong>puto,</strong></span> <span class='ocrx_word' id='word_1_852' title='bbox 3167 5730 3571 5803; x_wconf 55' lang='lat' dir='ltr'><strong>Lindisfarnenl</strong></span> 
     </span>
    </p>
   </div>
   <div class='ocr_carea' id='block_1_120' title="bbox 1984 5800 3564 5925">
    <p class='ocr_par' dir='ltr' id='par_1_120' title="bbox 1984 5800 3564 5925">
     <span class='ocr_line' id='line_1_121' title="bbox 1984 5800 3564 5925; baseline 0.012 -73"><span class='ocrx_word' id='word_1_853' title='bbox 1984 5800 2313 5925; x_wconf 51' lang='lat' dir='ltr'><strong>segmtcujus</strong></span> <span class='ocrx_word' id='word_1_854' title='bbox 2338 5803 2470 5857; x_wconf 82' lang='lat' dir='ltr'><strong>alias</strong></span> <span class='ocrx_word' id='word_1_855' title='bbox 2507 5800 3069 5881; x_wconf 57' lang='lat' dir='ltr'><strong>in‘ltacvel&#39;scquenti</strong></span> <span class='ocrx_word' id='word_1_856' title='bbox 3114 5800 3338 5883; x_wconf 81' lang='lat' dir='ltr'><strong>epistola</strong></span> <span class='ocrx_word' id='word_1_857' title='bbox 3364 5800 3564 5873; x_wconf 67' lang='lat' dir='ltr'><strong>inemi~</strong></span> 
     </span>
     <span class='ocr_line' id='line_1_122' title="bbox 1985 5886 2170 5925; baseline -0.016 0"><span class='ocrx_word' id='word_1_858' title='bbox 1985 5887 2037 5925; x_wconf 83' lang='lat' dir='ltr'><strong>Ill</strong></span> <span class='ocrx_word' id='word_1_859' title='bbox 2070 5886 2126 5925; x_wconf 68' lang='lat' dir='ltr'><strong>se.</strong></span> <span class='ocrx_word' id='word_1_860' title='bbox 2158 5910 2170 5922; x_wconf 93' lang='lat'><strong>.</strong></span> 
     </span>
    </p>
   </div>
   <div class='ocr_carea' id='block_1_121' title="bbox 1985 5886 2170 5925">
    <p class='ocr_par' dir='ltr' id='par_1_121' title="bbox 1985 5886 2170 5925">
     <span class='ocr_line' id='line_1_123' title="bbox 1985 5886 2170 5925; baseline -0.005 -1"><span class='ocrx_word' id='word_1_861' title='bbox 1985 5886 2170 5925; x_wconf 67' lang='grc' dir='ltr'><strong>ωδδηῑ.</strong></span> 
     </span>
    </p>
   </div>
  </div>
