4232 6436
740 411 842 465 147

1616 413 1674 464 Β.
1717 412 1777 464 F.
1817 411 2043 466 ALBlNl
2083 411 2215 466 SEU
2253 411 2528 468 ALCUINI
2567 415 2851 470 OPEBUM
2887 415 3068 472 PARS
3104 414 3147 470 1.
3915 418 3997 471 ηε

737 525 984 594 sciplina.
1011 535 1064 577 et
1098 524 1476 578 ecclesiastica:
1499 525 1718 593 pietatis
1763 525 2063 580 moderatio
2100 539 2326 578 venera-
2353 528 2402 582 Α
2430 539 2618 579 eorum
2653 525 2932 582 consortes
2973 527 3158 597 gloria
3199 524 3336 582 efﬁci
3381 507 3704 581 mereamur.
3758 526 3874 582 Non
3914 545 3999 583 nos

738 614 874 667 biles
897 611 1111 668 elliciat.
1144 613 1357 668 Sancta:
1401 614 1721 668 humilitatis
1746 613 1993 682 pedibus,
2042 622 2096 669 et
2137 614 2330 670 divina:

735 704 1020 758 charitatis
1047 705 1300 773 gradibus
1341 719 1439 774 per
1466 720 1661 775 passus
1697 705 2020 760 obcdientia:
2052 705 2176 761 coeli
2207 720 2330 759 con-

735 793 976 847 scendite
1001 807 1184 862 regna.
1211 794 1338 850 Haac
1375 796 1521 848 cnim
1549 795 1752 850 caduca
1779 804 1833 848 et
1864 795 2174 849 transitoria
2213 795 2328 850 for-

738 882 982 937 titudinis
1011 884 1241 938 evincite
1266 885 1468 947 animo,
1505 894 1772 954 quatenus
1807 885 1872 938 ad
1899 885 2187 940 amabilem
2216 900 2328 940 cu:-

736 972 884 1028 lestis
917 975 1104 1045 gloria:
1137 977 1385 1045 patriam,
1410 976 1593 1030 divina
1630 991 1726 1031 vos
1751 977 1952 1046 ubique
1981 977 2153 1045 gratia
2180 991 2324 1044 prte-

734 1070 984 1122 venicnte
1013 1077 1068 1121 et
1091 1071 1470 1136 subsequente,
1510 1069 1870 1124 laudabilibus
1897 1070 2163 1125 bonorqu
2199 1083 2326 1138 ope-

733 1179 853 1218 rum
894 1152 1120 1226 meritis,
1151 1179 1273 1217 cum
1315 1165 1462 1219 omni
1498 1166 1858 1234 prosperitate
1886 1172 1942 1216 et
1966 1163 2162 1231 gaudio
2202 1177 2324 1232 per-

731 1253 918 1308 venire
946 1268 1271 1307 mereamur.

1249 1397 1272 1422 α
1312 1382 1644 1438 EPISTOIA
1685 1382 1794 1435 VII.

1141 1511 1206 1546 AD
1247 1511 1382 1547 Ρκλτ
1392 1510 1484 1546 διες
1523 1507 1907 1548 Εηοιιλεεκδεε.

1338 1605 1516 1675 (Anno
1554 1604 1705 1675 795.)

729 1719 1007 1789 Signiﬁcat
1032 1717 1270 1789 la'titigm
1298 1716 1516 1786 epistola
1543 1717 1607 1769 ab
1635 1717 1762 1785 ipsis
1778 1727 2038 1789 accepta;
2077 1715 2322 1789 hortatur

799 1784 869 1842 ad
886 1784 1140 1841 sectanda
1172 1784 1396 1839 Patrum
1424 1802 1639 1839 suorum
1656 1784 1910 1855 ﬁttestigia;
1939 1801 2001 1837 ac
2022 1799 2076 1838 se
2103 1784 2315 1838 illorum

798 1857 1118 1910 orationibus
1142 1855 1485 1909 commendat.

799 1986 1166 2041 Sanctissimae
1187 1987 1621 2056 congregationis
1642 1996 1696 2041 et
1719 1987 2045 2042 dulcissimae
2074 1987 2317 2042 dilectio-

726 2079 812 2132 nis
838 2078 1194 2133 Eboracensis
1221 2077 1474 2132 Ecclesiae
1500 2077 1776 2142 fratribus,
1804 2079 2046 2147 ejusdem
2069 2079 2170 2146 βίω
2199 2093 2315 2130 ma-

725 2168 825 2223 tris
876 2167 1017 2222 filius
1061 2167 1322 2222 Alcuinus
1366 2166 1648 2231 diaconus,
1697 2168 1944 2238 perpetui
1994 2167 2216 2221 honoris
2262 2167 2315 2221 in

721 2257 942 2314 Christo
966 2272 1154 2327 pacem
1177 2263 1232 2311 et
1256 2255 1499 2313 salutem.

798 2348 1141 2402 V'enerabiles
1174 2354 1369 2400 vestrae
1396 2347 1700 2402 dilectionis
1737 2348 1806 2402 ab
1832 2348 1858 2387 δ
1888 2347 2161 2402 Eanbaldo
2193 2361 2314 2414 pre-

721 2439 940 2508 sbytero
969 2438 1151 2506 accepi
1184 2437 1412 2501 litteras,
1436 2452 1666 2513 quarum
1693 2438 1976 2505 pacificam
2006 2437 2314 2506 inscriptio-

722 2532 807 2584 nis
834 2530 1030 2584 seriem
1059 2527 1199 2582 idem
1229 2529 1342 2596 ipse
1368 2529 1459 2597 qui
1496 2529 1749 2596 portavit,
1777 2525 2045 2582 mel!illuis
2072 2528 2310 2599 (vestrm)

718 2617 1059 2672 salutationis
1087 2615 1266 2670 verbis
1301 2617 1454 2673 valde
1479 2619 1846 2687 amplificavit,
1880 2617 2120 2672 referens
2161 2633 2188 2671 a
2220 2606 2312 2672 vo—

719 2707 803 2761 bis
846 2707 1072 2760 fraterni
1120 2707 1322 2761 amoris
1366 2708 1824 2776 perseverantiam
1878 2708 1931 2761 in
1970 2723 2088 2769 nos,
2142 2707 2214 2761 ita
2253 2716 2311 2759 ut

719 2797 861 2850 inter
904 2796 1173 2865 lacrymas
1215 2797 1554 2852 allocutionis
1598 2805 1795 2852 nostra:
1833 2806 2041 2850 vestras
2071 2812 2168 2866 per
2197 2797 2310 2850 sin-

717 2885 840 2954 gula
869 2886 1032 2939 verba
1063 2901 1223 2940 voces
1253 2886 1439 2940 audire
1468 2888 1784 2941 aestimarim
1813 2886 1966 2959 [ϐοά.
1997 2887 2137 2952 Sal.,
2165 2888 2310 2942 msti-

717 2971 904 3043 tnavi].
938 2973 1091 3041 Quod
1120 2984 1172 3028 et
1204 2975 1258 3028 in
1283 2975 1476 3029 litteris
1502 2977 1840 3045 apertissime
1862 2978 2074 3047 agnovi,
2107 2979 2161 3031 in
2184 2980 2304 3047 qui-

716 3065 819 3118 l.us
852 3063 1054 3133 legens,
1100 3075 1307 3120 vestras
1344 3067 1519 3120 visum
1553 3075 1636 3119 est
1680 3067 1812 3121 mihi
1854 3067 2021 3121 facies
2059 3081 2303 3121 cernere.

716 3152 871 3218 Quod
901 3162 958 3207 ut
987 3169 1115 3208 vere
1140 3155 1248 3217 fiat,
1273 3157 1515 3208 omnium
1545 3155 1743 3211 elliciat
1771 3157 1996 3226 largitor
2019 3159 2299 3218 bonorum,

2433 617 2616 671 saeculi
2642 618 2887 684 ambitio,
2917 617 3152 674 carnalis
3191 616 3496 681 delectatio,
3524 631 3630 671 non
3659 617 3887 672 luxuria:
3913 635 3997 688 pu-

2434 705 2606 767 tredo,
2630 721 2738 760 non
2763 707 3045 761 ebrietatis
3070 720 3277 761 venena
3301 722 3332 760 a
3357 707 3657 762 rectissimo
3686 709 3866 762 vitalis
3888 710 3998 764 vitae

2433 793 2648 847 tramite
2692 803 2961 858 revocent,
2992 809 3092 864 per
3120 808 3282 864 quem
3323 794 3401 848 illi
3433 795 3741 864 gradientes
3783 796 3997 860 gloriam

2431 897 2554 935 cum
2582 883 2692 937 Deo
2720 893 3034 938 meruerunt
3076 884 3480 952 sempiternam.
3511 883 3806 939 Unanimes
3836 893 3998 940 estote

2429 973 2484 1026 in
2519 974 2665 1026 omni
2708 975 2850 1029 bono
2877 975 3123 1038 consilio,
3155 975 3451 1030 concordes
3479 975 3532 1028 in
3559 977 3707 1030 omni
3750 977 4000 1046 regularis

2428 1062 2550 1117 vitae
2577 1063 2878 1134 disciplina.
2916 1065 3010 1119 Dei
3041 1065 3439 1135 omnipotentis,
3469 1067 3560 1134 qui
3589 1067 3768 1121 cordis
3800 1076 3999 1122 secreta

2426 1154 2709 1223 conspicit,
2757 1156 3019 1210 honorem
3048 1139 3103 1209 et
3139 1156 3464 1210 voluntatem
3507 1170 3639 1224 pura
3683 1157 3861 1225 primo
3886 1172 3998 1211 om-

2425 1244 2576 1298 nium
2617 1245 2842 1313 quaerite
2871 1245 3224 1315 conscientia,
3252 1253 3311 1299 ut
3328 1243 3452 1313 ejus
3480 1245 3672 1314 gratia,
3715 1261 3838 1314 qua:
3869 1246 4002 1315 opti-

2426 1349 2513 1387 ma
2541 1343 2668 1388 sunt
2697 1342 2753 1389 et
2777 1306 3228 1404 salutilproxima,
3258 1351 3355 1390 vos
3394 1335 3633 1389 invenire
3666 1334 3852 1390 faciat.
3879 1335 4001 1391 Fra-

2426 1431 2636 1476 ternam
2665 1431 2719 1477 et
2759 1425 3042 1494 pacificam
3083 1439 3297 1494 semper
3331 1426 3624 1479 habeamus
3661 1425 3997 1488 charitatem,

2422 1524 2484 1571 ut
2503 1533 2632 1572 oves
2650 1517 2854 1573 Christi
2879 1518 3122 1588 ejusdem
3141 1519 3267 1572 vita:
3287 1519 3501 1586 pascuis
3519 1519 3820 1586 epulantes,
3848 1518 4002 1572 unius

2421 1607 2579 1663 ovilis
2618 1623 2776 1662 muro
2803 1619 3104 1673 manentes,
3157 1610 3213 1662 in
3261 1625 3364 1663 una
3414 1609 3675 1664 orationis
3719 1609 3882 1665 domo
3911 1610 3999 1663 Dei

2422 1698 2578 1752 nobis
2630 1699 3058 1754 misericordiam
3111 1707 3490 1755 convocantes.
3543 1698 3653 1753 Nec
3708 1699 3906 1767 aliquis
3951 1716 4004 1754 se

2422 1789 2697 1844 canonicis
2723 1791 2887 1850 horis.
2913 1807 2945 1844 a
2966 1786 3345 1846 communione
3369 1801 3570 1846 sanctae
3590 1792 3876 1857 orationis,
3899 1809 4002 1848 sum

2347 1865 2394 1925 Β
2419 1879 2696 1948 negligens
2721 1881 2910 1936 salutis
2931 1891 3162 1951 separet.
3195 1882 3380 1937 Melius
3406 1891 3492 1937 est
3517 1892 3576 1936 ut
3602 1883 3849 1954 angelica
3878 1885 4001 1939 visi-

2418 1970 2552 2024 tatio
2599 1972 2748 2027 horis
2803 1975 3233 2042 competentibus
3291 1975 3526 2029 inveniat
3574 1991 3699 2030 cum
3747 1975 4004 2031 fratribus

2403 2068 2656 2123 orantes,
2696 2075 2855 2128 quam
2900 2060 3099 2116 diaboli
3131 2063 3335 2116 saevitia
3378 2063 3432 2116 in
3462 2064 3640 2132 aliqua
3671 2065 4000 2134 negligentia

2416 2149 2500 2202 vel
2555 2150 2767 2202 luxuria
2815 2158 3108 2221 torpentes.
3162 2150 3464 2220 Unicuique
3507 2153 3804 2207 secundum
3851 2170 4003 2208 suum

2416 2237 2654 2292 laborem
2679 2253 2886 2293 merces
2902 2247 3084 2294 manet
3101 2240 3155 2294 in
3184 2248 3466 2294 aeternum.
3491 2239 3593 2307 Qui
3616 2242 3739 2310 plus
3770 2243 4000 2308 laborat,

2415 2329 2534 2398 plus
2565 2331 2829 2384 mercedis
2853 2330 3100 2399 accipiet.

2486 2421 2597 2500 Nec
2633 2422 2787 2477 labor
2808 2421 3000 2477 salutis
3025 2429 3223 2477 nostra:
3249 2423 3413 2479 durus
3441 2424 3600 2478 debet
3623 2425 3816 2479 videri.
3852 2425 4002 2495 Saepe

2413 2512 2714 2565 austeriora
2740 2512 3130 2567 medicamenta
3157 2519 3400 2582 optatam
3429 2513 3603 2568 solent
3631 2524 3897 2584 praestare
3921 2532 4001 2570 sa-

2412 2599 2596 2652 lutem.
2639 2600 2916 2664 Videmus,
2948 2616 3109 2670 quam
3161 2610 3388 2672 angusta
3437 2612 3590 2671 porta
3635 2614 3689 2657 et
3726 2615 3878 2658 arcta
3920 2607 3999 2658 via

2411 2688 2626 2756 (Matth.
2655 2705 2753 2752 vn,
2787 2689 2872 2759 14)
2905 2691 3076 2744 sancti
3120 2702 3388 2762 martyres
3419 2693 3582 2747 vitam
3613 2694 3845 2762 ingressi
3877 2706 4002 2748 sunt

2411 2778 2816 2844 sempiternam.
2865 2778 2974 2834 Nos
3005 2795 3153 2844 vero,
3193 2780 3408 2847 fratres,
3439 2781 3798 2845 faciliorivia,
3838 2792 3893 2835 et
3924 2783 3998 2836 le.

2409 2868 2546 2923 viori
2595 2887 2758 2925 cursu
2807 2872 2874 2926 ad
2920 2871 3162 2939 ejusdem
3208 2873 3332 2926 vita:
3387 2888 3674 2941 possumus
3717 2875 3999 2943 pervenire

2409 2957 2816 3022 beatitudinem,
2853 2961 2967 3028 ipsa
2999 2961 3210 3014 dicente
3238 2961 3513 3015 Veritate:
3546 2961 3731 3016 Multa:
3761 2965 3993 3018 mansio-

2410 3066 2499 3103 nes
2531 3061 2652 3104 sunt
2682 3052 2736 3104 in
2760 3053 2914 3104 domo
2942 3051 3120 3104 Patris
3151 3052 3251 3106 mei
3279 3051 3457 3122 (Joan.
3498 3069 3608 3117 λιν,
3646 3052 3725 3124 2).
3772 3054 3996 3124 Propter

2407 3143 2598 3196 merita
2637 3143 2867 3206 diversa,
2922 3145 3228 3199 mansiones
3267 3145 3444 3198 multa:
3475 3160 3488 3197 :
3517 3153 3695 3199 tamen
3744 3148 3996 3201 omnibus

715 3214 775 3299 u't
811 3247 1031 3302 tristitia
1077 3256 1255 3302 vestra
1294 3257 1535 3304 vertatur
1582 3251 1635 3304 in
1678 3214 1931 3320 gaudium
1980 3252 2162 3323 (Joun.
2194 3271 2300 3315 xvi,
2335 3214 2377 3273 C
2409 3232 2564 3323 be?”
2593 3234 2866 3288 ωίθτηίίθδ
2892 3243 2948 3288 εί
2975 3234 3484 3323 (ΒίθΓηδ-δθῖηίίηάο
3510 3236 3633 3288 em-
3665 3235 3800 3301 Quia
3839 3238 3991 3305 quis'

713 3336 807 3406 20)
834 3346 889 3391 et
923 3337 1178 3407 gaudium
1209 3348 1451 3393 nostrum
1499 3339 1785 3410 impleatur
1826 3341 1879 3395 in
1928 3343 2017 3396 illo
2062 3343 2153 3412 qui
2195 3344 2306 3398 suis

711 3439 930 3496 quoque
977 3429 1054 3482 ait
1101 3429 1380 3499 discipulis
1427 3431 1543 3485 :Et
1583 3433 1835 3502 gaudium
1882 3444 2107 3487 vestrum
2156 3452 2305 3489 nemo

712 3517 855 3571 tollet
885 3516 1037 3589 (Cod.
1087 3519 1220 3584 Sal.,
1261 3521 1435 3594 tollat]
1479 3542 1511 3576 a
1548 3524 1687 3579 vobis
1731 3525 1910 3595 (Joan.
1959 3543 2067 3591 xvr,
2099 3526 2223 3598 22);
2249 3528 2302 3580 in

712 3625 819 3677 quo
854 3619 937 3663 est
966 3611 1218 3680 gaudium
1265 3613 1602 3679 indeficiens,
1659 3615 1804 3670 salus
1847 3626 2127 3685 perpetua,
2173 3612 2301 3686 pro-

709 3701 942 3768 speritas
969 3702 1127 3755 beata
1156 3711 1209 3756 et
1233 3703 1509 3759 beatitudo
1537 3705 1785 3775 gloriosa.
1818 3707 1922 3778 ιο
1946 3707 2014 3763 Ut
2037 3709 2152 3762 hcce
2179 3724 2300 3763 om-

709 3793 796 3845 nia
827 3795 982 3850 nobis
1007 3811 1104 3863 per
1125 3811 1280 3850 suam
1318 3799 1614 3852 concedere
1654 3799 2083 3855 misericordiam
2113 3801 2299 3871 digne-

707 3890 813 3944 tur,
849 3882 991 3938 illius
1018 3893 1128 3938 tota
1159 3885 1446 3940 dilectione
1479 3894 1534 3940 et
1561 3895 1672 3941 tota
1698 3888 1900 3943 virtute
1937 3879 2301 3945 inhaareamus

705 3973 1008 4041 przeceptis.
1039 3974 1359 4029 Sanctorum
1389 3975 1608 4030 Patrum
1631 3992 1924 4046 sequamur
1945 3980 2299 4050 vestigia,qui

703 4075 805 4119 nos
841 4072 1147 4132 genuerunt
1187 4065 1240 4118 in
1272 4065 1510 4131 Christo,
1535 4077 1592 4122 et
1631 4067 1685 4122 in
1730 4069 1834 4124 hoc
1871 4071 2296 4125 sacratissimum

701 4154 841 4209 ovile
867 4166 1351 4228 congregaverunt,
1395 4169 1448 4213 ct
1473 4152 1953 4232 paternrepietatis
1996 4164 2138 4221 lacte
2165 4180 2296 4220 enu-

702 4247 952 4300 trierunt.
983 4246 1188 4304 Horum
1215 4254 1424 4307 animas
1463 4253 1518 4308 in
1558 4264 1848 4324 conspectu
1879 4258 2076 4312 summi
2106 4257 2295 4315 Pasto-

701 4335 776 4389 ris
821 4351 886 4390 ac
932 4336 1314 4409 Redemptoris
1352 4345 1524 4399 nostri
1569 4348 1789 4402 mternis
1831 4350 2044 4420 gaudiis
2083 4365 2296 4420 semper

698 4429 956 4483 assistere
995 4432 1281 4487 credamus
1328 4433 1484 4504 [(Jod.
1522 4435 1662 4500 Sal.,
1710 4440 2028 4512 credimus],
2071 4449 2126 4494 et
2169 4443 2294 4496 inde

699 4519 899 4573 nostris
929 4517 1112 4575 favere
1131 4523 1402 4590 precibus,
1434 4526 1476 4578 si
1506 4529 1758 4582 mandata
1792 4530 1936 4593 vitae,
1965 4546 2085 4600 qua:
2115 4535 2286 4600 nobis,
2319 4555 2369 4614 υ

699 4609 906 4679 Spiritu
949 4623 1138 4668 sancto
1165 4615 1497 4686 inspirante,
1547 4628 1874 4688 statuerunt,
1899 4625 2156 4680 concordi
2196 4627 2289 4682 de-

698 4704 912 4758 votione
955 4707 1379 4776 nos‘observare
1431 4721 1724 4780 agnoscant
1749 4711 1902 4784 [ϐοά.
1934 4712 2079 4782 Sal.,
2123 4733 2289 4788 agno-

695 4793 901 4866 scunt].

762 4883 1134 4940 Recordemur
1163 4887 1308 4942 omni
1334 4889 1494 4954 hora,
1529 4890 1871 4946 dilectissimi
1906 4892 2122 4958 fratres,
2153 4913 2287 4966 qua-

694 4977 769 5034 les
799 4968 1088 5034 habuimus
1125 4979 1313 5036 Patres
1351 4991 1407 5037 et
1443 4984 1836 5054 progenitores,
1875 5003 2038 5057 quam
2063 4989 2287 5057 praecla-

692 5083 783 5123 ros
805 5078 861 5124 et
883 5071 1020 5139 pios,
1052 5071 1161 5127 Deo
1201 5073 1460 5130 amabiles
1497 5083 1554 5130 et
1581 5077 1730 5132 omni
1771 5079 1967 5150 populo
1997 5081 2286 5145 honorabie

692 5159 790 5212 les.
816 5159 931 5214 Non
954 5161 1124 5217 simus
1151 5162 1443 5231 degeneres
1469 5166 1682 5222 illorum
1705 5171 1986 5226 nobilitate
2013 5172 2128 5236 lilii,
2155 5175 2282 5228 dum

691 5250 883 5304 borum
928 5250 1070 5305 inter
1097 5253 1496 5309 sacratissimas
1523 5267 1839 5316 constamus
1875 5261 2152 5332 reliquias,
2185 5279 2280 5319 eo-

692 5357 810 5397 rum
856 5344 1158 5414 cogitemus
1207 5345 1408 5401 imitari
1466 5353 1960 5418 conversationem,
2014 5366 2281 5426 quatenus

758 5534 784 5560 ι
825 5523 1269 5607 Εόίι.ῃοιιει·εςίι;-
1300 5528 1390 5594 50,
1436 5528 1618 5607 Canis.
1643 5512 1714 5587 25
1741 5524 2024 5607 Δ(ῐθιδόικξη.
2067 5535 2144 5607 6).
2176 5537 2278 5593 Le-

929 5590 1132 5666 aliq'uot
1165 5590 1477 5656 differentes
1502 5590 1880 5661 adnotavimus
1901 5590 1968 5662 es
2001 5590 2123 5662 cod'.
2172 5590 2272 5664 ms.

717 5803 723 5812 .
760 5732 902 5813 huic
931 5733 1205 5813 Βαδὺ-ςιάο
1247 5741 1565 5813 presbytero.
1611 5743 1854 5802 Enbaldo
1900 5748 2064 5805 habet
2104 5751 2274 5807 codex

687 5801 1024 5857 Canisianus.
1067 5801 1260 5859 Nostra
1298 5801 1477 5863 tam'en
1523 5812 1681 5867 lectio
1729 5832 1790 5872 ex
1833 5801 1983 5876 aliis
2015 5801 2271 5876 codd—let

2408 3322 2529 3390 quis
2555 3322 2627 3377 ibi
2653 3324 2777 3394 erit,
2808 3325 2998 3378 beatus
3027 3324 3132 3377 erit
3156 3331 3211 3377 et
3236 3322 3521 3392 gloriosus,
3551 3325 3638 3378 ubi
3655 3323 3792 3392 justi
3821 3324 3990 3394 fulge-

2406 3413 2531 3466 bunt
2557 3393 2690 3466 sicut
2711 3413 2792 3466 sol
2813 3414 2866 3466 in
2896 3430 3052 3484 regno
3075 3413 3254 3468 Patris
3281 3403 3460 3467 earum
3485 3412 3700 3485 (Matth.
3728 3431 3849 3478 xm,
3875 3393 3988 3484 475).

2407 3500 2557 3555 Sicut
2593 3502 2736 3555 enim
2783 3510 3091 3556 sanctorum
3129 3511 3435 3572 martyrum
3469 3511 3849 3571 persecutores
3879 3502 3993 3557 fue-

2406 3600 2550 3656 runt,
2580 3591 2793 3647 diabolo
2835 3593 3146 3663 instigante,
3191 3593 3340 3666 impii
3384 3594 3656 3659 homines;
3703 3596 3782 3650 sic
3817 3597 3989 3650 nostri

2403 3692 2780 3751 persecutores
2825 3694 2983 3746 sunt,
3011 3686 3226 3741 diabolo
3259 3695 3601 3758 suggerente,
3632 3688 3816 3742 saeculi
3860 3703 3993 3743 con-

2402 3776 2736 3843 eupiscentia
2759 3787 2812 3831 et
2837 3779 3070 3833 carnalis
3089 3778 3396 3840 delectatio,
3411 3786 3464 3832 et
3480 3777 3645 3831 animi
3673 3778 3990 3834 inconstan-

2403 3867 2475 3919 tia
2513 3876 2568 3921 et
2613 3869 2709 3922 Dei
2753 3869 3076 3938 negligentia
3125 3871 3525 3923 mandatorum.
3579 3869 3645 3922 Et
3693 3869 3860 3925 veluti
3914 3872 3991 3924 illi

2401 3962 2670 4024 martyres
2710 3957 2923 4019 sancti,
2981 3956 3155 4027 gratia
3205 3957 3492 4026 adiuvante
3533 3957 3744 4023 divina,
3799 3959 3993 4029 impios

2401 4051 2713 4099 constanter
2737 4047 2984 4101 vicerunt
3019 4054 3294 4116 tyrannos,
3322 4047 3556 4118 palmam
3585 4055 3803 4105 ceterum
3836 4067 3992 4107 acce—

2399 4143 2594 4202 perunt
2615 4134 2799 4206 gloria:
2825 4154 2837 4189 :
2868 4137 2947 4191 sic
2974 4145 3029 4192 et
3049 4152 3167 4202 nos,
3193 4137 3237 4192 si
3268 4147 3503 4201 nostros,
3537 4137 3645 4192 Deo
3664 4140 3985 4206 auxiliante,

2399 4240 2717 4295 superamus
2742 4228 3102 4291 adversarios,
3131 4236 3185 4282 et
3209 4227 3487 4282 diabolicis
3518 4227 3750 4282 viriliter
3777 4231 3988 4284 resisti-

2398 4333 2520 4371 ειυς
2572 4318 3024 4386 suggestionibus,
3077 4334 3334 4372 coronam
3383 4326 3656 4387 perpetua:
3707 4319 3884 4372 laudis
3915 4328 3987 4373 .et

2396 4405 2629 4474 palmam
2655 4414 2873 4460 mter-nte
2908 4406 3260 4460 beatitudinis
3286 4406 3557 4484 accepturi
3587 4405 3812 4461 erimus.
3858 4409 3983 4471 Vos,

2397 4491 2595 4547 fratres
2631 4495 2954 4558 charissimi,
2987 4495 3094 4550 mei
3138 4496 3354 4562 habete,
3387 4497 3632 4562 obsecro,
3666 4500 3983 4556 memoriam

2397 4583 2452 4637 in
2483 4585 2687 4639 sanctis
2715 4586 3050 4640 orationibus
3072 4588 3290 4652 vestris,
3317 4595 3376 4643 ut
3399 4588 3576 4643 anima
3629 4605 3748 4644 mea
3795 4606 3986 4662 perpe-

2398 4682 2488 4729 tua
2528 4675 2886 4745 prosperitate
2926 4677 3156 4746 gaudeat
3185 4678 3240 4733 in
3275 4679 3449 4734 vobis.
3497 4679 3607 4748 Ego
3643 4679 3870 4736 devotus
3896 4698 3986 4737 ve-

2394 4774 2520 4822 strae
2561 4769 2906 4837 paternitatis
2950 4769 3098 4824 filius
3145 4777 3423 4840 nunquam
3463 4770 3756 4825 obliviscor
3797 4774 3978 4835 vestri,

2392 4858 2488 4912 sed
2509 4874 2724 4929 semper
2748 4861 3003 4928 praesenti
3038 4876 3201 4929 super
3225 4875 3428 4929 omnes
3451 4861 3585 4916 alios
3612 4863 3779 4935 diligo
3809 4867 3983 4923 chari-

2393 4954 2525 5010 tate,
2572 4948 2742 5002 Deum
2780 4949 3022 5017 quotidie
3067 4965 3193 5005 cum
3243 4951 3430 5005 intima
3485 4953 3664 5008 cordis
3719 4970 3981 5024 compuuv

2389 5039 2572 5094 ctione
2615 5039 2915 5108 deprecans
2956 5048 3017 5094 ut
3051 5055 3148 5095 vos
3188 5049 3390 5096 teterna
3437 5042 3640 5114 pietate
3688 5044 3983 5104 custodiat,

2390 5139 2542 5201 regat
2579 5137 2741 5199 atque
2763 5138 3030 5201 protegat.
3056 5131 3246 5188 Valete
3287 5133 3342 5187 in
3369 5132 3604 5196 Christo,
3638 5132 3981 5188 dilectissimi

2389 5221 2600 5276 fratres.

2383 5541 2550 5598 Wilh.
2579 5543 2862 5602 Malmesb.
2886 5548 3169 5605 retinenda
3197 5547 3431 5602 videtur.
3456 5544 3552 5600 Est
3575 5545 3622 5600 is
3647 5546 3793 5604 haud
3816 5551 3974 5605 dubie

2381 5613 2711 5686 Eanbaldus,
2761 5632 2923 5686 quem
2960 5615 3282 5674 Hovcdenus
3323 5617 3391 5670 ad
3438 5615 3578 5673 hunc
3624 5633 3828 5675 annum
3868 5620 3971 5675 Ec-

2379 5683 2559 5738 clesia:
2601 5683 2964 5743 Eboracensis
3045 5689 3604 5757 resbyterumvocat,
3630 5699 3818 5759 postea
3932 5690 3969 5728 ’-

2379 5769 2576 5810 sconus
2620 5755 2858 5810 eiusdem
2899 5704 3169 5810 Eccresite.
3219 5758 3286 5810 ad
3332 5771 3488 5810 autem
3519 5769 3601 5810 est
3648 5704 3971 5810 animos?)

2379 5755 2858 5899 Ecogtgssgajusdcm
2899 5755 3183 5819 Ecclesiae,
3219 5758 3286 5812 ad
3332 5771 3488 5825 quem
3519 5769 3601 5814 est
3632 5755 3869 5830 epistola

2401 5841 2470 5879 nu
2668 5868 2679 5878 .

2401 5839 2541 5879 nunc
2570 5839 2679 5879 δῦ).
