4232 6470
121 482 228 537 169

587 585 686 656 ιι
716 599 742 627 ⁸
771 586 1103 644 EPISTOLA.
1142 589 1273 643 Vlll.

482 697 548 733 AD
581 691 917 734 BEORNUINUI
959 692 1351 732 ριιεεεητειωι.
1419 699 1423 703 “

739 765 919 837 (Anno
957 766 1110 837 795.)

121 861 200 917 Ab
238 860 379 929 Oﬁ'a:
414 860 547 928 regis
586 867 633 912 et
667 859 832 929 gentis
863 856 1147 926 Anglorum
1181 856 1433 924 ﬁdelitate
1479 873 1532 929 se
1577 874 1717 910 nun-

187 927 357 1007 quam
388 929 654 1007 recessisse
674 927 994 1007 proﬁteturi
1021 936 1190 1007 monet
1231 935 1303 1007 ut
1323 936 1369 979 et
1401 927 1628 1007 regibus,
1669 938 1720 980 et

203 995 215 1002 ’
266 999 474 1068 'scopis,
521 1008 568 1050 et
603 995 923 1065 principibus
950 996 1043 1048 Dei
1074 995 1387 1049 voluntatem
1416 997 1558 1065 sequi
1588 1012 1717 1048 sua-

189 1015 343 1122 ﬁat.
375 1083 654 1122 pacemque
684 1065 1032 1118 commendat.
1766 1076 1775 1087 ’

233 1086 263 1122 ε

267 1079 343 1132 at,
372 1065 654 1136 pacemque
684 1065 1032 1118 commendat.

193 1159 225 1198 δ
242 1156 549 1212 Beornuino
569 1154 886 1223 presbytero
906 1151 1166 1206 Alcuinus
1188 1153 1444 1208 diaconus
1465 1152 1715 1207 salutem.

182 1234 396 1304 Dulces
441 1259 546 1302 tute
591 1245 894 1300 dilectionis
939 1245 1121 1312 accepi
1171 1244 1399 1309 litteras,
1450 1244 1720 1300 melliﬁuis

114 1341 376 1394 sensibus
405 1339 688 1400 delibutas,
720 1334 1108 1405 apologeticam
1151 1341 1400 1390 tenentes
1429 1336 1716 1402 rationem,

114 1444 361 1500 quarum
395 1427 588 1481 melius
611 1425 896 1479 credebam
926 1425 1140 1478 veritati
1163 1465 1176 1488 ,
1227 1441 1389 1494 quam
1420 1423 1717 1493 falsiloqua:

117 1520 362 1574 aliorum
391 1513 710 1571 narrationi.
765 1512 905 1582 Nam
950 1513 1083 1568 ﬁdes
1114 1501 1366 1569 amicitiae
1392 1513 1554 1567 corde
1582 1527 1700 1568 con-

116 1618 278 1664 stare
307 1609 484 1670 debet,
512 1621 618 1661 non
645 1605 840 1674 lingua:
867 1603 1241 1657 versibilitate.
1283 1603 1498 1658 Utinam
1527 1603 1716 1672 dignus

114 1713 305 1753 essem
333 1710 520 1765 pacem
551 1694 877 1763 praedicare,
914 1707 1024 1746 non
1055 1693 1382 1747 discordiam
1409 1692 1716 1760 seminare;

115 1797 174 1842 et
206 1788 424 1856 signum
451 1793 668 1853 portare
694 1782 930 1846 Christi,
970 1797 1082 1837 non
1113 1797 1266 1836 arma
1294 1781 1513 1837 diaboli.
1567 1781 1720 1836 Nun-

1581 476 1939 534 ιριετοιΕ
1951 519 1963 531 .

1742 594 1790 648 Α
1821 597 1930 643 tate
1958 588 2159 644 Christi
2187 597 2241 644 et
2264 588 2549 644 dilectione
2577 586 2956 642 fraternitatis.
2995 586 3184 642 Paucis
3213 589 3404 657 scripsi

3308 475 3405 530 {50

1822 678 2094 745 litterulis,
2127 680 2250 750 quia
2279 681 2508 748 sapienti
2535 693 2707 748 pauca
2737 676 3027 733 sufﬁciunt.
3070 677 3178 734 Sed
3207 687 3260 734 te
3286 679 3405 748 plu-

1824 768 1958 822 rima
1989 768 2083 822 Dei
2110 769 2246 824 dona
2275 766 2575 838 gloriﬁcent
2615 767 2668 820 in
2710 775 2972 821 aeternum
2995 809 3009 833 ,
3059 767 3408 824 dilectissime

1825 857 2009 910 frater.

2355 946 2384 985 ἀ
2411 945 2742 1000 EPISTOLA
2787 946 2856 1000 IX
2868 986 2880 997 .

2245 1052 2318 1089 AD
2358 1050 2987 1090 LINDISFARNENSES.

2444 1124 2620 1194 (Anno
2647 1124 2794 1194 793.)

1820 1212 2069 1283 Deplorat
2099 1212 2548 1281 Lindisfarnensis
2584 1211 2814 1283 ecclesia:
2846 1213 3203 1276 vastationem,
3238 1227 3404 1269 monet

1891 1280 1962 1335 ad
1992 1280 2294 1346 orandum;
2337 1283 2582 1335 hortatur
2616 1280 2685 1333 ad
2721 1296 2891 1351 mores
2929 1283 3290 1351 corrigendos,
3338 1285 3405 1336 ad

1891 1351 2220 1432 disciplinam
2274 1350 2612 1420 regularem;
2675 1349 2862 1403 suadet
2914 1349 3082 1405 mente
3132 1367 3234 1405 non
3280 1368 3404 1407 con-

1889 1431 2132 1475 sternart.

1891 1528 2194 1583 Beatissimi
2238 1528 2415 1582 Patris
2459 1529 2642 1582 sancti
2680 1528 2887 1582 scilicet
2927 1526 3216 1582 Cudbercti
3260 1526 3405 1600 [Al.,

1817 1618 2126 1689 Cuthberti]
2164 1619 2400 1688 episcopi
2438 1619 2661 1688 optimis
2695 1620 2749 1672 in
2779 1617 2996 1673 Christo
3032 1617 3157 1673 ﬁliis
3195 1619 3406 1690 °Hugi-

1818 1707 1979 1763 baldo
2001 1705 2134 1779 [Αι.,
2159 1706 2467 1778 Hincbaldi]
2493 1708 2745 1776 episcopo
2767 1715 2822 1761 et
2841 1707 2986 1761 omni
3009 1708 3408 1778 congregationi

1819 1796 2279 1854 Lindisfarnensis
2306 1797 2582 1858 Ecclesiae,
2614 1797 2874 1851 Alcuinus
2902 1797 3177 1860 diaconus,
3206 1795 3409 1853 caelesti

115 1891 291 1948 quam
339 1875 433 1929 tibi
481 1873 850 1942 scripsissem,
903 1872 949 1926 si
997 1871 1293 1927 noluissem
1322 1860 1510 1942 pacem
1541 1880 1718 1926 tecum
1753 1921 1797 1979 Β
1824 1887 1879 1942 in
1905 1887 2122 1941 ειη-εειο
2149 1885 2524 1941 benedictione
2553 1883 2802 1938 salutem,

117 1970 133 1979 _
193 1968 207 1979 .
417 1973 427 1979 _
1019 1977 1162 1979 μμ,
1509 1959 1714 1979 Amm
1897 1977 1939 1979 __
2133 1973 2153 1979 _
2289 1975 2307 1979 _
2376 1976 2388 1979 _
2479 1975 2490 1979 Α
2583 1975 2592 1979 ,
2668 1973 2687 1979 _
2773 1973 2802 1979 __

117 1968 350 2032 habere,
380 1973 435 2020 et
456 1977 646 2033 pacem
673 1963 727 2016 in
749 1962 986 2024 Christo,
1009 1977 1172 2031 quam
1197 1961 1481 2031 cmpimus,
1507 1959 1721 2014 ﬁrmam

115 2070 464 2127 permanere.
496 2055 634 2111 Vere
659 2063 680 2090 ο
706 2050 836 2106 Oﬁ‘ze
864 2053 975 2122 regi
1005 2062 1060 2107 et
1086 2052 1231 2122 genti
1257 2052 1555 2121 Anglorum
1585 2065 1722 2105 nun-

115 2160 290 2215 quam
319 2143 551 2198 inﬁdelis
579 2140 675 2195 fui.
714 2140 870 2196 Sicut
897 2141 998 2194 hos
1025 2141 1230 2194 amicos
1257 2154 1395 2208 quos
1420 2138 1552 2192 mihi
1582 2138 1722 2192 Deus

113 2239 371 2303 donavit,
394 2237 640 2299 ﬁdeliter,
663 2244 926 2303 quantum
948 2233 1127 2298 valeo,
1148 2233 1406 2296 servabo;
1436 2230 1516 2285 sic
1541 2238 1596 2284 et
1623 2230 1723 2284 bos

114 2347 266 2403 quos
295 2330 490 2399 reliqui
529 2329 582 2383 in
617 2329 812 2398 patria.
863 2327 1027 2382 Pauci
1060 2336 1188 2382 sunt
1212 2328 1329 2383 dies
1356 2326 1498 2391 mei,
1535 2336 1591 2380 et
1624 2326 1723 2380 hos

117 2425 279 2494 ipsos
327 2436 462 2476 cum.
494 2419 676 2474 dolore
713 2417 909 2488 ﬂagelli
947 2417 1167 2472 suffero.
1223 2417 1349 2471 Ideo
1395 2425 1462 2471 te.
1496 2415 1724 2472 obsecro

116 2523 188 2568 ut
218 2514 275 2567 in
307 2512 560 2574 Domino,
609 2525 745 2579 quos
773 2509 986 2574 valeas,
1028 2509 1160 2564 mihi
1205 2510 1594 2565 intercessores
1629 2524 1721 2563 ac-

117 2606 340 2675 quiras.

200 2695 382 2750 Multis
409 2692 642 2748 miseriis
670 2692 944 2745 turbatum
970 2700 1053 2746 est
1080 2692 1182 2746 hoc
1207 2692 1462 2746 saeculum
1483 2731 1497 2754 ,
1534 2699 1588 2747 et
1617 2707 1721 2747 non

116 2795 213 2842 est
241 2783 582 2854 refrigerium
614 2783 667 2835 in
697 2797 783 2846 eo,
828 2782 932 2836 nisi
981 2784 1033 2836 in
1075 2783 1610 2856 misericordia‘Dei,
1663 2792 1719 2838 et

121 2875 237 2930 ﬁde
263 2873 581 2928 amicorum.
638 2868 775 2923 Nudi
823 2871 1096 2933 venimus,
1153 2879 1208 2926 et
1251 2871 1378 2926 nudi
1423 2871 1724 2925 recedimus

121 2963 256 3031 (Job
287 2980 348 3028 ιι,
380 2961 490 3032 2|).
525 2961 630 3016 nisi
660 2961 751 3030 qui
778 2961 935 3015 bonis
964 2960 1201 3013 animam
1225 2960 1415 3014 vestiet
1442 2961 1720 3028 operibus.

123 3055 201 3112 Ut
235 3056 353 3118 tibi,
383 3053 701 3108 cbari-sime
727 3051 916 3116 frater,
943 3061 1154 3120 tempus
1177 3050 1262 3105 vel
1287 3051 1440 3106 locus
1463 3051 1719 3115 occurrit,

120 3160 348 3215 semper
382 3143 476 3198 Dei
513 3143 677 3198 suade
704 3141 1035 3195 voluntatem
1067 3141 1220 3210 sequi
1250 3141 1502 3197 omnibus
1539 3155 1726 3209 perso-

124 3240 259 3294 nis:
297 3236 413 3309 regi
443 3234 698 3296 suaviter,
728 3231 996 3301 ep’scopis
1025 3231 1348 3296 honoriﬁce,
1388 3231 1724 3300 principibus

125 3327 475 3389 ﬁducialiter,
521 3324 773 3379 omnibus
813 3320 1097 3375 veraciter.
1148 3319 1403 3375 Nostrum
1444 3328 1526 3375 est
1563 3321 1726 3374 semi-

124 3433 291 3483 nare,
320 3417 416 3472 Dei
445 3413 793 3469 fructiﬁcare.
846 3411 956 3466 Nec
983 3411 1089 3464 ulla
1123 3411 1217 3465 tibi
1253 3411 1481 3481 alicujus
1511 3411 1724 3465 dissen-

129 3506 310 3564 sionis
337 3505 478 3560 inter
507 3519 605 3558 nos
648 3511 925 3558 remaneat
970 3497 1226 3572 suspicio.
1285 3502 1394 3558 Nec
1442 3503 1614 3557 simus
1659 3517 1726 3555 ex

129 3599 356 3656 illorum
382 3609 606 3650 numero
631 3595 698 3648 de
727 3595 925 3664 quibus
952 3594 1152 3648 dictum
1181 3602 1300 3648 est:
1337 3593 1462 3648 Non
1489 3595 1602 3647 veni
1627 3611 1724 3663 pa-

131 3707 249 3746 cem
296 3689 536 3750 mitters,
582 3684 671 3737 sed
719 3682 955 3754 gladium
986 3682 1201 3753 (Matth.
1231 3700 1292 3747 ι,
1338 3685 1450 3755 54).
1513 3683 1620 3738 Sed
1662 3699 1725 3737 ex

131 3783 353 3837 illorum
385 3778 552 3834 simus
582 3790 838 3839 numero,
874 3774 944 3827 ad
971 3789 1108 3843 quos
1133 3774 1335 3828 dictum
1367 3784 1450 3828 est
1479 3789 1492 3827 :
1535 3774 1728 3828 Pacem

133 3887 311 3926 meam
350 3869 418 3922 do
456 3867 628 3931 vobis,
667 3881 846 3936 pacem
884 3880 1054 3917 meam
1095 3862 1328 3934 relinquo
1367 3863 1507 3917 vobis
1545 3862 1724 3933 (Joan.

135 3977 252 4023 11v,
276 3960 391 4030 27).
422 3957 494 4013 Ut
517 3973 623 4026 pax
645 3956 870 4021 Christi,
903 3971 1023 4025 qua:
1051 3964 1339 4023 exsuperat
1365 3968 1581 4008 omnem
1607 3967 1730 4006 sen-

137 4064 264 4106 sum
293 4046 515 4116 (Philip.
543 4061 617 4111 iv,
645 4046 724 4118 7),
759 4046 1030 4100 custodiat
1064 4043 1225 4107 corda
1257 4033 1440 4098 notra
1473 4044 1524 4097 in
1554 4043 1733 4097 chari-

211 4191 238 4218 ι
268 4177 414 4231 Edit.
443 4174 692 4241 Quercet.
717 4174 805 4237 54,
834 4174 1016 4245 Canis.
1044 4175 1115 4245 52
1139 4174 1393 4244 (Froben.
1422 4174 1496 4245 7).

209 4249 242 4289 ιδ
270 4246 571 4300 Beornuino
604 4248 933 4314 presbytero.
974 4243 1187 4314 Anglo,
1250 4252 1308 4297 ut
1359 4261 1424 4297 ex
1458 4243 1733 4299 contextu

213 4261 242 4289 ι
270 4261 571 4300 ueornutno
619 4261 933 4366 presoytero.
974 4261 1187 4314 angio,
1250 4261 1308 4297 ut
1359 4261 1424 4297 ex
1475 4261 1733 4299 contextu

138 4325 310 4390 patet.
359 4315 563 4394 Magnae
600 4313 750 4394 ilum
791 4314 1073 4394 dignitatis
1104 4323 1159 4368 ct
1195 4315 1536 4394 auctoritatis
1569 4314 1733 4394 fuisse

142 4385 371 4446 necesse
417 4385 503 4440 est
545 4385 684 4454 apud
719 4385 888 4454 reges
915 4425 929 4449 ,
992 4385 1274 4454 episcopos
1322 4393 1376 4437 et
1421 4385 1731 4454 principes,

141 4462 344 4530 quibus
389 4458 482 4512 Dei
523 4457 856 4511 voluntatem
905 4459 1135 4510 suadere
1187 4463 1242 4510 et
1292 4456 1586 4525 praedicare
1633 4471 1732 4525 po-

145 4531 338 4584 tuerﬂ.

1895 1977 2104 2031 Vestrae
2133 1973 2308 2047 [vero]
2343 1975 2626 2030 eharitatis
2662 1973 3002 2028 familiaritas
3035 1973 3409 2047 [praesentem]

1822 2065 2051 2120 multum
2077 2079 2162 2119 me
2183 2063 2470 2120 laetiﬁcare
2499 2063 2736 2129 solebat;
2776 2062 2868 2118 sed
2896 2077 3052 2118 versa
3079 2063 3196 2118 vice
3217 2073 3411 2119 vestra:

1824 2153 2187 2209 tribulationis
2213 2153 2509 2216 calamitas,
2546 2153 2672 2208 licet
2700 2153 3012 2217 absentem,
3055 2152 3283 2207 multum
3324 2169 3411 2206 me

1822 2239 2063 2313 quotidie
2126 2241 2783 2314 contristat'[tllalmesb.,
2823 2240 3209 2314 contristavit].
3264 2240 3410 2308 Quo-

1823 2333 1982 2386 modo
2018 2331 2037 2370 ί
2065 2333 2260 2413 pagani
2285 2332 2790 2388 eontaminaverunt
2836 2333 3142 2386 sanctuaria
3189 2333 3324 2398 Dei,
3358 2343 3413 2388 et

1821 2419 2077 2476 fuderunt
2121 2423 2440 2492 sanguinem
2487 2429 2799 2477 sanctorum
2841 2421 2896 2474 in
2935 2421 3164 2476 circuitu
3197 2423 3404 2485 altaris.

1825 2508 2196 2580 [vastaverunt
2225 2510 2328 2580 ιε
2358 2510 2578 2564 domum
2627 2510 2741 2580 spei
2790 2507 3035 2582 nostrze,]
3069 2509 3410 2566 calcaverunt

1824 2613 2052 2668 corpora
2099 2607 2413 2655 sanctorum
2444 2600 2500 2654 in
2531 2593 2730 2670 templo
2762 2598 2926 2672 [Dei],
2959 2600 3110 2669 quasi
3140 2598 3411 2670 sterquili-

1823 2691 1972 2745 nium
1999 2691 2052 2744 in
2077 2690 2276 2760 platea.
2314 2689 2476 2760 [Quid
2502 2691 2659 2744 nobis
2685 2690 2969 2745 dicendum
2997 2699 3098 2755 est,
3133 2691 3234 2744 nisi
3260 2690 3411 2759 plan-

1823 2781 2055 2852 gendum
2105 2781 2287 2836 animo
2336 2781 2612 2836 vobiscum
2664 2789 2791 2835 ante
2841 2781 3011 2835 altare
3061 2781 3299 2846 Christi,
3359 2792 3413 2838 et

1825 2871 2006 2926 dicere
2033 2888 2044 2924 :
2081 2869 2268 2936 Parce,
2299 2870 2543 2937 Domine,
2575 2885 2736 2940 parce
2763 2870 2962 2940 p0pulo
2992 2879 3104 2938 tuo,
3138 2878 3191 2924 et
3222 2884 3290 2924 ne
3318 2869 3411 2926 des

1825 2960 2197 3014 haereditalem
2227 2961 2476 3029 gentibus
2503 3000 2517 3025 ,
2573 2943 2866 3015 ne'dicant
2906 2959 3142 3031 pagani,
3179 2957 3281 3016 Ubi
3327 2971 3413 3014 εει

1824 3047 1966 3103 Deus
1993 3047 2466 3103 Christianorum?
2496 3049 2637 3121 (Joel
2663 3066 2725 3114 it,
2759 3049 2891 3120 l7)].
2944 3049 3073 3114 Qua:
3107 3057 3190 3103 est
3216 3048 3409 3103 ﬁducia

1824 3140 2081 3197 Ecclesiis
2101 3139 2418 3205 Britanniae,
2447 3141 2494 3194 si
2523 3149 2741 3195 sanctus
2767 3140 3101 3194 Cudberctus
3129 3153 3277 3193 suam
3306 3154 3408 3194 non

1752 3261 1798 3321 Ο
1827 3231 2066 3288 defendit
2095 3247 2219 3286 cum
2249 3237 2397 3288 tanto
2439 3240 2750 3286 sanctorum
2787 3246 3012 3285 numero
3057 3228 3231 3300 (Finis
3272 3231 3407 3301 frag.

1828 3321 2167 3393 Malmesb.)?
2199 3322 2327 3394 [Aut
2355 3324 2459 3379 hoc
2485 3322 2704 3392 majoris
2726 3323 2935 3376 initium
2962 3329 3045 3376 est
3076 3321 3291 3386 doloris,
3320 3333 3408 3375 aut

1823 3424 2046 3483 peccata
2076 3414 2439 3469 habitantium
2467 3416 2570 3470 hoc
2596 3423 2911 3483 exegerunt.
2949 3413 3064 3469 Non
3093 3413 3235 3468 enim
3260 3413 3413 3482 quid-

1827 3503 1951 3560 dam
1975 3518 2104 3558 casu
2132 3503 2396 3573 contingit
2419 3500 2516 3575 [ita
2543 3503 2968 3565 emendavimus,
2998 3517 3120 3556 cum
3149 3503 3200 3556 in
3228 3503 3413 3557 codice

1828 3595 2100 3665 legeretur
2143 3613 2155 3648 :
2208 3595 2290 3649 Ne
2374 3594 2583 3667 quidem
2616 3611 2740 3649 casu
2773 3593 3044 3666 contigit],
3094 3594 3187 3649 scd
3231 3597 3410 3664 magni

1829 3685 2050 3740 cuilibet
2078 3687 2255 3741 meriti
2289 3685 2550 3754 judicium
2577 3696 2683 3746 est.
2738 3685 2841 3741 Sed
2873 3685 3051 3750 modo,
3095 3685 3184 3756 qui
3215 3686 3412 3740 residui

1828 3774 1999 3837 estis,
2054 3783 2193 3830 state
2241 3777 2506 3839 viriliter,
2559 3784 2793 3847 pugnate
2840 3775 3092 3841 fortiter,
3148 3773 3415 3831 defendite

1830 3872 2006 3916 castra
2050 3863 2164 3916 Dei.
2223 3864 2547 3919 Mementote
2592 3863 2783 3918 Judam
2835 3865 3198 3919 Macbabmum
3226 3905 3240 3930 ,
3290 3865 3415 3934 quia

1834 3954 2091 4024 templum
2118 3955 2210 4009 Dei
2240 3956 2485 4024 purgavit
2509 3954 2596 4025 (II
2624 3954 2800 4008 Much.
2825 3970 2878 4017 x,
2901 3955 2953 4018 2,
2979 3956 3055 4025 3),
3084 3966 3138 4010 et
3162 3957 3412 4025 populum

1831 4047 2004 4110 eruit,
2044 4055 2103 4100 ut
2129 4047 2408 4102 eliberavit
2437 4045 2533 4115 (Ita
2561 4047 2681 4101 cod.
2711 4045 2837 4116 ms.)
2871 4055 3148 4101 extranea.
3199 4047 3256 4100 Si
3289 4049 3414 4117 quid

1834 4179 1991 4233 affert
2018 4179 2284 4249 Lelandus
2311 4178 2377 4236 de
2407 4179 2606 4249 Script.
2640 4179 2878 4232 Britann.
2911 4193 3028 4249 cap.
3055 4176 3175 4249 1700,
3200 4177 3411 4249 p.135:

1841 4268 1867 4319 «_
1905 4249 2076 4319 Quem
2119 4248 2458 4319 (Candidum)
2509 4245 2552 4302 si
2608 4250 2800 4319 iterum
2846 4245 2999 4319 vobis
3035 4245 3300 4319 placuerit
3347 4251 3412 4319 ad

1835 4316 1933 4372 tios
1959 4316 2154 4382 redire,
2195 4319 2456 4387 quidquid
2482 4319 2548 4371 ad
2578 4317 2874 4387 profectum
2896 4316 3137 4387 ejusdem
3163 4317 3414 4371 Ecclesia:

1833 4389 2120 4458 provenire
2167 4385 2469 4458 credimus,
2506 4385 3235 4458 eilihenterimpendemus;
3264 4400 3401 4453 quae.

1836 4455 2046 4526 cunque
2097 4457 2240 4511 enim
2274 4472 2305 4510 a
2335 4456 2609 4526 magistris
2656 4455 2721 4526 ad
2769 4455 3051 4508 utilitatem
3103 4467 3409 4526 sanctarum

1837 4529 2201 4583 Ecclesiamm
2231 4526 2410 4589 didici,
2442 4528 2556 4580 hcce
2580 4525 2812 4596 maxime
2855 4533 3053 4596 nostrae
3099 4526 3269 4596 gentis
3303 4525 3413 4578 lio-

217 4609 240 4636 ε
274 4595 482 4674 Offa...
516 4612 782 4674 ngnguam
812 4595 1042 4674 inﬁdelis
1074 4595 1494 4674 fui.“Discessus
1523 4595 1734 4674 dicuini
1769 4601 1817 4660 D
1841 4597 2521 4674 minibus__comn_tunicare
2573 4595 2830 4651 delector.
2888 4615 2905 4647 ι
2961 4594 3294 4665 Vide'epist.
3348 4596 3415 4649 '5‘.)

143 4687 172 4722 c
216 4665 395 4737 patria
440 4665 493 4718 in
537 4663 764 4737 Calliam
807 4663 1057 4737 fortassis
1099 4666 1431 4737 quibusdam
1463 4665 1575 4719 suis
1603 4681 1736 4737 con-

147 4732 419 4793 terraneis
439 4732 796 4802 suspicionem
821 4734 1011 4796 movit,
1038 4732 1214 4800 ipsum
1235 4749 1268 4787 a
1291 4733 1549 4787 ﬁdelitate
1573 4736 1736 4788 etiam

147 4821 264 4864 sua:
306 4805 515 4874 gentis,
564 4803 649 4857 cui
695 4817 1083 4874 nonnunquam
1125 4818 1247 4856 eum
1287 4802 1454 4874 Gallis
1493 4803 1738 4858 simultas

148 4878 274 4941 fuit,
312 4871 912 4942 recessurumrquam
958 4871 1174 4941 quidem
1220 4872 1581 4940 suspicionem
1629 4887 1735 4926 non

149 4950 239 5007 his
285 4945 480 4999 litteris
523 4952 762 5007 tantum,
805 4943 900 5012 sed
944 4944 1059 5012 ipso
1105 4942 1247 4997 facto
1285 4942 1444 4995 etiam
1486 4942 1740 4997 amolitus

1841 4669 2013 4738 (nunc
2039 4669 2149 4735 44),
2178 4668 2243 4721 ad
2268 4667 2587 4738 Damnatam.

1918 4737 1935 4774 τ
1978 4732 2202 4806 Pagani.
2250 4745 2357 4790 etc.
2387 4736 2464 4790 De
2493 4737 2594 4806 hac
2622 4735 2773 4806 clade
2796 4732 3312 4806 Lindisfarnensium
3341 4735 3415 4787 ιυ-

1838 4801 2409 4886 εεηάμεῊονθεξεηῃε
2447 4804 2524 4886 .ad
2558 4802 2764 4886 annum
2795 4802 2914 4886 793.
2961 4821 2977 4852 ι
3014 4801 3211 4880 Eodem
3251 4818 3410 4886 anno,

1839 4872 2054 4946 inquit,
2085 4875 2276 4946 pagani
2321 4874 2402 4946 ab
2434 4872 2735 4946 Aquilonali
2777 4873 3047 4946 plagas...
3091 4873 3312 4946 veniunt
3348 4876 3411 4926 ad

1840 4942 2337 5000 Lindisfarnensem
2365 4943 2691 5009 Ecclesiam;
2748 4942 3052 4997 miserabili.
3088 4942 3412 5013 praedatione

149 5026 273 5082 est;
309 5034 326 5067 ι
361 5029 471 5069 non
516 5013 800 5084 immemor
842 5007 985 5083 enim
1029 5013 1528 5084 compatriotarum,
1572 5013 1744 5084 impe-
1840 5023 2058 5070 vastant
2083 5025 2294 5078 cuncta,
2335 5015 2544 5070 calcant
2588 5007 2773 5069 sancta
2801 5013 3017 5084 pollutis
3046 5007 3307 5084 vestigiis,
3341 5013 3416 5084 al-

151 5096 394 5144 ratorem
427 5084 489 5137 in
527 5081 764 5136 amicitia
797 5081 985 5137 eorum
1019 5081 1296 5138 continere
1328 5081 1684 5147 adlaboravit,
1714 5102 1732 5134 ι

152 5157 334 5228 inquit
363 5153 637 5228 Malmesb.
664 5151 804 5228 lib._i
836 5152 968 5228 Reg.
997 5153 1176 5222 AugL,
1208 5153 1407 5228 capud.

230 5220 336 5297 '13
361 5225 389 5265 ἀ
414 5221 845 5297 EpiSIolze_liujti_s
875 5220 1230 5297 fragmentum
1266 5220 1735 5297 ediditAMalmesb.

153 5290 338 5351 libi—iit
372 5290 526 5350 Pont.
552 5291 728 5362 Angl.,
764 5290 986 5344 relatum
1006 5292 1386 5359 aQuercetano
1426 5290 1560 5414 0gp.
1617 5293 1732 5346 Alc.

155 5383 209 5414 ι).
243 5367 403 5414 1672.
431 5364 583 5414 Nunc
626 5365 830 5414 integra
859 5361 1040 5414 prodit
1062 5381 1126 5414 ex
1160 5361 1278 5414 cod.
1311 5377 1414 5414 ms.
1510 5361 1732 5414 alisbur-

155 5383 209 5436 p.
243 5367 403 5448 ψη.
431 5364 583 5420 Nunc
626 5361 830 5432 integra
859 5361 1040 5431 prodit
1062 5381 1126 5417 ex
1160 5361 1278 5418 cod.
1311 5377 1414 5417 ms.
1469 5361 1738 5416 Salisbur4

156 5452 614 5574 892$llugibaldo,
635 5518 793 5626 quem
821 5500 908 5555 alii
945 5498 995 5552 11
1000 5501 1294 5569 igebaldnm
1317 5512 1371 5556 et
1386 5501 1742 5556 Ilincbaldum

162 5582 376 5626 vocant.
400 5574 452 5626 ls
471 5574 656 5626 Lindis
681 5586 962 5626 arnensem
991 5570 1286 5626 Ecclesiam
1311 5574 1455 5626 rexit
1496 5570 1563 5626 ab
1601 5586 1741 5625 anno

162 5582 376 5629 vocant.
400 5574 452 5629 is
471 5574 694 5629 Lindisf:

681 5574 962 5627 'arnensem
991 5570 1286 5626 Ecclesium
1311 5574 1455 5627 rexit
1496 5570 1563 5626 ab
1601 5586 1741 5625 anno

163 5645 266 5702 730
309 5658 483 5714 usque
512 5645 580 5700 ad
627 5658 825 5710 annum
857 5642 992 5714 802,
1034 5649 1093 5693 ut
1132 5641 1293 5696 habet
1336 5641 1625 5714 Alfordus._
1662 5641 1742 5694 Ad

163 5711 410 5770 eumdem
432 5723 518 5768 est
541 5729 757 5769 carmen
787 5721 913 5766 tom.
951 5711 1013 5774 ll,
1035 5719 1173 5780 part.
1212 5727 1286 5763 vt.
1330 5713 1507 5766 Aliam
1546 5711 1743 5780 episto-

166 5789 270 5841 lam
300 5785 367 5839 ad
397 5782 756 5854 Higebaldum
778 5782 1033 5836 Alcuinus
1047 5781 1284 5854 scripsit.
1315 5799 1420 5850 qua
1447 5781 1744 5854 Candidum

169 5849 492 5926 discipulum
510 5850 576 5906 nd
602 5866 658 5906 se
685 5853 860 5908 redire
885 5861 1052 5922 optat,
1075 5851 1228 5920 cujus
1257 5849 1619 5916 fragmentum
1645 5852 1745 5903 lmc

1844 5085 1982 5139 taria
2019 5085 2326 5150 suffodiunt,
2358 5093 2414 5138 et
2434 5085 2613 5138 omnia
2649 5082 2984 5140 thesauraria
3011 5091 3207 5136 sancte
3233 5082 3418 5150 Eccle-

1843 5155 1938 5225 sia:
1958 5146 2478 5225 rqpiunt,qudsdam
2500 5168 2530 5207 e
2552 5152 2812 5206 fratribus
2835 5151 3177 5225 interﬁciunt.
3194 5146 3416 5225 nonnul-

1844 5224 1924 5280 los
1947 5220 2128 5279 secum
2161 5220 2369 5278 vinctos
2395 5230 2696 5292 assumunt,
2725 5220 3082 5292 perplurimos
3116 5221 3416 5292 opprobriis

1842 5302 2064 5349 vexatos
2107 5294 2277 5347 nudos
2314 5291 2625 5362 projiciunt,
2669 5289 2877 5362 aliquos
2921 5291 2994 5362 ing
3021 5289 3172 5362 mari
3204 5291 3412 5344 demer-

1843 5372 1992 5434 gunt.
2031 5384 2048 5416 ι
2077 5359 2348 5434 Ρθείυερι
2367 5359 2618 5434 Alfordus
2645 5359 2783 5417 hanc
2809 5359 3085 5430 epistolam
3111 5360 3174 5434 ad
3198 5375 3416 5434 sequen-

1844 5429 1951 5486 tem
1978 5429 2178 5487 annum
2208 5431 2486 5496 diﬁ‘erunt;
2529 5433 2624 5486 sed
2656 5448 2752 5486 cur
2777 5429 2962 5486 eodem
2991 5445 3098 5499 quo
3126 5429 3305 5485 clades
3328 5430 3414 5483 illa

1844 5503 2069 5572 contigit
2093 5518 2234 5559 anno
2260 5503 2372 5556 btec
2396 5501 2621 5572 epistola
2656 5502 2841 5572 scribi
2864 5516 2970 5572 non
3015 5500 3267 5572 potuerit,
3312 5516 3415 5553 non

1844 5569 2017 5625 video.
2053 5571 2204 5640 Haud
2253 5572 2395 5626 enim
2429 5569 2632 5626 'dubito
2657 5571 2787 5640 quin
2818 5570 3075 5640 Alcuinus
3124 5569 3303 5624 statim
3352 5576 3418 5622 ab

1844 5649 2062 5711 accepta
2096 5639 2238 5695 fama
2265 5642 2423 5709 hujus
2451 5641 2618 5695 cladis
2653 5639 3180 5711 Lindisfarnensihus
3225 5640 3413 5711 condo—

1846 5708 2202 5781 lere,'eosque
2226 5712 2291 5766 ad
2315 5708 2644 5779 patientiam,
2686 5708 3075 5780 paenitentiam,
3124 5708 3419 5762 orationem

1846 5779 2049 5833 hortari
2089 5779 2334 5836 voluerit.
