4232 6422
713 441 802 495 151

1583 433 1641 486 Β.
1684 433 1744 487 F.
1787 434 2010 487 ALBlNl
2053 434 2180 489 SEL’
2221 432 2492 487 ALCUINI
2531 429 2813 486 OPERUM
2852 427 3034 482 PARS
3072 422 3111 479 1.

3889 413 3978 472 Ιω

707 549 1082 622 corrigendum
1115 549 1187 602 sit
1225 549 1280 602 in
1325 545 1564 600 moribus
1612 546 2040 600 mansuetudinis
2070 556 2288 606 vestrae.
2321 549 2366 603 Α
2397 552 2451 597 et
2478 543 2623 610 quod
2655 555 2920 604 amemus,
2947 538 3227 592 habemus.
3274 533 3528 588 Amemus
3562 543 3768 587 aeterna
3801 540 3854 585 et
3879 549 3975 586 non

704 642 863 695 citius
909 639 1184 708 corrigite.
1227 635 1499 690 'Patronos
1542 644 1752 689 vestros
1789 636 1854 689 ad
1886 650 1982 689 vos
2022 643 2291 698 revocate,

703 731 791 800 qui
824 729 1281 803 vosrad'tempus
1327 725 1747 794 dereliquerunt.
1807 724 1923 778 Non
1974 724 2142 778 defuit
2193 725 2298 778 illis

703 829 940 889 potestas
976 818 1117 886 apud
1156 818 1249 870 Dei
1299 817 1681 878 clementiam,
1738 816 1830 869 sed
1884 818 2151 867 nescimus
2200 830 2297 868 cur

705 917 1004 963 tacuerunt.
1047 907 1220 960 Nolite
1254 905 1474 975 gloriari
1509 905 1560 956 in
1593 905 1828 956 vanitate
1859 905 2085 956 vestium
2113 921 2126 966 ;
2181 905 2295 956 haec

703 1015 806 1054 non
833 1008 916 1053 est
945 997 1114 1068 gloria
1141 997 1482 1050 sacerdotum
1513 1002 1566 1046 et
1593 1009 1872 1046 servorum
1902 992 2018 1055 Dei,
2045 1009 2102 1044 se
2125 993 2136 1043 Ι
2166 1008 2294 1044 con-

703 1089 938 1151 tumelia.
974 1087 1147 1142 lVolite
1178 1087 1230 1140 in
1261 1085 1525 1139 ebrietate
1552 1084 1714 1137 verba
1746 1084 2048 1136 orationum
2081 1091 2288 1135 vestra-

701 1195 820 1233 rum
870 1179 1068 1234 delere.
1125 1176 1243 1231 Non
1291 1175 1499 1229 excutis
1548 1183 1670 1241 post
1718 1173 1957 1226 luxurias
2009 1173 2188 1225 carnis
2239 1180 2293 1224 ct

697 1273 954 1325 avaritias
981 1269 1185 1332 szeculi,
1211 1268 1304 1321 sed
1338 1268 1390 1319 in
1421 1265 1642 1319 servitio
1675 1265 1767 1317 Dei
1797 1273 1852 1317 et
1880 1261 2141 1331 regularis
2169 1264 2291 1315 vine

695 1363 979 1430 disciplina
1012 1359 1238 1414 ﬁrmiter
1262 1366 1594 1426 permanetc,
1625 1366 1683 1410 ut
1720 1341 2044 1408 sanctissimi
2079 1355 2289 1416 Patres,

696 1454 787 1522 qui
806 1467 902 1506 vos
920 1434 1243 1522 genuerunt,
1262 1450 1413 1503 vobis
1431 1456 1767 1516 protectores
1785 1462 1905 1500 esse
1927 1462 2032 1500 non
2053 1455 2286 1500 cessent.

697 1543 798 1597 Per
828 1542 1040 1596 illorum
1071 1540 1294 1609 vestigia
1334 1539 1645 1608 gradientes
1681 1539 1747 1592 de
1786 1538 1997 1591 illorum
2035 1537 2290 1604 precibus

694 1636 869 1690 securi
898 1635 1285 1703 permaneatis.
1323 1630 1496 1684 Nolite
1529 1632 1693 1684 tantis
1719 1629 1968 1684 Patribus
1997 1629 2290 1698 degeneres

693 1743 814 1782 esse
841 1727 955 1780 ﬁlii.
1005 1724 1354 1793 Nequaquam
1399 1723 1472 1776 illi
1515 1738 1545 1775 a
1575 1731 1752 1776 vestra
1784 1721 2074 1774 cessabunt
2099 1718 2286 1774 defen—

693 1821 862 1882 sione,
885 1821 930 1872 si
957 1833 1050 1870 vos
1078 1816 1291 1870 illorum
1318 1815 1470 1882 sequi
1496 1814 1759 1866 videbunt
1787 1811 2054 1880 exempla.
2085 1811 2286 1863 Tamen

2398 631 2658 698 peritura.
2686 629 2870 700 .Veras
2908 626 3193 696 diligamus
3228 622 3442 677 divitias
3485 631 3542 676 et
3570 637 3684 676 non
3727 621 3974 682 caducas,

2398 720 2755 787 sempiternas
2779 733 2884 771 non
2911 715 3283 778 transitorios;
3318 726 3571 782 paremus
3594 710 3751 766 nobis
3774 710 3976 764 laudem

2398 831 2425 867 a
2469 816 2598 878 Deo,
2641 822 2695 867 et
2734 830 2839 868 non
2880 813 2948 866 ab
2985 809 3311 864 hominibus.
3358 805 3645 859 Faciamus
3670 804 3815 873 quod
3842 803 3976 859 fece-

2399 913 2524 958 runt
2564 904 2736 958 sancti
2778 917 2914 970 quos
2959 899 3260 953 laudamus.
3307 895 3612 963 Sequamur
3647 893 3865 946 illorum
3893 907 3978 948 ve-

2397 994 2554 1063 stigia
2603 993 2654 1045 in
2703 993 2903 1053 terris,
2951 997 3012 1042 ut
3052 988 3268 1041 illorum
3311 984 3493 1054 gloria:
3539 991 3823 1039 consortes
3863 995 3978 1035 esse

2399 1099 2703 1138 mereamur
2745 1083 2800 1135 in
2843 1078 3017 1135 curlis.
3072 1077 3276 1131 Divince
3316 1074 3534 1144 pietatis
3578 1073 3843 1142 protectio
3884 1087 3976 1125 nos

2396 1178 2464 1231 ab
2507 1176 2656 1230 omni
2698 1173 3023 1227 adversitate
3061 1168 3333 1225 custodiat
3358 1208 3372 1231 ,
3416 1166 3722 1221 eharissimi
3769 1164 3974 1219 fratres.

2398 1266 2582 1319 Valete
2614 1265 2667 1317 in
2691 1263 2908 1317 Christo
2948 1257 3307 1320 dilectissimi,
3339 1265 3393 1310 et
3419 1253 3808 1310 confortamini
3834 1269 3974 1308 scm-

2394 1370 2491 1422 per
2526 1353 2868 1429 proﬁcientes
2888 1365 2938 1405 ο.
2962 1342 2985 1421 ﬂ

2929 1443 2956 1481 ἲ)
2997 1438 3331 1496 EPISTOLA
3366 1439 3431 1492 Χ.

2395 1553 2462 1591 AD
2498 1548 2517 1573 ο
2553 1552 2909 1591 manumanu
2951 1535 3356 1605 (numnam)
3391 1543 3842 1586 mcunnrrscoruu
3894 1543 3977 1581 no

2925 1619 3140 1660 BOENSIS
3154 1617 3450 1658 CIVITATIS.

2874 1696 3052 1768 (Anno
3079 1695 3181 1750 795
3215 1693 3294 1748 vel
3326 1691 3490 1762 seq.).

2397 1787 2660 1842 Hortatur
2682 1790 2751 1842 ad
2783 1787 3032 1842 sectanda
3060 1802 3278 1841 suorum
3316 1792 3705 1837 antecessorum
3743 1783 3979 1851 vestigia,

2464 1871 2510 1913 et
2541 1859 2609 1910 ad
2642 1857 3030 1928 exsequendum
3076 1854 3332 1928 intrepide
3369 1869 3560 1928 manus
3596 1857 3846 1928 ραδέοιθέδΔ
3868 1853 3979 1904 ani-

694 1910 761 1997 de
806 1909 906 1962 ista
951 1905 1372 1997 miserianolite
1419 1912 1599 1957 mente
1628 1902 1999 1997 consternari.
2049 1901 2288 1997 castigat
2323 1886 2364 1942 Β
2415 1922 2429 1932 ~
2464 1886 3980 1997 ξςηίξτηξξδέξμὲξίςξξξὲρξξξλῐςῗξηξςςέξίηςδέέ’δὺὲξξ

693 1996 835 2050 Deus
871 2011 1086 2048 omnem
1129 1993 1295 2048 ﬁlium
1330 2009 1489 2062 quem
1530 1994 1720 2062 recipit
1749 1991 1937 2063 (Hebr.
1969 2008 2064 2053 xu,
2097 1991 2184 2060 6);
2235 1999 2289 2046 et

693 2087 813 2142 ideo
863 2085 1000 2140 forte
1043 2084 1163 2156 plus
1203 2100 1299 2139 vos
1345 2085 1672 2153 castigavit,
1729 2084 1852 2152 quia
1903 2083 2026 2151 plus
2075 2082 2283 2136 dilexit.

693 2177 1027 2230 Hierusalem
1063 2175 1258 2229 civitas
1293 2175 1402 2228 Deo
1436 2175 1632 2228 dilecta
1664 2173 1912 2226 Chaldtea
1942 2171 2156 2225 ﬂamma
2189 2187 2283 2240 pe-

689 2267 798 2320 riit.
827 2267 998 2321 Roma
1020 2274 1329 2321 sanctorum
1350 2265 1716 2334 apostolorum
1737 2273 1787 2318 et
1812 2264 2285 2318 immmerabilium

688 2368 986 2428 martyrum
1023 2373 1221 2413 corona
1258 2358 1591 2412 circumdata
1621 2373 1954 2427 paganorum
1985 2359 2286 2412 vastatione

686 2446 927 2515 disrupta
950 2454 1054 2509 est,
1083 2447 1178 2500 sed
1203 2447 1402 2514 pietate
1427 2447 1587 2499 citius
1615 2454 1950 2513 recuperata.
1989 2446 2122 2500 Tota
2148 2461 2285 2516 pene

686 2533 899 2602 Europa
927 2533 1226 2588 Gorhorum
1255 2535 1339 2587 vel
1376 2534 1652 2589 Hunorum
1689 2535 1880 2606 gladiis
1910 2541 2168 2590 evacua’ta
2202 2547 2286 2592 est

683 2623 946 2688 ﬂammis;
983 2624 1077 2677 sed
1106 2623 1261 2694 [.lls.,
1290 2624 1357 2695 si]
1387 2625 1567 2687 modo,
1597 2635 1954 2680 conservante
1978 2627 2112 2691 Deo,
2139 2629 2284 2684 velut

685 2717 882 2772 caelum
914 2717 1108 2780 stellis,
1141 2717 1212 2770 ita
1240 2718 1484 2771 ccclesiis
1511 2727 1702 2772 ornata
1737 2718 2008 2788 fulgescit,
2040 2731 2096 2774 et
2122 2721 2178 2773 in
2204 2722 2283 2774 eis

683 2805 856 2861 oﬁieia
887 2807 1068 2875 vigent
1095 2815 1150 2860 et
1176 2815 1429 2861 crescunt
1459 2808 1736 2876 religionis
1762 2808 2103 2864 Christianm.
2140 2811 2282 2864 lior-

684 2899 874 2952 tamini
917 2899 1274 2967 vosmetipsos
1320 2882 1552 2953 invicem
1597 2901 1877 2956 dicentes:
1925 2901 2284 2957 Revertantur

683 2992 750 3044 ad
792 2989 1078 3044 Dominum
1122 2989 1295 3044 Deum
1337 3001 1614 3055 nostrum,
1655 2993 1782 3060 quia
1815 3009 2042 3063 magnus
2085 3005 2168 3049 est
2213 2997 2280 3050 ad

588 3124 594 3129 .
682 3082 1064 3150 ignoscendum
1099 3081 1234 3154 (Isa.
1267 3100 1353 3147 LV,
1386 3083 1459 3153 7),
1503 3093 1558 3137 et
1597 3101 1872 3154 nunquam
1913 3088 2114 3143 deserit
2153 3105 2276 3158 spc-

681 3179 865 3225 rantes
893 3172 946 3224 in
975 3187 1052 3225 se.

753 3259 820 3312 Et
853 3257 1103 3320 tu,Pater
1131 3271 1337 3327 sancte,
1374 3266 1477 3321 dux
1510 3270 1688 3337 populi
1720 3270 1846 3332 Dei,
1893 3279 2077 3337 pastor
2101 3271 2280 3342 gregis

679 3353 883 3417 sancti,
930 3355 1172 3408 medicus
1200 3357 1539 3423 animarum,
1585 3361 1804 3417 lucerna
1837 3376 2000 3430 super
2027 3363 2280 3418 candela—

680 3447 835 3499 brum
868 3446 1066 3514 posita,
1097 3457 1215 3502 esto
1245 3449 1416 3504 torma
1452 3452 1507 3505 in
1539 3455 1682 3506 omni
1715 3453 1958 3508 bonitate
1986 3455 2200 3508 cunctis
2231 3463 2284 3508 te

680 3537 1001 3590 videntibus.
1030 3538 1161 3592 Esto
1183 3555 1366 3607 praeco
1390 3542 1577 3595 salutis
1598 3544 1808 3596 cunctis
1837 3551 1888 3596 te
1915 3544 2278 3599 audientibus.

682 3629 766 3683 Sit
793 3640 918 3683 tuus
946 3631 1236 3685 comitatus
1269 3634 1509 3687 honestis
1537 3636 1802 3697 moribus,
1827 3634 1948 3688 aliis
1975 3635 2280 3704 exemplum

682 3721 752 3775 ad
779 3723 978 3785 vitam,
1013 3739 1117 3777 non
1148 3725 1217 3778 ad
1243 3727 1620 3794 perditionem.
1672 3729 1792 3784 Sint
1824 3729 1917 3783 tibi
1948 3732 2140 3800 epulm,
2174 3747 2280 3784 non

683 3811 737 3867 in
769 3812 1058 3876 ebrietate,
1102 3813 1196 3868 sed
1227 3815 1279 3868 in
1311 3817 1622 3872 sobrietate.
1677 3819 1798 3874 Sint
1828 3823 2150 3877 vestimenta
2188 3829 2280 3875 tuo

682 3902 874 3970 gradui
894 3902 1182 3974 condigna.
1202 3903 1318 3959 Noli
1340 3914 1389 3959 te
1404 3907 1744 3963 eonformarc
1766 3912 1946 3965 smculi
1972 3912 2280 3965 h‘ominibus

680 3995 738 4047 in
763 3995 1002 4049 vanitate
1028 3996 1229 4064 aliqua.
1270 3996 1450 4050 Inanis
1478 4008 1704 4052 ornatus
1730 3999 2198 4064 vestimentorum,
2227 4010 2282 4054 et

679 4081 860 4138 cultus
890 4084 1094 4139 inutilis
1125 4085 1220 4139 tibi
1257 4094 1342 4139 est
1379 4087 1728 4156 opprobrium
1768 4097 1894 4144 ante
1926 4090 2194 4154 homines,
2225 4100 2282 4144 et

678 4182 961 4244 peceatum
1005 4183 1132 4229 ante
1178 4176 1367 4230 Deum.
1419 4177 1606 4232 Melius
1653 4185 1737 4233 est
1777 4179 2014 4233 animam
2057 4180 2111 4234 in
2149 4196 2277 4249 per-

675 4277 899 4337 petuum
937 4279 1344 4338 permanentem
1386 4271 1544 4326 bonis
1584 4287 1782 4327 ornare
1822 4273 2085 4338 moribus,
2115 4289 2277 4343 quam

674 4372 873 4426 corpus
907 4358 1017 4414 cito
1060 4359 1113 4414 in
1153 4360 1374 4429 pulvere
1399 4370 1721 4430 putrescens
1746 4365 2032 4434 exquisitis
2058 4380 2277 4420 comere

677 4452 938 4506 vestibus.
982 4453 1259 4507 Vestiatur
1302 4462 1357 4507 et
1399 4456 1628 4509 satietur
1659 4456 1912 4511 Christus
1938 4458 1989 4510 in
2017 4471 2273 4526 paupere,

2465 2000 2654 2051 timore
2670 1999 2938 2066 prwdicet.

2461 2088 2558 2142 Pio
2599 2087 2748 2142 Patri
2783 2096 2838 2141 et
2874 2095 3074 2141 sanctte
3109 2085 3257 2140 sedis
3286 2081 3502 2153 praesuli
3527 2080 3850 2136 Edilhardo
3898 2095 3981 2132 ar-

2390 2183 2759 2253 chiepiscopo,
2787 2181 3008 2235 humilis
3027 2179 3190 2234 levita
3216 2176 3476 2232 Aleuinus
3497 2174 3748 2230 salutem.

2459 2274 2700 2328 Audiens
2745 2280 2942 2327 vestrae
2964 2268 3311 2326 salutationis
3354 2267 3520 2321 verba
3551 2263 3888 2327 dulcissima,
3927 2271 3980 2316 et

2386 2365 2769 2435 prosperitatis
2810 2372 3006 2417 vestra:
3055 2362 3347 2416 sanitatem
3405 2356 3591 2411 multis
3630 2369 3978 2424 pernecessa-

2388 2455 2545 2521 riam,
2572 2455 2726 2509 valde
2765 2467 2849 2508 me
2881 2454 3128 2524 gavisum
3153 2465 3272 2505 esse
3301 2448 3474 2504 fateor
3501 2465 3514 2500 :
3553 2445 3766 2500 Domini
3794 2455 3849 2499 et
3889 2443 3980 2498 Dei

2387 2545 2557 2600 nostri
2599 2543 2727 2600 Jesu
2757 2544 2957 2600 Christi
2987 2545 3283 2613 deprecans
3309 2548 3424 2593 tota
3455 2537 3650 2592 mentis
3697 2535 3981 2590 alacritate

2385 2640 2864 2695 clementissimam
2886 2639 3165 2707 pietatem,
3205 2641 3472 2704 quatenus
3499 2637 3735 2686 vestram
3788 2625 3984 2699 [beati-

2388 2731 2651 2800 tudinem]
2686 2731 2924 2800 longazva
2960 2727 3228 2783 custodiat
3249 2725 3606 2795 prosperitate
3625 2722 3688 2774 in
3718 2731 3980 2788 augmen-

2384 2829 2501 2875 tum
2557 2830 2759 2876 sanctae
2787 2835 2897 2875 suae
2930 2819 3219 2881 Ecclesiae,
3268 2824 3327 2877 ut
3375 2830 3473 2884 per
3519 2822 3664 2867 tuam
3698 2810 3984 2866 devotissi-

2383 2927 2528 2965 mam
2565 2911 2869 2966 doctrinam
2920 2911 3144 2964 verbum
3191 2906 3346 2981 [ϐοά.
3403 2903 3542 2969 Sal.,
3596 2901 3801 2975 verbis]
3859 2902 3980 2955 vita:

2382 3012 2600 3057 internae
2624 3012 2836 3057 crescat
2862 3011 2916 3056 et
2953 3009 3158 3062 currat,
3206 3006 3260 3054 et
3291 2996 3678 3066 multiplicetur
3721 3009 3980 3050 numerus

2380 3092 2564 3162 populi
2615 3092 2912 3147 Christiani
2963 3092 3019 3145 in
3076 3090 3287 3144 laudem
3317 3100 3372 3142 et
3407 3087 3631 3159 gloriam
3683 3085 3982 3140 Salvator-is

2385 3184 2589 3248 nostri;
2637 3173 2838 3254 in'quo
2857 3199 3020 3254 opere
3051 3191 3122 3244 te,
3155 3181 3324 3234 frater
3350 3186 3554 3240 sancte,
3583 3176 3834 3230 laborare
3873 3181 3980 3227 tota

2384 3278 2585 3332 virtute
2628 3279 2876 3332 obsecro.
2912 3277 2978 3330 Et
3009 3281 3215 3344 quanto
3257 3271 3378 3340 plus
3426 3268 3823 3339 appropinquat
3868 3266 3983 3320 dies

2385 3368 2855 3428 remunerationis,
2880 3373 3029 3419 tanto
3051 3363 3224 3434 magis
3249 3360 3513 3415 mercedis
3533 3366 3636 3412 tua!
3658 3355 3977 3412 felicitatem

2385 3458 2731 3512 accumulare
2757 3457 2996 3510 studeas.

2454 3546 2641 3616 COgita
2671 3547 2859 3616 quales
2900 3544 3154 3600 habueris
3193 3541 3345 3616 [ϐοά.
3380 3539 3519 3599 Sal.,
3547 3535 3803 3608 haberes]
3830 3535 3858 3575 δ
3884 3551 3981 3589 an-

2386 3647 2684 3692 tecessores
2709 3639 2982 3700 doctores,
3009 3645 3064 3691 et
3085 3649 3295 3690 summa
3329 3632 3531 3687 lumina
3570 3628 3737 3709 totius
3763 3627 3978 3681 Britan-

2385 3731 2488 3785 niae
2513 3728 2646 3802 [Cod
2677 3730 2818 3795 Sal.,
2848 3730 3014 3784 totius
3041 3728 3204 3798 hujus
3223 3720 3559 3797 provinciae].
3577 3719 3724 3774 Inter
3740 3733 3973 3788 quorum

2384 3821 2751 3875 sacratissima
2782 3805 3010 3887 corpora
3031 3816 3158 3871 dum
3191 3813 3453 3875 oraveris,
3489 3810 3702 3865 illorum
3725 3811 3978 3881 precibus

2383 3914 2688 3967 certissime
2747 3909 3113 3979 adjuvaberis,
3166 3906 3214 3961 si
3267 3905 3336 3958 ab
3384 3903 3598 3958 illorum
3634 3903 3882 3973 vestigiis
3929 3910 3978 3955 te

2383 4020 2485 4057 nec
2519 4002 2702 4057 smculi
2723 4002 2929 4058 caduca
2950 3999 3319 4055 blandimenta
3343 3996 3684 4060 subtraham,
3719 4010 3820 4050 nec
3851 3996 3973 4049 vani

2384 4101 2621 4145 terrores
2666 4091 2972 4162 principum
3029 4088 3411 4145 formidantem
3464 4085 3720 4142 efﬁciant.
3773 4085 3968 4142 Memor

2381 4194 2502 4239 esto
2530 4201 2743 4255 semper
2762 4185 2906 4255 quod
2943 4191 3130 4254 guttur
3164 4190 3315 4236 tuum
3344 4180 3472 4235 tuba
3507 4180 3603 4235 Dei
3627 4179 3790 4234 debet
3833 4193 3972 4239 esse,

2381 4285 2435 4330 et
2485 4277 2664 4346 lingua
2693 4285 2784 4331 tua
2811 4275 3064 4331 omnibus
3104 4288 3283 4344 pra‘co
3326 4270 3535 4325 salutis.
3585 4269 3715 4323 Esto
3763 4275 3972 4338 pastor,

2382 4384 2488 4421 non
2517 4365 2916 4428 mercenarius;
2945 4373 3148 4427 rector,
3173 4378 3279 4417 non
3310 4362 3632 4421 subversor;
3661 4358 3773 4423 lux,
3803 4365 3971 4412 etnon

2382 4459 2650 4519 teneam;
2683 4453 2874 4508 civitas
2899 4453 3051 4506 ﬁrma
3071 4451 3181 4509 ﬁde
3204 4457 3438 4513 murata,
3471 4464 3579 4503 non
3620 4432 3812 4504 domus
3856 4448 3971 4517 plu-

675 4556 735 4602 ut
764 4547 881 4602 haec
908 4545 1115 4601 faciens
1159 4555 1349 4616 regnet
1391 4563 1514 4602 cum
1540 4548 1780 4604 Christo.
1823 4548 2148 4618 Redemptio
2173 4551 2277 4604 viri”
2311 4545 2484 4642 Dviis
2538 4543 2748 4607 diruta;
2803 4541 2959 4596 miles
3009 4539 3211 4595 Christi
3266 4539 3560 4610 gloriosus,
3594 4554 3699 4594 ῐιθη
3728 4549 3980 4610 apostata.

635 4697 638 4700 ,
674 4639 909 4709 propriae
938 4637 1140 4692 divitiae
1164 4636 1347 4709 (Prov.
1377 4654 1498 4702 xm,
1530 4639 1606 4707 8).
1658 4638 1714 4693 Si
1744 4655 1937 4693 aurum
1964 4641 2273 4712 diligamus,

674 4730 1070 4799 prmmittamus
1109 4729 1265 4783 nobis
1301 4729 1354 4782 in
1397 4729 1616 4791 coelum,
1643 4729 1732 4785 ubi
1763 4731 2072 4785 servabitur
2096 4733 2274 4796 nobis,

747 4891 773 4956 ξι
799 4877 1124 4956 Wilhelmus
1143 4879 1438 4956 _Mal_mesb.
1469 4881 1565 4956 lot.
1595 4882 1710 4956 cit.,
1749 4896 1873 4956 pag.
1903 4882 2062 4956 16?;
2093 4886 2190 4949 ait,
2219 4888 2275 4940 in

675 4949 825 5005 calce
870 4949 1031 5014 hujus
1071 4949 1316 5017 epistolae
1362 4951 1431 5003 ab
1473 4949 1704 5004 Aleuino
1747 4949 1928 5004 addita
1978 4953 2143 5008 fuisse
2184 4968 2275 5011 se-

672 5019 928 5091 quentia:
957 5039 974 5091 i
1003 5017 1136 5091 Cum
1171 5019 1404 5091 domnus
1440 5030 1624 5075 noster
1651 5035 1744 5074 rex
1769 5020 2000 5077 Carolus
2027 5024 2276 5081 hostibus

674 5089 772 5160 per
797 5089 1227 5144 misericordiam
1256 5090 1349 5144 Dei
1379 5091 1609 5146 subditis
1636 5092 1854 5146 domum
1883 5103 2268 5158 reverteretur,

675 5170 802 5241 nos,
841 5161 948 5241 Deo
985 5160 1228 5241 juvante,
1258 5162 1325 5216 ad
1361 5177 1485 5241 eum
1520 5166 1706 5241 venire
1729 5162 2096 5241 disponimus;
2143 5174 2198 5218 et
2227 5167 2271 5220 si

673 5231 802 5299 quid
849 5240 975 5286 tunc
1017 5231 1104 5303 vel
1141 5232 1206 5285 de
1248 5234 1432 5300 pueris
1473 5235 1564 5302 qui
1609 5236 1663 5288 in
1709 5231 2079 5303 captivitatem
2123 5238 2270 5291 ducti

675 5308 802 5369 sunt
845 5316 875 5354 a
917 5302 1173 5369 paganis,
1214 5303 1300 5355 vel
1337 5303 1404 5357 de
1446 5305 1567 5357 aliis
1608 5302 2027 5360 necessitatibus
2069 5309 2272 5364 nostris

677 5368 794 5493 μζ,
830 5368 1047 5442 vestris]
1087 5372 1353 5438 proﬁcere
1391 5376 1711 5495 poterimus,
1749 5377 2039 5448 diligentes
2080 5381 2146 5433 ad
2189 5378 2270 5433 ef-

699 5450 878 5494 ectum
918 5453 1219 5495 prouueere
1257 5457 1386 5494 cura
1431 5459 1589 5495 imus.
1624 5465 1640 5495 ι

699 5450 878 5494 cetum
918 5453 1219 5507 DFO‘JUCCI‘C
1257 5450 1589 5499 curabimus.
1624 5465 1640 5497 ι

751 5510 776 5547 b
803 5509 1208 5590 Eilit.Quence_t.
1233 5512 1325 5590 38,
1342 5511 1525 5590 Canis.
1556 5517 1578 5568 1
1605 5516 1860 5590 (Froben.
1880 5519 1956 5590 9);
1983 5520 2266 5576 emendata
2296 5555 2298 5557 ›

675 5597 741 5636 ex
769 5581 890 5655 cod.
921 5595 1053 5655 mss.
1088 5581 1484 5655 Salisliurgensi
1521 5594 1578 5640 et
1607 5581 1664 5641 S.
1700 5581 2048 5644 Emmerami.

749 5661 780 5723 C_
808 5650 968 5723 Varie
1012 5661 1186 5707 mutat
1210 5653 1312 5710 hoc
1336 5650 1556 5715 nomen,
1583 5656 1893 5712 Αῖάίιιιανάὶ
1918 5676 1937 5723 ;
1964 5661 2098 5716 alias
2119 5663 2264 5717 enim

678 5720 1254 5794 scriptuminvenitur:
1284 5725 1640 5793 [idet/tardus,
1671 5720 2041 5794 Ethilhardus,
2072 5732 2294 5788 Adelar.

677 5791 804 5876 iiiis,
834 5792 1206 5876 Athilhardus,
1247 5791 1634 5876 Athelhardus.
1664 5791 2266 5876 Fuit_archiepi§copus

680 5860 1122 5930 Derovernensis,
1139 5866 1344 5921 electus
1357 5883 1498 5922 anno
1515 5870 1607 5924 791
1622 5879 1779 5938 ,tcste
1792 5860 2048 5929 Simeonc
2064 5860 2260 5927 Duriel~

2380 4635 2532 4701 vilis;
2565 4634 2910 4705 prmdicator,
2942 4641 3130 4688 etnon
3170 4631 3436 4687 adulator.
3470 4630 3659 4686 Melius
3682 4640 3768 4687 est
3805 4631 3969 4686 Deum

2383 4729 2596 4794 timere,
2649 4743 2810 4797 quam
2867 4727 3183 4793 hominem;
3221 4726 3343 4796 plus
3379 4725 3491 4780 Deo
3532 4723 3770 4794 placere,
3809 4739 3966 4795 quam

2378 4884 2551 4937 mensi
2568 4880 2708 4951 apud
2729 4881 2857 4949 Pagi
2881 4881 2938 4936 h.
2955 4895 3104 4951 a.,n.
3126 4879 3149 4931 1
3157 4879 3210 4951 _l_.
3236 4878 3428 4951 Exstat
3449 4876 3574 4951 ejus
3587 4878 3790 4951 mentio
3811 4877 3863 4930 in
3887 4874 3970 4929 ln-

2377 4951 2505 5020 gulﬁ
2535 4947 2774 5020 Historia
2806 4947 2862 5004 et
2882 4950 3126 5018 epistolis
3156 4947 3364 5020 Kenulﬁ
3390 4949 3538 5018 regis
3557 4948 3878 5020 Blerciorum
3902 4959 3967 5000 au

2375 5016 2612 5076 Leonem
2635 5019 2699 5074 111
2741 5016 3049 5089 pontiﬁcem
3077 5035 3222 5075 max.
3248 5026 3305 5074 et
3329 5016 3529 5075 Leonis
3565 5019 3633 5074 ad
3655 5016 3966 5089 Kenult'um,

2415 5108 2514 5146 uas
2542 5085 2833 5160 descripsit
2863 5091 3213 5147 continuatur
3259 5089 3419 5146 Beda:
3459 5090 3554 5160 lib.
3584 5104 3626 5151 ι,
3676 5100 3797 5160 cap.
3830 5085 3898 5140 12
3914 5098 3967 5160 et

2374 5107 2514 5214 quas
2542 5100 2833 5160 descripsrt
2863 5100 3213 5147 continuatur
3259 5100 3419 5146 Beda:
3459 5100 3554 5149 lib.
3584 5104 3626 5151 ι,
3676 5100 3797 5209 caﬁ.
3830 5100 3898 5140 Iz
3915 5100 3965 5141 et

2410 5163 2462 5216 5.
2496 5160 2766 5218 Camsws.
2790 5191 2864 5202 --
2885 5159 3228 5217 Mabillonius
3249 5160 3345 5217 lib.
3378 5176 3484 5215 xxv
3519 5155 3714 5216 Annal.
3789 5159 3965 5220 eucd.,

2373 5248 2427 5286 ιι.
2471 5234 2540 5289 84
2571 5275 2584 5298 ,
2625 5249 2683 5303 p.
2727 5233 2857 5297 291,
2903 5229 3282 5288 Edilhardum
3319 5238 3477 5303 vocat
3528 5230 3694 5303 virum
3751 5243 3966 5303 suntm}:

2370 5297 2665 5358 sanctitatis
2708 5313 2756 5358 et
2803 5304 3074 5374 sapientia
3100 5346 3117 5370 ,
3147 5304 3239 5375 qui
3267 5297 3537 5372 quondam
3591 5299 3757 5352 abbas
3812 5297 3968 5354 fuerit

2371 5374 2906 5439 Malmesburiensis,
2963 5385 3151 5445 postea
3213 5381 3393 5429 autem
3426 5367 3965 5445 episcopusWinto—

2371 5447 2689 5518 niensis,iac
2741 5438 3117 5518 demum'post
3155 5445 3438 5518 decessum
3461 5438 3732 5518 ’Jamberti
3765 5440 3966 5518 electus

2370 5517 2836 5587 archiepiscopus,
2879 5509 3335 5587 Cantuariensis.‘
3375 5510 3479 5587 (Et;
3537 5509 3815 5587 ῥηχίη...
3862 5510 3959 5587 col.

2371 5587 2532 5650 1642,
2561 5578 2625 5642 et
2643 5578 2934 5644 Wilbelmo
2961 5585 3242 5644 Malmesb.
3275 5581 3367 5637 lib.
3386 5578 3415 5638 ἰ
3434 5581 3499 5637 de
3528 5579 3755 5654 Regibus
3780 5578 3959 5650 Angl..

2366 5674 2488 5729 cap.
2523 5657 2608 5729 Δ1,.)

2436 5721 2463 5769 ὃ
2495 5721 2876 5785 Aniecessom.
2901 5729 3104 5797 Omnes
3117 5721 3892 5797 sanctissimosLAugustinum
3909 5725 3961 5774 rt

2365 5800 2523 5861 alios,
2552 5800 2629 5854 ait
2664 5801 2985 5856 Wilhelmus
3029 5795 3309 5852 Malmesb.
3343 5796 3438 5852 lib.
3472 5813 3486 5850 ι
3517 5795 3593 5850 De
3623 5792 3793 5863 gestis
3825 5804 3958 5860 pon-

2370 5869 2450 5924 tif.
2485 5870 2668 5943 Angl.,
2704 5873 2794 5925 ubi
2823 5882 3167 5926 successores
3205 5868 3341 5923 vide.
3374 5867 3644 5922 Camsws.
