4232 6452
344 409 465 469 155

1794 416 1902 472 EPI
1909 418 2154 475 δτοιηε
2165 458 2177 471 .

3539 432 3636 486 liii

342 525 567 583 homini
593 526 847 581 blandiri.
891 528 1029 594 Quid
1060 540 1143 584 est
1163 531 1427 595 adulator,
1461 533 1565 587 nisi
1590 533 1818 588 blandus
1844 534 1947 587 ini-
1974 541 2022 593 Α
2050 536 2210 589 ritate
2240 550 2253 587 :
2295 536 2410 591 Sint
2442 538 2603 593 lumbi
2628 516 2780 594 vestri
2809 554 3077 610 prmcmctt
3114 556 3159 597 et
3196 558 3424 601 rucerna:
3452 552 3642 603 arden-

340 614 569 670 micus?
588 614 792 672 Ambos
816 619 1012 686 perdit,
1047 634 1105 674 se
1143 621 1319 691 ipsum
1349 631 1403 676 et
1436 638 1592 676 suum
1615 619 1942 679 auditorem.

339 703 444 759 isti
502 712 646 769 sunt,
695 706 785 775 qui
834 718 1091 760 consuunt
1141 707 1386 778 pulvillos
1442 712 1537 764 sub
1588 712 1731 764 omni
1769 712 1947 764 cubitu

344 794 579 849 .Ezech.
604 812 729 861 xm,
749 797 860 867 18),
908 806 961 851 et
999 812 1127 853 oves
1162 798 1362 853 Christi
1407 801 1679 856 morbidas
1719 800 1942 864 faciunt,

338 900 463 939 non
496 894 732 941 sanatas.
1128 874 1135 882 ’

431 975 541 1050 ιε
567 978 783 1046 Virgam
816 981 1069 1049 accepisti
1094 984 1419 1051 pastoralem
1448 993 1502 1038 et
1538 985 1791 1040 baculum
1819 1000 1947 1039 con-

314 1084 315 1087 ‘
348 1068 639 1124 solationis
688 1068 941 1126 fraternas
973 1090 985 1124 :
1028 1072 1175 1126 illam
1211 1075 1279 1129 ad
1322 1077 1638 1144 regendum,
1668 1078 1831 1131 istum
1880 1076 1950 1130 ad

350 1161 765 1217 consolandum.
815 1162 886 1218 Ut
923 1172 1215 1218 manentes
1258 1167 1683 1221 consolationem
1713 1168 1950 1221 habeant

354 1248 414 1308 in
456 1260 531 1315 te,
574 1258 630 1306 et
662 1260 1012 1308 contumaces
1041 1256 1434 1310 correctionem
1467 1258 1703 1311 sentiant
1725 1271 1825 1326 per
1870 1266 1944 1312 te.

352 1334 607 1397 Potestas
626 1339 828 1409 judicis
878 1351 979 1407 est,
1013 1345 1293 1409 occidere;
1326 1354 1415 1413 tua
1446 1360 1595 1409 vero,
1647 1347 1944 1401 viviﬁcare.

350 1426 498 1498 Quid
531 1432 689 1487 times
728 1432 1002 1487 hominem
1048 1444 1273 1505 propter
1306 1436 1562 1505 gladium,
1594 1438 1701 1507 qui
1739 1438 1947 1492 clavem

351 1524 510 1592 regni
562 1523 815 1593 accepisti
847 1540 877 1578 a
905 1524 1156 1579 Christo?
1186 1525 1491 1581 Recordare
1530 1536 1731 1596 quanta
1757 1542 1948 1596 passus

348 1624 439 1672 est
464 1616 557 1670 ille
582 1630 683 1684 pro
708 1624 779 1681 te,
801 1624 857 1671 et
880 1633 985 1671 non
1014 1627 1221 1672 metuas
1257 1618 1402 1689 loqui
1436 1618 1537 1689 pro
1570 1619 1680 1674 illo.
1712 1619 1806 1673 Ille
1846 1634 1948 1688 pro

352 1715 450 1762 tuo
488 1721 673 1761 amore
722 1706 887 1761 clavis
936 1709 1179 1764 conﬁxus
1216 1711 1471 1778 pependit
1498 1710 1551 1765 in
1584 1724 1765 1775 cruce,
1808 1719 1865 1765 et
1890 1719 1945 1766 tu

350 1797 551 1851 sedens
596 1796 649 1850 in
692 1796 822 1851 sella
864 1800 1141 1867 dignitatis
1182 1808 1285 1854 tuae
1315 1801 1383 1855 ob
1415 1802 1664 1855 timorem
1711 1802 1947 1856 hominis

2050 632 2124 678 tes
2154 627 2209 678 in
2238 628 2480 683 manibus
2508 630 2688 683 vestris
2712 630 2863 700 (Luc.
2894 646 2998 696 xu,
3028 633 3140 702 55).
3161 633 3217 687 1η
3248 635 3446 691 lumbis
3480 639 3644 693 casti—

2050 716 2176 769 tatis
2204 718 2485 785 sanctitas,
2524 721 2575 773 in
2604 720 2840 775 lucernis
2880 725 3282 791 praedicationis
3310 727 3527 785 claritas
3550 731 3640 787 de—

2002 814 2009 822 ‘
2050 805 2318 875 signatur.

2122 894 2326 949 Memor
2362 905 2481 952 esto
2528 900 2671 966 quod
2722 901 2976 955 sacerdos
3010 905 3231 973 angelus
3283 907 3492 962 Domini
3544 908 3639 963 Dei

2048 994 2131 1037 est
2157 986 2377 1052 excelsi,
2428 996 2484 1041 et
2511 989 2594 1066 lex
2638 999 2825 1044 sancta
2864 1006 2929 1045 ex
2981 1007 3075 1047 ore
3124 994 3242 1061 ejus
3295 999 3638 1066 requirenda,

2043 1075 2361 1145 juxtaquod
2380 1078 2431 1132 in
2463 1065 2728 1135 Malachia
2753 1084 3015 1152 prOpheta
3047 1085 3131 1154 (η,
3159 1086 3210 1157 7)
3240 1065 3486 1159 legimus.
3517 1090 3643 1161 Spe-

2050 1164 2257 1218 culator
2275 1181 2492 1236 quoque
2513 1177 2598 1222 est
2619 1170 2673 1223 in
2702 1171 3072 1226 excelsissimo
3097 1177 3303 1243 positus
3328 1179 3463 1231 loco.
3492 1180 3642 1233 Unde

2048 1263 2105 1308 et
2152 1257 2440 1326 episcopus
2488 1259 2705 1325 dieitur,
2762 1264 2915 1329 quasi
2968 1266 3273 1333 speculator
3308 1266 3461 1338 [Cod.
3497 1268 3639 1333 Sal.,

2049 1347 2570 1419 superspeculator],
2595 1352 2685 1418 qui
2712 1353 2859 1405 omni
2882 1356 3142 1408 exercitui
3167 1356 3366 1411 Christi
3392 1361 3641 1427 prudenti

2049 1435 2277 1490 consilio
2298 1438 2582 1506 providere
2612 1440 2793 1505 debet,
2825 1442 2955 1509 quid
2983 1445 3280 1498 cavendum
3315 1447 3403 1510 sit,
3447 1449 3643 1515 quidve

2050 1526 2337 1597 agendum.
2396 1528 2487 1582 Isti
2544 1539 2688 1593 sunt,
2741 1531 2795 1584 id
2848 1540 2933 1585 est
2979 1536 3303 1600 sacerdotes,
3354 1537 3639 1592 luminaria

2050 1623 2252 1670 sancta:
2282 1616 2374 1669 Dei
2398 1616 2673 1682 Ecclesiae,
2705 1619 2958 1675 doctores
2986 1623 3164 1692 gregis
3186 1622 3410 1679 Christi.
3452 1625 3541 1680 Isti
3572 1628 3640 1695 in

2049 1708 2223 1776 prima
2255 1707 2370 1761 acie
2398 1707 2651 1761 vexillum
2673 1717 2874 1763 sanctae
2902 1711 3080 1765 crucis
3103 1728 3207 1766 non
3239 1716 3478 1784 segniter
3507 1716 3639 1771 sub-

2050 1798 2233 1851 levare
2271 1797 2488 1862 debent,
2520 1806 2575 1852 et
2608 1798 2678 1853 ad
2717 1815 2933 1854 omnem
2961 1800 3221 1871 impetum
3247 1804 3459 1859 hostilis
3485 1821 3642 1860 exer-

351 1888 625 1943 ωουει-ίεσρ
654 1888 769 1943 Non
820 1880 915 1954 ηε,
945 1889 1132 1951 [ναίετ’
1163 1906 1271 1944 non
1299 1893 1395 1944 ita,
1432 1891 1537 1945 sed
1566 1892 1822 1946 sicut'iue
1866 1892 1947 1946 di-
1976 1884 2023 1940 Β
2053 1888 2194 1941 citus
2237 1888 2488 1956 intrepidi
2519 1897 2683 1950 stare.
2714 1890 2779 1943 Hi
2819 1899 2946 1944 sunt
2994 1893 3085 1960 qui
3134 1892 3356 1959 talenta,
3385 1897 3641 1952 redeunte

347 1975 487 2031 lexit
522 1985 592 2041 te,
630 1979 705 2032 ita
738 1979 899 2047 dilige
941 1987 995 2034 et
1044 1980 1215 2034 illum.
1262 1980 1363 2047 Qui
1390 1982 1517 2050 plus
1564 1982 1792 2047 laborat,
1825 1982 1946 2051 plus

350 2067 623 2121 mercedis
646 2068 894 2138 accipiet.
925 2068 981 2122 Si
1003 2072 1432 2139 persecutionem
1454 2072 1679 2142 patieris
1727 2082 1947 2143 propter

346 2157 579 2211 verbum
632 2157 749 2221 Dei,
801 2158 930 2227 quid
978 2160 1222 2214 beatius?
1268 2161 1388 2232 Ipso
1433 2152 1660 2217 Domino
1688 2164 1941 2218 dicente:

348 2244 502 2299 Beati
528 2247 617 2316 qui
656 2248 1063 2316 persecutionem
1112 2250 1386 2319 patiuntur
1425 2262 1637 2322 propter
1656 2253 1943 2321 justitiam,

345 2335 605 2403 quoniam
626 2336 862 2405 ipsorum
888 2349 963 2391 est
996 2356 1210 2409 regnum
1234 2340 1481 2395 calorum
1511 2340 1726 2413 (Matth.
1755 2361 1807 2408 v,
1834 2345 1943 2415 10).

347 2423 467 2478 Et:
508 2424 663 2478 Ibant
717 2428 940 2497 apostoli
982 2430 1265 2497 gaudentes
1312 2450 1345 2484 a
1392 2443 1668 2503 conspectu
1716 2436 1943 2500 concilii,

344 2514 601 2583 quoniam
625 2513 769 2585 digni
790 2517 955 2570 habiti
972 2528 1094 2571 sunt
1117 2520 1460 2576 contumelias
1480 2525 1589 2592 pati
1612 2541 1706 2593 pro
1739 2528 1947 2579 nomine

342 2604 479 2657 Jesu
506 2604 643 2675 (Act.
670 2620 725 2669 ν,
746 2605 859 2673 bl).
898 2608 966 2661 Et
992 2627 1003 2660 :
1048 2610 1173 2664 Non
1200 2622 1322 2665 sunt
1362 2615 1637 2684 condigna:
1680 2618 1947 2684 passiones

343 2697 512 2765 hujus
536 2699 783 2767 temporis
820 2700 891 2752 ad
929 2713 1354 2771 superventuram
1382 2706 1628 2776 gloriam,
1654 2726 1774 2779 qua?
1803 2726 1945 2763 reve-

345 2786 550 2861 labitur
598 2792 653 2844 in
678 2791 825 2846 nobis
857 2791 1034 2862 (Rom.
1084 2810 1203 2859 vut,
1245 2796 1353 2867 18).
1388 2797 1445 2851 Si
1475 2800 1806 2868 corripueris
1855 2802 1947 2855 de-

345 2875 688 2946 linquentem
716 2890 772 2935 et
810 2882 877 2937 ad
923 2893 1069 2938 tuam
1110 2886 1533 2957 increpationem
1579 2892 1817 2960 corriget
1864 2909 1943 2959 se,

344 2968 514 3021 etiam
540 2968 694 3041 [Cod.
728 2970 869 3036 Sal.,
898 2974 1047 3046 ecce]
1077 2976 1173 3030 tibi
1211 2987 1295 3031 est
1332 2994 1540 3035 merces
1566 2982 1708 3052 apud
1751 2983 1941 3047 Deum,

340 3065 416 3112 et
452 3058 555 3113 sibi
582 3059 687 3114 erit
710 3061 881 3116 .salus
908 3078 939 3116 a
968 3063 1109 3131 Deo;
1138 3066 1182 3120 si
1220 3074 1366 3121 tuam
1392 3071 1571 3124 oderit
1620 3073 1945 3142 increpatio-

344 3163 476 3203 nem
514 3148 720 3221 [Canis.
748 3162 795 3225 et
823 3152 953 3207 Cod.
988 3152 1129 3220 Sal.,
1160 3157 1205 3210 si
1233 3164 1286 3211 te
1313 3159 1489 3213 oderit
1520 3160 1938 3235 increpantem],

341 3237 426 3292 illi
453 3247 537 3293 est
557 3240 850 3308 damnatio,
868 3252 923 3297 et
945 3245 1041 3299 tibi
1070 3247 1364 3304 beatitudo.

419 3327 552 3384 Esto
581 3330 810 3386 miseris
833 3335 1156 3402 consolator,
1184 3341 1513 3409 pauperibus
1552 3350 1728 3413 pater,
1754 3345 1934 3399 omni-

342 3419 455 3475 bus
468 3418 720 3487 affabilis,
737 3423 907 3479 donec
928 3426 1192 3497 intelligas
1204 3422 1337 3498 quid
1356 3433 1551 3502 cuique
1572 3437 1901 3505 respondeas
1918 3452 1933 3502 ;

341 3518 406 3565 et
438 3525 655 3583 semper
702 3522 791 3568 tua
821 3520 1105 3586 responsio
1142 3521 1254 3575 sale
1287 3523 1359 3576 sit
1389 3527 1666 3594 sapientiae
1693 3530 1929 3584 condita

341 3617 457 3657 non
504 3607 817 3672 temeraria,
853 3609 947 3663 sed
988 3610 1245 3678 honesta;
1275 3629 1382 3669 non
1408 3617 1658 3684 verbosa,
1696 3623 1791 3676 sed
1820 3638 1925 3677 mo-

340 3692 521 3747 desta.
549 3693 671 3749 Sint
709 3698 805 3753 tibi
830 3715 1011 3756 mores
1044 3704 1378 3761 humanitate
1405 3710 1676 3777 prteclari,
1720 3713 1909 3767 humili

341 3791 457 3859 tate
487 3783 801 3852 laudabiles,
830 3791 1031 3859 pietate
1057 3796 1344 3864 amabiles;
1372 3805 1432 3852 ut
1460 3813 1567 3854 non
1596 3802 1771 3856 solum
1815 3818 1910 3858 ver

338 3874 451 3939 bis,
479 3875 573 3930 sed
602 3878 862 3947 exemplis
882 3883 1315 3951 erudiastecum
1336 3889 1599 3956 viventes,
1640 3891 1723 3945 vel
1769 3893 1837 3947 ad
1878 3902 1936 3950 te

337 3965 642 4021 venientes.
702 3966 785 4022 Sit
845 3977 933 4023 tua
994 3987 1186 4029 manus
1237 3977 1383 4049 larga
1442 3980 1495 4033 in
1551 3982 1931 4053 eleemosynis,

336 4066 590 4128 prompta
619 4059 674 4113 in
712 4060 1005 4127 reddendo,
1034 4073 1089 4119 et
1122 4076 1279 4121 cauta
1314 4071 1369 4123 in
1404 4073 1736 4140 accipiendo.
1782 4076 1930 4130 Prat-

335 4162 475 4215 para
508 4150 603 4204 tibi
653 4151 964 4207 thesaurum
1015 4155 1070 4209 in
1109 4158 1260 4212 ca-lis
1286 4157 1423 4229 (Act.
1456 4178 1548 4227 xx,
1574 4163 1686 4235 5.5).
1721 4165 1930 4220 Divitis:

334 4240 443 4294 viri
501 4241 799 4314 redemptio
828 4242 961 4317 (AL,
1019 4247 1367 4324 depnedatio]
1399 4262 1481 4308 est
1518 4256 1711 4311 animte
1764 4258 1924 4323 illius,

332 4329 467 4396 quia
493 4330 693 4416 beatius
716 4343 792 4389 est
817 4337 986 4408 magis
1028 4338 1157 4393 dare
1179 4357 1337 4410 quam
1365 4345 1599 4415 accipere
1642 4347 1792 4417 (Luc.
1826 4365 1923 4413 xu,

330 4418 451 4489 33).
476 4419 783 4479 Invenimus
804 4442 968 4481 unam
1000 4432 1348 4501 margaritam
1386 4437 1707 4506 pretiosam;
1737 4441 1926 4499 demus

329 4509 538 4573 omnia,
575 4524 696 4579 qua:
731 4513 1011 4581 habemus,
1038 4528 1092 4573 et
1112 4537 1358 4579 emamus
1382 4526 1527 4581 illam
1554 4529 1777 4601 (Matth.
1803 4549 1920 4599 xm,

327 4597 445 4669 ιθ).
484 4598 671 4657 Leotio
708 4612 908 4660 sanctze
936 4605 1232 4678 Scriptura
1259 4617 1455 4684 sapius
1484 4597 1592 4675 tuis
1619 4597 1923 4691 reperiatur

329 4689 389 4743 in
427 4691 699 4756 manibus,
725 4703 787 4749 ut
817 4711 885 4752 ex
916 4697 1007 4753 illa
1050 4708 1102 4755 tc
1128 4711 1373 4759 saturare
1416 4716 1472 4762 et
1517 4709 1651 4766 alios
1681 4689 1921 4782 pascere

326 4780 533 4836 valeas.
567 4782 774 4853 Vigilia:
792 4796 848 4841 et
873 4792 1152 4871 orationes
1178 4796 1407 4852 assidua:
1431 4799 1539 4853 sint
1572 4780 1783 4858 tibifeo
1806 4821 1918 4859 ma-

325 4873 417 4944 gis
434 4888 543 4943 quo
557 4888 656 4944 pro
674 4883 787 4941 toto
816 4882 1016 4950 populo
1039 4875 1349 4952 Christiano
1379 4890 1711 4950 intercedere
1732 4895 1915 4952 debes.

326 4968 509 5025 Locus
530 4978 655 5026 tuus
689 4981 771 5027 est
796 4972 937 5029 inter
968 4968 1138 5032 Deitm
1178 4990 1323 5039 stare
1349 4993 1406 5041 et
1429 4986 1696 5054 homines,
1736 4999 1797 5045 ut
1824 4991 1916 5047 Dei

325 5059 627 5132 legationes
653 5061 865 5119 deferas
890 5064 958 5119 ad
990 5069 1267 5138 populum,
1295 5082 1352 5128 et
1378 5090 1475 5145 pro
1504 5079 1685 5148 populi
1717 5096 1909 5151 pecca-

328 5154 398 5208 tis
433 5156 740 5212 intercedas
763 5159 831 5213 ad
855 5159 1041 5215 Deum.
1067 5160 1175 5216 Far
1204 5172 1276 5229 te,
1310 5167 1428 5237 ejus
1455 5171 1691 5229 donante
1724 5174 1916 5243 gratia,

328 5243 555 5315 dignum
606 5248 676 5303 ab
708 5264 775 5304 eo
821 5252 1084 5327 exaudiri.
1125 5250 1294 5327 [Haec]
1326 5258 1561 5329 dignitas
1601 5273 1683 5318 est
1710 5264 1920 5321 invitm

328 5337 584 5395 castitate
635 5348 689 5394 et
711 5344 1036 5411 praedicandi
1076 5345 1291 5411 ﬁducia,
1334 5338 1443 5418 ipsa
1474 5362 1766 5412 attestante
1815 5358 1918 5415 Ve-

401 5494 1277 5583 :..£“9.a"i-..l:ese.6i.'.dam-de
1326 5506 1536 5583 ςκείςιίο
1587 5511 1911 5583 Britanniae;

324 5577 380 5622 et
394 5566 978 5647 wttggtm,_natxqqsb.
1005 5574 1099 5647 ut.
1121 5590 1137 5628 ι
1165 5574 1295 5646 Reg.
1322 5576 1502 5647 Angl.,
1519 5596 1566 5634 c.
1588 5566 1912 5642 1-4ΪὸΙὰᾗῖ

399 5640 427 5678 b
473 5636 808 5715 flagellum.
826 5632 1222 5715 ‘Vastationem
1243 5632 1273 5646 ν
1293 5632 1563 5703 Daharum
1593 5632 1915 5715 hminis

323 5706 563 5790 ereptum
592 5706 690 5765 abs
713 5709 878 5790 d_nb_io
908 5710 1105 5790 innuit,
1134 5716 1202 5790 de
1230 5732 1334 5790 qua
1369 5718 1474 5773 vid.
1506 5721 1664 5790 epist.
1691 5706 1759 5778 ad
1784 5706 1938 5783 Lib:-

324 5777 708 5835 disl’arnenses.
736 5780 862 5836 Inde
885 5777 1474 5860 corrigentlus'Pagius.
1524 5777 1613 5860 qui
1640 5777 1911 5866 hanc—api-

2048 1976 2196 2047 Rege
2235 1985 2423 2031 nostro
2466 1977 2576 2030 Deo
2620 1976 2835 2032 Christo
2864 1993 2987 2033 cum
3038 1982 3312 2051 triumpho
3336 1984 3521 2054 gloria:
3571 1989 3640 2041 ad

2048 2076 2331 2135 paternam
2374 2070 2577 2134 sedem,
2630 2081 2983 2139 acceperunt;
3026 2080 3080 2127 et
3108 2062 3406 2130 revénienti
3450 2080 3640 2133 eodem

2048 2144 2244 2224 magno
2271 2155 2447 2210 Judici
2492 2158 2544 2210 in
2585 2158 2672 2213 die
2693 2159 2879 2214 ultima
2909 2158 3065 2231 [ϐοά.
3097 2161 3236 2228 Sal.,
3265 2165 3489 2237 ultimm]
3535 2168 3641 2222 dis-

2048 2247 2308 2301 cretionis
2338 2249 2602 2303 rationem
2651 2251 2911 2305 reddituri
2939 2263 3085 2318 sunt,
3117 2264 3379 2323 quantum
3406 2259 3635 2329 quisque

2047 2357 2115 2396 ex
2144 2342 2544 2411 praedicationis
2576 2342 2761 2398 labore
2785 2343 3025 2400 lucratus
3054 2356 3198 2401 esset
3227 2348 3279 2401 in
3319 2348 3494 2404 cilicio
3543 2367 3642 2406 suo

2052 2430 2267 2500 (Matth.
2293 2432 2440 2501 xxv).
2465 2430 2803 2501 Quapropter
2831 2434 3082 2504 teipsum,
3107 2438 3425 2493 eharissime
3450 2438 3637 2503 frater,
3734 2454 3737 2457 ‘

2050 2521 2301 2575 idoneum
2348 2537 2591 2591 prtepara
2647 2524 2967 2577 ministrum
3007 2529 3275 2582 sermonis
3321 2530 3437 2583 Dei.
3490 2532 3641 2586 Alios

2049 2626 2263 2680 quoque
2300 2612 2716 2667 consacerdotes
2764 2621 2889 2667 tuos
2935 2614 3166 2669 admone
3206 2615 3638 2686 diligentissime,

2048 2702 2103 2755 in
2141 2703 2307 2756 verbo
2348 2702 2471 2756 vitze
2515 2718 2640 2766 cum
2670 2704 2817 2757 omni
2850 2704 3109 2759 instantia
3143 2705 3420 2772 laborare;
3451 2718 3642 2776 quate—

2047 2810 2150 2848 nus
2173 2792 2339 2865 [cum]
2370 2795 2652 2863 multiplici
2680 2796 3060 2867 negotiationis
3085 2799 3237 2853 lucro
3259 2809 3383 2856 ante
3411 2817 3638 2872 conspe-

2048 2894 2195 2939 ctum
2221 2886 2410 2940 aeterni
2432 2886 2639 2941 iudicis
2653 2888 2871 2958 gloriosi
2897 2900 3211 2958 appareant.
3236 2892 3420 2946 Estote
3443 2894 3639 2948 unani-

2047 2994 2163 3032 mes
2193 2979 2244 3032 in
2264 2979 2411 3032 omni
2439 2980 2666 3033 consilio
2689 2981 2927 3049 pietatis,
2959 2990 3012 3036 et
3056 2992 3368 3037 constantes
3404 2983 3456 3037 in
3490 2998 3639 3038 0mm

2040 3067 2245 3136 judicio
2297 3070 2586 3140 tequitatis.
2620 3069 2809 3124 Nullus
2864 3070 3019 3143 (Cod.
3084 3072 3224 3137 Sal.,
3287 3074 3504 3148 nullius]
3543 3091 3639 3131 vos

2047 3159 2301 3214 humana:
2342 3161 2622 3231 dignitatis
2649 3169 2827 3217 terror
2865 3171 3102 3232 separet,
3139 3164 3283 3219 nulla
3314 3165 3639 3235 adulationis

1964 3231 2013 3294 ο
2044 3249 2415 3305 blandimenta
2442 3252 2719 3319 dividant;
2749 3254 2842 3308 sed
2862 3231 3018 3323 quasi
3046 3255 3193 3311 acies
3212 3234 3523 3312 castrorum,
3543 3259 3637 3313 Dct

2042 3339 2352 3394 ﬁrmissima
2392 3342 2601 3395 unitate
2622 3358 2717 3397 vos
2741 3343 3069 3414 conjungite.
3101 3343 3191 3399 Sic
3239 3348 3453 3402 tandem
3502 3364 3637 3402 con—

2038 3431 2223 3485 cordia
2245 3440 2424 3486 vestra
2444 3432 2705 3488 terribilis
2724 3442 2952 3503 apparet
2971 3436 3138 3495 omni,
3166 3437 3257 3505 qui
3281 3437 3394 3490 vult
3415 3440 3629 3493 veritati

2041 3522 2433 3587 contradicere,
2467 3522 2756 3579 Salomone
2783 3525 2997 3580 dicente
3029 3544 3042 3578 :
3074 3524 3269 3580 Frater
3294 3528 3340 3581 si
3384 3544 3417 3581 a
3473 3528 3665 3598 [ratre/

2040 3610 2344 3680 adjuvatur,
2377 3614 2558 3667 civitas
2584 3615 2741 3683 ﬁrma
2770 3625 2844 3669 est
2881 3615 3063 3687 (Prov.
3093 3633 3247 3682 xvm,
3276 3619 3384 3690 19).

2113 3732 2215 3802 15
2247 3732 2357 3788 Vos
2382 3734 2534 3797 estis,
2567 3735 2782 3789 dicente
2810 3735 3074 3799 Veritate,
3107 3736 3198 3789 lux
3222 3737 3389 3791 totius
3414 3716 3633 3792 Britan-
3692 3766 3695 3773 λ

2037 3828 2140 3883 nire
2185 3827 2337 3898 (Cod.
2366 3827 2509 3894 Sal.,
2540 3830 2685 3884 illius
2713 3829 3006 3898 provincia:
3036 3828 3258 3899 nostrae)
3285 3872 3298 3894 ,
3328 3829 3407 3883 sal
3438 3838 3625 3896 terra),

2037 3920 2231 3975 civitas
2262 3936 2426 3992 super
2464 3929 2702 3976 montem
2738 3920 2933 3990 posita,
2960 3920 3179 3975 lucerna
3223 3935 3386 3990 super
3429 3922 3630 3976 cande-

2036 4006 2250 4061 labrum
2284 4007 2494 4061 elevata
2544 4006 2759 4079 (Matth.
2791 4024 2865 4073 v,
2894 4007 2981 4072 15,
3013 4007 3098 4071 ii,
3134 4006 3247 4076 15).
3298 4006 3431 4062 Item
3471 4007 3630 4063 beato

2033 4096 2277 4165 principe
2332 4097 2702 4167 apostolorum
2753 4107 3088 4154 attestante:
3144 4100 3252 4155 Vos
3289 4100 3423 4154 estis
3466 4116 3628 4169 genus

2030 4185 2273 4250 electum,
2306 4184 2480 4255 regale
2520 4188 2894 4241 sacerdotium.
2950 4188 3055 4242 Per
3089 4198 3287 4243 vestra:
3333 4204 3462 4243 vero
3491 4204 3631 4257 prae-

2030 4275 2319 4331 dicationis
2332 4276 2644 4331 instantiam
2662 4293 2761 4333 nos
2776 4279 2996 4339 erimus,
3015 4280 3157 4348 quod
3180 4280 3233 4333 in
3248 4280 3436 4335 eadem
3452 4282 3631 4351 sequi-

2030 4374 2121 4421 tur
2134 4366 2375 4437 Epistola
2402 4383 2416 4421 :
2440 4366 2576 4423 Gens
2606 4380 2807 4433 sancta,
2829 4370 3053 4440 populus
3076 4371 3437 4441 acquisitionis
3458 4390 3475 4426 .·
3499 4387 3629 4442 qua-

2031 4465 2189 4512 tenus
2211 4470 2309 4527 per
2334 4474 2431 4514 vos
2456 4460 2635 4514 virtus
2664 4462 3209 4527 annuntieturillius,
3253 4464 3343 4532 qui
3396 4479 3628 4519 nos'om-

2031 4563 2117 4601 nes
2140 4547 2204 4600 de
2229 4548 2453 4602 tenebris
2477 4551 2675 4603 vocarit
2694 4550 2751 4602 in
2778 4550 3091 4605 admirabile
3123 4552 3297 4607 lumen
3322 4570 3496 4606 suum.
3525 4552 3627 4617 Qui

2026 4635 2451 4706 aliquando'non
2472 4637 2699 4707 populus
2742 4638 2855 4702 Dei,
2904 4657 3043 4694 nunc
3077 4651 3253 4695 autem
3279 4641 3503 4712 populus
3532 4642 3625 4697 Dei

2028 4725 2081 4797 (I
2113 4725 2260 4780 Petr.
2294 4743 2355 4791 ιι,
2387 4728 2442 4793 9,
2472 4727 2584 4799 10).

2097 4816 2285 4872 Patres
2308 4817 2491 4889 itaque
2514 4822 2705 4885 nostri,
2729 4823 2837 4878 Deo
2858 4824 3226 4895 dispensante,
3254 4826 3381 4881 licet
3408 4840 3430 4865 ι
3459 4844 3621 4897 paga—

2026 4896 2103 4973 ni,
2154 4909 2295 4966 hanc
2327 4911 2561 4981 patriam
2597 4914 2791 4969 bellica
2824 4916 3024 4971 virtute
3072 4918 3308 4985 primum
3362 4896 3619 4988 posscde-

2026 5008 2172 5054 runt.
2224 5001 2395 5068 Quam
2449 5005 2653 5074 grande
2700 5006 2869 5075 igitur
2900 5007 3248 5075 cpprobrium
3299 5014 3381 5061 est
3432 5017 3490 5061 ut
3522 5024 3621 5063 nos

2026 5087 2322 5146 Christiani
2353 5094 2639 5161 perdamus
2670 5095 2812 5163 quod
2841 5095 2916 5148 illi
2960 5097 3619 5176 pagani‘acquisiverunt?

2026 5179 2141 5235 Hoc
2170 5182 2293 5237 dico
2314 5191 2535 5252 propter
2554 5184 2582 5224 ι)
2604 5183 2871 5256 ﬂagellum
2896 5191 3039 5258 quod
3068 5205 3241 5259 nuper
3270 5189 3468 5246 accidit
3492 5206 3622 5260 par~

2024 5269 2169 5324 tibus
2190 5271 2377 5327 insulte‘
2401 5280 2622 5338 nostra),
2649 5288 2769 5343 quze
2796 5287 2817 5314 ε
2849 5294 3016 5347 prope
3047 5280 3305 5334 trecentis
3351 5281 3622 5352 quinqua-

2014 5360 2169 5428 ginta
2201 5359 2336 5433 [Al.,
2388 5363 2783 5439 quadraginta]
2814 5368 2973 5421 annis
2999 5382 3030 5421 a
3056 5368 3376 5437 parentibus
3405 5370 3619 5425 inhabi-

2025 5518 2219 5591 stolam
2246 5520 2464 5576 biennio
2486 5522 2640 5591 prius
2666 5534 2932 5581 recenset.

2098 5599 2120 5628 ε
2178 5590 2355 5665 Prope
2396 5590 2636 5665 trecentis
2692 5596 3071 5665 quinquaginta
3109 5596 3299 5665 annis:
3336 5596 3419 5650 Ab
3471 5612 3615 5651 anno

2022 5672 2217 5736 nempe
2255 5659 2396 5724 449,
2426 5676 2534 5736 quo
2580 5659 2738 5736 Angli
2790 5659 2846 5719 et
2892 5659 3141 5736 S'ajones
3194 5665 3247 5736 in
3274 5664 3612 5722 Britanniam

2022 5731 2401 5805 adventarent.
2458 5731 2695 5805 Pistrsf
2718 5735 2755 5805 Ι.
2784 5752 2830 5787 c.
2860 5763 2931 5774 ——
2955 5732 3148 5805 Pmpe,
3200 5734 3296 5799 ait,
3330 5752 3436 5791 non
3468 5737 3611 5792 inte-

1976 5793 1983 5805 '
2020 5814 2136 5869 gre,
2177 5800 2417 5871 quinque
2441 5801 2584 5854 enim
2611 5793 2735 5857 anui
2760 5805 2826 5858 ab
2849 5819 2913 5859 eo
2938 5793 3165 5860 numero
3190 5793 3472 5863 delicium.
