4232 6446
642 411 740 468 ι55

1513 415 1573 468 B.
1616 414 1677 468 ιη’.
1720 410 1948 467 ALBlNl
1990 411 2121 466 seu
2161 386 2441 465 ALCUtN’t
2478 408 2764 465 eranum
2801 406 2982 464 rans
3018 408 3058 462 ι.

3833 409 3935 465 156

642 534 750 579 tata
798 532 882 577 est
908 522 1128 576 nostris.
1162 521 1385 590 Legitur
1408 521 1463 575 in
1501 521 1642 576 libro
1675 534 1700 562 ιι
1728 520 1872 576 Gildi
1911 517 2232 573 Brettonum
2261 519 2309 578 Α
2339 516 2451 572 Deo
2493 517 2714 573 Christo
2746 525 2987 587 pastore,
3012 528 3068 570 et
3116 516 3212 571 ﬁat
3239 517 3354 572 haec
3381 519 3559 589 patria
3600 521 3671 576 ab
3695 519 3791 575 illo
3813 518 3923 589 [ΑΙ.

642 616 657 687 Ῐ
667 616 797 671 Cod.
826 613 942 669 Sal.
966 612 1311 686 Brectonnm]
1338 612 1748 683 sapientissimi,
1769 611 1914 682 quod
1942 611 2104 667 iidem
2130 608 2234 678 ipsi

643 707 923 761 Brettones
935 702 1090 775 [Cod.
1110 701 1551 775 Sal.Brectones]
1565 711 1788 773 propter
1806 702 2025 771 rapinas
2039 708 2095 755 et
2108 714 2235 753 ava-

642 797 822 851 ritiam
852 795 1184 866 principum,
1212 804 1433 865 propter
1458 796 1801 866 iniquitatem
1829 802 1885 848 et
1911 792 2235 859 iniustitiam

634 885 899 955 fudicum,
926 894 1152 956 propter
1171 886 1432 940 desidiam
1456 893 1511 940 et
1535 885 1814 955 pigritiam
1832 882 2235 953 praedicationis

641 979 1017 1045 episcoporum
1043 1018 1058 1040 ,
1092 985 1313 1046 propter
1340 977 1607 1031 luxuriam
1645 985 1700 1031 et
1734 976 1907 1030 malos
1940 989 2121 1029 mores
2141 988 2236 1042 po-

641 1068 771 1139 puli,
820 1068 1056 1136 patriam
1102 1067 1475 1135 perdiderunt.
1524 1066 1832 1121 Caveamus
1877 1067 1995 1121 hmc
2041 1065 2232 1120 eadem

643 1160 843 1215 uosuis
884 1159 1217 1228 temporibus
1244 1160 1373 1212 vitia
1404 1156 1702 1214 inolescere
1729 1200 1743 1223 ,
1776 1168 2045 1229 quatenus
2069 1158 2236 1213 bene-

641 1252 809 1309 dictio
839 1250 1019 1307 divina
1044 1250 1201 1304 nobis
1222 1251 1453 1318 patriam
1483 1258 1771 1305 conservet
1792 1251 1844 1304 iu
1873 1249 2236 1320 prosperitate

641 1347 783 1402 bona
811 1386 826 1409 ,
865 1359 1029 1413 quam
1082 1343 1323 1397 nobisin
1373 1359 1469 1397 sua
1514 1344 1887 1415 misericordia
1933 1344 2237 1411 perdonare

643 1438 860 1507 dignata
888 1443 990 1489 est.
1028 1432 1100 1488 Ut
1130 1434 1233 1488 hoc
1265 1435 1438 1503 ipsum
1487 1434 1871 1502 omnipotentis
1915 1433 2012 1488 Dei
2044 1433 2236 1504 largis-

644 1530 781 1582 sima
810 1526 1005 1581 elliciat
1048 1525 1239 1593 pietas,
1277 1540 1371 1578 vos
1409 1526 1501 1591 qui
1533 1524 1737 1578 clavem
1792 1526 1942 1596 regni
1994 1526 2237 1581 etnlestis

643 1634 767 1672 cum
798 1615 1077 1686 apostolis,
1138 1614 1337 1683 ligandi
1375 1614 1725 1686 solvendique
1754 1624 2084 1686 potestatem
2146 1631 2238 1673 ac-

642 1709 864 1780 cepistis
886 1724 915 1762 a
935 1707 1152 1762 Christo
1180 1747 1193 1769 ,
1224 1707 1432 1775 aperite
1473 1707 1706 1763 assiduis
1754 1708 2240 1778 prmdicationibus

643 1809 827 1871 portas
853 1798 977 1854 ωιΙί
1025 1797 1223 1867 populo
1253 1797 1346 1852 Dei
1384 1815 1396 1862 ;
1425 1805 1479 1851 et
1506 1799 1671 1853 nolite
1698 1806 1881 1853 tacere
1907 1840 1921 1862 ,
1958 1816 2025 1853 ne
2052 1800 2235 1869 populi

2335 622 2365 660 a
2412 606 2579 683 bello]
2611 607 2771 663 nobis
2809 608 3121 678 nostrisque
3167 607 3456 678 nepotibus
3504 618 3832 666 conservata
3876 615 3932 668 in

2333 695 2712 753 benedictione
2732 699 3060 767 sempiterna
3086 714 3101 764 ;
3134 706 3281 753 ut‘ex
3309 699 3414 755 hac
3439 708 3753 757 mereamur
3778 702 3847 758 ad
3871 702 3935 757 il-

2335 786 2443 845 lam
2471 788 2757 855 pervenire
2782 803 2905 858 quae
2940 786 3103 842 tinem
3136 802 3243 843 non
3266 787 3432 843 habet
3462 797 3518 844 et
3547 797 3634 846 est
3667 800 3932 862 perpetua

2334 889 2468 945 pace
2490 877 2822 931 beatissima.

2408 964 2480 1020 Ut
2497 965 2565 1019 ad
2588 967 2727 1020 hanc
2748 967 3040 1035 pervenire
3074 981 3383 1023 mereamur
3406 1009 3422 1034 ,
3445 983 3546 1025 vos
3571 972 3770 1041 saepius
3804 987 3933 1028 cum

2337 1053 2520 1124 Moyse
2568 1070 2728 1110 servo
2778 1055 2875 1110 Dei
2920 1056 3115 1112 devoto
3151 1066 3372 1128 pectore
3421 1059 3624 1115 dicite:
3690 1059 3933 1133 Respice,

2336 1145 2581 1212 Domine,
2620 1148 2682 1202 de
2739 1151 3043 1202 sanctuario
3090 1159 3202 1215 tuo,
3233 1161 3283 1204 et
3337 1144 3404 1206 de
3443 1152 3645 1208 excelso
3684 1155 3938 1211 etclam

2336 1220 2660 1302 habitacula,
2712 1249 2759 1292 et
2805 1240 3019 1316 benedic
3056 1240 3249 1311 popqu
3302 1252 3393 1296 tuo
3422 1242 3640 1316 (Israel)
3689 1256 3739 1300 et
3779 1257 3938 1303 terra

2282 1347 2290 1353 ε
2336 1345 2494 1399 quam
2521 1329 2727 1383 dedisti
2765 1331 2914 1384 nobis
2935 1326 3112 1401 (Deut.
3138 1348 3285 1397 xxvi,
3320 1326 3429 1404 15).
3483 1334 3618 1390 Item
3641 1351 3765 1391 cum
3806 1353 3942 1408 pm-

2337 1420 2500 1489 pheta
2537 1419 2631 1473 Dei
2680 1418 2797 1474 Joel
2833 1436 2955 1475 eum
2993 1421 3248 1493 laerymis
3290 1423 3520 1480 clamate
3552 1443 3566 1479 :
3598 1425 3793 1493 Parce,
3822 1427 3939 1483 Do—

2339 1511 2494 1573 mine,
2519 1527 2677 1581 parce
2719 1510 2912 1580 populo
2939 1520 3047 1575 tuo,
3080 1521 3129 1566 et
3160 1528 3224 1566 ne
3263 1513 3356 1568 des
3383 1514 3747 1570 hereditatem
3790 1527 3943 1572 tuam

2339 1602 2397 1654 in
2422 1596 2754 1671 opprobrium
2778 1600 3018 1672 gentibus
3034 1600 3196 1674 (Joel.
3219 1618 3283 1667 tt,
3301 1603 3410 1675 l7).
3454 1602 3713 1673 Apostolo
3731 1603 3945 1661 Jacobo

2340 1692 2728 1762 przecipiente:
2777 1689 2941 1745 Orate
2987 1692 3224 1757 invicem,
3257 1703 3313 1747 ut
3360 1692 3633 1749 salvemini
3658 1711 3678 1750 :
3714 1695 3945 1750 multum

2341 1784 2481 1837 enim
2510 1781 2641 1837 valet
2697 1785 2866 1849 oratio
2905 1785 3041 1853 justi
3092 1785 3309 1839 assidua
3336 1784 3545 1857 (Iacob.
3574 1803 3625 1851 ν,
3660 1788 3774 1858 16).
3804 1788 3943 1844 Item

643 1862 866 1965 ίκερρηιε
923 1862 1076 1945 vobis
1098 1862 1476 1958 ἐπιριιιεηιυν,
1531 1890 1780 1960 acquirit
1827 1892 1971 1946 enim
2021 1862 2236 1948 α’νδδίε
2270 1862 2314 1922 Β
2343 1873 2537 1928 Petrus
2555 1874 2833 1945 apostolus
2864 1893 2876 1928 :
2908 1874 3111 1931 Omnes
3131 1877 3416 1932 unanimes
3440 1877 3495 1932 in
3519 1879 3769 1933 oratione
3795 1888 3946 1935 esto-

642 1986 855 2040 animas
904 1970 1087 2048 Deus,
1146 1996 1283 2052 quas
1335 1982 1402 2037 ad
1436 1983 1730 2053 regendum
1781 1984 2090 2053 accepistis.
2156 1984 2238 2038 Ex

643 2076 1012 2145 subiectorum
1057 2074 1233 2128 salute
1260 2083 1441 2127 vestra
1490 2074 1890 2143 multiplicatur
1914 2089 2239 2130 remunera-

646 2168 743 2224 tio.

714 2258 1094 2315 Pusillanimes
1140 2256 1493 2312 consulamini
1527 2256 1579 2326 (1
1608 2256 1759 2311 Thes.
1781 2273 1832 2321 v,
1860 2257 1967 2327 ll),
2003 2257 2240 2313 humiles

644 2350 917 2410 roborate,
968 2357 1219 2402 errantes
1250 2348 1471 2401 inviam
1501 2348 1750 2401 veritatis
1799 2347 2061 2412 reducite,
2088 2348 2242 2418 igno-

644 2449 828 2495 rantes
858 2438 1129 2499 instruite,
1165 2438 1401 2491 scientes
1449 2437 1838 2501 cxhortamini,
1871 2446 1927 2491 et
1960 2436 2121 2492 bonis
2147 2454 2243 2493 ex-

643 2531 838 2600 emplis
869 2530 993 2584 vita:
1037 2536 1233 2584 veStraz
1268 2544 1460 2583 omnes
1483 2529 1804 2584 conﬁrmato
1830 2571 1843 2595 ,
1893 2538 2244 2587 contumaces
2284 2589 2290 2595 ,

641 2632 697 2677 et
726 2621 939 2676 veritati
973 2620 1274 2675 renitentes
1304 2620 1450 2690 virga
1473 2620 1738 2691 castigate
1767 2621 2057 2692 pastorali,
2082 2631 2244 2677 caete-

642 2729 735 2769 ros
766 2712 958 2767 baculo
995 2711 1383 2766 consolationis
1421 2719 1743 2766 sustentate.
1775 2712 1841 2765 Et
1884 2713 1930 2767 si
1956 2713 2243 2767 unanimes

639 2805 844 2868 eritis,
880 2803 1002 2873 quis
1033 2803 1187 2858 vobis
1234 2803 1490 2857 resistere
1532 2802 1788 2871 poterit?
1829 2802 1926 2858 Vel
1952 2804 2077 2872 quis
2116 2820 2242 2859 cum

641 2895 757 2953 Deo
781 2911 971 2966 pacem
1006 2895 1249 2953 habebit.
1281 2896 1325 2950 si
1359 2897 1835 2970 prazdicationibus
1861 2896 2069 2970 [Forte,
2105 2914 2246 2968 pra:-

642 2985 1001 3059 dicatoribus]
1045 3003 1159 3041 sua:
1184 2987 1375 3042 salutis
1424 2968 1532 3042 non
1566 2968 1999 3057 obtemperarit;
2032 2989 2246 3043 dicente

644 3081 762 3150 ipsa
786 3080 1027 3134 Veritatc
1052 3079 1118 3133 ad
1146 3079 1537 3148 przedicatores
1562 3081 1714 3135 verbi
1742 3079 1839 3134 Dei
1869 3098 1881 3132 :
1913 3078 2017 3144 Qui
2041 3096 2126 3134 vos
2148 3097 2246 3133 au-

645 3172 746 3229 dit.
772 3187 855 3223 me
884 3170 1054 3230 audit,
1098 3180 1147 3221 et
1175 3170 1264 3239 qui
1294 3186 1384 3223 eos
1410 3172 1628 3240 spernit,
1659 3188 1741 3224 me
1770 3172 1964 3242 spernit
1999 3169 2151 3241 (Luc.
2186 3187 2242 3236 x,
2269 3210 2319 3272 Ο

648 3265 763 3335 l6).
802 3263 931 3317 item
960 3261 1028 3316 ad
1056 3260 1440 3317 confortandos
1469 3278 1563 3318 eos
1592 3305 1606 3329 ,
1636 3264 1849 3333 illisque
1880 3262 2132 3319 ﬁduciam
2162 3264 2241 3318 in-

647 3355 941 3426 gerendam
966 3354 1219 3423 loquendi
1238 3357 1508 3409 sermonis
1538 3356 1649 3420 Dei,
1679 3358 1869 3412 eadem
1887 3357 2104 3413 Veritas
2124 3358 2202 3411 ait
2227 3371 2241 3410 :

649 3448 1011 3519 Quodcunque
1065 3447 1349 3518 lignreritis
1391 3466 1550 3518 super
1584 3461 1780 3503 terram
1814 3490 1827 3515 ,
1879 3451 1975 3502 erit
2027 3449 2247 3519 ligatum

614 3548 695 3607 ‘et
721 3538 989 3602 incoe'is;
1040 3548 1087 3591 et
1131 3539 1478 3609 quodcunque
1525 3540 1780 3605 solveritis
1827 3556 1983 3609 super
2029 3549 2246 3601 terram,

649 3628 752 3685 erit
774 3629 1003 3683 solutum
1033 3638 1082 3681 et
1113 3629 1166 3683 in
1192 3630 1333 3683 uelis
1366 3630 1582 3701 (Matth.
1610 3648 1722 3697 xvi,
1756 3633 1843 3698 19,
1874 3644 1924 3686 et
1947 3649 2104 3695 xvttt,
2135 3634 2247 3705 18).

653 3722 837 3778 Divisa
865 3730 947 3775 est
981 3729 1224 3790 potesras
1269 3721 1546 3776 saecularis
1570 3732 1624 3778 et
1652 3732 1891 3793 potestas
1940 3714 2199 3793 spiritalis
2232 3738 2247 3777 :

650 3813 740 3868 illa
778 3821 959 3883 portat
993 3811 1232 3882 gladium
1283 3813 1476 3867 mortis
1524 3814 1578 3867 in
1632 3829 1840 3879 manu;
1875 3814 1990 3869 lucc
2014 3814 2251 3875 .elavem

646 3905 773 3959 vitae
812 3905 867 3957 in
899 3904 1097 3973 lingua.
1147 3902 1242 3956 llis
1279 3903 1521 3956 dicitur:
1565 3902 1649 3956 Ne
1694 3904 1975 3957 timueritis
2023 3920 2130 3957 eos.
2176 3903 2253 3956 De

651 3995 762 4050 illis
814 3993 1055 4046 dicitur:
1089 3990 1228 4055 Quia
1259 4008 1449 4060 corpus
1482 3991 1747 4056 occidunt,
1796 3992 2030 4046 animant
2079 4002 2254 4047 autem

650 4083 887 4140 occidere
914 4099 1019 4136 non
1047 4092 1264 4152 possunt
1297 4080 1514 4151 (Matth.
1548 4097 1604 4146 χ,
1640 4081 1855 4151 26-23).
1887 4081 1963 4136 De
1991 4082 2254 4153 spiritali-

648 4177 753 4233 bus
778 4190 992 4245 quoque
1020 4174 1222 4229 dicitur
1256 4192 1269 4227 ε
1297 4172 1398 4227 Ubi
1423 4184 1545 4230 sunt
1577 4174 1684 4230 duo
1714 4173 1790 4228 re!
1817 4184 1920 4228 tres
1953 4177 2255 4246 congregati

649 4272 706 4325 in
742 4271 949 4325 nomine
1000 4286 1136 4333 meo,
1176 4269 1247 4322 ibi
1302 4285 1420 4322 sum
1474 4270 1529 4322 in
1580 4269 1753 4322 medio
1810 4286 1992 4322 eorum
2037 4269 2252 4339 (.llattlt.

652 4358 787 4413 x'vut
816 4399 830 4422 ,
881 4357 997 4428 ‘20).
1051 4358 1110 4411 Si
1156 4358 1296 4412 Deus
1322 4374 1417 4428 pro
1464 4359 1613 4411 nobis
1648 4400 1663 4422 ,
1692 4361 1771 4412 ait
1795 4361 2110 4428 Apostolus,
2140 4362 2257 4430 quis

654 4462 839 4508 contra
863 4467 956 4504 nos
980 4449 1158 4520 (Rom.
1188 4451 1415 4519 vm,5l)
1438 4451 1461 4501 ?
1487 4450 1544 4503 Si
1570 4449 1823 4504 Christus
1849 4450 1903 4503 in
1931 4451 2111 4505 medio
2135 4465 2260 4505 suo-

652 4559 797 4606 rum,
830 4544 954 4612 quis
986 4541 1089 4594 illis
1118 4555 1312 4595 nocere
1339 4541 1579 4609 poterit?
1606 4540 1815 4597 Idcirco
1840 4557 1933 4596 vos
1965 4582 1980 4607 ,
2007 4541 2260 4597 saecrdo—
2292 4562 2338 4622 ο

656 4645 763 4702 tes,
794 4636 1047 4691 ﬁduciam
1073 4636 1276 4690 habere
1299 4635 1507 4689 debetis
1536 4636 1889 4705 praedicandi,
1913 4636 2096 4691 caueri
2127 4650 2258 4690 vero

657 4730 1020 4795 humilitatem
1059 4727 1334 4792 audiendi,
1364 4737 1419 4781 et
1444 4729 1810 4783 obedientiam
1856 4727 2110 4791 faciendi,
2138 4744 2259 4797 qua!

655 4820 876 4889 iubetis.
908 4817 1009 4881 illi,
1045 4818 1097 4871 id
1131 4826 1217 4871 est
1240 4817 1561 4881 Steculares,
1590 4818 1701 4870 sint
1727 4816 2042 4873 defensores
2067 4819 2256 4882 vestri,

661 4927 757 4967 vos
788 4911 1177 4965 intercessores
1228 4908 1464 4972 illoru'u,
1499 4917 1558 4962 ut
1592 4908 1663 4962 sit
1693 4924 1834 4973 unus
1864 4923 1993 4979 grex
2027 4910 2127 4963 sub
2154 4925 2260 4965 uno

736 5038 760 5065 ι
796 5022 867 5083 In
889 5022 1023 5076 libro
1051 5019 1214 5076 Cildi.
1252 5020 1357 5075 Seu
1395 5018 1586 5075 Gildze.
1642 5020 1876 5090 Scripsit
1922 5020 2109 5075 Gildas
2137 5032 2260 5089 post

663 5096 899 5152 medium
928 5108 1052 5147 saec.
1103 5107 1179 5155 VI,
1211 5108 1355 5146 anno
1386 5090 1489 5146 513i
1516 5134 1530 5156 ,
1561 5102 1614 5147 et
1662 5108 1806 5147 anno
1832 5092 1938 5146 570
1985 5092 2128 5145 diem
2172 5108 2261 5146 su-

664 5162 1184 5236 premumelausit,_
1222 5164 1593 5236 ttt‘contendit
1637 5164 1911 5236 Usscrius.
1960 5161 2063 5215 Alii
2112 5162 2260 5236 illum

666 5232 806 5289 anno
843 5234 942 5288 58l
980 5232 1226 5304 fuissein
1258 5232 1395 5287 vivis
1422 5234 1532 5287 fere
1575 5235 2001 5304 nonagenbrium
2023 5274 2036 5296 ,
2070 5241 2119 5287 ct
2149 5234 2260 5287 edi—

666 5307 809 5359 disse
829 5303 1112 5371 epistolam
1136 5302 1211 5354 De
1240 5304 1443 5356 excidio
1484 5302 1795 5367 Britannia,
1827 5320 1930 5358 una
1956 5316 2079 5357 eum
2118 5305 2262 5358 ordi-

666 5377 753 5431 nis
781 5372 1133 5428 ecclesiastici
1166 5374 1541 5443 castigatione,
1573 5385 1843 5430 asscrunt.
1879 5374 2032 5429 lianc
2060 5375 2290 5443 epis!o-'

671 5445 774 5499 iam
823 5443 910 5498 hic
969 5444 1146 5497 laudat
1194 5442 1473 5505 Alcuinus,
1526 5448 1667 5500 uuzle
1712 5447 1935 5510 dubium
1986 5442 2107 5499 esse
2156 5461 2260 5497 non

670 5525 845 5640 potest
871 5515 999 5586 quin
1033 5514 1103 5568 sit
1131 5514 1385 5586 genuina,
1412 5513 1523 5581 jam
1550 5527 1675 5585 ante
1699 5520 1862 5572 etiam
1891 5532 1921 5571 a
1949 5517 2084 5571 Ven.
2115 5514 2260 5569 Beda

693 5588 906 5640 audata.
936 5586 1164 5640 Bssxsc.

693 5588 906 5641 audata.
936 5586 1164 5640 Bssxsc.

744 5660 770 5697 δ
803 5659 903 5729 17
932 5656 1098 5713 Codd.
1120 5671 1260 5729 Amss.
1292 5654 1489 5711 Salisb.
1515 5668 1571 5729 ct
1597 5657 1655 5712 S.
1683 5658 2010 5714 Ennnerami
2032 5671 2261 5729 carmen

674 5728 771 5779 hoc
792 5726 1069 5782 oiiiittunt.
1107 5726 1477 5793 Quercetanus
1517 5728 1645 5783 illud
1676 5731 1798 5785 bina
1830 5731 1948 5785 vice
1970 5728 2115 5785 dedit
2140 5744 2153 5788 ;
2182 5743 2263 5781 se-

676 5798 776 5849 mel
826 5798 950 5918 hle
997 5798 1237 5875 epi~tnlat
1274 5797 1554 5863 junctum,
1612 5811 1664 5854 et
1714 5802 1909 5856 iterum
1962 5802 2101 5855 inter
2136 5813 2264 5869 poe-

676 5879 815 5918 lttitlJ
925 5882 1090 5918 Cttltlt.

676 5879 815 5919 mnta
860 5879 1090 5919 AlCttItIt.

2343 1973 2416 2031 te,
2446 1965 2842 2035 compaticntes
2889 1965 3241 2032 l'ratemitati,
3278 1966 3513 2021 humiles
3532 1974 3589 2023 et
3625 1968 3945 2025 misericor—

2340 2058 2438 2112 des
2464 2056 2534 2127 (1.
2567 2057 2709 2110 Ρριν.
2738 2073 2821 2121 ιιι,
2864 2056 2941 2127 8).
2986 2055 3094 2111 Sed
3123 2065 3178 2113 et
3222 2058 3327 2113 Vas
3359 2057 3643 2117 electionis
3683 2064 3947 2133 praecepit

2340 2164 2441 2218 pro
2463 2148 2717 2204 omnibus
2750 2149 3025 2205 orationes
3072 2150 3178 2223 ιϐ
3199 2149 3335 2215 ﬁeri,
3371 2165 3470 2221 pro
3492 2153 3715 2223 regibus
3740 2164 3801 2210 et
3820 2170 3940 2210 om-

2343 2242 2503 2297 nibus
2530 2242 2623 2311 qui
2649 2243 2702 2296 in
2729 2242 3059 2302 sublimitate
3081 2251 3207 2298 sunt
3246 2243 3406 2312 positi
3430 2241 3488 2315 (Ι
3512 2242 3648 2298 Tim.
3676 2260 3739 2309 ιι,
3774 2244 3826 2310 l,
3848 2244 3945 2314 2):

2342 2341 2609 2403 quatenus
2636 2335 3027 2403 omnipotentis
3056 2335 3153 2389 Dei
3186 2334 3359 2406 gratia
3398 2334 3599 2405 populo
3622 2334 3944 2391 Christiano

2343 2433 2589 2495 tempora
2619 2440 2742 2479 cum
2768 2425 3133 2495 prosperitate
3162 2425 3426 2481 concedat
3455 2426 3701 2496 paciﬁca.
3738 2427 3796 2481 in
3831 2426 3949 2482 lau—

2344 2516 2466 2572 dem
2490 2524 2546 2571 et
2571 2517 2799 2585 gloriam
2830 2516 2912 2569 sui
2941 2516 3198 2570 nominis.
3492 2576 3501 2585 η

2345 2606 2374 2646 δ
2397 2605 2539 2664 Urbs
2557 2614 2761 2661 interna
2783 2605 2903 2670 Dei,
2933 2614 3092 2661 terra:
3121 2605 3197 2659 sal
3225 2604 3356 2677 ML,
3379 2605 3506 2678 sol],
3521 2606 3723 2661 lumina
3739 2608 3952 2674 mundi,

2344 2697 2436 2752 Bis
2472 2714 2567 2753 sex
2590 2698 2742 2769 signa
2764 2697 2894 2766 poli,
2929 2713 3144 2753 menses
3167 2707 3222 2753 et
3260 2708 3344 2754 ter
3367 2706 3561 2768 quater
3584 2698 3739 2763 anni,

2345 2787 2522 2857 Atque
2542 2787 2650 2843 diei
2676 2789 2846 2854 horae,
2870 2787 3182 2858 lapidesque
3205 2789 3258 2842 in
3282 2795 3567 2844 stemmate
3589 2786 3803 2843 Christi

2348 2880 2542 2934 Vestra
2578 2880 2795 2949 aperire
2821 2879 3004 2949 polum
3030 2880 3233 2948 poterit
3250 2877 3333 2933 vel
3362 2877 3617 2935 claudere
3642 2878 3854 2951 lingua.

2348 2974 2615 3029 Doctores
2642 2976 2787 3038 vita},
2829 2988 3040 3045 magna:
3065 2984 3123 3029 et
3152 2975 3419 3031 medicina
3442 2975 3656 3031 salutis.

2350 3067 2459 3121 Vos
2488 3065 2667 3121 fontes
2691 3066 2822 3131 vivi,
2854 3065 3093 3135 paradisi
3123 3080 3180 3122 et
3199 3066 3421 3122 ﬂumina
3445 3081 3624 3122 sacra.

2350 3157 2462 3213 Vos
2482 3153 2647 3219 decus
2670 3157 2945 3221 Ecclesiae,
2976 3157 3158 3227 populi
3185 3172 3333 3229 Spes,
3354 3156 3521 3225 janua
3542 3154 3703 3212 lucis.

2348 3247 2554 3320 Inclyta
2582 3249 2889 3319 progenies,
2920 3246 3229 3303 Salomonis
3247 3246 3430 3303 nobile
3447 3245 3737 3316 templum.

2351 3343 2457 3398 Per
2482 3358 2598 3407 vos,
2621 3357 2654 3396 ο
2676 3340 2893 3405 Patres,
2921 3348 3111 3395 nostro
3139 3340 3241 3395 sth
3270 3347 3512 3410 tempore
3533 3344 3645 3394 tota

2350 3433 2627 3487 Virtutum
2651 3430 2860 3485 meritis
2885 3429 3113 3485 fecunda
3152 3431 3430 3486 Britannia
3467 3428 3643 3486 ﬂoret.

2352 3527 2464 3582 Vos
2487 3525 2647 3581 simul
2678 3525 2965 3581 unanimes
2990 3522 3193 3581 Christi
3218 3523 3492 3580 defendite
3516 3530 3723 3587 castra,

2353 3619 2421 3674 Et
2456 3615 2646 3690 clypeo
2674 3618 2797 3675 ﬁdei
2833 3618 2940 3674 tela
2961 3626 3287 3687 exsuperate
3307 3615 3567 3681 nefanda;

2353 3709 2581 3766 Pectore
2602 3710 2920 3772 concordes,
2947 3708 3114 3764 fortes
3133 3708 3334 3763 virtute
3363 3694 3619 3776 superna.

2353 3802 2579 3857 Iudiciis
2592 3802 2742 3871 justi,
2771 3800 3005 3857 lmmiles
3028 3811 3051 3840 ε
3074 3800 3280 3869 pietate
3308 3800 3576 3866 modesta,

2358 3895 2618 3947 Doctores
2644 3890 2845 3961 populi,
2879 3890 3134 3946 ductores
3160 3898 3217 3945 et
3241 3890 3419 3962 gregis
3444 3891 3593 3956 almi,

2360 3983 2587 4053 Semper
2615 3982 2818 4051 ubique
2838 3980 2951 4038 Deo
2981 3996 3077 4037 vos
3101 3997 3199 4037 vos
3215 3990 3396 4037 estote
3420 3980 3625 4036 ﬁdeles.

2359 4076 2707 4146 Multiplicate
2727 4076 2819 4147 pio
2848 4082 3104 4145 percepta
3142 4074 3341 4129 talenta
3365 4073 3570 4135 labore,

2361 4168 2591 4223 Maxima
2616 4168 2759 4239 quod
2794 4182 3008 4223 summo
3033 4165 3263 4250 capiatis
3290 4162 3511 4235 prmmia
3538 4158 3705 4227 cmlo,

2359 4260 2492 4317 Cum
2516 4260 2734 4315 Christo
2754 4267 2810 4314 et
2837 4258 3043 4314 sanctis
3068 4254 3311 4312 coelestia
3343 4266 3509 4323 regna
3539 4258 3817 4316 tenentes,

2363 4350 2580 4419 Vosque
2606 4349 2713 4404 mei
2736 4362 3006 4404 memores
3035 4345 3285 4402 Christus
3313 4349 3597 4398 conservet
3623 4340 3848 4413 ubique.

2362 4441 2593 4495 Alehuin
2614 4439 2782 4494 dicor
2806 4453 2929 4509 ego,
2956 4446 3139 4494 vestro
3163 4436 3392 4491 devotus
3414 4434 3611 4490 amori.

2365 4532 2410 4588 Ο
2436 4547 2532 4588 vos
2557 4543 2827 4602 pastores,
2864 4529 3055 4586 Patres
3080 4529 3199 4584 sine
3225 4527 3333 4584 ﬁne
3356 4527 3568 4585 valete!

2364 4625 2433 4679 Et
2458 4636 2514 4679 tu
2542 4632 2728 4680 sancte
2748 4624 2930 4689 Pater,
2957 4623 3080 4693 pius
3105 4620 3471 4677 Aethelharde
3494 4616 3607 4690 [AL
3633 4658 3649 4682 ,
3671 4615 3952 4672 Aedilhu-

3517 4705 3607 4781 de]
3629 4707 3887 4763 sacerdos

2364 4812 2483 4868 Jam
2512 4810 2715 4873 valeas,
2745 4807 2951 4875 vigeas,
2989 4803 3210 4860 Christo
3238 4800 3497 4868 donante,
3526 4814 3626 4870 per
3650 4812 3846 4854 sevum.

2437 5042 2458 5068 ε
2504 5026 2707 5098 Pietate
2750 5024 3006 5098 modesta.
3044 5021 3164 5098 Non
3212 5023 3329 5098 sine
3360 5034 3522 5098 causa
3552 5013 3945 5098 Dorov'emensi

2364 5101 2511 5155 clero
2533 5096 2852 5155 modestiam
2884 5094 3083 5165 ingerit
3109 5113 3122 5147 :
3156 5095 3301 5165 quod
3329 5100 3385 5147 et
3422 5091 3489 5165 de
3513 5086 3747 5165 vestium
3775 5083 3948 5165 mode-

2364 5172 2467 5250 διίεξ
2513 5168 2799 5250 intelligo.
2820 5155 3212 5250 ειῑὶειέἐίητὶιθέ.
3239 5160 3539 5250 esse“?
3572 5155 3941 5250 E?E?E£‘.$t:§‘

2364 5241 2502 5296 stola
2545 5225 2719 5295 sancti
2759 5225 3022 5293 Boni'l'acii
3055 5238 3125 5292 ad
3173 5225 3794 5292 Cuthbertumfcitante
3821 5225 3947 5281 Wil-

2364 5311 2545 5367 helmo
2575 5309 2852 5382 blalmesh.
2886 5308 3037 5382 lih._i
3067 5308 3200 5375 Reg.
3238 5300 3422 5382 angi”
3446 5313 3580 5382 _cap.
3610 5298 3667 5382 ξ,
3698 5298 3802 5382 qui
3822 5296 3944 5382 sub-

2365 5384 2444 5437 dit
2474 5400 2485 5434 :
2525 5400 2542 5431 ‹
2578 5379 2721 5434 Sane
2749 5382 2813 5435 de
2859 5380 3119 5453 tenuitate
3143 5367 3745 5453 restiumnclericalium
3773 5367 3944 5453 Alcai-

2366 5469 2469 5507 nus
2488 5451 2840 5505 Athelardum
2868 5444 3338 5518 archiepiscopum
3363 5440 3646 5498 Cuthberti
3669 5449 3941 5518 successo-

2368 5540 2480 5578 rem
2550 5522 2767 5593 oblique
2819 5509 3073 5593 castigat;
3132 5509 3361 5593 monens
3423 5521 3483 5569 ut
3530 5528 3655 5568 cum
3720 5509 3941 5593 Romani

2367 5595 2568 5649 vadens
2611 5579 2864 5649 Ca'rolum
2906 5579 3156 5660 Magnum
3206 5586 3471 5660 visitaret,
3519 5598 3626 5647 non
3666 5579 3944 5660 adduceret

2366 5667 2591 5721 clericos
2623 5665 2708 5720 vel
2754 5656 3049 5719 monachos
3080 5656 3502 5713 versicoloribus
3542 5662 3596 5709 et
3632 5656 3943 5722 ροωιιειιςιε

2370 5716 2605 5792 {ligonis
2632 5716 2869 5797 indutos,
2897 5730 3022 5801 quia
3071 5744 3173 5801 non
3207 5728 3445 5801 solerent
3488 5716 3822 5801 Flauiorum
3848 5716 3922 5771 de

2371 5810 2487 5877 t'iri,
2512 5808 2613 5863 nisi
2647 5795 2929 5874 religiosis
2951 5800 3186 5857 vectibus
3214 5799 3475 5856 amiciri.»
3511 5795 3785 5850 CAMSIUS.
