4232 6436
662 434 759 488 ltili

1541 429 1600 482 Β.
1643 428 1706 482 F.
1747 425 1974 482 ALBlNl
2013 424 2145 480 SEU
2187 422 2465 480 ALCUlNl
2501 420 2789 480 OPERUM
2832 423 3016 480 PARS
3052 422 3092 476 l.

3849 425 3941 482 160

653 555 714 598 ut
736 545 803 597 ad
837 542 982 597 illam
1009 540 1398 596 beatitudinem
1425 540 2017 609 perveniremerearis,
2040 547 2246 594 aeterna
2278 535 2322 592 Α
2350 533 2682 602 Ρωηὶῐθηῐίω
2714 533 3123 590 medicamentis
3149 550 3341 590 sanare
3365 546 3655 603 curarunt;
3684 538 3778 593 sed
3803 557 3942 594 ωηι-

653 650 787 706 pace
828 634 1302 702 jucundissimam,
1369 640 1570 687 aeterna
1619 629 1790 702 gloria
1850 629 2244 695 felicissimam.

654 725 810 781 Nulla
861 724 1136 779 saecularis
1191 724 1437 785 ambitio,
1494 723 1642 777 nulla
1695 723 1878 778 carnis
1932 722 2245 786 delectatio,

655 818 797 872 nulla
835 818 1178 871 inimicorum
1207 816 1444 870 vindicta
1492 803 1754 885 impediat
1800 831 2019 870 cursum
2072 825 2244 869 tuum.

653 909 761 964 Sed
788 922 967 972 curre,
997 908 1123 961 dum
1169 906 1344 968 lucem
1390 907 1559 962 babes
1587 907 1772 978 (Joau.
1816 923 1891 961 xu
1911 948 1926 969 ,
1960 906 2087 976 3-3);
2119 921 2249 974 ope—

659 1016 803 1064 rare,
833 1001 958 1055 dum
986 1000 1101 1054 dies
1139 1007 1244 1063 est,
1299 1009 1567 1067 quatenus
1616 999 1685 1053 ad
1737 984 1910 1055 lucem
1959 1000 2248 1067 pervenias

654 1101 992 1160 perpetuam,
1023 1098 1082 1143 ut
1111 1106 1236 1144 cum
1268 1089 1485 1150 Christo
1512 1101 1567 1144 et
1609 1092 1814 1145 sanctis
1854 1107 1969 1159 ejus
2022 1106 2249 1160 regnare

657 1181 916 1235 merearis
940 1181 993 1234 in
1022 1181 1192 1252 gloria
1220 1180 1572 1249 sempiterna.

725 1271 841 1326 Non
870 1271 1043 1325 solum
1071 1287 1184 1333 vos,
1219 1270 1321 1322 viri
1361 1270 1670 1333 clarissimi,
1698 1279 1752 1325 et
1791 1268 1883 1330 lilii
1913 1271 2245 1337 charissimi,

653 1365 738 1419 his
768 1363 905 1419 meis
929 1363 1197 1417 admoneo
1220 1363 1494 1427 litterulis,
1548 1363 1643 1417 sed
1689 1370 1745 1417 et
1795 1377 1988 1417 omnes
2039 1362 2288 1418 dilecue‘

650 1454 827 1522 gentis
861 1452 1156 1522 principes,
1188 1461 1243 1505 et
1273 1449 1642 1524 [diversarum
1682 1450 2030 1524 dignitatum]
2073 1453 2253 1506 nomi-

649 1559 740 1606 ua,
769 1558 864 1598 seu
889 1543 1275 1599 ecclesiastica
1301 1543 1520 1612 pietatis
1548 1543 1785 1606 ordines,
1832 1558 1926 1597 seu
1974 1543 2252 1600 saecularis

648 1636 904 1703 potentiae
954 1635 1318 1690 sublimitates
1365 1637 1642 1698 communi
1692 1637 1977 1692 charitatis
2027 1638 2248 1703 intuitu,

647 1725 802 1795 quasi
840 1725 1090 1779 alumnus
1116 1732 1314 1780 vestra:
1341 1725 1621 1780 dilectioni
1668 1725 1916 1792 devotus,
1963 1725 2250 1795 deprecor,

650 1816 744 1870 Dei
769 1816 1189 1886 diligentissime,
1212 1815 1435 1870 obedire
1466 1816 1779 1886 praeceptis,
1801 1817 2254 1886 praedicatoribus

2350 631 2676 692 putruerunt
2699 623 2754 677 in
2790 625 3029 692 peccatis
3066 625 3197 689 suis,
3227 625 3396 682 donec
3421 631 3705 700 repentino
3738 640 3940 686 terrore

2351 713 2547 767 cecidit
2575 728 2741 782 super
2764 729 2860 769 eos
2890 713 3155 784 judicium
3182 714 3313 781 Dei,
3334 726 3390 771 et
3425 726 3536 772 tam
3569 719 3860 775 infeliciter
3888 722 3938 774 in

2351 815 2644 874 conspectu
2670 807 2912 859 omnium
2935 808 3243 876 perierunt,
3265 821 3427 878 quam
3465 809 3808 881 impudenter
3830 813 3943 869 sine

2353 894 2460 947 ulla
2505 896 2811 950 reverentia
2852 897 3105 966 pessimis
3155 914 3214 953 se
3255 900 3452 965 involvi
3497 903 3797 960 sceleribus
3839 921 3938 960 non

2352 979 2684 1040 metuerant.
2731 985 2880 1041 Heu!
2924 1004 3085 1057 quam
3122 990 3318 1044 misere
3353 1001 3671 1061 praesentem
3699 994 3941 1064 perdide-

2355 1084 2480 1130 runt
2513 1077 2709 1131 vitam!
2741 1077 2848 1132 Sed
2879 1073 3048 1134 multo
3074 1081 3436 1138 miserabilius
3473 1083 3527 1138 in
3561 1088 3784 1142 mternis
3820 1104 3939 1143 cru-

2352 1169 2566 1222 ciantur
2596 1170 2900 1224 tormentis.
2928 1170 3138 1226 Timete
3165 1172 3374 1226 illorum
3405 1174 3793 1242 perditionem,
3818 1186 3872 1231 et
3907 1193 3937 1230 a

2356 1258 2557 1329 talibus
2580 1262 2936 1339 vosmetipsos
2963 1262 3333 1339 impietatibus
3355 1265 3642 1322 observate
3666 1308 3681 1332 ,
3724 1268 3778 1323 in
3823 1270 3939 1339 qui-

2353 1352 2455 1434 bus
2484 1355 2562 1408 illi
2594 1335 2893 1425 perierunt.
2919 1335 3063 1412 [diem
3087 1359 3230 1412 enim
3261 1358 3404 1417 Deus
3427 1375 3590 1430 super
3609 1370 3789 1417 vestra
3811 1335 3940 1434 vigi-

2354 1428 2432 1499 lat
2455 1443 2646 1516 [corda
2671 1445 2780 1519 vel]
2811 1461 2996 1516 opera,
3031 1449 3125 1518 qui
3171 1448 3381 1504 illorum
3423 1428 3530 1506 non
3563 1453 3802 1521 pepercit
3830 1428 3941 1509 soe-

2355 1536 2579 1592 leribus.
2615 1537 2766 1592 Multi
2796 1553 2924 1592 vero
2968 1553 3068 1608 per
3107 1536 3325 1609 rapinas
3357 1549 3413 1595 et
3455 1541 3768 1611 iniquitates
3796 1543 3942 1599 colli-
3971 1536 3976 1539 ’

2354 1643 2481 1698 gere
2518 1629 2790 1695 gestiunt,
2836 1638 2892 1684 et
2932 1630 3184 1686 nesciunt
3223 1632 3364 1700 quod
3401 1641 3692 1702 utrumque
3729 1645 3945 1706 propter

2355 1716 2638 1770 avaritiam
2683 1717 2923 1787 iniquam
2961 1729 3017 1774 et
3044 1729 3259 1775 terrena
3305 1721 3413 1777 cito
3457 1723 3688 1794 perdunt
3725 1728 3866 1782 bona
3893 1737 3946 1782 et

2357 1806 2599 1862 caelestia
2631 1825 2909 1880 nunquam
2933 1813 3242 1881 acquirunt.
3947 1822 3955 1830 '

648 1907 838 1961 salutis
861 1885 1058 1960 vestra:
1085 1905 1330 1961 subditos
1360 1921 1500 1961 esse.
1534 1907 1754 1961 illorum
1795 1885 1902 1971 est,
1946 1909 2000 1963 id
2029 1917 2114 1964 est
2157 1925 2246 1966 sa-

2427 1897 2717 1954 llliusmodi
2729 1941 2742 1966 ,
2757 1900 2856 1954 viri
2870 1900 3089 1967 fratres,
3123 1903 3524 1976 vobismetipsis
3539 1915 3728 1962 cavete
3751 1909 3945 1979 iniqui-

647 1997 952 2062 cerdotum,
989 1997 1154 2052 verba
1201 1995 1296 2051 Dei
1335 2013 1442 2052 non
1502 2005 1712 2064 tacere;
1772 2009 2016 2054 vestrum
2074 2010 2182 2066 cst,
2226 2016 2260 2055 ο

647 2089 942 2159 principes,
974 2088 1252 2143 humiliter
1275 2089 1523 2154 obedire,
1554 2089 1845 2158 diligenter
1870 2091 2116 2161 implere.
2145 2091 2255 2146 Re-

648 2183 732 2251 gis
756 2189 841 2236 est
862 2194 1052 2236 omnes
1075 2179 1395 2248 iniquitates
1426 2177 1649 2248 pietatis
1675 2195 1787 2234 sua:
1816 2183 2057 2249 potentia
2082 2182 2262 2252 oppri-

650 2288 822 2337 more,
852 2268 1062 2341 justum
1092 2285 1211 2325 esse
1231 2260 1292 2324 in
1326 2269 1568 2338 judiciis,
1593 2287 1828 2341 pronum
1857 2273 1911 2326 in
1946 2273 2260 2328 misericor-

649 2364 759 2427 dia.
785 2361 1097 2418 Secundum
1125 2366 1267 2432 quod
1292 2363 1381 2417 ille
1403 2365 1698 2418 miseretur
1717 2364 1996 2434 subjectis,
2031 2367 2257 2420 misere—

595 2469 618 2492 ι
651 2457 802 2511 bitur
841 2457 890 2510 ei
922 2456 1086 2519 Deus.
1125 2455 1380 2512 Sobrium
1433 2457 1488 2511 in
1532 2459 1802 2524 moribus,
1849 2461 2149 2515 veridicum
2201 2461 2255 2515 in

651 2549 852 2613 verbis,
901 2547 1110 2617 largum
1173 2547 1227 2601 in
1281 2548 1460 2613 donis,
1523 2549 1810 2618 providum
1855 2550 1911 2604 in
1964 2551 2252 2606 consiliis:

648 2638 986 2695 consiliarios
1025 2638 1228 2704 habere
1266 2640 1580 2708 prudentes,
1625 2639 1797 2695 Deum
1833 2642 2109 2707 timentes,
2157 2644 2255 2698 ho-

653 2728 820 2784 nestis
867 2726 1112 2782 moribus
1141 2736 1384 2782 ornatos.
1417 2728 1646 2798 Oportet
1671 2745 1796 2784 eum
1840 2745 1946 2785 non
1997 2732 2250 2800 cupidum

649 2833 773 2874 esse
813 2817 1004 2873 alienae
1033 2817 1390 2882 haereditatis,
1437 2833 1544 2873 non
1575 2833 1821 2884 avarum,
1851 2836 1958 2875 non
1987 2821 2254 2877 violenter

653 2911 978 2981 rapientem,
1004 2910 1216 2966 dicente
1269 2908 1580 2980 Apostolo:
1640 2911 1823 2981 Neque
1873 2913 2039 2982 fures,
2088 2931 2251 2986 neque

648 3002 817 3064 avari,
847 3016 1010 3070 neque
1041 3015 1256 3070 rapaces
1300 3017 1515 3070 regnum
1543 3000 1643 3055 Dei
1670 3003 2007 3072 possidebunt
2037 3003 2088 3074 (1
2121 3004 2246 3058 Cor.

650 3104 729 3153 vi,
767 3088 878 3160 10).
908 3088 977 3143 Et
1028 3103 1170 3158 stupe
1204 3104 1302 3158 per
1348 3090 1569 3159 rapinas
1597 3092 1815 3159 propria
1845 3092 2067 3156 amittit,
2120 3093 2247 3163 quia

651 3180 796 3236 Deus
823 3181 1081 3249 gemitum
1106 3183 1327 3240 exaudit
1371 3177 1779 3252 oppressorum.

2371 1995 2524 2052 tates,
2550 1998 2818 2059 quatenus
2831 1992 3001 2047 Deum
3022 1995 3443 2064 omnipotentem
3469 1996 3526 2051 in
3556 2001 3810 2067 praesenti
3839 2002 3944 2055 vita

2363 2078 2657 2148 propitium
2678 2081 2883 2138 habere
2904 2086 3216 2139 mereamini
3256 2094 3312 2140 et
3339 2088 3393 2141 in
3424 2085 3602 2143 futura
3624 2099 3948 2146 teternornm

2364 2167 2676 2238 largitorem
2704 2172 2990 2227 bonorum.
3018 2173 3214 2230 Pacem
3245 2177 3438 2233 habete
3473 2179 3614 2234 inter
3635 2196 3731 2236 vos
3765 2192 3820 2237 et
3854 2183 3947 2239 ιτ-

2362 2261 2680 2332 nignitatem
2701 2281 2716 2329 ;
2745 2265 3175 2321 misericordiam
3196 2276 3250 2322 et
3263 2265 3531 2336 justitiam
3552 2271 3618 2325 ad
3645 2287 3838 2329 omnes
3857 2275 3950 2329 ho-

2361 2350 2564 2416 mines,
2601 2361 2657 2408 et
2690 2355 2998 2409 castitatem
3044 2357 3290 2426 corporis
3331 2361 3603 2416 custodite
3645 2364 3845 2429 vestri,
3893 2375 3950 2420 ut

2361 2440 2597 2511 Spiritus
2617 2453 2838 2500 sanctus
2858 2447 3055 2502 vestris
3081 2447 3345 2504 inhabitet
3377 2451 3686 2520 pectoribus
3703 2493 3717 2518 ,
3745 2455 3838 2522 qui
3868 2470 3950 2510 sa-

2356 2534 2513 2602 piens
2541 2536 2695 2590 vobis
2727 2551 2943 2607 semper
2980 2549 3234 2609 suggerat
3282 2541 3599 2606 consilium,
3634 2558 3841 2615 vosque
3884 2546 3950 2600 ab

2286 2635 2290 2639 ·
2355 2626 2503 2678 omni
2527 2625 2781 2682 defendat
2805 2629 2961 2684 hoste
3003 2629 3202 2685 visibiti
3239 2640 3295 2685 et
3334 2632 3612 2688 invisibili.
3651 2634 3951 2707 Vestroqne

2355 2717 2576 2772 domino
2611 2719 2799 2776 fideles
2842 2711 3048 2789 estote,
3085 2731 3147 2777 ut
3195 2739 3291 2794 per
3322 2735 3560 2781 vestram
3605 2729 3951 2783 concordiam

2354 2820 2580 2878 regnum
2602 2808 2861 2865 dilatetur
2882 2821 3145 2878 vestrum,
3171 2815 3312 2883 quod
3333 2831 3476 2887 saepe
3503 2831 3602 2887 per
3620 2817 3950 2875 diswrdiam

2354 2900 2522 2954 minui
2555 2899 2793 2968 solebat,
2825 2901 3038 2958 dicente
3065 2904 3180 2974 ipsa
3212 2906 3488 2962 Veritatc:
3519 2906 3693 2963 Omne
3722 2925 3950 2983 regnum

2353 2989 2408 3043 in
2427 3004 2484 3044 se
2509 2992 2742 3047 divisum
2769 3009 2877 3050 non
2897 2997 3062 3051 stabit
3083 2996 3296 3068 (Matth.
3325 3017 3422 3068 xu,
3446 3001 3560 3074 25).
3584 3001 3758 3059 Sicuti
3780 3005 3951 3059 iniexi-

2352 3095 2440 3135 ma
2464 3084 2689 3152 imperia
2715 3098 2814 3154 per
2839 3086 3204 3144 dissensiones
3234 3090 3523 3149 intestinas
3542 3093 3744 3164 dilapsa
3766 3095 3952 3154 decre-

2352 3172 2608 3239 scebant,
2657 3182 2713 3228 et
2760 3189 2792 3229 e
2840 3180 3121 3234 contrario
3167 3181 3408 3236 minima
3440 3199 3668 3254 quaeque
3714 3187 3951 3244 civitatis

725 3233 980 3342 Legimus
1040 3287 1253 3341 quoque
1299 3233 1469 3342 quoiir
1500 3275 1644 3344 regis
1694 3275 1913 3329 bonitas
1950 3277 2116 3332 totius
2163 3287 2250 3332 est

2593 3233 2604 3239 ,
3102 3233 3105 3234 ν
3169 3233 3200 3235 s,
3445 3233 3665 3254 τήν-
3718 3233 3948 3244 --.η-η.

2353 3261 2661 3332 cujuslibet,
2692 3267 2780 3322 vel
2805 3270 3120 3337 provinciae,
3148 3274 3246 3340 per
3271 3274 3550 3342 pacificam
3582 3281 3948 3346 concordiam,

649 3363 829 3436 gentis
856 3362 1210 3432 prosperitas,
1242 3362 1471 3417 victoria
1505 3364 1802 3427 exercitus,
1856 3365 2002 3421 aeris
2047 3374 2249 3436 tempe-

652 3453 782 3518 ries,
816 3461 977 3528 terra:
999 3452 1351 3520 abundantia,
1399 3451 1635 3508 filiorum
1665 3453 1996 3520 benedictio,
2045 3459 2252 3513 sanitas

649 3545 845 3616 plebis.
880 3545 1132 3616 Magnum
1158 3554 1242 3600 est
1275 3554 1443 3600 totam
1472 3561 1661 3617 regere
1681 3555 1932 3617 gentem;
1957 3563 1986 3601 a
2017 3549 2251 3618 regendo

650 3653 784 3692 vero
816 3653 915 3693 rex
963 3637 1194 3702 dicitur;
1227 3647 1281 3691 et
1309 3639 1403 3706 qui
1451 3638 1592 3693 bene
1632 3641 1770 3710 regit
1813 3628 2118 3708 subjectum
2147 3642 2250 3698 sibi

647 3727 928 3800 populum,
954 3727 1152 3782 bonam
1181 3729 1347 3784 habet
1367 3744 1398 3783 a
1420 3728 1530 3784 Deo
1553 3730 1990 3798 retributionem,
2017 3747 2247 3802 regnum

639 3822 857 3879 scilicet
885 3820 1127 3877 cmleste.
1167 3820 1334 3877 Valde
1379 3820 1610 3877 feliciter
1635 3832 1829 3893 regnat
1851 3823 1904 3877 in
1953 3833 2127 3890 terra,
2155 3826 2248 3894 qui

594 3895 598 3900 ’
648 3915 718 3968 de
769 3922 991 3968 terreno
1014 3928 1183 3982 regno
1240 3913 1539 3967 merebitur
1584 3914 1824 3968 caeleste.
1901 3906 2252 3973 Orationibus

2354 3367 2580 3423 regnutn
2627 3355 2908 3412 crescebat
2937 3367 2992 3412 et
3025 3359 3343 3430 proficiebat
3386 3373 3441 3420 et
3485 3363 3802 3426 fortioribus
3848 3374 3948 3427 sibi

2354 3445 2571 3500 tandem
2603 3447 2906 3518 imperabat
2935 3453 3156 3524 regnis.

2427 3539 2456 3579 δ
2485 3539 2695 3598 Timete
2715 3541 2986 3612 ﬂagellum
3007 3549 3156 3618 quod
3177 3551 3326 3606 venit
3343 3562 3506 3623 super
3523 3554 3811 3611 ecclesiam
3832 3571 3951 3610 san-

2354 3631 2426 3686 cti
2441 3631 2719 3701 Cudberti,
2737 3634 2915 3691 locum
2935 3639 3145 3696 scilicet
3164 3630 3635 3710 sanctissimumet
3655 3645 3947 3710 multorum

2353 3731 2666 3782 sanctorum
2683 3727 2952 3800 suifragiis
2971 3731 3351 3789 divitissimum
3367 3733 3521 3808 μη,
3536 3735 3948 3812 ἀίιιῑίεδίωμιιιί,

2353 3833 2498 3874 nunc
2545 3834 2694 3893 vero,
2721 3823 3104 3878 miserabiliter
3137 3840 3168 3879 a
3192 3827 3418 3895 paganis
3453 3825 3813 3882 devastatum.
3845 3829 3951 3898 Qui

2352 3909 2456 3964 hoc
2501 3927 2611 3966 non
2662 3913 2818 3968 timet
2863 3921 2918 3968 et
2962 3915 3200 3985 seipsum
3229 3921 3336 3972 non
3363 3917 3587 3988 corrigit
3611 3917 3667 3973 et
3706 3935 3805 3991 pro
3838 3937 3953 3978 sua:

647 4019 780 4059 vero
803 4012 860 4058 et
881 4003 1084 4072 vigiliis
1105 4002 1500 4061 eo-instantius
1535 4003 1603 4056 ad
1650 4002 1823 4057 Deum
1873 4005 2124 4059 insistere
2158 4007 2251 4060 de—
2352 4001 2544 4068 patria:
2589 4006 2950 4073 prosperitate
2993 4022 3102 4062 non
3138 4009 3344 4081 plangit
3373 4011 3441 4067 ad
3465 4011 3654 4079 Deum,
3683 4010 3950 4069 car-neum

647 4096 760 4158 bet,
807 4111 918 4166 quo
962 4109 1068 4149 non
1100 4109 1199 4164 pro
1242 4110 1301 4150 se
1347 4094 1708 4160 solummodo,
1742 4095 1836 4150 sed
1883 4104 1937 4150 et
1958 4112 2058 4166 pro
2086 4098 2251 4153 totius
2353 4105 2462 4144 non
2489 4091 2651 4148 habet
2682 4110 2796 4162 cor,
2827 4098 2921 4153 sed
2955 4098 3244 4169 lapideum.
3283 4098 3672 4187 Episcoporum
3711 4112 3797 4159 est
3828 4121 3951 4161 mo-

645 4185 824 4259 gentis
851 4185 1214 4256 prosperitate
1250 4183 1419 4240 Deum
1447 4186 1725 4256 deprecari
1756 4187 1937 4241 debet.
1989 4187 2252 4244 Similiter
2353 4184 2592 4238 nasteria
2634 4188 2940 4259 corrigere,
2981 4205 3262 4246 servorum
3293 4193 3388 4248 Dei
3416 4183 3580 4248 vitam
3626 4193 3950 4263 disponere,

645 4277 922 4350 principes
958 4285 1015 4332 et
1034 4276 1248 4348 judices
1279 4278 1479 4348 populi,
1521 4278 1627 4348 19
1651 4279 1704 4332 in
1729 4278 1941 4349 justitia
1968 4290 2022 4335 et
2046 4282 2249 4351 pietate

2351 4275 2551 4344 populo
2579 4277 2686 4332 DeiI
2703 4281 2927 4334 verbum
2969 4283 3295 4352 praedicare,
3323 4291 3378 4338 et
3416 4283 3701 4354 diligenter
3733 4284 3949 4354 plebem

643 4370 844 4441 populo
865 4371 1008 4441 (Dei)
1037 4371 1282 4440 prtesint.
1320 4372 1529 4436 Viduis,
1562 4373 1781 4442 pupillis
1810 4383 1866 4427 et
1896 4375 2113 4431 miseris
2137 4376 2248 4430 sint

646 4461 804 4532 quasi
835 4470 1034 4530 patres,
1059 4461 1188 4531 quia
1208 4463 1437 4530 aequitas
1463 4465 1772 4532 principum
1795 4466 1975 4535 populi
2003 4474 2085 4520 est
2105 4467 2251 4520 exal-

2353 4367 2568 4421 erudire
2606 4367 2930 4437 subjectam.
2960 4371 3246 4452 Lalicorum
3289 4380 3372 4428 est
3421 4373 3642 4428 obedire
3686 4377 3951 4445 praedica-

2353 4459 2519 4524 tioni,
2541 4456 2722 4526 justos
2757 4475 2878 4515 esse
2918 4469 2974 4515 et
3019 4461 3429 4530 misericordes,
3460 4472 3729 4535 quatenus
3766 4467 3948 4523 divina

645 4553 801 4609 tatio.
842 4552 1207 4609 Ecclesiarum
1236 4553 1439 4609 Christi
1469 4555 1579 4614 sint
1598 4554 1913 4612 defensores
1941 4567 1996 4611 et
2017 4567 2242 4622 tutores,

2351 4543 2660 4624 benedictio
2686 4567 2787 4622 per
2817 4567 2971 4608 suam
3021 4569 3272 4624 magnam
3317 4558 3744 4614 misericordiam
3791 4561 3950 4616 nobis

642 4654 708 4702 ut
733 4661 1016 4704 servorum
1047 4647 1139 4702 Dei
1165 4646 1504 4702 orationibus
1545 4646 1701 4716 longa
1733 4649 1918 4703 vivant
1966 4652 2243 4720 prosperi-

643 4745 776 4793 tate.
807 4738 1049 4810 Ecclesia
1096 4738 1286 4809 (enim)
1319 4753 1517 4807 sponsa
1542 4748 1628 4792 est
1653 4737 1877 4805 Christi,
1905 4750 1963 4796 et
2000 4742 2092 4812 qui
2123 4757 2244 4816 eam

644 4829 850 4886 violare
873 4831 1091 4892 nititur,
1119 4829 1205 4884 vel
1239 4843 1431 4897 rapere
1462 4843 1584 4896 qu:e
1605 4843 1702 4882 sua
1743 4839 1887 4895 sunt,
1918 4833 2159 4887 vindicat
2192 4835 2245 4887 in

641 4933 768 4975 eum
802 4918 949 4974 Deus
983 4917 1254 4982 Christus,
1282 4933 1515 4988 sponsus
1543 4927 1746 4974 sancta:
1773 4935 1885 4976 sua:
1919 4921 2197 4979 Ecclesizr.

713 5027 740 5055 ι
771 5013 996 5071 Vidistis
1037 5012 1310 5083 quomodo
1347 5011 1613 5082 perierint
1655 5011 2030 5071 antecessores
2071 5017 2242 5072 vestri

641 5118 800 5177 reges
826 5112 883 5159 et
921 5104 1196 5174 principes
1225 5111 1452 5174 propter
1498 5103 1793 5170 injustitias
1838 5113 1894 5161 et
1937 5107 2158 5186 rapinas
2194 5119 2247 5166 et

643 5196 1022 5253 inmunditiae
1045 5196 1204 5260 vitae,
1238 5211 1338 5251 uec
1367 5196 1436 5252 ab
1473 5195 1846 5266 hujuscemodi
1893 5215 1952 5256 se
1999 5206 2244 5274 peccatis

641 5285 933 5339 criminum
955 5283 1293 5353 capitalium,
1320 5285 1493 5340 Deum
1519 5287 1793 5354 timentes,
1825 5291 2238 5360 abstinuerunt;

643 5391 764 5441 nec,
792 5377 934 5446 quod
967 5374 1121 5446 pejus
1141 5384 1244 5440 est,
1279 5378 1671 5433 immanissima
1697 5381 1965 5436 scelerum
1988 5386 2209 5442 vulnera
2227 5430 2240 5452 ,

717 5515 1030 5596 -_Vidistis,
1072 5520 1353 5596 quomoda
1384 5522 1630 5596 perierint
1673 5534 1825 5596 reges
1865 5533 1920 5596 et
1961 5525 2240 5596 principes.

645 5590 838 5646 Clades
883 5590 1407 5658 regum'Britanniic
1437 5601 1492 5646 et
1534 5590 2082 5649 Northanimbrorum
2129 5590 2246 5652 fuse

645 5660 903 5736 describit
930 5663 1332 5736 Malmesb.__lib.
1370 5681 1408 5718 ι.
1443 5663 1578 5736 Reg.
1608 5664 1767 5736 Angl.
1802 5679 1922 5734 cap.
1953 5665 2107 5734 5,qui
2146 5669 2241 5728 ait,

647 5732 932 5806 plerosque
981 5749 1168 5806 regum
1201 5732 1752 5806 Northanimbroruin
1805 5732 1941 5806 pene
1986 5732 2242 5793 familiari

645 5802 813 5856 exitio
840 5802 1007 5858 vitam
1036 5805 1233 5858 exisse.
1276 5803 1457 5858 Casus.
1628 5827 1630 5856 ε
1805 5802 1819 5806 ⁷
2045 5832 2048 5834 ~

717 5870 746 5909 δ
791 5868 982 5924 Timen-
1015 5873 1300 5942 ﬂagellum.
1342 5875 1472 5928 Vide
1513 5893 1632 5947 quae
1661 5878 1726 5928 de
1759 5880 1859 5932 hor
1892 5877 2100 5945 flagello
2141 5879 2238 5931 ad-

2352 4645 2662 4714 nostrisque
2699 4647 2990 4716 nepotibus
3031 4649 3266 4719 patriam
3312 4649 3368 4704 in
3405 4649 3546 4706 bona
3584 4641 3948 4722 prosperitate

2345 4754 2672 4794 conservare
2713 4741 2986 4822 dignetur,
3043 4758 3205 4812 quam
3257 4745 3458 4799 nostris
3498 4746 3816 4825 parentibus
3851 4760 3948 4817 per

2345 4833 2564 4902 pietatis
2590 4836 2719 4901 suae;
2737 4835 3016 4889 dexteram
3043 4836 3346 4904 perdonare
3367 4836 3585 4910 dignata
3612 4847 3718 4894 est.

2854 4959 2879 4988 α
2933 4949 3272 5009 EPISTOLA
3320 4954 3436 5010 XII.

2799 5035 2868 5074 Δι)
2907 5037 3229 5080 ,εωιιιευωι
3277 5041 3476 5083 REGEI.

2916 5111 3096 5184 (Anno
3124 5114 3380 5186 incerto.)

2707 5199 2971 5258 Hortatur
3018 5204 3090 5277 ad
3137 5206 3308 5277 regias
3345 5206 3580 5262 virtutes.

2337 5360 2342 5365 ,
2418 5297 2648 5371 Domino
2670 5291 3031 5355 dilectissimo
3043 5297 3328 5381 Edilredo
3343 5295 3500 5370 [ϐοά.
3519 5299 3634 5356 Sal.
3659 5301 3938 5374 Edilrado]

2347 5394 2458 5464 regi
2488 5392 2753 5450 Alcuinus
2774 5395 3038 5451 diaconus
3065 5394 3315 5450 salutem.

2346 5529 2657 5605 notavimus
2681 5529 2735 5584 in
2765 5529 2925 5605 epist.
2955 5531 2990 5586 8
3014 5529 3083 5583 ad
3112 5529 3605 5605 bindisfarnenses.
3628 5529 3767 5586 Data
3809 5544 3938 5605 ergo

2347 5599 2692 5673 illa‘epistola
2721 5599 2943 5673 nundiu
2972 5609 3095 5673 post
3123 5599 3268 5656 illam
3298 5603 3527 5665 cladem,
3557 5615 3679 5673 qua:
3705 5600 3935 5670 conligit

2346 5667 2640 5736 anno'795,
2657 5681 2719 5730 ut
2739 5669 2943 5724 ibidem
2966 5667 3223 5726 diximus.
3556 5695 3558 5700 ·

2419 5750 2442 5779 α
2485 5740 2637 5814 ﬁdit.
2667 5738 2930 5814 Queroet;
2968 5741 3046 5814 {t9
3076 5742 3329 5814 (Froben.
3364 5744 3452 5814 ll)
3493 5758 3559 5798 ex
3589 5742 3932 5814 msacollatri

2349 5824 2471 5864 cum
2501 5809 2659 5863 codd.
2705 5824 2838 5864 mss.
2892 5807 3090 5868 Salisb.
3133 5823 3186 5868 et
3237 5813 3294 5868 S.
3329 5807 3677 5868 Eminerami.
3714 5813 3935 5867 Videtur

2337 5873 2512 5932 'missa
2543 5893 2664 5932 cum
2690 5880 2869 5948 priore
2901 5882 2966 5936 art
2999 5899 3178 5955 regem
3206 5883 3396 5937 solum.
