4232 6416
337 497 435 552 Nil

336 698 440 756 soli
467 695 680 752 litteras
697 693 939 761 scribere
966 692 1174 747 curavi.
1203 691 1272 746 Et
1292 691 1418 761 quia
1452 701 1668 758 semper
1707 697 1762 742 te
1789 701 1940 740 ama-

336 791 430 854 bo,
455 800 671 857 semper
697 793 752 840 te
773 784 1070 840 admonere
1094 798 1204 838 non
1231 782 1478 845 cessabo,
1522 789 1581 834 ut
1607 779 1704 834 Dei
1745 777 1937 832 volun-

339 880 439 933 tati
483 877 765 939 subditus,
809 874 906 929 Dei
951 874 1290 944 protectione
1335 872 1531 940 dignus
1571 869 1856 932 eﬂiciaris,
1886 873 1942 920 et

340 970 597 1026 nobilitas
621 968 782 1039 regite
811 965 1160 1022 sullimitatis
1183 978 1377 1034 magna
1407 977 1617 1016 morum
1657 961 1941 1016 nobilitate

340 1059 751 1116 honorificetur.
791 1057 907 1113 Non
938 1065 1022 1111 est
1051 1056 1188 1110 liber
1213 1054 1298 1107 vel
1327 1053 1525 1108 nobilis
1568 1054 1658 1122 qui
1703 1052 1942 1122 peccatis

343 1151 548 1207 serviet
581 1147 740 1220 [ϐοά.
778 1147 921 1212 Sal.,
950 1143 1250 1216 servierit],
1281 1145 1496 1199 dicente
1515 1145 1784 1224 Domino:
1815 1142 1941 1197 0m-

341 1244 427 1299 πίε
451 1244 542 1315 qui
569 1242 698 1312 facit
722 1249 992 1312 peccatum
1011 1279 1026 1304 ,
1055 1254 1234 1292 serens
1271 1246 1346 1290 est
1375 1237 1574 1306 peccati
1602 1235 1783 1306 (Joan.
1810 1249 1938 1297 vin,

342 1332 456 1404 54).
497 1333 616 1388 Non
662 1333 818 1387 decet
847 1339 902 1385 te
931 1331 985 1384 in
1016 1329 1152 1385 solio
1191 1329 1471 1383 sedentem
1519 1327 1672 1397 regni
1723 1327 1942 1379 rusticis

340 1429 527 1483 vivere
557 1415 836 1481 "moribus.
880 1426 961 1479 ira
1006 1423 1104 1478 tibi
1153 1437 1260 1477 non
1301 1421 1630 1485 dominetur,
1669 1419 1764 1474 sed
1802 1420 1942 1472 ratio

343 1519 503 1590 [Ms.,
544 1517 763 1589 gratia].
796 1515 1164 1571 Misericordia
1200 1521 1251 1568 te
1287 1513 1574 1568 amabilem
1612 1511 1802 1573 faciat,
1831 1525 1939 1564 non

340 1611 639 1667 crudelitas
681 1609 960 1666 odibilem.
991 1607 1207 1662 Veritas
1255 1605 1506 1658 audiatur
1547 1618 1610 1656 ex
1663 1615 1760 1656 ore
1813 1609 1936 1665 tuo,

341 1718 454 1757 non
475 1700 705 1756 falsitas.
735 1698 1019 1754 Castitatis
1046 1697 1142 1750 tibi
1169 1695 1422 1750 conscius
1446 1702 1595 1757 esto,
1629 1707 1740 1747 non
1761 1691 1940 1746 libidi-

299 1815 301 1818 ⁴
340 1792 458 1857 nis;
478 1773 847 1850 continentiaa,
873 1802 981 1841 non
1003 1784 1260 1848 luxuriae;
1286 1783 1616 1847 sobrietatis,
1637 1798 1746 1838 non
1767 1781 1942 1836 ebrie-

341 1880 494 1934 tatis.
523 1877 641 1935 Noli
667 1876 922 1931 notabilis
947 1888 1068 1929 esse
1095 1874 1149 1928 in
1179 1873 1360 1942 aliquo
1384 1882 1640 1942 peccato,
1686 1871 1781 1928 sed
1825 1872 1940 1926 lau-

340 1969 539 2025 dabilis
564 1970 618 2024 in
649 1961 797 2024 omni
818 1981 984 2036 opere
1010 1966 1172 2021 bono.
1210 1963 1420 2032 Largus
1465 1970 1584 2017 esto
1628 1963 1683 2017 in
1724 1961 1934 2026 dando,
1969 1946 2015 2005 Β

340 2077 452 2115 non
480 2074 678 2114 avarus
702 2059 755 2112 in
782 2055 1060 2125 rapiendo.
1093 2053 1310 2108 Justitia
1339 2067 1530 2108 omnes
1556 2061 1678 2108 tuos
1710 2058 1940 2107 exornet

339 2161 518 2206 actus.
548 2149 677 2204 Esto
703 2148 875 2202 forma
903 2145 1056 2218 μὴ,
1083 2143 1414 2216 exemplum]
1441 2145 1740 2200 honestatis
1769 2145 1941 2199 omni-

344 2245 448 2296 bus
474 2248 528 2295 te
552 2239 879 2294 videntibus.
930 2235 1093 2308 [Noli,
1144 2235 1252 2288 noli
1307 2249 1502 2304 rapere
1545 2236 1753 2308 aliena,
1781 2249 1851 2290 ne
1885 2243 1942 2289 et

342 2334 564 2404 propria
599 2328 844 2402 perdas.]
868 2299 1037 2384 Deum
1067 2328 1216 2391 time,
1245 2328 1338 2396 qui
1366 2299 1503 2382 dixit
1530 2344 1544 2380 :
1577 2299 1645 2381 1,4
1672 2343 1774 2398 quo
1801 2327 1939 2380 enim

334 2424 547 2495 judicio
586 2420 930 2491 judicabitis,
957 2417 1289 2488 jttdicabitnr
1313 2417 1378 2471 de
1408 2418 1554 2472 'robis
1596 2417 1813 2489 (Matth.
1841 2433 1936 2480 vn,

339 2513 422 2583 '2).
448 2511 584 2566 Ama
612 2512 782 2566 Deum
817 2509 1093 2564 Christum
1136 2518 1191 2562 et
1235 2507 1352 2577 cjus
1386 2509 1608 2563 obedire
1641 2509 1940 2572 mandatis,

342 2613 616 2676 quatenus
643 2603 788 2658 illius
813 2601 1185 2657 misericordia
1209 2602 1304 2656 tibi
1332 2602 1548 2669 tuisque
1577 2599 1704 2654 ﬁliis
1725 2607 1779 2654 et
1808 2601 1945 2654 ami-

343 2699 430 2752 cis
451 2697 507 2750 in
527 2695 903 2752 benedictione
931 2701 1217 2748 conservet
1244 2690 1542 2764 [regnum],
1591 2693 1735 2763 quod
1771 2700 1824 2747 te
1847 2693 1944 2746 ha-
1970 2751 1974 2756 _

347 2790 480 2844 bere
501 2785 690 2850 voluit,
719 2792 773 2839 et
794 2783 1036 2852 gloriam
1055 2781 1251 2838 futura:
1276 2785 1627 2840 beatitudinis
1647 2786 1946 2841 concedere

349 2879 604 2950 dignetur
617 2875 771 2950 [ϐοά.
790 2873 932 2940 Sal.,
947 2871 1300 2944 dignabitur].
1321 2873 1827 2943 Deus'omnipotens
1859 2890 1946 2928 re-

349 2951 443 3043 gui
472 2969 752 3032 felicitate,
775 2981 986 3022 morum
1014 2964 1552 3036 dignitateJongaeva
1579 2964 1945 3034 prosperitate

346 3067 403 3112 te
433 3057 625 3120 florere
651 3057 835 3120 faciat,
865 3055 1216 3110 dilectissime
1243 3055 1339 3110 fili.

850 3186 874 3214 ι
918 3169 1254 3228 EPISTOLA
1302 3171 1439 3226 XIII.

906 3286 1380 3360 Fragmentum.
1946 3301 2016 3363 με

827 3414 853 3448 Α
863 3412 892 3448 ο
931 3408 1252 3449 λευιιιιευωι
1291 3406 1487 3447 RBGEI.

956 3503 1133 3577 (Auno
1168 3504 1320 3575 793.)

346 3613 612 3672 [amarat
645 3615 711 3668 de
738 3615 1014 3685 afﬂictione
1042 3613 1274 3694 ecclesia:
1308 3621 1354 3666 et
1392 3612 1616 3666 civitatis
1645 3611 1944 3687 Lindisfar-

1051 3698 1243 3743 ncnsta.

422 3794 564 3865 Ecce
597 3793 827 3850 ecclesia
874 3793 1045 3848 sancti
1082 3791 1366 3846 Cutlihcrti
1411 3791 1753 3846 sacerdotum
1801 3793 1942 3864 (Dei)

350 3885 616 3958 sanguine
637 3899 877 3955 aspersa,
903 3883 1152 3938 omnibus
1178 3881 1404 3952 spoliata
1435 3882 1768 3936 ornamentis
1794 3881 1946 3938 locus

349 3975 567 4031 cunctis
610 3975 665 4029 in
707 3974 983 4028 Britannia
1023 3973 1381 4028 venerabilior
1423 3973 1650 4044 paganis
1699 3973 1948 4042 gentibus

349 4067 514 4121 datur
556 4069 629 4122 ad
669 4068 1086 4138 depraadandum
1124 4067 1256 4142 μμ,
1287 4066 1714 4138 debellandum].
1754 4068 1820 4122 Et
1855 4067 1947 4121 ubi

346 4156 590 4226 primum
617 4163 742 4224 post
767 4156 1067 4211 discessum
1089 4157 1118 4195 δ
1138 4152 1311 4210 sancti
1347 4156 1558 4218 Paulini
1603 4158 1672 4215 ab
1703 4157 1948 4212 Eboraco

347 4243 660 4300 Christiana
689 4244 879 4334 religio
905 4245 960 4298 in
986 4254 1172 4299 nostra
1204 4243 1338 4315 (AL,
1378 4243 1946 4316 Northanimbrorum]

348 4346 514 4410 gente
553 4337 784 4406 sumpsit
817 4337 1098 4392 exordium
1125 4377 1138 4400 ,
1169 4337 1241 4391 ibi
1274 4337 1508 4392 miseriae
1541 4345 1596 4391 et
1624 4338 1950 4393 calamitatis

353 4428 522 4496 rmpit
547 4427 782 4482 initium.
815 4427 954 4495 Quid
982 4428 1248 4497 significat
1271 4427 1448 4496 pluvia
1483 4429 1764 4499 sanguinis
1788 4445 1950 4500 quam

352 4522 408 4575 in
432 4519 886 4589 quadragesimali
918 4527 1161 4588 tempore
1186 4507 1240 4572 in
1267 4519 1509 4575 Eboraca
1547 4520 1802 4584 civitate,
1832 4536 1952 4590 quae

348 4619 433 4666 est
457 4617 623 4679 caput
655 4607 820 4663 totius
845 4609 1016 4678 regni,
1043 4609 1098 4662 in
1131 4610 1359 4662 ecclesia
1395 4608 1538 4662 beati
1574 4609 1722 4664 Petri
1753 4612 1953 4680 princi-

347 4707 434 4777 pis
469 4703 837 4775 apostolorum
862 4700 1114 4766 vidimus,
1143 4703 1209 4758 de
1259 4702 1569 4757 borealibus
1606 4704 1817 4767 domus,
1861 4720 1951 4759 se-

353 4811 490 4849 reno
515 4809 664 4858 aere,
693 4793 760 4848 de
796 4808 1008 4847 summo
1037 4793 1163 4847 tecti
1194 4793 1480 4846 minaciter
1504 4791 1732 4846 cadere?
1760 4792 1950 4849 Nonne

349 4893 533 4955 potest
553 4883 735 4954 putari
771 4901 802 4940 a
829 4885 1139 4941 borealibus
1161 4885 1407 4954 partibus
1436 4885 1621 4940 venire
1648 4901 1810 4956 super
1839 4896 1949 4941 ter-

353 4989 474 5029 ram
505 4973 859 5043 sanguinem?

323 5143 330 5152 ί
409 5141 450 5199 Α·
492 5126 604 5199 [loc
633 5125 1210 5199 t‘ragmenttim_nobis
1231 5129 1468 5180 servavit
1514 5127 1795 5199 Malmesb.
1846 5131 1940 5184 lib.

347 5216 364 5254 '
397 5197 960 5320 biﬁﬁbﬁiﬁﬁ‘
973 5197 1144 5320 ιξῗῗτὲί
1171 5197 1429 5320 ἐξξέξὲἓῗιέ·
1457 5197 1705 5320 ἓξὲξῗᾷ

425 5269 455 5309 δ
490 5265 679 5337 Sancti
707 5265 941 5322 Paulini.
973 5265 1140 5321 Primi
1171 5267 1410 5337 episcopi
1459 5265 1835 5333 Eboracensis,
1879 5271 1944 5326 de

351 5355 462 5410 quo
500 5336 614 5410 vid.
653 5337 785 5410 Ven,
818 5337 977 5410 Bedze
1005 5337 1098 5410 lib.
1137 5336 1212 5410 tt,
1240 5352 1359 5410 cap.
1391 5336 1447 5400 8,
1477 5345 1583 5410 etc.

429 5419 451 5448 ε
499 5407 646 5471 Hanc
699 5407 982 5476 epistolam
1030 5408 1083 5460 in
1132 5407 1291 5461 editis
1350 5408 1593 5461 mutilam
1649 5408 1942 5476 Querccta-

353 5493 460 5534 n'ts
489 5492 593 5548 ope
625 5491 728 5530 ms.
760 5477 987 5548 colicis
1014 5493 1136 5548 sua:
1178 5478 1479 5546 integritati
1533 5480 1788 5534 restituit.
1845 5481 1942 5534 Est

353 5553 502 5604 inter
525 5545 698 5601 editas
728 5545 796 5600 ab
821 5547 935 5615 ipso
964 5547 1054 5610 49,
1085 5547 1228 5602 inter
1247 5545 1563 5602 CanEsianas
1586 5548 1673 5608 25,
1713 5549 1946 5604 Froben.

355 5619 444 5683 13,
501 5617 588 5672 hic
631 5616 914 5685 emendata
955 5615 1158 5685 aliquot
1188 5618 1319 5671 locis
1357 5634 1422 5672 ex
1454 5618 1572 5672 cod.
1608 5633 1709 5673 ms.
1747 5619 1948 5674 Salisb.

424 5689 451 5727 ἀ
485 5686 746 5744 Wirensis
781 5695 828 5739 et
870 5684 1170 5756 Gyrvensis.
1230 5688 1482 5743 Wirense
1530 5688 1949 5756 seu‘Wiremu-

354 5760 550 5812 thense
573 5756 960 5812 monasterium
981 5759 1150 5811 sancti
1175 5757 1351 5823 Petri;
1386 5770 1439 5812 et
1469 5757 1746 5813 Girwense
1776 5761 1948 5813 sancti

356 5827 506 5882 Pauli
537 5825 790 5897 (Jarrovv)
820 5827 872 5881 in
898 5826 1087 5896 Anglia
1114 5829 1180 5897 ad
1206 5829 1404 5881 ostium
1438 5829 1603 5882 Wira:
1624 5830 1818 5893 amnis,
1850 5845 1947 5884 cu-

345 5897 438 5967 jns
478 5896 733 5967 utrasque
775 5900 922 5970 ripas
971 5896 1288 5952 Benedictus
1317 5900 1536 5967 quidam
1578 5899 1820 5956 ecclesiis
1869 5902 1949 5953 in-

1797 449 2184 542 sptsroui.

407 609 635 677 Propter
669 603 1092 660 familiaritatem
1136 603 1442 659 dilectionis
1490 601 1789 654 familiares
1829 597 1926 652 tibi
1961 601 2004 656 Α

3530 486 3629 540 162

2464 608 2486 635 ε
2529 597 2633 666 31
2677 593 3013 651 EPISTOLA
3064 595 3204 649 XIV.

2113 704 2180 742 Αι)
2220 701 2461 742 ramiss
2486 685 2513 726 δ
2545 700 2806 742 wnnnnsrs
2843 700 2914 740 ετ
2952 700 3238 742 οιιινεκειε
3274 701 3558 743 εεςιεειιε.

2649 779 2828 850 (Anno
2877 778 3028 852 795.)

2042 869 2305 924 Hortatur
2332 871 2401 924 ad
2449 868 2750 924 ordinatam
2782 870 3126 935 charitatcm;
3153 872 3223 924 ad
3252 871 3635 927 observantiam

2114 941 2370 1011 regularis
2393 940 2468 1002 vel
2485 941 2755 1011 canonictc
2785 941 2923 1011 uiue,
2952 951 2998 991 et
3019 941 3211 1011 rcgultc
3255 943 3423 994 sancti
3471 941 3638 994 liene—

2111 1008 2258 1063 dicti.
2292 1010 2468 1063 Terret
2509 1008 2744 1079 exemplo
2789 1008 3338 1079 Lindisﬂtrncnsinm;
3365 1011 3634 1066 dissuadet

2110 1081 2529 1134 vestimentorum
2547 1079 2743 1133 cultum
2757 1096 2781 1151 7;
2811 1080 3186 1148 confessionem
3212 1092 3545 1151 peccatorum
3586 1093 3636 1136 et

2110 1151 2468 1219 penitentiam
2492 1150 2843 1203 commendat.

2115 1239 2484 1295 Sanctissimis
2506 1240 2560 1292 in
2581 1239 2796 1294 Clu-isto
2819 1240 3358 1297 fratribnsWirensis
3381 1243 3639 1299 Ecclesia:

2041 1332 2431 1402 etGyrvensis,
2463 1332 2683 1386 humilis
2707 1332 2867 1386 levita
2893 1332 3156 1389 Alcuinus
3185 1335 3434 1388 salutem.

2114 1423 2341 1492 Semper
2369 1423 2590 1492 pietatis
2615 1412 2813 1478 vestra:
2841 1423 3180 1493 religionem,
3237 1441 3303 1480 ex
3355 1441 3462 1494 quo
3497 1427 3641 1481 scire

2041 1515 2213 1582 potui,
2264 1516 2467 1578 amavi,
2510 1529 2871 1585 magnamque
2921 1515 2977 1569 in
3025 1524 3220 1570 vestra:
3266 1517 3641 1573 unanimitatis

2040 1604 2381 1658 orationibus
2405 1602 2611 1658 habens
2639 1603 2889 1658 ﬁduciam
2920 1619 2936 1657 :
2964 1613 3018 1657 et
3054 1606 3230 1668 modo,
3261 1605 3387 1660 licet
3412 1619 3642 1674 corpore

2041 1694 2479 1765 procul‘positus,
2525 1693 2710 1748 animo
2741 1702 2919 1749 tamen
2963 1695 3247 1766 inter‘vos
3299 1711 3513 1766 semper
3552 1711 3641 1750 as-

2041 1786 2261 1849 sistens,
2292 1785 2421 1854 quia
2446 1784 2676 1840 latitudo
2705 1784 2990 1841 charitatis
3033 1784 3178 1840 nulla
3231 1786 3491 1841 dividitur
3522 1786 3640 1841 lon-

2040 1861 2365 1946 ginquitate,
2397 1875 2559 1930 nullis
2579 1875 2850 1930 clauditur
2889 1876 3138 1932 terminis
3169 1896 3181 1929 :
3214 1878 3307 1931 sed
3333 1892 3441 1946 quo
3467 1879 3639 1947 magis

2042 1969 2197 2023 ardet
2249 1968 2302 2021 in
2346 1967 2586 2036 pectoris
2609 1975 2787 2032 antro,
2828 1982 2895 2022 eo
2920 1968 3086 2022 latius
3127 1966 3398 2024 flammam
3431 1970 3638 2024 suavis-

2041 2057 2166 2112 simi
2194 2058 2406 2113 ardoris
2426 2071 2681 2128 spargere
2701 2057 2986 2111 assuescit.
3011 2056 3164 2112 Sicut
3184 2057 3304 2113 fons
3327 2059 3638 2128 paradisum

2045 2149 2278 2218 irrigans
2305 2148 2610 2218 quadrilido
2642 2147 2858 2202 tramite
2901 2146 3070 2201 latum
3098 2147 3417 2202 diffunditur
3455 2149 3510 2203 in
3549 2165 3635 2202 or-

2045 2240 2189 2305 bem,
2221 2241 2302 2294 sic
2351 2241 2472 2294 fons
2517 2239 2801 2293 charitatis
2841 2247 3050 2308 pectus,
3101 2240 3361 2294 virtutum
3417 2237 3640 2294 floribus

2041 2330 2327 2402 pullulans,
2361 2331 2415 2384 in
2446 2339 2678 2400 quatuor
2716 2330 2918 2384 amoris
2951 2331 3098 2384 rivos
3139 2331 3450 2405 derivatur,
3472 2329 3639 2384 veluti

2044 2437 2267 2482 sanctus
2290 2426 2626 2499 Augustinus
2654 2426 2710 2479 in
2739 2425 2878 2480 libro
2898 2425 3075 2496 primo
3103 2426 3178 2480 De
3205 2426 3460 2481 Doctrina
3484 2423 3640 2479 Citri-

2045 2519 2218 2574 stiana
2242 2518 2394 2588 (Cap.
2415 2517 2485 2573 23
2500 2526 2555 2573 et
2570 2516 2747 2587 seqq.)
2769 2517 2903 2572 dixit
2919 2516 3107 2571 :«Cum
3130 2532 3260 2588 ergo
3281 2525 3512 2585 quatuor
3532 2517 3641 2569 siit

2043 2609 2344 2680 diligenda,
2377 2624 2544 2664 unum
2570 2609 2715 2677 quod
2751 2623 2912 2676 supra
2950 2623 3049 2661 nos
3087 2615 3204 2671 est,
3236 2607 3468 2660 alterum
3495 2604 3636 2673 quod

2045 2717 2145 2756 nos
2167 2716 2376 2764 sumus,
2401 2699 2620 2753 tertium
2643 2697 2955 2768 quodjnxta
2979 2713 3078 2752 nos
3097 2697 3199 2761 est,
3218 2703 3472 2765 quartum
3493 2695 3638 2763 quoi

2047 2793 2186 2847 infra
2219 2809 2318 2848 nos
2355 2800 2462 2848 est.
2495 2791 2640 2846 Deus
2681 2806 2845 2860 supra
2885 2806 2984 2845 nos
3020 2798 3123 2845 est.
3169 2789 3453 2842 Proximus
3482 2785 3638 2856 juxta

2045 2899 2144 2939 nos
2167 2893 2270 2938 est.
2303 2883 2515 2953 Corpus
2537 2889 2782 2938 nostrum
2806 2881 2945 2936 infra
2967 2896 3066 2936 nos
3089 2887 3192 2935 est.
3222 2879 3299 2935 De
3324 2879 3562 2948 secundo
3583 2886 3642 2934 et

2045 2984 2240 3045 quarto
2269 2973 2414 3027 nulla
2440 2962 2706 3042 prmedpta
2731 2971 2908 3026 danda
2933 2980 3090 3026 erant
3116 2970 3320 3042 [Cadit
3337 2985 3438 3025 me.
3463 2966 3634 3042 sunt].

2047 3064 2455 3132 Quantumlibet
2475 3062 2622 3118 enim
2645 3064 2806 3116 homo
2831 3061 3045 3116 excidat
3067 3076 3096 3114 a
3121 3060 3369 3124 veritate,
3395 3069 3636 3113 remanet

2048 3158 2124 3212 illi
2151 3157 2368 3212 dilectio
2394 3156 2478 3210 sui
2503 3162 2560 3209 ct
2586 3154 2801 3209 dilectio
2828 3153 3074 3224 corporis
3099 3153 3203 3207 sui.
3235 3152 3358 3206 Ideo
3383 3153 3639 3221 praecepit

2049 3249 2336 3320 Scriptura
2386 3257 2447 3302 ut
2491 3248 2636 3302 Deus
2681 3247 2946 3316 diligatur,
2980 3255 3034 3299 et
3080 3245 3381 3314 proximus.
3424 3243 3638 3299 Nullum

2047 3355 2231 3395 rerum
2257 3339 2648 3408 diligendarum
2673 3354 2848 3409 genus
2885 3339 2939 3392 in
2983 3339 3068 3393 his
3110 3337 3319 3393 duobus
3357 3349 3640 3407 prteceptts
3681 3350 3689 3357 ‘

2043 3429 2472 3499 praetermissum
2497 3435 2601 3482 est.
2631 3426 2791 3482 Saius
2828 3444 2956 3483 vero
2985 3429 3236 3497 corporis
3272 3436 3493 3496 propter
3525 3430 3640 3483 ser-

2046 3521 2239 3574 vitium
2267 3520 2360 3575 Dei
2388 3520 2620 3574 amanda
2655 3527 2772 3584 est,
2809 3527 2865 3573 et
2906 3519 3187 3588 integritas
3221 3519 3414 3572 animat
3449 3517 3501 3571 in
3528 3516 3640 3574 Deo

2043 3610 2313 3681 diligenda
2355 3619 2458 3665 est.
2501 3606 2820 3676 Proximus,
2865 3610 2916 3664 id
2954 3619 3068 3674 est,
3096 3610 3272 3667 omnis
3294 3609 3488 3676 homo,
3515 3623 3642 3679 pro-

2045 3711 2168 3774 pter
2210 3703 2420 3767 Denm;
2471 3713 2527 3757 et
2571 3716 2736 3772 super
2776 3704 2956 3758 omnia
3004 3702 3147 3757 Deus
3190 3702 3489 3772 diligendus
3515 3711 3637 3773 xeat.

2047 3795 2244 3865 Diliges
2263 3835 2274 3852 .
2310 3795 2515 3862 inquit,
2541 3794 2827 3847 Dominum
2853 3794 3021 3848 Deum
3061 3805 3210 3847 tuum
3247 3811 3312 3848 ea:
3339 3802 3447 3848 toto
3484 3795 3638 3848 corde

2047 3897 2137 3940 tuo
2155 3928 2169 3950 ,
2199 3897 2246 3939 et
2275 3903 2338 3939 ea:
2365 3894 2476 3938 tota
2505 3887 2685 3939 anima
2713 3895 2806 3940 tua
2834 3896 2881 3938 et
2911 3902 2975 3940 ex
3003 3894 3112 3939 tota
3138 3893 3307 3939 mente
3327 3893 3456 3948 tua;
3483 3895 3529 3936 et
3556 3885 3640 3938 di-

2048 3977 2177 4046 liges
2203 3977 2501 4047 proximum
2530 3987 2678 4030 tuum
2706 3977 2840 4030 sicut
2867 3986 2916 4029 te
2942 3965 3110 4046 ipsmn
3141 3975 3358 4045 (Matth.
3383 3991 3516 4040 χχιι,
3543 3977 3637 4040 37,

2047 4068 2174 4138 59).
2205 4067 2433 4122 Omnem
2457 4081 2588 4121 vero
2616 4066 2890 4121 hominem
2915 4068 3222 4136 proximum
3265 4081 3412 4132 esse,
3455 4060 3638 4121 exem-

2049 4157 2138 4224 plo
2165 4156 2431 4211 vulnerati
2459 4166 2516 4212 et
2545 4155 2873 4211 Samaritani
2901 4158 3196 4213 discamus.
3220 4157 3434 4226 Nullum
3460 4167 3641 4212 autem

2049 4256 2336 4314 exceptum
2377 4262 2498 4302 esse
2524 4247 2613 4301 cui
2638 4248 3024 4302 misericordia:
3050 4249 3346 4317 denegetur
3369 4247 3602 4319 otlicium
3621 4290 3635 4309 .

2050 4337 2172 4405 quis
2219 4352 2326 4390 non
2369 4336 2594 4391 videat?
2619 4335 3032 4408 quand0’[Cod.
3063 4336 3207 4402 Sal.,
3235 4336 3524 4409 quoniam]
3572 4341 3640 4391 asl

2054 4429 2304 4482 inimicos
2348 4428 2511 4482 etiam
2561 4435 2871 4497 porrectum
2913 4435 3022 4492 est,
3068 4428 3258 4482 eodem
3295 4429 3521 4483 Domino
3560 4429 3641 4483 di-

2055 4529 2213 4574 cente
2245 4537 2258 4570 :
2301 4517 2517 4588 Diligite
2554 4518 2792 4574 inimicos
2817 4527 3044 4582 vestros,
3082 4518 3366 4589 benefacite
3399 4519 3509 4585 his,
3548 4520 3640 4590 qui

2056 4612 2277 4664 oderunt
2305 4628 2390 4664 vos
2415 4610 2568 4681 (Luc.
2591 4626 2644 4664 vi
2666 4651 2680 4674 ,
2708 4609 2822 4681 27).
2849 4629 2867 4661 ι
2900 4608 2956 4664 Si
2985 4609 3186 4664 inimici
3211 4608 3464 4680 diligendi
3490 4619 3638 4674 sunt,

2057 4712 2262 4772 quanto
2286 4703 2458 4771 magis
2481 4709 2537 4756 et
2561 4701 2761 4756 fratres
2784 4701 2876 4769 qui
2903 4712 3009 4754 uno
3035 4700 3159 4773 ovili
3183 4701 3570 4754 continentur?
3617 4747 3619 4751 .

2127 4793 2236 4846 V'os
2261 4806 2422 4856 vero,
2453 4790 2648 4846 fratres
2685 4789 3043 4850 sanctissimi,
3081 4788 3269 4843 iisdem
3307 4788 3460 4859 [Cod.
3493 4789 3635 4856 Sal.,
3681 4779 3691 4788 ⁸

2052 4897 2084 4934 a
2111 4881 2348 4954 sanctis]
2392 4881 2643 4937 Pati-ibus
2682 4880 2906 4952 spiritali
2932 4881 3179 4952 doctrina
3208 4880 3474 4949 congeniti
3496 4922 3509 4946 ,
3537 4881 3640 4936 eis-

2053 4975 2173 5028 dem
2216 4971 2384 5044 [Cod.
2431 4973 2573 5039 Sal.,
2612 4983 2775 5042 atque
2810 4988 2841 5027 a
2879 4972 3068 5044 bonis]
3104 4973 3194 5027 diu
3219 4973 3522 5042 pastoribus
3543 4989 3641 5043 per

2051 5127 2291 5197 signivit,
2321 5138 2378 5182 et
2411 5127 2739 5182 monasteria
2773 5127 2969 5182 ibidem
3000 5129 3322 5193 construxit,
3355 5129 3638 5185 cbaritatis

2048 5206 2102 5269 et
2138 5199 2349 5269 _regul:e
2379 5199 2586 5269 unione
2610 5210 2738 5269 _non'
2767 5197 3154 5269 discrepantia.
3213 5197 3394 5254 Cuns.
3417 5229 3489 5254 -—-
3513 5199 3632 5252 Vi'l.

2048 5265 2328 5321 Maimesb.
2378 5267 2471 5322 lib.
2519 5282 2572 5321 tv
2609 5265 2768 5336 Poni.
2811 5265 2967 5336 Angl.
3000 5268 3052 5321 in
3080 5267 3206 5323 fine.
3246 5270 3481 5324 Alterius
3522 5269 3635 5336 θρὶ-

2045 5337 2196 5392 stolae
2230 5337 2298 5392 ad
2335 5337 2670 5392 Eadbaldum
2713 5334 3114 5392 Gerwieensem
3155 5339 3410 5394 abbatem
3454 5334 3640 5392 metri-

2043 5408 2124 5479 nit
2153 5406 2403 5462 Clemens
2441 5407 2719 5479 Reynerus
2742 5407 2880 5479 apud
2911 5406 3190 5479 AIfOrdum
3214 5407 3412 5479 Annal.
3440 5407 3641 5479 Anglo-

2044 5476 2246 5532 Saxon.
2277 5479 2344 5548 ad
2376 5493 2466 5532 an.
2510 5475 2636 5540 804,
2679 5492 2732 5528 η.
2773 5475 2862 5539 ‘20,
2906 5493 3026 5548 pag.
3081 5478 3167 5539 Η.
3213 5478 3328 5548 inec
3373 5475 3639 5535 verba'ci—

2050 5557 2208 5619 tans:
2239 5567 2259 5598 ‹
2283 5547 2397 5602 Non
2423 5549 2660 5619 ignotum
2690 5560 2808 5619 esse
2841 5555 2947 5601 tua:
2985 5546 3254 5619 diiectioni
3274 5588 3287 5610 ,
3331 5550 3639 5603 venerande

2049 5617 2239 5682 frater,
2282 5616 2466 5680 credo,
2510 5616 2655 5686 quod
2681 5617 2807 5670 olim
2837 5619 3006 5672 sancti
3043 5617 3231 5670 Patres
3269 5626 3640 5672 antecessores

2051 5689 2128 5741 tui
2159 5691 2290 5743 mihi
2341 5690 2466 5743 licet
2507 5685 2726 5753 indigno
2761 5685 3144 5746 familiaritatis
3183 5698 3376 5740 vestrm
3408 5689 3637 5756 gratiam

2046 5760 2503 5826 perdonaverunt,
2547 5764 2601 5812 et
2641 5757 2696 5812 in
2725 5756 2847 5811 albo
2888 5757 3234 5826 beatitudinis
3281 5767 3469 5810 vestra:
3504 5772 3640 5810 mine

2047 5825 2332 5897 parvitatis
2378 5843 2574 5882 nomen
2615 5825 3207 5897 conscribijusserunt.
3257 5828 3352 5889 ita,
3396 5835 3455 5880 ut
3497 5841 3639 5882 unus

2047 5896 2220 5953 essent
2248 5914 2313 5952 ex
2345 5898 2514 5964 vobis,
2544 5899 2849 5967 ubicunque
2874 5896 2980 5950 Deo
3012 5897 3223 5952 volente
3249 5912 3440 5951 essem.
3469 5917 3486 5949 ι
