4232 6414
673 489 768 542 163

1521 482 1578 533 Β.
1621 481 1682 533 F.
1723 479 1946 534 ALBlNl
1992 481 2119 534 SEU
2161 479 2432 535 ALCUINI
2473 481 2756 535 OPERUM
2798 479 2976 532 PARS
3017 479 3055 532 1.

3837 480 3929 530 ιω

665 610 867 670 pascua
891 594 1013 648 vitm
1037 592 1276 653 deducti,
1309 583 1576 644 similibus
1614 589 1878 660 regularis
1917 587 2072 660 {Coit
2103 588 2241 651 Sal.,
2280 596 2324 652 Α
2351 591 2520 659 gritas
2555 589 2718 644 efficit
2756 588 2920 661 [Cod.
2952 589 3100 652 Sat.,
3127 588 3350 660 efﬁciet]
3395 597 3611 642 sanctos
3649 597 3703 644 et
3742 589 3934 658 dignos

666 681 960 755 canonica]
987 683 1111 748 vitae
1134 678 1566 735 institutionibus
1595 677 1769 733 edocti
1789 719 1802 741 ,
1844 679 1994 747 pacis
2034 686 2088 733 et
2122 694 2250 733 con-

667 776 864 832 cordia:
886 772 1294 827 unanimitatem
1317 770 1727 840 diligentissime
1752 771 2055 824 observate.
2101 769 2252 822 Beati

669 866 874 935 caci/iri
895 906 908 927 ,
938 863 1185 935 quoniam
1211 860 1313 930 ﬁlii
1341 861 1436 913 Dei
1464 861 1789 914 vocabuntur
1819 861 2044 930 (Matth.
2071 876 2104 912 v
2123 902 2136 924 ,
2162 859 2250 930 9).
2303 905 2306 907 .

669 954 788 1012 Non
823 957 931 1011 sint
965 955 1256 1009 schismata
1282 951 1510 1005 occultae
1541 950 1903 1005 mmulatiOnis
1940 953 2082 1005 inter
2127 966 2248 1012 vos,

671 1049 798 1118 quia
817 1046 967 1120 Deus
990 1045 1258 1106 Christus,
1299 1043 1442 1096 Deus
1474 1049 1558 1095 est
1593 1043 1744 1111 pacis
1770 1051 1824 1097 et
1858 1043 2168 1106 charitatis,
2200 1050 2257 1095 et

673 1141 765 1209 qui
801 1139 853 1192 in
892 1137 1154 1191 charitate
1189 1144 1404 1197 manet,
1446 1134 1500 1187 in
1533 1133 1644 1188 Deo
1671 1142 1855 1188 manet
1887 1133 1957 1206 (Ι
1983 1134 2142 1187 Joan.
2177 1150 2251 1196 iv,

676 1230 799 1297 i6).
845 1228 1070 1282 Dilectio
1109 1241 1238 1281 vero
1263 1225 1496 1294 proximi
1528 1227 1583 1279 in
1623 1225 1799 1279 ofﬁcio
1833 1225 2252 1289 misericordim,

676 1320 732 1374 in
781 1319 1023 1373 doctrina
1064 1316 1255 1370 salutis
1313 1315 1637 1370 ostenditur.
1682 1314 1784 1380 Qui
1829 1315 1991 1369 habet
2034 1316 2259 1369 verbum

679 1409 775 1463 Dei
808 1409 863 1462 in
892 1409 1052 1462 corde
1081 1408 1273 1460 doceat
1295 1405 1634 1474 proximum;
1669 1405 1759 1472 qui
1787 1405 1947 1458 habet
1973 1404 2153 1460 saeculi
2180 1403 2260 1456 fa-

684 1500 912 1553 cultates
939 1539 953 1561 ,
1006 1491 1223 1566 adju‘Vet
1259 1496 1606 1567 proximum;
1651 1495 1743 1562 qui
1782 1495 1947 1547 habet
1979 1494 2263 1564 cujuslibet

685 1590 967 1645 ministerii
999 1588 1317 1652 scientiam,
1350 1586 1642 1656 opituletur
1668 1586 1942 1654 proximo,
1976 1586 2090 1654 ipso
2125 1600 2264 1653 pra:-

686 1681 918 1749 cipiente
945 1678 1092 1734 Deo:
1156 1677 1346 1731 Omnia
1383 1691 1702 1746 quarcunque
1741 1674 1928 1738 vultis,
1970 1684 2026 1727 ut
2064 1675 2263 1743 faciant

688 1773 827 1826 vobis
854 1773 1105 1834 homines,
1135 1771 1246 1822 Iure
1275 1769 1455 1822 eadem
1485 1764 1533 1821 et
1562 1785 1649 1822 vos
1687 1768 1844 1836 facite
1882 1767 1986 1833 iliis
2027 1768 2044 1838 (
2069 1767 2261 1820 Matth.

689 1879 762 1918 vn
785 1904 799 1928 ,
829 1862 896 1915 i2
917 1865 958 1932 ).
991 1859 1269 1929 Regularis
1301 1857 1421 1930 [vel
1447 1857 1756 1928 canonicaz]
1786 1858 1910 1910 vitzc
1937 1839 2266 1913 obsei‘vatio—

2352 680 2684 747 protectione
2717 680 2916 732 divina.
2959 678 3092 744 Quis
3132 695 3236 733 non
3276 679 3430 732 timet
3465 685 3728 732 terrorem
3765 678 3818 743 1⁵,
3843 680 3934 747 qui

2353 774 2549 828 accidit
2573 776 2626 828 in
2652 774 2879 828 ecclesia
2911 775 3076 828 sancti
3103 772 3359 828 Cudberti
3386 770 3556 844 [Cod.
3586 769 3705 826 Sal.
3725 811 3742 836 ,
3767 770 3935 825 Cuth-

2354 864 2616 936 hercti]?
2668 864 2934 935 Corrigitc
2964 872 3294 934 quapropter
3339 878 3518 917 mores
3566 870 3819 926 vestros,
3867 876 3939 917 ne

2352 962 2573 1025 pr0ptcr
2604 963 2826 1024 peccata
2861 955 3241 1010 sceleratorum
3277 961 3508 1023 pereant
3553 961 3610 1007 et
3649 952 3824 1021 justi;
3870 968 3939 1006 ne

2354 1046 2509 1099 vinea
2549 1045 2759 1099 Domini
2800 1046 3030 1114 vulpinis
3068 1047 3226 1100 detur
3268 1046 3516 1100 dentibus
3564 1044 3633 1099 ad
3676 1043 3941 1098 deroden-

2355 1134 2484 1187 dum
2508 1151 2521 1200 ;
2553 1149 2620 1187 ne
2655 1135 2959 1188 sanctuaria
2987 1135 3080 1188 Dei
3105 1136 3271 1203 pedes
3300 1148 3633 1205 paganorum
3659 1143 3941 1201 pertrans-

2356 1232 2506 1277 eant.
2555 1223 2668 1278 Hoc
2715 1224 2936 1298 impium
2993 1238 3112 1278 esse
3161 1225 3412 1291 videtur;
3452 1225 3546 1278 sed
3585 1222 3756 1278 multo
3788 1221 3942 1291 pejus

2357 1323 2476 1377 est,
2524 1315 2569 1367 si
2623 1313 2819 1367 diaboli
2873 1314 3130 1368 atrocitas
3181 1313 3450 1385 [propter
3499 1314 3703 1369 scelera
3755 1323 3941 1368 nostra

2359 1405 2538 1458 cardis
2562 1405 2734 1458 nostri
2759 1405 3006 1458 devastat
3031 1403 3378 1475 penetralia].
3408 1404 3634 1473 Pr0pter
3658 1403 3946 1457 interiores

2361 1498 2548 1552 hostes
2564 1538 2578 1561 ,
2605 1497 2906 1552 exteriores
2941 1505 3275 1564 potestatem,
3295 1497 3514 1550 habent.

2438 1586 2500 1656 Si
2536 1588 2701 1657 igitur
2726 1587 2869 1641 Deus
2901 1602 3001 1655 pro
3025 1587 3164 1642 bona
3191 1587 3597 1642 conversatione
3619 1593 3676 1640 et
3693 1585 3946 1640 castitate

2361 1683 2488 1736 vitze
2513 1683 2783 1736 habitator
2807 1691 2891 1736 est
2923 1683 3102 1737 cordis
3143 1682 3342 1745 nostri,
3387 1697 3656 1750 nunquam
3700 1680 3947 1734 inimicos

2365 1789 2491 1827 suos
2515 1782 2731 1828 vastare
2760 1774 2985 1828 dimittit
3011 1790 3132 1843 qua:
3160 1781 3344 1828 nostra
3379 1780 3522 1827 sunt.
3559 1771 3770 1839 Quanta
3804 1771 3944 1826 mul-

2367 1865 2540 1920 titudo
2573 1867 2848 1921 exercitus
2879 1865 3225 1936 Assyriorum
3261 1875 3478 1936 propter
3501 1881 3660 1919 unam
3684 1863 3819 1932 justi
3858 1880 3945 1918 rc-

689 1968 812 2007 nem
829 1993 842 2012 ,
873 1965 1033 2020 quam
1059 1957 1362 2002 statuerunt
1382 1949 1532 2001 vobis
1554 1947 1878 2001 sanctissimi
1905 1946 2093 2002 Patres
2118 1961 2142 1988 α
2167 1947 2268 2002 Be-
2297 1927 2340 1984 Β
2368 1959 2451 2028 gis
2479 1966 2534 2012 et
2558 1959 2668 2012 Deo
2696 1957 2877 2011 dilecti
2902 1957 3204 2010 orationem
3230 1957 3507 2025 perierat?
3531 1955 3771 2010 Aliorum
3795 1955 3949 2009 casti-

691 2044 935 2098 nedictus
961 2041 1166 2096 scilicet
1195 2050 1248 2095 et
1281 2039 1602 2103 Ceolfridus,
1640 2039 2048 2108 diligentissime
2087 2051 2268 2094 custo—

686 2135 797 2188 dite
820 2175 834 2199 ,
861 2143 1126 2202 quatenus
1153 2147 1278 2187 cum
1303 2132 1409 2184 illis
1434 2139 1692 2184 mternam
1718 2131 2109 2184 benedictionis
2135 2145 2270 2184 mer-

690 2226 872 2280 cedem
902 2226 1102 2279 babere
1127 2223 1461 2277 mereamini.
1494 2221 1620 2276 Haec
1645 2229 1730 2277 est
1759 2223 1877 2276 laus
1914 2231 2090 2276 vestra
2109 2263 2122 2286 ,
2166 2215 2269 2276 iste

690 2320 861 2374 honor
881 2328 1060 2373 vester
1081 2301 1220 2388 apud
1244 2319 1508 2382 homines,
1531 2325 1586 2372 et
1607 2318 1890 2372 retributio
1912 2319 2052 2387 apud
2077 2317 2266 2372 Deum.

688 2407 861 2461 Nolite
883 2407 1221 2461 conformare
1244 2421 1339 2459 vos
1365 2407 1546 2460 saeculi
1574 2407 1879 2460 hominibus
1904 2407 1956 2459 in
1987 2414 2273 2460 vestimen-

694 2507 873 2550 torum
894 2497 1152 2560 vanitate,
1182 2496 1233 2549 in
1257 2497 1536 2551 ebrietatis
1561 2497 1796 2562 luxuria,
1825 2498 1878 2550 in
1897 2496 2005 2564 jcci
2031 2497 2269 2564 lascivia,

691 2587 744 2641 in
786 2587 1077 2641 otiositatis
1105 2587 1402 2655 petulantia
1430 2606 1443 2640 :
1475 2588 1570 2642 sed
1600 2603 1722 2642 cum
1751 2589 1898 2642 omni
1928 2589 2187 2642 modestia
2217 2597 2273 2641 et

690 2680 891 2748 pietate
916 2681 1254 2734 conversatio
1281 2687 1454 2733 vestra
1480 2679 1593 2734 Deo
1619 2680 1687 2733 sit
1714 2679 1964 2734 amabilis
2002 2690 2057 2733 et
2097 2679 2272 2733 homi-

692 2769 849 2823 nibus
887 2770 1245 2834 venerabilis,
1288 2769 1429 2822 sicut
1465 2770 1618 2822 decet
1666 2769 1805 2824 ﬁlios
1844 2777 2046 2822 sancta:
2086 2767 2275 2821 matris

697 2861 994 2936 [Ecclesiae]
1022 2869 1077 2915 et
1103 2861 1429 2915 monachica:
1457 2860 1577 2914 vitae
1603 2859 1867 2914 alumnos.

765 2952 872 3007 Vos
897 2965 1024 3007 vero
1040 2991 1054 3014 ,
1085 2951 1174 3018 qui
1201 2950 1333 3024 estis
1361 2949 1548 3003 Patres
1573 2957 1627 3002 et
1651 2957 1897 3019 pastores
1923 2958 2124 3003 sanctm
2150 2965 2279 3005 con-

692 3040 1059 3113 gregatiouis,
1111 3040 1298 3093 docete
1349 3039 1754 3107 diligentissime
1803 3037 2042 3092 fraterno
2092 3053 2278 3092 amore

693 3130 978 3191 familiam,
1011 3143 1174 3197 quam
1204 3128 1486 3196 accepistis
1515 3127 1801 3196 regendam
1824 3167 1838 3192 ,
1866 3142 2135 3196 omneque
2179 3129 2278 3183 ho-

698 3221 888 3274 nitatis
909 3219 1210 3286 exemplum
1233 3220 1288 3272 in
1310 3218 1708 3286 vobismetipsis
1726 3217 2007 3273 ostendite.
2026 3218 2276 3274 Seniores

697 3318 756 3364 ut
777 3318 960 3378 patres
981 3324 1102 3362 cum
1125 3309 1331 3363 honore
1344 3311 1450 3378 22
1465 3310 1769 3374 admonete,
1792 3309 2035 3378 juniores
2057 3321 2116 3364 ut
2140 3311 2278 3366 ﬁlios

697 3383 821 3452 cum
871 3398 1016 3451 omni
1070 3396 1350 3451 dilectione
1400 3398 1680 3465 castigate.
1735 3397 1935 3453 Omnes
1981 3401 2276 3470 invspiritu

700 3487 1128 3543 mansuetudinis
1156 3495 1210 3540 et
1240 3488 1521 3541 verborum
1552 3489 1830 3542 honestate
1860 3489 2128 3544 instruite.
2173 3490 2282 3544 Sa:-

700 3582 931 3650 piusque
959 3579 1141 3647 regula
1169 3579 1339 3632 sancti
1366 3579 1638 3633 Benedicti
1670 3580 1723 3634 in
1752 3571 2019 3635 conventu
2054 3566 2279 3635 fratrum

703 3670 979 3742 [legatur,
1007 3668 1108 3740 ut]
1135 3669 1349 3738 propria
1376 3678 1675 3738 exponatur
1710 3670 1918 3740 lingua,
1961 3680 2016 3726 ut
2058 3673 2280 3742 intelligi

703 3758 877 3828 possit
901 3759 971 3810 ab
998 3759 1264 3812 omnibus.
1293 3758 1374 3812 Ad
1401 3759 1550 3828 cujus
1578 3760 1965 3816 institutionem
1994 3765 2282 3832 unusquis-

705 3864 810 3918 que
833 3863 987 3902 suam
1015 3849 1248 3916 corrigat
1273 3849 1460 3912 vitam,
1477 3857 1535 3901 ut
1559 3849 1702 3917 quod
1730 3848 1884 3921 [Deo]
1910 3852 2132 3925 vovistis
2155 3860 2281 3906 ante

703 3941 894 4004 altare,
919 3939 1294 3992 inviolabiliter
1311 3940 1645 3992 custodiatur
1665 3955 1694 3992 a
1718 3943 1900 4006 vobis;
1927 3944 2137 3997 dicente
2159 3943 2284 3997 Pro-

702 4031 866 4096 pheta
897 4047 909 4080 :
949 4025 1132 4080 Vovete
1157 4037 1202 4080 et
1234 4028 1431 4081 reddite
1461 4028 1686 4082 Domino
1729 4030 1836 4084 Deo
1882 4042 2045 4086 vestro
2084 4033 2102 4104 (
2129 4032 2276 4086 Psal.

704 4133 867 4183 uxv,
893 4118 1002 4185 {2).
1028 4116 1283 4184 Displicet
1301 4118 1446 4170 enim
1469 4118 1578 4172 Deo
1599 4118 1828 4174 inﬁdelis
1848 4123 2133 4190 promissio
2157 4123 2284 4194 (Ec-

705 4205 792 4257 rli.
824 4221 872 4267 v,
903 4207 980 4277 5).
1007 4206 1252 4275 Cogitate
1275 4221 1435 4275 quem
1465 4208 1707 4262 habeatis
1732 4209 2066 4266 defensorem
2095 4223 2280 4267 contra

702 4310 970 4364 paganos,
999 4295 1089 4364 qui
1127 4305 1492 4365 apparuerunt
1519 4299 1660 4351 circa
1706 4301 1961 4355 terminos
2003 4299 2284 4357 maritima:

705 4386 1070 4439 habitationis.
1117 4386 1288 4440 Nolite
1329 4387 1381 4440 in
1425 4389 1591 4442 armis
1633 4404 1782 4458 spem
1823 4408 2050 4460 ponere,
2095 4396 2187 4449 sed
2230 4397 2282 4450 in

706 4475 818 4530 Deo
849 4478 941 4543 qui
980 4492 1253 4545 nunquam
1295 4480 1494 4532 deserit
1533 4492 1812 4547 sperantes
1837 4483 1889 4534 in
1917 4499 1993 4537 se.
2026 4485 2199 4539 Nolite
2228 4487 2282 4539 in

707 4564 832 4636 fuga
858 4565 1127 4620 confidere
1154 4567 1432 4637 (carnali),
1460 4570 1553 4623 sed
1579 4571 1631 4622 in
1658 4587 1816 4640 prece
1838 4573 2054 4628 Patrum
2077 4586 2284 4631 vestro-

709 4672 864 4722 rum;
908 4657 1091 4725 sicque
1133 4657 1345 4712 tandem
1383 4659 1477 4712 tilii
1509 4661 1694 4726 eritis,
1739 4664 1780 4716 si
1816 4672 1999 4718 eorum
2040 4668 2282 4737 vestigiis

712 4748 990 4802 adhaerere
1041 4747 1317 4804 studentis.
1375 4749 1492 4804 Non
1537 4754 1681 4806 enim
1729 4754 1829 4809 loci
1879 4742 2283 4814 malefacientgs

711 4841 927 4910 adjuvat
953 4843 1211 4894 sanctitas
1232 4882 1245 4903 ,
1275 4843 1368 4896 sed
1396 4843 1793 4900 benefacientes
1831 4848 2103 4917 religionis
2143 4853 2281 4905 intc-

781 5009 804 5034 ι
839 4994 1146 5076 Benedictus
1167 5008 1212 5048 et
1235 4995 1548 5076 Ceolfriduj.
1566 4999 1958 5076 benedictusis
1980 5015 2058 5058 est
2087 5022 2285 5076 cogno-

712 5065 1201 5149 men‘tonﬁiscopus,
1230 5069 1333 5149 qui.
1355 5081 1454 5136 ope
1467 5067 1683 5149 ‘lél'gfridi
1721 5065 2283 5149 regis_t_V:orthumhri:e

712 5147 867 5212 anno.
885 5131 1009 5212 674,
1029 5131 1444 5212 monasterium
1467 5131 1709 5212 Wirense
1736 5131 1847 5212 seu
1865 5142 2282 5199 Wirimuthense

713 5201 974 5273 condidit.
1025 5201 1323 5273 Ceolfridus
1365 5206 1571 5273 primus
1617 5209 1782 5262 abbas
1824 5209 1925 5264 fuit
1969 5217 2282 5269 monasterii

712 5270 1026 5347 Cy_rven_s_is.
1093 5270 1564 5347 «NamJilgfridus
1619 5291 1710 5347 rex
1763 5279 2182 5347 Northumbriaz,
2225 5294 2282 5338 ut

717 5341 876 5421 habet
913 5339 1218 5421 Florentius
1263 5339 1690 5421 Wignorniensis
1717 5348 1788 5421 ad
1810 5364 2008 5403 annum
2034 5339 2284 5421 682,'pro

719 5409 1101 5490 redemptione
1125 5412 1318 5464 animae
1359 5409 1679 5490 admetiam
1722 5416 1882 5490 aliam
1916 5409 2283 5490 quadraginta

717 5473 1040 5556 familiarum
1087 5487 1285 5556 terram
1333 5483 1513 5556 abbati
1559 5485 1849 5556 Benedicto
1897 5473 2284 5554 ddnavitﬁubi

718 5551 898 5628 missis
921 5551 1198 5628 monachis
1222 5565 1447 5628 numero
1468 5552 1652 5628 viginti
1685 5555 1891 5628 duobus
1919 5567 1973 5611 et
2000 5551 2286 5628 przeposito

718 5615 914 5695 abbate
951 5613 1218 5695 Ceolfrido
1258 5620 1338 5674 sui
1367 5635 1461 5689 per
1485 5613 1661 5695 omnia
1688 5613 2284 5693 coadjutore'strénuis;

720 5689 1029 5766 simpjussu
1059 5689 1201 5766 regis
1232 5692 1613 5766 monasterium
1644 5695 1799 5748 beato
1818 5689 2001 5750 'Paulo
2048 5700 2287 5766 apostolo

725 5767 776 5828 in
818 5753 952 5828 Loco.
983 5753 1296 5828 qui‘dicitur
1321 5759 1576 5828 Cyrvum,
1603 5766 1920 5818 construxit.
1947 5786 1964 5816 ι
2000 5753 2287 5821 Venerabi-

725 5818 791 5871 lis
819 5817 955 5886 Beda
986 5817 1052 5876 ab
1080 5824 1162 5878 his
1191 5817 1468 5882 abbatibus
1499 5817 2285 5906 se'etlucatumﬂfuisse—proii-

2369 2051 2514 2118 gatio
2552 2057 2730 2103 vestra
2760 2049 2830 2103 sit
2856 2049 3184 2110 admonitio,
3220 2057 3274 2101 et
3301 2061 3598 2116 paucorum
3638 2046 3946 2100 tribulatio.

2369 2140 2659 2193 multorum
2691 2139 2761 2192 sit
2787 2137 3031 2192 salvatio.
3063 2139 3168 2192 Vos
3195 2138 3463 2191 maritima
3490 2137 3781 2200 habitatis,
3811 2136 3950 2189 unde

2371 2229 2540 2296 pestis
2585 2229 2761 2298 primo
2807 2227 3028 2298 ingruit.
3074 2227 3130 2281 In
3175 2227 3329 2281 nobis
3372 2225 3648 2296 impletum
3685 2233 3771 2280 est
3809 2225 3951 2293 quod

2368 2317 2496 2372 olim
2532 2333 2628 2386 per
2663 2317 2990 2386 Prophetam
3025 2317 3378 2387 praedicatum
3412 2323 3534 2370 est:
3583 2315 3660 2368 Ab
3698 2315 3954 2386 Aquilone

2370 2409 2706 2463 inardescunt
2741 2407 2885 2461 mala
2925 2419 2972 2462 et
3015 2425 3046 2460 α
3075 2407 3298 2461 Domino
3337 2403 3677 2476 formidatam
3715 2405 3953 2458 laudatio

2373 2499 2532 2552 veniet
2563 2498 2795 2568 (Jerem.
2830 2514 2881 2564 l,
2913 2497 2980 2550 14
3006 2497 3172 2562 ;·Ιοὸ.
3206 2496 3424 2561 x'xxvn,
3455 2495 3586 2567 22).
3615 2495 3755 2550 Ecce
3791 2494 3952 2564 fugax

2373 2589 2513 2642 latro
2545 2589 2788 2643 boreales
2817 2588 3006 2643 insulm
3035 2589 3233 2642 nostrm
3268 2595 3450 2656 partes
3487 2585 3743 2656 pervasit.
3787 2584 3953 2637 Plan-

2375 2695 2563 2748 gamus
2604 2679 2749 2747 quod
2789 2678 2987 2731 fratres
3014 2678 3183 2731 nostri
3211 2677 3450 2747 perpessi
3478 2683 3621 2730 sunt.
3651 2674 3959 2730 Caveamus

2375 2788 2443 2825 ne
2489 2771 2646 2824 nobis
2681 2769 2884 2838 aliquid
2920 2770 3134 2824 accidat
3168 2769 3293 2824 tale.
3332 2768 3731 2822 Pratveniamus
3762 2766 3955 2821 faciem

2376 2861 2588 2915 Domini
2635 2860 2689 2914 in
2736 2858 3077 2927 confessione
3103 2869 3160 2912 et
3180 2858 3453 2927 ploremus
3481 2871 3664 2911 coram
3691 2856 3922 2912 Domino
3939 2895 3952 2917 .

2377 2953 2467 3021 qui
2502 2950 2631 3006 fecit
2668 2969 2768 3007 nos
2802 2952 2987 3024 (Psal.
3017 2967 3163 3018 xcrv,
3187 2950 3255 3015 2,
3285 2950 3385 3022 6);
3420 2958 3480 3004 ut
3507 2950 3596 3004 ille
3623 2949 3716 3019 qui
3743 2958 3958 3004 creator

2378 3053 2462 3098 cst
2497 3053 2552 3098 et
2590 3044 2914 3114 redemptor,
2955 3045 3026 3098 sit
3052 3045 3218 3098 etiam
3248 3050 3520 3114 protector
3547 3050 3602 3097 et
3630 3049 3828 3106 rector,
3859 3049 3957 3109 pro

2380 3134 2645 3202 bonisque
2671 3134 2797 3188 vitae
2827 3135 3052 3197 meritis,
3080 3142 3136 3188 et
3161 3133 3434 3202 religionis
3462 3133 3710 3187 castitate
3737 3134 3956 3185 dextera

2305 3259 2352 3321 ε
2381 3226 2633 3294 potentia:
2663 3242 2773 3280 suae
2799 3225 3052 3314 defendat
3081 3227 3222 3281 ovile
3248 3241 3422 3280 suum.

2453 3315 2829 3369 Recordamini
2851 3303 3015 3389 quam
3037 3316 3243 3369 nobiles
3260 3315 3524 3369 habuistis
3542 3314 3752 3376 Patres,
3776 3321 3832 3367 et
3854 3326 3955 3366 non

2381 3407 2500 3461 sitis
2537 3407 2704 3460 tantis
2729 3407 3165 3476 progenitoribus
3194 3408 3483 3477 degeneres
3510 3405 3625 3459 ﬁlii.
3656 3404 3846 3459 Videte
3872 3402 3957 3457 Li-

2378 3500 2602 3552 brorum
2641 3498 2896 3553 tbesaura
2927 3497 3098 3568 [Loco
3129 3497 3478 3570 thesauros],
3509 3497 3848 3552 considerate
3871 3511 3957 3550 ee-

2380 3587 2668 3642 clesiarum
2691 3589 2939 3644 decorem
2955 3627 2970 3652 ,
2993 3588 3339 3643 aediﬁciorum
3358 3587 3832 3664 pulchritudinem.
3855 3584 3957 3638 Re.

2380 3677 2582 3746 gularis
2610 3678 2734 3731 vitae
2761 3678 3006 3732 ordinem
3036 3686 3409 3732 rememorate.
3450 3676 3622 3742 Quam
3657 3677 3850 3730 beatus
3878 3681 3957 3728 est

2381 3766 2544 3821 homo
2563 3767 2655 3834 qui
2678 3767 2744 3820 de
2767 3766 2854 3820 his
2879 3766 3257 3835 pulcherrimis
3280 3765 3603 3821 habitaculis
3627 3765 3695 3818 ad
3721 3763 3956 3819 caelestis

2383 3859 2532 3928 regni
2579 3858 2774 3928 gaudia
2824 3859 3098 3912 transeat!
3140 3857 3669 3925 Assuescant/pueri
3715 3854 3956 3908 laudibus

2380 3952 2563 4002 astare
2592 3949 2811 4017 superni
2841 3948 3016 4015 regis,
3047 3962 3154 4001 non
3183 3946 3425 4016 vulpium
3452 3945 3636 4000 fodere
3666 3957 3950 4004 cavernas,

2384 4055 2489 4093 non
2530 4039 2773 4107 leporum
2824 4036 3044 4108 fugaces
3075 4038 3228 4107 sequi
3261 4052 3469 4092 cursus.
3496 4035 3689 4105 ‘Quam
3737 4035 3954 4103 impium

2383 4137 2466 4183 cst
2492 4127 2694 4182 Christi
2719 4127 2967 4180 amittere
2995 4127 3249 4195 obsequia
3275 4137 3332 4181 et
3357 4127 3593 4197 vulpium
3620 4124 3773 4195 sequi
3802 4124 3955 4180 vesti-

2385 4218 2504 4285 gia!
2539 4216 2758 4269 Discant
2786 4215 2938 4284 pueri
2967 4214 3275 4284 Scripturas
3303 4225 3517 4278 sacras,
3545 4222 3605 4269 ut
3645 4223 3805 4269 aetate
3840 4228 3955 4284 per-

2387 4304 2524 4359 fecta
2553 4305 2801 4358 veniente
2825 4304 2960 4358 alios
2984 4305 3176 4367 docere
3199 4306 3422 4374 possint.
3451 4304 3551 4371 Qui
3581 4320 3686 4359 non
3717 4304 3878 4359 discit
3902 4303 3980 4359 in.

2386 4394 2645 4465 pueritia,
2671 4378 2776 4451 non
2808 4395 2965 4449 docet
2989 4395 3044 4448 in
3070 4403 3394 4450 senectute.”

2457 4486 2769 4554 Recogitate
2815 4485 3204 4540 nobilissimum
3242 4485 3412 4540 nostri
3454 4487 3710 4560 temporis
3740 4497 3761 4525 ε
3793 4487 3955 4557 magi-

2313 4584 2364 4643 D
2391 4585 2563 4629 strum
2588 4576 2790 4630 Bedam
2809 4576 3380 4646 presbyterum,quale
3403 4577 3590 4633 habuit
3610 4579 3662 4631 in
3679 4576 3955 4646 juventute

2390 4667 2632 4720 discendi
2657 4667 2892 4720 studium
2918 4707 2932 4731 ,
2963 4668 3174 4736 qualem
3199 4667 3392 4739 [Edit.,
3416 4669 3601 4742 quam]
3625 4686 3768 4724 nunc
3797 4671 3951 4725 habet

2390 4757 2529 4842 inter
2558 4759 2802 4812 homines
2827 4759 3070 4823 laudem,
3104 4758 3275 4814 multo
3312 4760 3572 4830 majorem
3610 4762 3752 4832 apud
3792 4762 3950 4817 Deum

2390 4847 2838 4901 remunerationis
2870 4848 3116 4916 gloriam.
3169 4847 3314 4904 illius
3357 4849 3525 4918 igitur
3557 4849 3803 4920 exemplo
3835 4850 3950 4905 dor-

2389 5005 2533 5048 tetur
2557 4996 2610 5067 in
2641 4995 2745 5051 ﬁne
2771 4997 2912 5052 Hist.
2941 4997 3098 5067 Angl.
3120 5000 3207 5056 his
3227 5001 3414 5057 verbis
3438 5021 3450 5055 :
3484 5020 3504 5052 ς
3521 4989 3695 5057 Natus
3721 5005 3776 5058 in
3798 5004 3950 5059 terri-

2389 5067 2526 5119 torio
2566 5065 2800 5133 ejusdem
2839 5065 3174 5144 monasterii,
3213 5086 3336 5144 cum
3359 5086 3532 5127 essem
3559 5082 3949 5144 septemanno-

2388 5149 2524 5254 pum,
2572 5151 2702 5216 cura
2744 5139 3165 5219 propinquorum
3187 5141 3358 5222 .datus
3391 5156 3513 5224 sum
3545 5139 3853 5224 educandus
3876 5157 3950 5198 re—

2423 5206 2775 5259 erendtssimo
2799 5206 2975 5260 abbati
3006 5207 3292 5264 Benedicto
3316 5225 3381 5264 ac
3407 5211 3599 5265 deinde
3626 5209 3902 5268 Ceolfrido.
3925 5232 3941 5264 ι

2389 5274 2508 5350 yid.
2540 5273 2742 5350 Aliord.
2773 5276 2966 5350 danai.
3009 5278 3214 5350 Eecles.
3243 5278 3644 5350 Anglo-Saxon.
3669 5284 3738 5336 ad
3759 5295 3945 5336 annum

2388 5342 2511 5406 674,
2541 5359 2596 5398 n.
2622 5343 2676 5407 5,
2697 5352 2751 5396 et
2772 5342 2896 5410 682,
2928 5363 2984 5400 η.
3008 5346 3064 5401 2.

2460 5413 2486 5452 δ
2527 5412 2814 5486 Terrorem,
2844 5415 3166 5486 quigaceidit,
3206 5425 3313 5486 etc.
3349 5417 3477 5472 Vide
3521 5433 3640 5486 quas
3683 5419 3945 5474 adnotavi-

2393 5497 2513 5535 mus
2542 5482 2596 5535 in
2621 5482 2902 5549 epistolam
2926 5483 2960 5537 8
2989 5485 3055 5538 ad
3079 5482 3560 5542 Lindisfarnenses.

2390 5556 2426 5633 'n
2458 5561 2484 5588 ο
2505 5550 2988 5633 ,Ιγοειτὶλιςωροήε
3025 5557 3355 5633 magistram.
3383 5555 3460 5633 E5
3484 5556 3570 5633 bis
3595 5557 3774 5633 verbis
3799 5557 3945 5633 infert

2389 5618 2671 5696 capisius,
2715 5618 3375 5696 Alcuinumuno'mfuisse
3417 5625 3572 5681 Beda:
3616 5626 3940 5696 discipulum.

2396 5706 2413 5737 ι
2434 5686 2543 5742 Cur
2564 5704 2728 5751 enim,
2752 5692 2848 5753 ait,
2873 5691 3153 5747 invidisset
3176 5693 3333 5749 Beda:
3356 5694 3494 5750 hanc
3521 5686 3828 5755 laudemfet
3851 5711 3945 5752 non

2388 5758 2931 5894 ppstlixngppellasset
2978 5776 3152 5825 suum,
3200 5778 3363 5832 quam
3410 5765 3492 5819 sui
3536 5765 3794 5833 temporis
3841 5782 3945 5820 ma-
