4232 6424
335 489 442 546 165

1786 477 2187 534 EPISTOL/E.‘

3516 473 3613 527 166

336 611 568 662 mientes
596 603 832 661 excitate
861 602 1088 655 animos.
1121 597 1388 666 Magistris
1417 596 1680 657 assidete,
1711 593 1919 663 aperite
1948 597 1997 652 Α
2024 605 2121 645 vos
2144 598 2404 658 protegat.
2437 588 2534 656 (et)
2564 586 2761 655 ubique
2788 587 2840 638 in
2871 589 3016 638 omni
3043 590 3181 639 bono
3210 589 3402 640 limere
3428 585 3616 649 faciat,

312 684 538 760 Ilibros,
565 692 857 764 perspicite
882 690 1111 754 litteras,
1147 686 1428 756 intelligite
1457 700 1645 739 sensus
1673 683 1886 737 illarum
1908 723 1921 744 .

308 817 314 822 -
337 799 396 842 ut
428 785 787 853 vosmetipsos
813 793 1036 852 pascere
1054 778 1076 845 ,'
1098 788 1154 832 et
1181 779 1300 831 aliis
1327 776 1588 847 spiritalis
1615 776 1736 828 vita:
1762 773 1928 844 (epu-

304 853 310 860 ι
337 878 451 950 las)
491 878 734 947 praebere
767 873 1014 928 valeatis.
1047 869 1406 924 Absconditas
1435 866 1606 938 [ϐοά.
1639 865 1779 930 Sal.,
1813 866 1926 918 ine-

335 968 502 1042 ptas]
554 967 977 1023 comessationes
1012 972 1068 1018 et
1101 963 1330 1015 furtivas
1387 957 1553 1028 (Cod.
1607 955 1752 1018 Sal.,
1787 953 1923 1007 assi-

335 1058 508 1130 duas]
535 1059 827 1113 ebrietates
852 1055 1010 1124 quasi
1039 1053 1247 1107 foveam
1277 1049 1471 1104 inferni
1502 1049 1687 1107 vitate,
1715 1046 1926 1099 dicente

335 1150 675 1215 Salomone:
715 1149 878 1218 Aqua:
916 1146 1123 1214 furtiva:
1163 1142 1453 1212 (dulciores
1487 1139 1642 1206 siml)
1681 1146 1728 1190 et
1767 1151 1924 1205 panes

334 1237 633 1291 absconditi
670 1235 957 1290 suaviores.
1001 1231 1108 1286 Sed
1149 1231 1240 1302 (et)
1288 1229 1428 1298 apud
1471 1228 1666 1295 inferos
1712 1224 1924 1276 illarum

332 1336 460 1380 sunt
488 1326 714 1379 convivae
745 1323 938 1394 (Prae.
966 1338 1054 1384 IS,
1091 1321 1177 1384 l7,
1210 1318 1310 1387 l8)
1335 1335 1348 1382 ;
1378 1317 1562 1370 volens
1593 1313 1815 1380 intelligi
1847 1320 1926 1364 ta-

333 1420 478 1473 libus
515 1415 786 1487 (iniquis)
825 1415 1001 1482 epulis
1027 1399 1445 1466 dmmones'esse
1473 1415 1782 1477 prtesentcs.
1819 1405 1926 1458 Vos

333 1509 524 1572 decet,
555 1514 617 1560 ut
653 1505 795 1560 filios
832 1504 1206 1567 Dei,lmorum
1245 1499 1528 1560 nobilitas,
1562 1498 1682 1550 vita:
1721 1495 1924 1548 sancti—

332 1608 451 1661 tas,
492 1597 943 1650 vestimentorum
978 1592 1261 1646 modestia.
1302 1589 1459 1642 Risus
1493 1589 1718 1641 hominis
1747 1595 1794 1638 et
1831 1587 1925 1638 ha-

331 1689 472 1742 bitus
531 1687 708 1750 illius,
767 1695 816 1738 et
868 1686 1096 1738 incessus
1149 1685 1293 1752 ejus,
1338 1681 1494 1748 juxta
1546 1680 1921 1741 Salomonem,

328 1782 612 1836 enuntiarit
632 1781 697 1832 de
717 1796 776 1832 eo
801 1777 990 1849 (Eccli.
1018 1794 1108 1831 XIX
1125 1818 1138 1840 ,
1165 1777 1278 1847 27).

410 1871 519 1941 23
557 1869 711 1936 Quod
738 1869 790 1921 in
816 1867 967 1922 laicis
992 1867 1110 1920 laus
1136 1882 1255 1920 esse
1279 1865 1508 1925 videtur,
1539 1864 1590 1916 id
1623 1871 1724 1926 est,
1757 1863 1922 1916 vesti-

2029 677 2227 732 fratres
2251 677 2578 731 charissimi.

2571 784 2904 839 EPISTOLA
2941 785 3056 838 XV.

2320 894 2385 929 ΑΙ)
2428 891 2668 929 ιἰιηιιῑεο
2704 891 2988 929 ΕΥΒΟΙΞΝΒΙΞ
3026 889 3313 928 εςειεει.ε.

2030 964 2291 1018 Hortatur
2343 967 2462 1018 illos
2513 967 2580 1017 ad
2633 967 2844 1018 eirtutrs
2894 967 3162 1018 monachis
3206 968 3423 1035 dignas,
3465 978 3511 1020 et
3548 968 3618 1021 ad

2098 1036 2345 1098 sectanda
2364 1046 2574 1103 patrum
2597 1054 2657 1087 ac
2681 1038 3051 1101 magistrorum
3076 1053 3289 1088 suorum
3313 1039 3543 1106 vestigia.

2100 1143 2471 1197 Sanctissimis
2517 1144 2568 1196 in
2613 1143 2833 1197 Christo
2859 1157 2884 1182 ει
2918 1143 3177 1197 fratribus
3208 1146 3619 1214 GyroeusisEc—

2028 1234 2205 1286 clesim
2234 1233 2454 1286 humilis
2479 1233 2636 1286 levita
2668 1233 2928 1287 Alcuinus
2960 1235 3206 1288 salutem.

2099 1321 2304 1374 Memor
2345 1321 2561 1390 pietatis
2607 1330 2820 1383 vestrae,
2854 1338 2959 1389 qua
2992 1337 3077 1375 me
3103 1325 3309 1392 gremio
3337 1325 3624 1380 charitatis

2029 1411 2081 1464 in
2106 1406 2540 1465 communionem
2575 1420 2777 1466 sancta:
2804 1414 3065 1468 orationis
3106 1424 3301 1469 vestrae
3348 1419 3624 1486 suscipere

2027 1503 2435 1570 dignativestis,
2481 1503 2681 1572 placuit
2712 1504 2966 1572 parvitati
2997 1519 3145 1566 mete,
3192 1507 3332 1561 hanc
3375 1510 3622 1562 veritatis

2025 1602 2221 1646 vestrae
2263 1594 2607 1660 sponsionem
2647 1593 2698 1645 in
2729 1595 3045 1646 memoriam
3077 1610 3330 1650 revocare
3363 1598 3446 1651 his
3477 1598 3620 1651 litte-

2028 1682 2178 1747 rulis,
2227 1692 2421 1751 optans
2452 1684 2606 1737 vobis
2642 1684 2783 1736 bona
2824 1683 3042 1738 Christo
3083 1687 3375 1741 miserante
3419 1699 3618 1742 aeterna

2027 1780 2080 1824 et
2102 1786 2198 1838 per
2246 1781 2440 1826 vestra:
2465 1772 2769 1827 dilectionis
2801 1773 3220 1829 intercessiones
3249 1793 3332 1830 me
3362 1779 3429 1830 ab
3458 1789 3614 1833 (eter-

2030 1861 2114 1915 nis
2137 1863 2250 1915 erui
2274 1863 2576 1926 tormentis,
2601 1873 2661 1915 ut
2682 1864 2807 1917 dum
2835 1865 2987 1917 vobis
3014 1866 3065 1917 in
3098 1867 3184 1919 die
3208 1866 3419 1921 Domini
3448 1873 3620 1924 nostri
3653 1880 3656 1882 ‘

327 1931 641 2012 mentorum
679 1955 875 2018 cultus,
921 1954 1023 2009 hoc
1064 1955 1118 2006 in
1153 1954 1365 2008 clericis
1388 1962 1441 2006 et
1466 1953 1700 2004 maxime
1731 1951 1784 2003 in
1813 1967 1927 2005 mo—
1958 1931 2003 1990 Β
2030 1951 2157 2005 Jesu
2197 1953 2398 2006 Christi
2444 1969 2642 2007 corona
2676 1955 2850 2009 laudis
2878 1957 3233 2024 reputabitur,
3280 1961 3412 2013 mihi
3442 1961 3507 2014 ab
3538 1979 3621 2017 eo-

329 2049 528 2103 nachis
576 2048 928 2116 reprehensio
977 2061 1096 2100 esse
1147 2043 1512 2115 cognoscitur.
1561 2044 1667 2096 Sed
1715 2050 1770 2095 et
1814 2036 1928 2109 ipse

326 2139 586 2209 princeps
625 2137 989 2205 apostolorum
1023 2137 1186 2190 etiam
1235 2135 1462 2189 feminas
1489 2150 1518 2188 a
1548 2133 1798 2202 pretiosis
1841 2148 1930 2186 ve-

327 2229 607 2284 stimentis
625 2235 678 2281 et
694 2227 969 2281 circulatis
989 2227 1196 2294 capillis
1214 2227 1491 2294 prohibuit
1513 2226 1564 2294 (I
1583 2227 1727 2277 Pctr.
1746 2242 1828 2288 ιιι,
1847 2225 1924 2294 5).

326 2318 392 2374 Si
439 2319 542 2372 hoc
582 2324 864 2386 peccatum
915 2333 1024 2370 non
1064 2325 1229 2382 esset,
1275 2319 1406 2371 dicit
1444 2316 1737 2385 Gregorius
1767 2330 1926 2384 papa,

325 2422 612 2477 nunquam
638 2407 832 2461 Pastor
854 2406 1109 2460 Ecclesia:
1137 2425 1168 2461 a
1193 2407 1402 2461 deliciis
1439 2407 1667 2460 vestium
1699 2404 1928 2459 feminas

324 2497 714 2569 prohibuisset.
741 2496 932 2551 Omnia
959 2506 1139 2550 vestra
1159 2496 1389 2551 honeste
1412 2511 1535 2550 cum
1561 2496 1749 2549 ordine
1776 2495 1926 2558 fiant,

325 2596 391 2644 ut
411 2588 661 2642 laudetur
695 2587 838 2642 Deus
884 2587 938 2640 in
989 2596 1170 2642 vestra
1217 2589 1358 2642 bona
1400 2587 1833 2650 conversatione,
1874 2595 1929 2640 et

324 2682 510 2734 honor
544 2684 726 2733 vester
769 2680 912 2746 apud
950 2679 1202 2734 homines
1231 2689 1459 2742 crescat,
1492 2688 1546 2733 et
1577 2695 1786 2733 merces
1820 2695 1931 2732 me-

323 2771 562 2824 ritorum
610 2768 1002 2836 multiplicetur
1049 2769 1191 2836 apud
1234 2769 1422 2823 Deum.
1454 2769 1626 2823 Breve
1652 2776 1736 2823 est
1763 2769 1926 2838 (prie-

322 2859 524 2930 sentis)
553 2859 674 2913 vitae
693 2866 924 2927 tempus,
956 2865 1010 2911 et
1037 2859 1228 2912 ultima
1255 2859 1369 2913 dies
1390 2859 1678 2926 unicuique
1701 2860 1925 2922 incerta,

321 2955 383 3002 et
407 2949 517 3004 cito
547 2947 792 3016 rapimur
816 2941 886 3002 ad
914 2947 1203 3018 judicium.
1237 2946 1653 3016 Qualisquisque
1681 2958 1812 3002 tunc
1835 2963 1929 3002 cu-

319 3039 445 3110 piat
483 3053 624 3103 esse,
673 3039 836 3093 talem
866 3054 925 3094 se
962 3056 1107 3094 nunc
1146 3049 1257 3093 tota
1303 3041 1503 3095 virtute
1544 3041 1821 3096 exhibeat.
1865 3039 1924 3096 Si

320 3128 459 3197 quid
513 3128 725 3195 peccati
786 3142 887 3196 pro
949 3127 1243 3198 fragilitate
1302 3131 1485 3185 carnis
1553 3133 1924 3198 commiserit,

319 3218 513 3272 ablu‘at
557 3217 713 3288 [ϐοά.
747 3216 889 3284 Sal.,
936 3219 1287 3272 commissum
1332 3229 1433 3284 est,
1484 3220 1757 3292 abluatur]
1802 3235 1996 3319 con-c

320 3308 596 3370 fessione,
645 3307 821 3362 deleat
861 3308 1200 3377 paenitentia,
1244 3323 1312 3363 ne
1352 3309 1638 3364 damnetur
1663 3311 1716 3363 in
1741 3325 1921 3379 pcena,

321 3397 425 3452 sed
451 3405 742 3452 coronetur
768 3398 824 3451 in
853 3398 1043 3478 gloria.
1076 3398 1302 3453 Habetis
1341 3409 1558 3455 sanctos
1584 3399 1795 3466 Patres,
1832 3402 1924 3470 qui

320 3503 426 3544 vos
465 3497 786 3560 genuerunt,
835 3489 1130 3559 adjutores,
1175 3489 1224 3583 si
1269 3489 1484 3544 illorum
1530 3500 1924 3561 praeceptorum

321 3577 485 3632 eritis
505 3576 761 3632 factores.
790 3577 896 3631 Sed
919 3586 973 3632 et
994 3576 1251 3646 angelica:
1276 3578 1586 3648 dignitates,
1611 3587 1664 3634 et
1683 3582 1924 3635 omnium

228 3683 232 3687 ·
323 3673 645 3721 sanctorum
690 3665 906 3734 agmina
950 3667 1291 3744 congaudent
1324 3666 1482 3720 bonis
1507 3669 1726 3735 vestris,
1761 3670 1928 3742 (desi-

323 3757 524 3812 derant
565 3770 662 3810 vos
708 3756 885 3811 socios
928 3745 1129 3810 habere
1165 3772 1275 3810 sua:
1300 3756 1704 3830 beatitudinis);
1737 3760 1846 3815 imo
1870 3770 1926 3816 et

323 3848 444 3916 ipse
494 3845 676 3910 Deus,
730 3846 826 3915 qui
875 3846 989 3900 vult
1038 3861 1227 3902 omnes
1276 3848 1524 3902 homines
1573 3849 1751 3903 salvos
1807 3850 1923 3906 ﬁeri

325 3936 379 4009 (1
413 3936 550 3990 Tim.
587 3953 645 4003 ιι,
681 3936 757 4008 4),
805 3937 957 3993 vobis
983 3938 1171 3998 :eterni
1199 3941 1347 4010 regni
1377 3951 1737 4010 praeparatam
1763 3943 1925 3998 habet

324 4027 582 4096 gloriam.
855 4043 858 4046 ’
877 4087 882 4092 _
1381 4047 1383 4049 ‘

400 4115 582 4169 Nolite
607 4131 702 4170 vos
727 4125 950 4186 propter
971 4118 1232 4172 desidiam
1255 4121 1421 4174 animi
1451 4122 1664 4192 [vestri]
1693 4123 1777 4178 vel
1805 4139 1924 4177 car-

322 4207 479 4261 nales
511 4205 898 4260 delectationes
931 4209 1149 4262 :eternis
1179 4208 1434 4262 fraudare
1461 4211 1655 4264 bonis:
1684 4212 1775 4265 sed
1803 4226 1921 4264 ma-

322 4298 410 4370 gis
447 4297 597 4350 omni
636 4297 814 4350 studio
861 4298 1123 4352 intendite
1148 4308 1207 4352 ut
1236 4299 1403 4354 Deum
1436 4302 1525 4356 hic
1553 4301 1801 4357 habeatis
1827 4303 1922 4357 de-

321 4387 621 4453 fensorem,
668 4386 779 4441 illic
835 4400 1322 4455 remuneratorcm,
1367 4392 1459 4461 qui
1510 4409 1607 4448 vos
1656 4394 1922 4463 proficere

324 4477 495 4531 faciat
535 4477 590 4530 in
633 4478 781 4532 omni
808 4479 1068 4545 bonitate,
1105 4481 1201 4552 (et)
1227 4485 1519 4538 constituat
1548 4486 1923 4542 immaculatos

323 4573 452 4620 ante
505 4554 864 4633 conspectum.
911 4568 1097 4635 gloria:
1147 4586 1277 4624 suae.
1341 4572 1579 4628 Obsecro
1635 4585 1694 4630 ut
1748 4577 1922 4644 pietas

323 4663 507 4711 vestra
539 4656 748 4724 placide
773 4656 1037 4727 perlegat,
1077 4661 1221 4727 quod
1249 4660 1490 4716 charitas
1516 4674 1698 4718 nostra
1728 4667 1920 4726 devote

323 4746 673 4815 conscripsit,
707 4755 901 4815 optans
938 4762 1034 4802 vos
1071 4758 1393 4816 praesentem
1422 4751 1620 4806 habere
1648 4757 1920 4824 prosperi-

325 4845 500 4891 tatem
526 4843 581 4890 et
607 4834 842 4889 futuram
882 4837 1128 4906 accipere
1164 4838 1572 4895 beatitudinem.
1618 4842 1747 4897 Mere
1785 4860 1919 4912 quo-

323 4943 433 4997 que
475 4927 761 4994 parvitatis
799 4934 858 4978 ut
890 4942 1158 4983 memores
1185 4931 1304 4985 sitis
1335 4932 1387 4985 in
1417 4934 1620 4988 sanctis
1659 4935 1918 4989 orationi-

323 5018 429 5072 bus
452 5017 649 5070 vestris
673 5031 767 5086 per
795 5016 1075 5070 charitatis
1115 5019 1411 5075 almitatem
1450 5024 1712 5088 obtestor,
1762 5035 1814 5079 et
1841 5024 1918 5078 fa-

324 5109 697 5163 miliaritatem
743 5123 903 5177 quam
937 5107 1278 5177 perdonastis
1317 5113 1447 5165 mihi
1479 5114 1772 5170 inviolabili
1814 5118 1918 5171 ﬁde

324 5199 596 5255 custodite
638 5197 832 5270 [Edit.,
881 5199 1152 5254 custodire
1199 5202 1600 5274 recordemini],
1651 5218 1918 5275 quatenus

322 5303 424 5358 per
468 5295 681 5340 vestras
736 5287 1151 5342 intercessiones
1197 5291 1406 5343 veniam
1456 5291 1656 5346 habere
1708 5311 1919 5349 merear

326 5392 577 5434 meorum
604 5379 946 5444 delictorum,
975 5387 1032 5434 et
1062 5396 1158 5436 vos
1193 5382 1496 5436 mercedem
1537 5381 1792 5440 fraternae
1839 5387 1915 5441 di-

327 5469 577 5524 lectionis
623 5470 765 5537 apud
810 5470 979 5524 Deum
1048 5473 1292 5527 habeatis
1347 5481 1626 5528 aalernam.
1683 5474 1912 5532 Dextera

326 5563 423 5617 Dei
459 5561 844 5630 omnipotentis
879 5563 947 5618 ab
978 5565 1124 5618 omni
1159 5565 1314 5618 hoste
1339 5564 1536 5619 visibili
1568 5573 1623 5619 et
1659 5566 1915 5623 invisibili

399 5707 426 5734 ι
465 5692 751 5769 ratribus
787 5692 1069 5769 Gyrpensjs
1100 5695 1371 5769 Εξςζεδίίε.
1401 5698 1533 5752 Vide
1560 5714 1722 5768 supra
1755 5702 1912 5769 epist.

330 5763 396 5816 η
423 5763 756 5837 adeosdem,
789 5763 1032 5837 et_simul
1061 5767 1126 5820 ad
1159 5766 1435 5821 Wirenses
1457 5763 1734 5837 scriptam.

401 5837 427 5874 ι’
458 5834 612 5891 Βυηο
640 5833 816 5887 locum
849 5835 901 5886 in
937 5850 1037 5889 ms.
1073 5845 1392 5904 corruptum
1416 5838 1484 5890 ita
1523 5833 1911 5894 restituendum

2032 2043 2154 2096 dem
2178 2041 2362 2109 judice
2407 2043 2493 2097 vel
2537 2045 2694 2097 venia
2742 2054 3088 2112 peccatorum
3133 2047 3422 2103 tribuatur.
3457 2051 3484 2089 ι)
3519 2050 3627 2105 Nec

2031 2142 2114 2186 est
2160 2149 2345 2187 rarum
2383 2134 2780 2204 longinquitate
2811 2136 3096 2188 charitatis
3133 2139 3494 2195 munificentia
3530 2157 3627 2194 se—

2030 2223 2211 2289 parari
2235 2223 2415 2287 debet,
2441 2239 2562 2292 quae
2592 2239 2808 2293 semper
2834 2241 3073 2294 pricscns
3104 2227 3156 2278 in
3185 2228 3356 2280 servis
3385 2227 3480 2281 Dei
3509 2245 3627 2282 esse
3656 2285 3662 2291 ,

2031 2311 2189 2364 debet
2218 2326 2316 2380 per
2345 2326 2490 2378 eum,
2538 2314 2629 2381 qui
2672 2315 2748 2366 ait
2776 2331 2787 2366 :
2821 2313 2924 2366 Ubi
2966 2325 3086 2367 sunt
3131 2317 3236 2369 duo
3268 2318 3340 2370 re!
3371 2327 3473 2372 tres
3504 2335 3630 2372 con--

2031 2400 2230 2468 gregali
2284 2401 2339 2452 in
2389 2402 2596 2454 nomine
2647 2419 2798 2465 meo,
2857 2404 2928 2456 ibi
2969 2421 3082 2456 sum
3127 2407 3182 2458 in
3228 2407 3397 2459 medio
3447 2424 3626 2461 eorum

2033 2487 2249 2564 (Matth.
2285 2504 2438 2554 xvm,
2471 2489 2584 2559 20).
2617 2489 2892 2558 Quidquid
2920 2493 2972 2545 in
3001 2494 3094 2547 illo
3119 2495 3483 2549 amicitiarum
3508 2512 3627 2550 esse.

2031 2578 2214 2643 erepit,
2259 2577 2553 2631 inviolabili
2599 2580 2856 2632 ﬁrmitate
2901 2596 3224 2650 permanere
3266 2601 3486 2640 necesse
3522 2598 3629 2651 est,

2029 2669 2277 2736 quoniam
2312 2670 2402 2738 qui
2423 2672 2821 2738 perseveraverit
2852 2688 3013 2740 usque
3045 2672 3100 2724 in
3129 2673 3309 2740 ﬁnem,
3339 2676 3422 2726 hic
3451 2676 3627 2729 salt-us

2030 2757 2128 2808 erit
2169 2755 2384 2825 (Matth.
2418 2774 2470 2821 κ,
2497 2757 2610 2828 22).
2650 2758 2776 2813 Ideo
2816 2775 3232 2829 permaneamus
3260 2765 3312 2817 in
3340 2766 3625 2821 eharitalis

2031 2845 2288 2900 fraternae
2340 2848 2631 2914 soliditate,
2681 2851 2813 2904 nihil
2857 2851 3004 2905 aliud
3053 2854 3397 2910 attendentes
3429 2858 3494 2922 in
3543 2873 3628 2922 ea,

2031 2936 2138 2990 nisi
2196 2938 2558 2993 humilitatem
2608 2950 2662 2993 et
2711 2941 3122 3013 obedientiam;
3183 2956 3237 3001 et
3285 2957 3345 3000 ut
3395 2950 3626 3004 invicem
3687 2950 3689 2952 ’

2030 3035 2220 3080 sancto
2269 3027 2539 3095 adjutorio
2579 3031 2951 3100 unusquisque
2995 3032 3228 3088 alterum
3268 3037 3528 3106 adjuvet:
3576 3051 3631 3093 et

2031 3117 2160 3171 dum
2206 3117 2354 3171 omni
2403 3133 2651 3187 personae
2695 3136 2966 3175 summum
3006 3133 3089 3176 est
3119 3125 3378 3191 charitas,
3428 3139 3631 3196 quanto

2029 3206 2204 3274 magis
2233 3205 2450 3260 famulis
2478 3207 2703 3271 Christi,
2741 3225 2975 3278 quorum
3005 3213 3132 3266 vita:
3168 3215 3417 3268 meritum
3457 3226 3627 3271 totum

2027 3293 2082 3346 in
2108 3295 2391 3348 charitatis
2415 3304 2472 3349 et
2498 3296 2819 3351 humilitatis
2846 3309 2900 3353 et
2924 3294 3246 3357 obedientite
3275 3305 3475 3361 virtute
3501 3323 3628 3362 con-
3667 3327 3671 3331 '

2025 3395 2172 3441 stat:
2205 3387 2259 3440 in
2300 3389 2498 3456 quibus
2545 3399 2784 3443 vestram
2821 3393 3169 3446 sanctitatem
3195 3397 3436 3462 quotidie
3463 3401 3630 3467 proii-

2025 3490 2152 3529 cere
2197 3483 2484 3547 optamus,
2539 3477 2665 3546 quia
2712 3479 2912 3546 quibus
2965 3479 3103 3532 nihil
3153 3485 3450 3538 secundum
3497 3504 3624 3557 pro~

2025 3567 2259 3636 positum
2287 3567 2550 3638 regularis
2587 3569 2711 3624 vitae
2743 3586 2866 3624 cum
2906 3571 3260 3628 saecularibus
3296 3581 3532 3648 pompis,
3572 3591 3625 3634 et

2024 3659 2358 3713 vanitatibus
2399 3661 2717 3717 deliciarum
2764 3678 3052 3720 commune
3089 3673 3195 3730 est,
3243 3677 3412 3724 totam
3461 3673 3626 3727 vitam

2026 3747 2258 3815 regulari
2284 3751 2670 3807 constrictione
2691 3755 2990 3822 perfectam
3021 3775 3143 3815 esse
3174 3763 3348 3817 decet.
3507 3739 3514 3748 ‘

2096 3839 2524 3908 Recordamini,
2591 3845 2903 3900 charissimi
2962 3848 3198 3906 fratres!
3264 3848 3640 3912 nobilissimos

2024 3932 2274 4002 principii
2298 3933 2460 3987 vestri
2484 3943 2667 4003 patres
2693 3946 2748 3989 et
2772 3947 3044 4006 parentes,
3081 3943 3174 4010 qui
3205 3959 3300 3997 vos
3325 3958 3630 4011 genuerunt

2026 4025 2080 4078 in
2127 4021 2384 4088 Christo;
2431 4035 2485 4079 et
2527 4026 2897 4081 nobilissimos
2941 4031 3275 4099 magistros,
3333 4049 3471 4102 quos
3522 4036 3627 4089 ’ha-

2024 4112 2220 4165 buistis
2245 4113 2298 4166 in
2326 4120 2520 4167 vestra:
2544 4113 2920 4182 germanitatis
2948 4119 3387 4186 congregatione.
3421 4119 3624 4176 Horum

2025 4202 2286 4256 doctrinis
2330 4205 2677 4269 inhaerentes,
2728 4213 2784 4258 et
2827 4206 3019 4258 horum
3063 4210 3326 4278 exemplis
3359 4213 3625 4276 viventes.

2024 4301 2079 4344 et
2124 4291 2317 4344 horum
2367 4298 2566 4345 statuta
2610 4301 2900 4361 sequentes
2929 4295 3142 4349 illorum
3171 4301 3475 4355 certissime
3499 4318 3628 4357 con-

2025 4383 2217 4436 sociati
2248 4376 2579 4437 beatitudine
2601 4383 2655 4437 in
2679 4383 2862 4438 futuro
2887 4386 3083 4440 saeculo
3103 4389 3273 4444 eritis.
3301 4389 3627 4447 Benedictus

2024 4471 2176 4528 locus
2205 4490 2235 4527 a
2273 4475 2401 4539 Deo,
2436 4474 2528 4545 qui
2570 4475 2706 4529 tales
2747 4479 2946 4531 meruit
2992 4479 3193 4534 habere
3238 4483 3524 4549 doctores;
3572 4497 3628 4539 et

2026 4566 2315 4628 henediCti,
2343 4565 2436 4634 qui
2463 4567 2518 4619 in
2545 4581 2610 4621 eo
2643 4567 2762 4622 loco
2793 4567 3005 4622 illorum
3042 4581 3309 4642 pra'cepta
3351 4578 3626 4632 custodire

2026 4664 2294 4724 satagunt.

2095 4744 2234 4810 Quid
2265 4746 2437 4798 servis
2463 4745 2581 4810 Dei,
2608 4746 2700 4814 qui
2729 4749 3060 4802 monachicae
3095 4751 3218 4805 vitae
3260 4761 3384 4822 voto
3412 4770 3468 4808 se
3494 4772 3623 4812 con-

2024 4836 2386 4896 strinxerunt.
2416 4836 2592 4891 inanis
2622 4837 3069 4893 vestimentorum
3109 4858 3323 4912 pompa,
3364 4861 3486 4915 quae
3524 4863 3625 4902 nec

2023 4926 2374 4980 szecularihus
2425 4927 2676 4996 prodest,
2731 4937 2784 4981 et
2827 4930 3054 4983 multum
3104 4932 3215 4986 Deo
3262 4935 3626 4991 servientibus

2023 5015 2214 5069 obest?
2252 5015 2393 5081 Quid
2418 5016 2792 5073 conviviorum
2820 5015 3146 5085 frequentia,
3176 5036 3296 5090 quze
3330 5023 3566 5077 animam
3593 5043 3622 5078 a

2023 5106 2286 5178 religione
2333 5103 2575 5163 melioris
2602 5107 2728 5183 vitm
2758 5116 3005 5163 avertere
3033 5111 3205 5164 solet?
3240 5112 3451 5179 Quanta
3481 5115 3622 5168 mala

2022 5207 2245 5266 generet
2276 5198 2527 5258 ebrietas,
2569 5211 2730 5252 nemo
2760 5206 2845 5251 est
2875 5202 2976 5270 nui
3023 5203 3252 5267 nesciat,
3292 5204 3385 5272 qui
3431 5219 3620 5261 curam

2022 5302 2134 5342 suae
2158 5289 2352 5342 anima:
2384 5289 2586 5342 habere
2620 5290 2919 5344 contendit.
2961 5290 3217 5348 Seniores
3247 5293 3623 5350 adolescente-

2023 5379 2103 5434 los
2130 5381 2288 5435 bonis
2315 5380 2566 5435 erudiant
2589 5380 2892 5449 exemplis;
2934 5391 2988 5435 et
3025 5382 3186 5434 Pater
3219 5383 3309 5451 qui
3338 5393 3537 5450 praeest
3563 5400 3624 5441 Se

2018 5473 2156 5528 sciat
2204 5474 2470 5527 rationem
2519 5470 2864 5530 redditurum
2892 5472 2958 5526 de
2984 5473 3195 5535 ovibus,
3245 5488 3382 5542 quas
3429 5475 3620 5544 recipit

2022 5567 2306 5638 regendas.
2335 5563 2718 5634 Unusquisque
2748 5566 2985 5634 seipsum
3029 5567 3357 5631 consideret,
3401 5577 3453 5621 et
3485 5585 3617 5636 que-

2019 5710 2167 5769 puto,
2194 5707 2252 5753 ut
2274 5713 2466 5769 sensus
2503 5697 2728 5769 prodeat
2758 5715 2767 5748 :
2806 5695 2914 5769 Nec
2945 5695 3007 5749 ob
3035 5705 3296 5769 terrarum
3322 5694 3618 5768 longinqui-

2021 5766 2176 5824 tatem
2204 5768 2475 5821 charitatis
2510 5767 2872 5836 muniﬁcentia
2902 5767 3141 5835 separari
3167 5766 3333 5816 debet.
