4232 6434
701 439 801 495 167

1564 440 1624 493 Β.
1665 441 1725 507 F.
1762 441 1988 494 ALBlNl
2026 441 2160 496 εει]
2198 439 2474 522 ΑὴιϐυιΝι
2514 439 2797 495 OPERUM
2834 440 3014 523 PARS
3049 439 3094 494 I.

3870 446 3969 498 158

703 553 861 608 modo
905 552 1013 605 Deo
1055 551 1293 622 placeat;
1342 521 1610 620 quomodo
1657 551 1886 606 salutem
1938 553 2134 607 anima
2171 566 2283 607 sua:
2307 557 2358 617 Α
2383 549 2496 605 Deo
2527 534 2831 615 amabiles,
2878 521 2947 604 et;
2977 549 3285 605 hominibus
3333 551 3677 610 honorabiles
3718 555 3967 613 institue-

701 652 991 712 operetur:
1015 641 1110 696 sed
1139 655 1233 694 vos
1259 639 1584 709 specialiter,
1615 642 1925 698 charissimi
1955 640 2185 695 fratres!
2223 642 2279 695 in

699 732 924 788 servitio
959 732 1054 786 Dei
1099 745 1418 800 permanere
1458 730 1630 796 decet,
1677 733 1815 787 etin
1845 733 2069 787 rationis
2099 731 2283 804 [Forte

699 820 984 893 orationis]
1013 821 1190 878 studio
1213 821 1490 891 proﬁcere,
1525 830 1746 892 pr0pter
1778 823 2008 892 optimos
2031 830 2284 892 parentes

700 920 756 967 et
804 927 996 981 paucos
1034 910 1238 984 [Forte,
1289 926 1396 965 non
1446 910 1669 982 paucos]
1716 913 2002 982 magistros
2049 921 2280 968 vestros.

701 1003 841 1070 Quid
866 1018 996 1057 vero
1024 1003 1284 1056 librorum
1317 1001 1471 1069 copia
1499 1001 1736 1070 prodest,
1787 1002 1833 1057 si
1882 1018 1988 1056 non
2039 1003 2180 1056 erint
2210 1002 2286 1056 le-

701 1099 905 1162 gentes
928 1090 982 1145 in
1022 1091 1122 1155 eis,
1155 1097 1211 1143 et
1238 1089 1595 1160 intelligentes
1613 1090 1742 1143 eos?
1769 1082 1928 1160 Quid
1948 1090 2066 1144 laus
2091 1105 2286 1159 paren-

703 1190 815 1234 tum
845 1179 1072 1250 proﬁcit,
1103 1179 1148 1232 si
1171 1186 1468 1233 sectatores
1501 1177 1714 1232 illorum
1742 1193 1848 1232 non
1883 1179 2024 1232 crint
2045 1193 2287 1248 praecep-

702 1276 878 1324 torum
906 1277 1027 1337 post
1053 1282 1148 1322 eos
1162 1268 1185 1320 ?
1498 1312 1500 1314 τ

772 1359 882 1414 Vos
909 1373 1042 1413 vero
1067 1357 1162 1410 ﬁlii
1194 1357 1325 1413 estis
1350 1366 1682 1422 sanctorum,
1716 1373 1812 1411 vos
1843 1357 2018 1411 nobile
2043 1371 2209 1424 genus
2234 1356 2288 1410 et

704 1447 884 1518 regale
921 1429 1306 1510 sacerdotium,
1335 1446 1390 1499 in
1422 1445 1664 1499 Ecclesia
1701 1444 1900 1499 Christi
1933 1444 2119 1512 nutriti
2152 1461 2164 1496 :
2192 1458 2289 1496 no-

704 1540 968 1594 bilitatem
1000 1545 1235 1592 vestram
1259 1536 1415 1589 benis
1438 1536 1680 1591 moribus
1703 1536 1989 1600 ostendite,
2017 1543 2287 1604 quatenus

703 1631 922 1699 plurimi
955 1627 1155 1703 vestris
1179 1627 1334 1682 bonis
1348 1627 1614 1697 exemplis
1637 1626 1972 1690 erudiantur,
1999 1635 2054 1680 et
2075 1627 2166 1695 qui
2195 1641 2287 1679 vos

706 1720 838 1776 foris
883 1719 1078 1783 videat,
1113 1733 1142 1773 a
1166 1718 1320 1772 vobis
1353 1717 1527 1772 discat
1556 1719 1824 1786 quomodo
1849 1718 2032 1771 vivere
2073 1717 2285 1770 debeat.

707 1811 840 1866 Nam
871 1826 937 1865 ex
971 1825 1266 1880 paucorum
1305 1810 1714 1863 conversatione
1759 1809 1852 1869 ab,
1883 1808 1968 1862 his
2014 1807 2106 1876 qui
2157 1806 2290 1861 foris

2383 646 2528 704 runt,
2573 639 2662 707 qui
2717 638 2878 707 primi
2913 637 3132 694 fuerunt
3174 638 3490 696 fundatores
3535 647 3967 715 congregationis

2383 737 2594 794 vestras.
2625 726 2843 782 Certum
2874 735 2958 782 est
2987 727 3108 794 illos
3132 729 3328 799 saepius
3359 730 3577 786 visitare
3604 731 3725 788 loca
3757 734 3965 792 habits.

2383 819 2546 873 tionis
2592 827 2802 883 vestrae,
2849 827 2905 872 et
2945 833 3297 889 quoscunque
3339 819 3616 877 inveniant
3640 824 3964 882 honestevi-

2383 921 2510 962 vere
2556 916 2611 960 et
2655 922 2749 960 sua
2795 906 3069 962 custodire
3117 915 3340 973 statuta,
3379 911 3719 981 wngandent
3750 912 3874 980 illis,
3913 924 3966 973 et

2383 1015 2483 1068 pro
2527 999 2606 1054 eis
2646 999 2978 1053 intercedere
3020 998 3160 1068 apud
3203 999 3351 1068 pium
3380 998 3620 1067 iudicem
3661 1002 3966 1075 nullatenus

2383 1091 2686 1156 desistunt;
2714 1092 2806 1146 sed
2831 1099 2886 1145 et
2921 1091 3232 1160 angelorum
3271 1086 3605 1148 visitationes
3635 1094 3755 1149 loca
3780 1104 3966 1152 sancta

2384 1176 2728 1247 frequentare
2753 1194 2861 1248 npn
2884 1180 3106 1234 dubium
3131 1187 3232 1234 est.
3259 1176 3454 1235 Fertur
3478 1177 3621 1236 enim
3647 1185 3969 1253 magistrum

2385 1279 2630 1323 nostrum
2675 1275 2729 1322 et
2770 1277 3008 1322 vestrum
3056 1278 3341 1338 patronum
3380 1271 3596 1325 beatum
3633 1271 3973 1330 dixisseBs-

2386 1374 2493 1414 nitu
2517 1375 2529 1411 :
2569 1375 2588 1408 ι
2613 1358 2737 1412 Seio
2765 1358 3232 1430 angeloswisitare
3257 1361 3547 1414 canonicas
3571 1361 3732 1415 horas
3762 1369 3821 1414 et
3848 1375 3972 1415 eon-

2387 1447 2726 1517 gregationes
2761 1446 3058 1513 fraternas;
3097 1449 3225 1516 quid
3260 1447 3306 1512 si
3337 1448 3410 1501 ibi
3439 1463 3524 1502 me
3551 1464 3658 1504 non
3687 1448 3971 1503 inveniunt

2387 1535 2530 1588 inter
2553 1535 2786 1591 fratres?
2832 1535 3020 1592 Nonne
3067 1537 3245 1592 dicere
3283 1528 3501 1600 habent,
3547 1537 3639 1590 ubi
3668 1546 3754 1592 est
3789 1539 3971 1592 BEDA?

2389 1627 2566 1692 Quare
2614 1642 2721 1680 non
2770 1627 2916 1680 venit
2946 1627 3012 1682 ad
3050 1627 3392 1682 adorationes
3431 1633 3662 1682 statutas
3697 1643 3825 1683 cum
3864 1629 3972 1684 fra-

2389 1718 2566 1770 tribus
2578 1717 2603 1768 ?
2622 1737 2639 1768 ι

2464 1806 2654 1876 Magna
2682 1815 2768 1861 est
2787 1807 2928 1877 apud
2953 1807 3123 1862 Deum
3148 1807 3452 1863 communis
3479 1812 3672 1874 oratio,
3700 1818 3758 1863 et
3777 1824 3976 1881 magna

707 1912 854 1966 sunt,
878 1915 1018 1970 smpe
1045 1900 1259 1953 illorum
1291 1899 1422 1962 vita,
1462 1899 1554 1968 qui
1597 1899 1740 1953 intus
1779 1906 1923 1963 sunt,
1954 1897 2280 1951 nominatur.
2318 1905 2363 1963 Β
2389 1896 2670 1950 charitatis
2694 1898 3038 1962 communio;
3074 1907 3128 1952 et
3154 1897 3326 1952 multo
3359 1906 3444 1952 est
3481 1897 3672 1953 melius
3709 1913 3835 1952 cum
3874 1899 3976 1953 fra-

709 1991 849 2044 Dicit
877 1991 1020 2043 enim
1049 1987 1338 2057 Apostolus
1363 2004 1375 2039 :
1401 1986 1651 2052 Quandiu
1691 2004 1808 2041 sum
1835 1987 2111 2058 Apostolus
2156 2003 2284 2056 gen-

705 2083 858 2151 tium,
901 2080 1243 2134 ministerium
1288 2095 1460 2132 meum
1507 2079 1796 2147 honoriﬁco
1836 2078 2013 2149 (Rom.
2056 2095 2135 2144 χι,
2174 2078 2284 2148 i3).

709 2171 801 2224 Sic
843 2171 1002 2225 debet
1035 2170 1404 2240 unusquisque
1452 2185 1604 2224 suam
1655 2185 1959 2240 personam,
2013 2170 2096 2225 vel
2134 2186 2287 2225 suum

707 2260 1040 2328 propositum
1067 2260 1327 2330 religiosis
1347 2275 1543 2314 ornare
1564 2261 1826 2326 moribus,
1853 2270 1910 2316 ut
1931 2261 2140 2316 laudem
2167 2277 2288 2315 cum

711 2350 1016 2406 hominibus
1064 2351 1275 2416 habeat,
1325 2360 1379 2406 et
1417 2353 1584 2406 vitam
1623 2353 1883 2406 aeternam
1925 2369 2048 2408 cum
2089 2356 2290 2407 sanctis

710 2442 953 2510 accipere
998 2451 1287 2496 mereatur.
1338 2441 1444 2495 Pro
1498 2443 1653 2498 nobis
1708 2444 2128 2497 intercedentem
2165 2444 2290 2497 bea-

713 2530 994 2584 titudinem
1060 2538 1293 2583 vestram
1363 2529 1503 2601 Deus
1575 2531 1916 2600 omnipotens
1977 2531 2286 2591 custodiat,

715 2628 769 2672 et
801 2621 854 2672 in
903 2620 1047 2674 omni
1085 2619 1227 2674 bono
1276 2618 1539 2688 proﬁcere
1586 2618 1788 2684 faciat,
1838 2620 2032 2674 fratres
2081 2621 2288 2675 charis-

711 2710 834 2763 simi
860 2712 871 2762 !

1036 2857 1039 2860 _
1243 2797 1572 2851 EPISTOLA
1613 2797 1750 2851 XVI.

947 2903 1014 2940 Αυ
1053 2901 1291 2941 ranaes
1328 2892 1592 2946 scenes”:
1642 2901 1828 2941 sane"
1870 2901 2048 2941 rem.

714 2977 1053 3043 Commendat
1079 2995 1132 3032 se
1160 2975 1374 3039 illorum
1420 2979 1664 3031 amicitia!
1707 2977 1830 3030 olim
1857 2978 2109 3031 condicta:
2132 2995 2149 3032 :
2177 2978 2295 3032 lau-
2348 2967 2350 2970 ’

784 3051 875 3101 dat
904 3064 1080 3101 eorum
1117 3047 1405 3116 regularem
1450 3049 1910 3100 conversationem.
1943 3045 2202 3100 Hortatur
2225 3048 2314 3100 ad.

784 3119 994 3175 uirtutes
1025 3117 1293 3178 monachis
1315 3117 1574 3186 praprias.

2393 1990 2566 2044 tribus
2609 1991 2969 2044 communiter
3015 2005 3204 2055 orare,
3251 1991 3580 2045 manducare
3618 1999 3673 2045 et
3713 1990 3974 2051 dormire.

2390 2094 2551 2148 quam
2598 2079 2653 2131 in
2703 2078 2924 2146 speciali
2970 2079 3306 2133 habitatione
3348 2077 3541 2134 solum
3569 2094 3692 2134 cum
3738 2080 3980 2148 periculo

2391 2186 2650 2234 manere,
2697 2170 2824 2239 quia
2872 2169 3082 2224 facilius
3136 2169 3381 2225 diabolus
3421 2186 3728 2240 expugnare
3781 2172 3983 2242 poterit

2399 2261 2551 2314 illum
2581 2260 2673 2329 qui
2705 2259 2852 2314 solus
2880 2267 2983 2324 est,
3013 2273 3175 2328 quam
3214 2275 3336 2314 eum
3376 2260 3467 2328 qui
3512 2258 3752 2316 fraterno
3778 2260 3983 2316 auxilio

2390 2349 2628 2418 undique
2679 2350 2931 2418 cingitur,
2985 2350 3199 2404 dicente
3238 2348 3559 2418 Scriptura:
3589 2348 3802 2415 Frater,
3831 2353 3980 2422 quia

2391 2439 2555 2507 fratre
2589 2438 2890 2508 adjuvatur,
2934 2440 3085 2509 quasi
3110 2439 3268 2506 ﬁrma
3294 2447 3368 2492 est
3396 2440 3578 2494 civitas
3609 2438 3794 2510 (Prov.
3824 2457 3979 2504 svnt,

2395 2532 2501 2603 19).
2536 2532 2727 2586 Vestra
2754 2532 2897 2585 enim
2930 2532 3046 2586 laus
3069 2540 3154 2587 est
3181 2533 3405 2588 honeste
3432 2533 3635 2596 vivere,
3663 2533 3981 2603 religionem

2392 2629 2638 2675 votorum
2663 2630 2968 2675 vestrorum
3003 2635 3242 2676 servare.
3275 2621 3416 2688 Quid
3440 2621 3593 2676 vobis
3620 2623 3983 2679 vestimento-

2394 2725 2512 2764 rum
2527 2724 2722 2778 pompa
2733 2709 2760 2762 ἲ
2772 2708 2943 2778 Major
2955 2709 3149 2765 exinde
3169 2711 3273 2764 erit
3292 2710 3642 2780 reprehensio
3656 2726 3820 2781 quam
3835 2712 3982 2778 laus;

2397 2799 2606 2853 vanitas
2633 2805 2716 2852 est
2744 2799 2889 2853 enim
2916 2808 2970 2854 et
3000 2799 3269 2868 superbia,
3312 2809 3367 2854 et
3403 2801 3538 2855 nihil
3563 2800 3746 2866 aliud;
3779 2809 3837 2854 et
3864 2817 3986 2872 per-

2394 2889 2530 2943 ditio
2568 2889 2692 2943 vitte
2733 2887 3015 2959 regularis.
3073 2888 3263 2943 Melius
3311 2898 3394 2943 est
3425 2891 3677 2943 animam
3706 2890 3870 2945 bonis
3892 2907 3982 2945 or-

2395 2993 2530 3032 nare
2556 2977 2832 3050 ‘moribus,
2886 2976 3269 3046 perpetualiter
3319 2984 3761 3046 permanentem,
3820 2993 3985 3048 quam

2397 3081 2612 3136 corpus,
2654 3069 2799 3137 quod
2829 3069 2884 3122 in
2908 3069 3181 3138 pulverem
3209 3054 3486 3138 redigitur,
3535 3069 3868 3139 pompaticis
3894 3086 3984 3125 or-

2397 3171 2528 3211 nare
2557 3156 2855 3224 coloribus;
2886 3157 2971 3212 vel
3004 3158 3295 3214 luxuriosis
3320 3158 3581 3214 conviviis
3605 3171 3829 3228 pascere
3859 3175 3984 3216 ver-

793 3231 1166 3284 Sanctissimis
1201 3241 1226 3276 ρ
1261 3230 1315 3282 in
1359 3229 1532 3283 sancti
1572 3228 1717 3284 Petri
1765 3229 1991 3283 ecclesia
2039 3227 2297 3284 fratribus
2321 3238 2368 3301 ς,
2400 3243 2566 3298 mium
2593 3260 2796 3301 escam,

716 3322 830 3378 Deo
867 3322 1250 3384 servientibus,
1298 3320 1515 3374 humilis
1555 3319 1853 3376 clientellus
1889 3321 2146 3375 Alcuinus
2176 3335 2298 3390 per-

720 3419 893 3483 petua:
920 3411 1106 3482 glorias
1127 3412 1373 3466 salutem.

792 3500 1100 3570 Saepissime
1145 3499 1440 3569 corporalis
1488 3501 1684 3569 speciei
1714 3501 1872 3556 amici
1899 3500 2296 3571 disiunguntur,

718 3591 814 3646 sed
843 3605 1115 3661 nunquam
1162 3589 1444 3652 charitatis
1483 3589 1766 3643 dulcedine
1795 3591 2034 3658 separari
2063 3589 2256 3644 debent
2280 3607 2296 3656 ;

719 3691 776 3735 et
817 3682 910 3736 ubi
953 3695 1080 3734 vera
1126 3688 1210 3734 est
1254 3678 1489 3743 dilectio,
1532 3680 1604 3734 ibi
1637 3679 1790 3734 ﬁrma
1820 3690 1903 3735 est
1931 3682 2302 3751 germanitatis

724 3769 1018 3835 memoria;
1073 3771 1164 3824 ubi
1213 3770 1363 3824 radix
1410 3770 1669 3824 condicta:
1712 3771 1961 3825 amicitia:
1989 3772 2042 3825 in
2070 3773 2302 3840 pectoris

723 3862 980 3915 thesauro
1020 3859 1217 3929 ﬁgitur,
1250 3859 1372 3914 inde
1408 3861 1544 3914 rami
1583 3859 1804 3915 ﬁoribus
1829 3861 1951 3914 ﬁdei
1981 3863 2158 3916 vestiti
2187 3863 2302 3930 pul-

673 4017 675 4024 ι
724 3951 922 4006 lulasse
949 3950 1309 4005 certissimum
1331 3959 1434 4013 est,
1458 3965 1630 4018 usque
1651 3950 1777 4003 dum
1803 3949 2068 4006 fructibus
2088 3961 2302 4006 mter-na:

724 4039 1074 4096 beatitudinis
1100 4038 1387 4092 refecerint
1418 4055 1602 4093 veram
1634 4040 1892 4094 habentes
1920 4041 2062 4094 inter
2091 4056 2149 4094 se
2172 4043 2302 4095 cha-

724 4135 963 4198 ritatem,
1008 4147 1168 4200 quam
1204 4146 1304 4199 ego
1348 4139 1474 4200 opto
1523 4131 1587 4184 de
1636 4145 1753 4183 mea
1802 4130 2062 4198 parvitate
2113 4132 2303 4186 vestris

725 4225 959 4278 ﬁrmiter
1001 4223 1264 4278 inhaerere
1298 4222 1596 4286 mentibus,
1641 4220 1780 4274 sicut
1825 4220 1955 4273 olim
1988 4221 2116 4274 mihi
2145 4232 2302 4275 ante-

725 4325 968 4368 ceswres
990 4312 1159 4366 vestri
1187 4313 1272 4381 pia
1301 4311 1572 4366 voluntate
1600 4311 1979 4380 promiserunt.

796 4402 974 4456 Locus
1011 4417 1139 4455 vero
1175 4401 1526 4455 habitationis
1569 4408 1763 4454 vestra:
1802 4401 1934 4453 mihi
1979 4399 2132 4453 valde
2165 4399 2306 4454 desi-

730 4490 987 4547 derabilis
1033 4477 1156 4553 fuit,
1199 4489 1325 4543 licet
1371 4504 1456 4542 me
1490 4489 1727 4543 conditio
1757 4491 2052 4559 peregrina:
2082 4505 2304 4544 conver-

2470 3331 2597 3387 llznc
2617 3335 2868 3403 cogitate,
2897 3336 3202 3390 charissimi
3237 3335 3461 3391 fratres!
3492 3319 3706 3406 etquid
3735 3339 3890 3392 vobis
3914 3340 3984 3394 ad

2400 3428 2657 3474 aeternam
2685 3421 2933 3491 proﬁciat
2966 3425 3351 3479 beatitudinem
3370 3425 3694 3495 sequimini.
3729 3425 3987 3482 Patribus

2400 3511 2612 3566 obedite
2658 3514 2873 3579 vestris,
2921 3529 3079 3570 senes
3123 3516 3403 3581 honorate,
3453 3516 3696 3572 inﬁrmos
3746 3516 3984 3580 Visitate,

2402 3600 2827 3656 adolescentulos
2862 3602 3000 3658 bene
3049 3603 3254 3670 docete,
3299 3611 3360 3658 ut
3397 3604 3663 3669 habeatis,
3704 3604 3798 3674 qui
3824 3620 3991 3676 super

2401 3689 2646 3762 sepulcra
2677 3698 2856 3744 vestra
2889 3699 3036 3746 stare
3061 3692 3288 3762 possint,
3314 3700 3370 3746 et
3388 3692 3720 3772 intercedere
3740 3707 3842 3762 pro
3869 3693 3989 3746 ani-

2403 3780 2594 3834 mabus
2616 3781 2831 3837 vestris.
2868 3781 3220 3839 Considerate
3252 3784 3522 3839 mentibus
3555 3783 3770 3848 vestris,
3798 3783 3990 3854 quales

2403 3870 2511 3923 sint
2553 3872 2645 3939 qui
2692 3874 2853 3928 modo
2900 3874 2956 3928 in
3008 3873 3270 3944 sepulcris
3307 3867 3509 3942 jaceat,
3542 3881 3598 3928 et
3622 3889 3787 3943 quam
3812 3873 3990 3932 beata

2402 3960 2511 4012 sint
2537 3960 2731 4013 animae
2757 3959 2970 4015 illorum
2997 3961 3089 4030 qui
3120 3962 3175 4016 in
3201 3960 3480 4032 religione,
3507 3968 3564 4015 et
3587 3961 3824 4029 regulari
3850 3962 3987 4026 vita,

2402 4056 2456 4101 et
2502 4049 2757 4104 castitate
2801 4051 3068 4120 corporis,
3103 4057 3159 4104 et
3188 4051 3471 4126 charitatis
3512 4049 3820 4105 obedientia
3872 4050 3990 4107 dies

2403 4154 2529 4193 suos
2555 4155 2723 4209 usque
2746 4140 2798 4193 in
2826 4141 2986 4195 ﬁnem
3007 4139 3629 4210 perduxeruntJiorum
3651 4150 3737 4196 est
3759 4158 3987 4212 regnum

2404 4228 2684 4293 cmlorum,
2731 4230 2875 4299 quod
2919 4230 3103 4285 labore
3145 4216 3532 4300 acqui‘sierunt,
3585 4233 3678 4301 qui
3707 4247 3808 4301 pro
3833 4232 3990 4304 vobis

2407 4318 2744 4373 intercedant
2784 4319 3045 4388 quotidie,
3079 4312 3360 4390 'quateuus
3401 4321 3468 4376 ad
3514 4321 3732 4376 illorum
3758 4323 3987 4378 societa-

2405 4417 2535 4473 tem,
2579 4411 2690 4464 Dco
2734 4412 2986 4477 donante,
3036 4401 3319 4482 pervenire
3365 4410 3702 4466 mereamini.
3731 4411 3987 4482 Omnipo-

2406 4507 2526 4552 tens
2553 4499 2694 4554 Deus
2719 4509 2914 4554 vestrae
2941 4501 3314 4556 unanimitatis
3337 4497 3676 4557 sanctitatem
3698 4501 3756 4556 in
3783 4510 3985 4558 eterna

731 4581 954 4634 sationis
980 4579 1132 4652 longe
1160 4578 1364 4632 tulisset
1394 4595 1421 4630 a
1453 4579 1636 4641 vobis;
1667 4580 1911 4648 quamvis
1933 4595 2173 4649 corpore,
2207 4582 2300 4634 sed
2337 4577 2383 4636 Ι)
2409 4589 2739 4644 beatitudine
2765 4591 3002 4645 adunare
3025 4591 3296 4664 dignetur,
3322 4592 3532 4648 Domini
3559 4591 3788 4648 fratres!

735 4668 1038 4722 nullatenus
1065 4668 1346 4730 charitate,
1375 4668 1497 4734 quia
1525 4669 1702 4721 omnia
1738 4683 1856 4736 quae
1879 4670 2017 4737 apud
2045 4684 2141 4724 vos
2167 4670 2307 4723 vide-

735 4761 878 4820 bam,
909 4759 1021 4812 sive
1061 4758 1114 4810 in
1160 4757 1579 4813 habitationibus
1617 4760 1914 4823 domorum,
1963 4763 2075 4815 sive
2101 4763 2154 4815 in
2182 4777 2309 4816 con-

736 4847 1042 4900 versatione
1076 4846 1198 4898 vita:
1229 4845 1508 4914 regularis,
1540 4847 1690 4900 valde
1720 4849 1848 4900 mihi
1882 4849 2216 4915 placuerunt,
2257 4861 2310 4903 et

736 4938 943 4990 utinam
977 4945 1035 4988 ut
1065 4936 1173 4989 Deo
1211 4950 1422 5004 semper
1459 4936 1669 5006 placeat
1712 4939 1925 5005 pietatis
1962 4950 2155 4996 vestra:
2183 4941 2311 4995 obe-

737 5029 964 5090 dientia,
996 5035 1052 5079 et
1075 5027 1370 5092 humilitas,
1421 5036 1475 5081 et
1523 5027 1783 5096 regularis
1824 5031 1942 5084 vitm
1979 5032 2303 5086 observatio.

739 5112 864 5174 Haec
910 5126 994 5170 est
1032 5116 1148 5170 laus
1188 5127 1365 5169 vestra
1412 5133 1593 5172 coram
1637 5120 1962 5184 hominibus,
2010 5131 2068 5174 ut
2107 5122 2218 5176 sive
2253 5121 2307 5175 in

743 5199 1103 5266 vestimentis.
1142 5206 1255 5259 sive
1281 5205 1333 5257 in
1361 5206 1608 5262 omnibus
1648 5211 1974 5264 monachica:
2002 5211 2124 5268 vita:
2150 5211 2308 5266 disci—

740 5295 901 5362 plinis
940 5295 1166 5348 ﬁrmiter
1198 5296 1574 5368 permaneatis,
1601 5298 1738 5351 sicut
1765 5307 1948 5366 patres
1980 5301 2167 5365 vestri,
2208 5300 2309 5354 viri

814 5461 837 5486 ε
868 5446 933 5500 In
969 5449 1133 5517 sancti
1169 5447 1311 5500 Petri
1339 5448 1571 5502 ecclesia.
1603 5450 1790 5506 Plures
1817 5459 1940 5504 sunt
1970 5453 2228 5517 ecclesiae,
2255 5464 2311 5509 et

745 5516 1072 5590 monasteria
1090 5517 1241 5590 plura
1282 5523 1452 5571 sancti
1485 5519 1624 5572 Petri
1657 5524 1877 5590 apostoli
1905 5516 2309 5590 patrociniodi-

747 5597 901 5646 cata;
957 5587 1094 5639 inter
1141 5587 1251 5638 [nec
1277 5599 1583 5640 recensetur
1635 5587 2016 5645 monasterium
2069 5593 2311 5648 Wireuse

748 5671 838 5723 s=-u
872 5655 1302 5708 Wiremuthense
1347 5659 1396 5710 in
1445 5659 1651 5723 Anglia.
1701 5663 1841 5723 quod
1872 5676 1900 5714 a
1939 5663 2096 5715 beato
2145 5663 2310 5716 Bene-

750 5676 838 5706 s='u
877 5676 1302 5708 γνιτειιιυιιιυιιδϐ
1347 5676 1396 5710 ιη
1445 5676 1651 5723 Anglia.
1740 5676 1841 5713 llOtl
1872 5676 1900 5714 a
1939 5676 2096 5715 beato
2145 5676 2310 5716 uene-

750 5717 890 5777 dicto
916 5725 1158 5791 BiSCOpo,
1201 5741 1301 5776 una
1346 5741 1463 5780 cum
1507 5730 1674 5782 altero
1701 5676 1965 5784 Eirwensi
1997 5732 2060 5784 ad
2088 5731 2310 5785 alteram

756 5792 921 5858 ripam
963 5792 1125 5848 Wire:
1170 5795 1361 5856 amnis,
1410 5808 1593 5852 sancto
1641 5798 1804 5852 Paulo
1849 5801 2083 5869 apostolo
2125 5818 2311 5856 conse—

2823 4721 2933 4793 24
2970 4723 2998 4760 ι›
3034 4721 3369 4777 EPISTOLA
3407 4721 3566 4778 xvu.

2885 4857 2949 4894 ΑΒ
2985 4855 3231 4896 ολιιοιιωι
3271 4856 3507 4897 ιλῦκυι.

2904 4946 3081 5014 (Circa
3113 4963 3312 5003 annum
3344 4949 3493 5019 793.)

2410 5054 2616 5130 Laudat
2657 5055 2805 5130 illum
2833 5075 2864 5109 α
2888 5060 3122 5127 potentia
3163 5056 3407 5112 δαίσαιαή
3433 5070 3480 5113 et
3506 5063 3881 5130 pradicatione
3907 5069 3984 5122 di—

2481 5125 2793 5198 o_inte_legis,
2851 5125 3098 5198 tanquam
3145 5137 3392 5181 rectorem
3420 5125 3597 5198 populi
3625 5141 3676 5184 et
3703 5127 3979 5190 doctorem.

2481 5191 2659 5264 Carpit
2683 5191 2910 5249 errorem
2937 5191 3370 5266 Adoptianorum.

2485 5306 2742 5384 Veniente
2769 5306 2836 5361 ad
2868 5323 2966 5362 nos
2997 5307 3107 5364 ﬁlio
3146 5287 3336 5365 nostro
3379 5310 3641 5378 Candida,
3684 5328 3867 5373 vestro
3893 5333 3975 5373 au-

2383 5467 2580 5539 .crato,
2614 5459 2933 5539 aediﬁcatum
2961 5462 3083 5539 fuit.
3135 5462 3254 5539 Viti.
3285 5472 3442 5539 notas
3468 5472 3680 5539 nostras
3721 5470 3804 5539 ad
3829 5471 3973 5539 epist.

2411 5527 2497 5600 14.
2542 5529 2783 5600 Praesens
2827 5525 2955 5600 erg’o
3001 5532 3225 5599 epistola
3270 5533 3337 5587 ad
3378 5536 3672 5590 monachos
3721 5525 3975 5594 Wire'muo

2412 5599 2628 5652 thenses
2668 5599 2865 5677 scripta
2900 5599 3009 5662 est,
3060 5601 3199 5657 inter
3243 5618 3375 5670 quos
3427 5604 3558 5677 ven.
3613 5604 3776 5677 Beda.
3829 5624 3973 5677 quem

2413 5677 2665 5741 tanquam
2703 5670 3016 5741 magistrum
3060 5687 3122 5741 ac
3163 5681 3446 5740 patronum
3484 5674 3624 5728 illius
3657 5675 3756 5728 loci
3786 5670 3968 5741 laudat,

2414 5738 2681 5790 enutritus
2704 5745 2756 5789 et
2782 5740 3037 5792 educatus
3063 5738 3181 5797 fuit}

2489 5806 2512 5844 ιι
2545 5806 2650 5875 25
2694 5806 2802 5861 Hoc
2838 5809 3073 5876 epistolae
3113 5810 3470 5879 fragmentum
3518 5813 3659 5883 apud
3701 5813 3970 5881 Querceta-
