4232 6434
142 498 247 554 189

1569 493 1925 551 ΕΡΙΞΤΟΙΑΞ
1936 540 1948 551 .

3290 503 3387 555 I70

138 622 250 667 tem
282 612 423 668 ﬁdeli
462 611 692 676 servulo,
724 610 951 666 multant
980 626 1079 664 nos
1116 619 1306 663 vestra:
1335 610 1711 678 prosperitatis
1739 614 1785 670 Α
1813 609 2049 663 tionem?
2077 610 2286 663 dicente
2326 610 2579 677 Apostolo
2624 611 2689 663 de
2734 619 2930 666 nostra:
2979 616 3386 670 resurrectlonts

134 702 548 758 annuntiatione
594 701 921 766 ketiﬁcabat,
979 715 1079 753 nec
1122 715 1227 754 non
1274 714 1469 769 magna
1516 697 1712 753 saluta-

133 794 289 846 tione
335 802 528 846 vestrm
566 791 865 845 dilectionis
909 788 1140 843 dulciter
1175 786 1463 841 reﬁciebat.
1506 786 1714 839 Lauda—

138 883 266 936 hilis
304 897 516 951 quoque
557 882 683 935 doni
726 880 978 933 allatione
1012 879 1213 931 intima:
1242 876 1439 930 mentis
1465 875 1713 929 aﬁ‘e‘ctum

136 972 482 1027 fecundabat.
510 971 731 1039 Insuper
771 968 964 1023 mentis
1000 966 1361 1035 probamentis
1402 974 1593 1017 vestra:
1621 978 1713 1015 au-

136 1063 412 1118 ctoritatis
453 1077 555 1131 pro
601 1061 754 1115 nobis
800 1054 1085 1127 explicavit
1133 1055 1469 1109 devotionem
1495 1093 1509 1117 ,
1552 1069 1712 1121 quam

136 1167 274 1221 pura
297 1160 351 1204 et
375 1159 561 1205 sancta
586 1148 930 1217 inquisitione
953 1143 1233 1198 catholica:
1274 1141 1395 1195 ﬁdei
1432 1142 1713 1195 veritatem

136 1242 452 1297 examinare
492 1239 793 1300 studuistis,
831 1244 886 1290 et
919 1247 1130 1301 semper
1155 1232 1294 1284 viam
1320 1230 1540 1297 regiam,
1581 1244 1713 1297 apo-

137 1330 329 1385 stolica
355 1328 687 1383 confortatus
707 1323 1103 1395 pradieatione,
1132 1322 1295 1391 plano
1324 1320 1572 1373 veritatis
1602 1334 1717 1373 ser-

138 1398 330 1478 mone,
379 1426 614 1469 vestram
658 1412 889 1467 asseruit
926 1409 1265 1479 prudentiam
1307 1416 1510 1461 tenere.
1552 1406 1715 1460 Beata

137 1524 274 1581 gens
309 1510 462 1579 cujus
496 1519 578 1562 est
614 1507 872 1561 Dominus
899 1504 1040 1557 Deus
1062 1516 1247 1556 eorum
1276 1518 1287 1552 :
1316 1509 1372 1554 et
1395 1501 1586 1554 beatus
1616 1513 1713 1567 po-

139 1600 298 1669 pulus
335 1599 432 1653 tali
465 1606 673 1652 rectore
699 1597 989 1658 exaltatns,
1016 1598 1067 1646 et
1106 1591 1195 1644 tali
1230 1590 1579 1659 prredicatore
1602 1604 1717 1642 mu-

140 1692 326 1756 nitus;
352 1682 427 1744 et
453 1699 744 1757 utrumque
777 1697 831 1741 et
863 1685 1069 1755 gladius
1091 1682 1432 1751 triumphalis
1462 1680 1715 1750 potentize

140 1782 319 1835 vibrat
343 1780 397 1833 in
420 1781 605 1834 dextra
626 1788 681 1831 et
705 1776 978 1831 catholica
998 1772 1396 1843 praedicationis
1418 1771 1544 1824 tuba
1574 1785 1719 1823 reso-

1814 698 2152 767 gloriazoui
2208 699 2505 767 reformavit
2558 716 2743 765 tonius
2795 701 3105 753 humilitatis
3161 714 3381 763 κοίλων,

1814 788 2193 855 conﬁgurutum
2231 790 2435 855 corpori
2467 787 2722 841 claritatis
2748 805 2857 841 sum
2883 788 3135 858 (Philipp.
3161 805 3239 849 tn.
3270 790 3381 860 ει).

1816 879 1990 932 l’num
2038 879 2206 930 Deum
2246 893 2429 930 verum
2462 887 2515 931 et
2548 894 2710 930 unum
2743 877 2833 931 Dei
2867 878 3060 931 Filium
3092 880 3143 931 in
3179 880 3386 935 duabus

1814 972 2042 1030 naturis,
2090 970 2267 1022 divina
2318 969 2522 1021 scilicet
2560 977 2613 1019 et
2657 970 2913 1029 humana,
2965 969 3248 1023 Dominum
3288 986 3382 1023 nn-

1814 1057 2213 1111 strunchsum
2264 1057 2536 1110 Christum
2586 1067 2897 1125 regnantem
2948 1073 3069 1112 cum
3118 1058 3276 1112 Patre
3328 1071 3385 1111 et

1816 1147 2018 1216 Spiritu
2047 1156 2230 1201 sancto
2264 1148 2653 1215 prmdicamus,
2696 1157 2747 1199 et
2790 1148 3127 1209 conﬁtemur,
3170 1163 3273 1201 non
3314 1150 3387 1203 di-

1815 1239 1925 1291 visa
1970 1246 2276 1305 potestate,
2329 1250 2428 1289 nec
2470 1236 2687 1305 partita,
2742 1236 2895 1303 quasi
2943 1251 3048 1288 una
3098 1237 3166 1289 sit
3214 1236 3386 1305 major

1815 1336 2069 1394 potestas,
2126 1324 2295 1377 altera
2340 1323 2552 1390 minor,
2593 1324 2716 1391 quia
2762 1323 3077 1377 divisionem
3124 1334 3179 1375 et
3223 1323 3386 1392 parti-

1817 1416 2015 1468 tionem
2044 1428 2170 1465 vera
2202 1428 2305 1465 non
2330 1414 2520 1480 recip’t
2541 1412 2833 1475 aeternitas,
2864 1413 2941 1466 vel
2967 1414 3233 1477 divinitas,
3267 1429 3386 1482 quas

1816 1512 1893 1555 est
1924 1504 1974 1555 in
1999 1503 2215 1556 Christo
2233 1500 2359 1555 Jesu
2384 1501 2609 1555 Domino
2634 1512 2834 1563 nostro,
2864 1503 3121 1572 Apostolo
3144 1505 3380 1557 dicente:

1819 1592 1879 1643 Si
1919 1590 2181 1644 Christum
2220 1607 2523 1643 noveramus
2563 1592 2846 1643 secundum
2877 1608 3105 1654 carnem,
3131 1595 3219 1646 sed
3247 1612 3384 1646 ntmr

1809 1680 1925 1748 jam
1970 1696 2071 1731 non
2115 1680 2347 1732 norimus
2396 1679 2481 1747 (II
2512 1679 2631 1732 Cor.
2661 1697 2710 1744 v,
2748 1682 2857 1749 l6);
2891 1683 2941 1735 id
2971 1692 3071 1742 est,
3112 1683 3204 1751 qui
3250 1699 3385 1736 mor-

1820 1764 1942 1818 talis
1972 1765 2149 1818 fuitin
2176 1766 2338 1821 terris
2367 1781 2428 1819 ea
2463 1775 2653 1819 natura
2684 1783 2803 1835 qum
2840 1770 2974 1821 mori
3010 1772 3201 1838 potuit,
3243 1788 3382 1824 nam

139 1874 235 1921 nat
252 1867 307 1920 in
328 1866 525 1937 lingua.
549 1864 625 1918 lta
649 1873 704 1918 et
722 1862 888 1917 David
908 1862 1035 1915 olim
1054 1859 1406 1927 praecedentis
1428 1856 1605 1927 populi
1623 1872 1716 1910 rex
1752 1932 1782 1937 Α
1821 1862 1964 1907 totus
1977 1854 2235 1923 spiritalis
2251 1864 2437 1923 regnat
2458 1856 2508 1908 in
2530 1855 2822 1909 divinitatis
2837 1858 3112 1925 majestate
3132 1860 3185 1912 in
3208 1860 3379 1921 caelis,

138 1932 539 2021 aDeoelectns,
561 1964 615 2010 et
635 1955 742 2009 Deo
765 1954 1006 2012 dilectus,
1024 1960 1081 2006 et
1096 1950 1341 2020 egregius
1354 1948 1720 2003 Psalmistals-
1751 1932 1791 1989 Β
1821 1942 1911 2010 qui
1938 1952 2058 2011 post
2096 1944 2539 1997 resurrectionem
2568 1946 2641 1997 ait
2672 1946 2873 2013 apostol
2899 1962 2924 1999 s
2948 1962 2964 1999 :
2998 1946 3133 1999 Data
3152 1958 3227 2000 est
3250 1951 3377 2002 mihi

141 2047 276 2102 raeli
297 2047 506 2101 victrici
534 2045 712 2115 gladio
750 2044 983 2110 undique
1008 2049 1193 2111 gentes
1219 2039 1528 2109 subiiciens,
1554 2039 1715 2109 legis-

138 2138 351 2207 queDei
366 2138 592 2193 eximius
606 2137 922 2206 prmdicator
934 2136 985 2186 in
1001 2132 1194 2202 populo
1206 2130 1718 2201 exstitit.Cujusexi-

141 2228 250 2281 mia
283 2226 513 2280 ﬁliorum
541 2226 815 2279 nobilitate
843 2223 897 2276 in
927 2223 1096 2276 salute
1129 2221 1333 2284 mundi,
1363 2221 1429 2275 de
1449 2221 1595 2290 virga
1622 2218 1718 2273 ﬂos

140 2318 321 2387 campi
367 2324 421 2372 et
464 2315 786 2371 convallium
836 2313 1014 2367 ﬂoruit
1052 2311 1300 2366 Christus
1341 2311 1518 2381 (Cant.
1548 2327 1611 2375 n,
1641 2310 1713 2379 l),

140 2408 235 2476 qui
257 2407 379 2461 istis
414 2406 571 2461 modo
598 2403 927 2473 temporibus
956 2417 1020 2457 ac
1057 2402 1295 2471 ejusdem
1331 2402 1586 2466 nominis,
1610 2404 1721 2455 vir-

141 2496 280 2549 tutis
307 2504 362 2549 et
381 2493 502 2549 ﬁdei
529 2490 691 2548 David
720 2506 901 2561 regem
922 2490 1116 2559 populo
1141 2505 1238 2543 suo
1258 2489 1525 2544 concessit
1547 2497 1719 2543 recto-

144 2592 337 2640 rem-et
359 2584 650 2639 doctorem.
683 2581 795 2635 Sub
821 2580 972 2648 cujus
994 2578 1183 2631 umbra
1208 2578 1483 2646 superiora
1509 2577 1715 2651 [Forte,

142 2672 403 2745 superna]
451 2674 630 2741 quiete
671 2670 898 2743 populus
943 2669 1229 2737 requiescit
1267 2669 1625 2731 Christianus,
1663 2678 1719 2721 et

144 2763 409 2822 terribilis
431 2763 669 2832 undique
693 2761 943 2832 gentibus
968 2768 1143 2815 exstat
1168 2760 1407 2829 paganis.
1438 2758 1603 2829 Cujus
1627 2760 1719 2814 de-

96 2890 117 2895 π
140 2853 295 2910 votio
344 2868 375 2907 a
414 2852 575 2907 sectis
616 2849 854 2922 perversi
892 2850 1154 2918 dogmatis
1198 2850 1354 2903 ﬁdem
1396 2849 1717 2903 catholicam

138 2944 457 3016 evangelica
504 2942 772 2997 soliditate
819 2940 1028 2993 munire
1069 2954 1173 2992 non
1222 2946 1431 3003 cessat,
1476 2952 1547 2991 ne
1589 2939 1719 3007 quid

144 3036 275 3091 novi
316 3042 371 3090 et
407 3032 715 3103 apostolicis
746 3030 1127 3086 inconveniens
1149 3028 1425 3107 doctrinis,
1450 3042 1549 3096 per
1570 3027 1718 3081 clan-

146 3123 389 3179 destinus
432 3120 804 3189 subreptiones
856 3117 1050 3171 alicubi
1104 3117 1305 3171 oboriri
1352 3116 1563 3180 valeat,
1623 3117 1719 3170 sed

145 3214 388 3270 celestis
443 3214 629 3282 gratia:
684 3209 883 3264 lumine
939 3207 1071 3261 ﬁdes
1122 3207 1320 3275 ubique
1358 3205 1577 3276 .lulgeat
1627 3221 1719 3260 ea-

151 3304 372 3360 :bolica.

220 3392 387 3463 Cujus
416 3392 655 3455 luminis,
694 3392 801 3445 heu
828 3389 963 3459 proh
999 3388 1174 3443 dolor!
1202 3388 1426 3457 quidam
1452 3397 1716 3451 extorres,

146 3482 427 3539 Christum
466 3498 533 3536 ex
577 3482 795 3552 Virgine
841 3489 1023 3535 sancta
1064 3479 1266 3543 n‘atum,
1308 3478 1470 3550 impia
1505 3481 1721 3534 temeri-

150 3581 265 3626 tate
290 3570 457 3624 Deum
486 3585 695 3635 verum,
740 3578 794 3624 et
834 3570 1023 3624 Filium
1067 3569 1159 3623 Dei
1203 3571 1479 3640 proprium
1526 3585 1721 3641 negare

152 3676 264 3715 non
293 3659 502 3713 timent.
532 3657 630 3724 Qui
669 3673 822 3713 error
848 3665 1101 3727 eousque,
1142 3667 1202 3713 ut
1232 3660 1463 3725 videtur,
1492 3660 1723 3714 latenter

150 3746 506 3815 quorumdam
549 3745 711 3799 etiam
756 3743 989 3798 ﬁdelium
1036 3748 1312 3800 doctorum
1356 3746 1555 3799 animis
1598 3747 1723 3800 sub-

153 3835 345 3904 repsit,
378 3844 437 3888 ut
462 3834 652 3889 durum
687 3834 932 3888 videatur
957 3834 1061 3889 illis
1083 3835 1328 3890 conﬁteri
1363 3836 1447 3890 vel
1478 3836 1719 3898 credere,

153 3923 325 3976 Deum
369 3936 489 3977 esse
527 3930 734 3994 tantum
774 3919 954 3977 Iesum
994 3924 1291 3987 Christum,
1332 3924 1424 3994 qui
1464 3925 1615 3978 sedet
1655 3924 1723 3978 ad

152 4010 431 4063 dexteram
475 3992 671 4072 Patris,
730 4020 786 4063 et
831 4011 884 4069 in
931 4010 1099 4080 gloria
1148 3992 1384 4081 paternae
1432 4011 1724 4079 majestatis

152 4106 415 4153 venturus
450 4108 532 4153 est
554 4100 793 4168 iudicare
828 4102 977 4155 vivos
1002 4109 1056 4154 et
1078 4110 1337 4156 mortuos.
1385 4101 1494 4156 Nec
1529 4103 1582 4156 in
1618 4103 1725 4171 spi-

156 4182 368 4240 ritalem
395 4200 537 4239 nunc
574 4185 798 4256 gloriam
832 4180 1049 4241 carnem
1077 4186 1279 4241 Christi
1315 4187 1410 4241 Dei
1450 4203 1570 4242 esse
1607 4204 1724 4241 mu-

154 4284 344 4336 tatam,
375 4289 493 4344 qum
514 4287 612 4342 pro
643 4275 797 4329 nobis
824 4275 1074 4344 pependit
1105 4275 1158 4327 in
1185 4275 1345 4344 ligno,
1376 4286 1563 4331 contra
1594 4276 1723 4330 illud

153 4360 397 4432 Apostoli
423 4360 641 4425 dictum,
681 4362 772 4431 qui
801 4362 867 4415 de
893 4362 1061 4423 nostri
1086 4364 1330 4430 corporis
1355 4364 1724 4418 immutatione

154 4452 274 4504 ait:
299 4449 601 4515 Seminatur
630 4465 815 4519 corpus
862 4450 1109 4513 animale,
1152 4462 1325 4520 surget
1350 4469 1537 4521 corpus
1570 4453 1725 4523 spiri-

154 4536 261 4592 tale
278 4536 335 4606 (1
359 4535 481 4589 Cor.
507 4553 592 4599 xv,
618 4537 731 4606 ss).
764 4537 875 4593 Nec
908 4538 1051 4593 illam
1082 4541 1484 4596 considerantes
1510 4551 1723 4596 senten-

158 4628 311 4690 tiam,
347 4626 475 4694 quia
511 4626 650 4679 idem
688 4627 801 4694 ipse
825 4641 857 4679 a
886 4628 996 4682 Deo
1026 4629 1230 4684 electus
1256 4631 1438 4684 mundi
1462 4630 1724 4705 praedica-

74 4710 77 4712 ’
156 4727 266 4780 tor,
292 4716 559 4786 juston
594 4716 1042 4770 resurrectionem
1079 4719 1392 4773 disceznens
1429 4720 1499 4773 ab
1523 4720 1722 4788 impiis,

158 4805 336 4858 dixit:
365 4802 554 4857 Omnes
609 4804 815 4873 quidem
868 4819 1210 4874 resurgemus,
1257 4805 1349 4858 sed
1397 4822 1499 4859 non
1551 4822 1725 4860 omnes

157 4893 559 4947 inmutabimur
596 4892 781 4963 (lbid.,
807 4910 859 4958 v,
886 4894 997 4963 5i).
1041 4894 1100 4949 Si
1128 4896 1326 4950 nostris
1362 4896 1611 4965 operibus
1644 4911 1728 4950 se-

157 4981 399 5035 cundum
450 4980 663 5045 modum
713 4984 1025 5037 meritorum
1072 4984 1331 5052 spiritalis
1372 4985 1553 5054 gloriae
1601 5000 1728 5053 pro-

160 5071 398 5124 mittitur
430 5069 746 5129 immutatio,
787 5078 988 5137 quanto
1023 5074 1195 5141 magis
1240 5076 1482 5141 corporis
1527 5074 1727 5129 Christi

161 5158 477 5214 clariﬁcatio
509 5157 739 5228 gloriosa
774 5172 889 5212 esse
916 5161 1178 5215 credenda
1202 5170 1285 5216 est
1310 5171 1431 5231 post
1457 5178 1726 5218 resurrec~

164 5284 291 5348 num
334 5267 621 5348 pag._lt_i'23
651 5267 749 5336 Op.
780 5268 987 5348 A_lc_uini
1018 5283 1317 5348 connexum
1348 5270 1573 5348 habetur
1603 5287 1726 5348 cum

164 5344 316 5405 parte
340 5336 590 5404 epistolae
615 5351 774 5405 quam
802 5338 1063 5457 integram
1088 5337 1383 5406 reperimus
1403 5349 1532 5393 tom.
1557 5339 1729 5395 lCon-

163 5406 255 5476 cit.
283 5404 578 5476 Britannkg
590 5419 709 5475 pag.
733 5405 831 5459 l59
854 5406 913 5457 At
954 5403 1186 5476 elfiardo,
1209 5406 1541 5475 inscriptam,
1564 5423 1725 5476 quam

164 5473 287 5526 vide
332 5470 522 5541 infra._
548 5470 788 5528 Praesens
831 5489 957 5527 vero
990 5472 1342 5541 fragmentum
1374 5470 1451 5529 'ad
1476 5470 1725 5530 Carolum

165 5541 438 5611 Magnum,
454 5539 673 5611 _A_lcuini
700 5542 947 5596 Doridem
964 5582 978 5601 .
1003 5539 1273 5610 pertinere
1297 5542 1409 5610 ipse
1446 5552 1728 5599 contextus

166 5606 419 5680 loquitur.
454 5606 662 5680 Novum
956 5606 1043 5664 hic
1061 5623 1281 5680 carpere
1306 5606 1517 5665 videtur
1542 5612 1726 5667 Διωξ-

165 5676 288 5739 nus,
326 5678 496 5747 quod;
515 5676 784 5747 nonnullis
823 5679 1013 5733 durum
1055 5676 1327 5733 videretur
1374 5682 1617 5734 conﬁteri
1644 5682 1745 5734 vel

166 5743 421 5802 credere:
454 5743 683 5799 Carnem
723 5744 917 5800 Christi
954 5749 1010 5800 in
1041 5747 1325 5816 spiritalem
1354 5748 1574 5815 gloriam
1613 5760 1727 5816 post

166 5816 595 5871 resurrectionem
654 5826 763 5865 esse
805 5813 1079 5869 mutatam.
1136 5813 1252 5881 Quo
1298 5813 1436 5869 anno
1491 5813 1622 5869 data
1656 5813 1725 5874 sit

606 5904 875 5964 Ριτιοι..
917 5904 987 5967 C.

1821 2033 1988 2084 omnis
2012 2043 2237 2101 potestas
2266 2036 2316 2084 in
2339 2035 2463 2085 ωΞό
2492 2045 2539 2086 et
2569 2037 2622 2087 in
2652 2046 2789 2088 terra
2819 2036 3029 2106 (illatua.
3060 2056 3247 2101 xxvnt,
3275 2040 3380 2107 18).

1821 2120 1949 2185 Qua:
1975 2131 2210 2191 potestas
2237 2124 2402 2177 multo
2423 2134 2545 2178 ante
2572 2125 2706 2180 Filio
2734 2128 2964 2184 hominis
2988 2129 3159 2184 danda
3189 2133 3384 2185 dicitur

1821 2226 1850 2264 a
1879 2212 2153 2281 prophetis
2174 2224 2225 2265 ι.

2304 2292 2328 2321 ι
2358 2283 2685 2339 EPISTOLA
2718 2287 2897 2341 XVII].

2242 2387 2309 2425 ΔΙ)
2365 2388 2633 2426 Λυκιικωι
2680 2391 2697 2427 1
2757 2392 2943 2429 ΡΔΡΑΙ.

2437 2460 2611 2528 (Anno
2632 2460 2779 2529 794.)

1821 2542 2158 2626 Commendat
2190 2563 2244 2599 se
2281 2548 2466 2628 gratae
2500 2549 2781 2628 pontiﬁcis,
2827 2550 3075 2628 illumque
3117 2555 3385 2628 proﬁtetur

1894 2615 2140 2699 uicarium
2172 2617 2335 2667 sancti
2370 2615 2531 2674 Petri,
2574 2628 2619 2668 et
2646 2615 2759 2697 ejus
2801 2615 3069 2699 potestatis
3108 2615 3384 2699 kmredem,

1888 2682 2149 2761 simulque
2181 2694 2438 2761 precatur,
2480 2695 2534 2736 ut
2576 2682 2905 2752 petitionibus
2937 2690 3044 2742 suis
3073 2707 3165 2758 per
3209 2682 3387 2761 Angit;

1887 2750 2086 2802 bertam
2122 2752 2373 2817 faciendis
2398 2750 2619 2805 annuat.

1891 2837 2206 2891 Beatissimo
2236 2850 2288 2893 et
2318 2842 2463 2894 onmi
2493 2842 2690 2895 honore
2716 2844 3028 2912 dignissimo
3048 2856 3103 2899 et
3142 2849 3382 2917 pontiﬁci

1820 2941 2013 2995 magno
2037 2939 2057 2965 ε
2093 2927 2329 2982 Adriano
2353 2945 2529 2998 papas,
2576 2933 2901 2988 humillimus
2926 2938 3160 2991 omnium
3182 2949 3383 2997 sancito

1821 3014 2075 3069 Ecclesia:
2107 3016 2339 3070 ﬁliorum
2378 3020 2601 3073 Albinus
2649 3031 2861 3077 (eterna!
2907 3026 3249 3083 beatitudinis
3289 3044 3376 3083 sa-

1821 3104 2007 3158 lutum.

1895 3196 2225 3252 Venerabilis
2251 3209 2410 3269 atque
2439 3212 2550 3257 toto
2578 3205 2705 3259 orbe
2738 3194 3015 3263 laudabilis
3055 3218 3244 3265 vestrae
3283 3213 3382 3267 bo-

1822 3285 2027 3350 nitatis,
2075 3286 2235 3341 Pater
2267 3290 2498 3358 optime,
2546 3294 2716 3361 pietas
2769 3297 2900 3352 mihi
2946 3299 3133 3353 ultimo
3184 3310 3383 3356 saneta:

1820 3373 2073 3430 Ecclesiae
2119 3380 2332 3434 servulo
2362 3384 2887 3454 quantulamcunque
2913 3389 3090 3442 attulit
3132 3389 3379 3446 ﬁduciam

1819 3474 2052 3519 vestram
2083 3468 2403 3537 deprecandi
2447 3473 2807 3540 clementiam,
2847 3487 2905 3531 ut
2950 3494 3054 3542 me,
3087 3480 3208 3535 licet
3238 3482 3383 3536 indi-

1820 3570 2001 3623 gnum,
2031 3564 2269 3624 paterna:
2292 3559 2515 3627 pietatis
2539 3579 2722 3619 amore
2752 3566 2804 3618 in
2852 3569 3113 3634 gremium
3156 3572 3384 3625 sanctis-

1820 3645 1969 3700 simae
1998 3646 2401 3704 intercessionis
2426 3661 2623 3706 vestras
2647 3654 2897 3722 colligere
2918 3656 3227 3724 dignemini.
3258 3659 3389 3715 Scio

1820 3735 2118 3791 certissime
2142 3748 2334 3792 vestrae
2360 3740 2693 3796 devotionem
2728 3743 3042 3800 Sanctitatis
3068 3750 3165 3815 pro
3193 3750 3390 3817 populo

1813 3820 2017 3895 iugiter
2057 3825 2223 3904 totius
2259 3828 2407 3882 orbis
2450 3828 2783 3887 intercedere
2819 3834 3164 3889 Christiano:
3209 3845 3385 3894 tamen

1822 3913 2106 3981 specialius
2130 3915 2328 3984 aliquid
2357 3931 2454 3984 pro
2480 3919 2562 3972 his
2586 3922 2778 3988 egisse,
2816 3924 2907 3990 qui
2935 3932 3126 3977 vestrae
3160 3924 3387 3982 almitatl

1821 4003 2028 4070 seipsos
2046 4005 2242 4059 obnixa
2264 3994 2577 4061 humilitatis
2598 4011 2966 4066 obsecratione
2993 4015 3385 4077 commendant.

1790 4092 2105 4161 'etmajore
2147 4096 2462 4150 credulitate
2508 4094 2576 4152 ad
2630 4110 2788 4155 tanta:
2823 4105 3159 4176 auctoritatis
3200 4106 3389 4160 conlu-

1821 4180 1972 4247 giunt
2012 4179 2284 4251 suffragia.
2336 4183 2461 4239 Scio
2498 4201 2582 4240 me
2607 4201 2703 4255 per
2728 4192 2868 4244 sacri
2921 4194 3259 4261 baptismatis
3296 4196 3389 4249 ad-

1823 4270 2130 4324 unationem
2162 4274 2227 4326 de
2255 4273 2398 4328 illius
2424 4290 2544 4329 esse
2575 4277 2697 4330 ovili
2747 4282 2994 4345 pastoris,
3023 4284 3111 4350 qni
3138 4298 3234 4350 pro
3277 4285 3391 4338 suis

1821 4359 2012 4414 ovibus
2035 4361 2269 4415 animam
2293 4378 2494 4430 ponere
2526 4382 2629 4419 non
2662 4367 2925 4421 dubitavit
2962 4370 3141 4434 (Joan.
3174 4387 3225 4433 x,
3257 4372 3343 4442 ll)
3369 4390 3382 4433 ;

1824 4465 1958 4517 quas
1984 4450 2143 4503 etiam
2173 4466 2269 4521 per
2298 4455 2661 4509 acutissimam
2706 4473 2814 4511 sua:
2852 4461 3259 4515 resurrectionis
3283 4462 3389 4531 glo—

1752 4571 1803 4629 υ
1824 4540 1961 4593 riam
1991 4541 2300 4596 beatissimo
2342 4545 2496 4598 Petro
2520 4547 2745 4616 principi
2785 4549 3164 4615 aposwlorum.
3195 4553 3264 4604 ob
3294 4552 3388 4605 tri-

1828 4649 1951 4686 nam
1986 4635 2282 4701 magniﬁcae
2318 4638 2617 4691 dilectionis
2659 4639 3069 4703 confessionem,
3094 4642 3389 4708 pascendas

1827 4723 2223 4777 commendavit
2247 4725 2426 4794 (Joan.
2464 4728 2615 4794 xxi);
2644 4729 2729 4783 cui
2764 4729 2924 4782 etiam
2953 4730 3090 4783 coelo
3118 4720 3384 4799 terrisque.

1825 4818 2084 4867 aeternam
2126 4811 2323 4881 ligandi
2375 4830 2437 4869 ac
2483 4816 2717 4870 solvendi
2760 4824 3079 4885 potestatem
3123 4814 3385 4888 delegavit

1827 4898 2041 4969 (Matth.
2068 4917 2155 4956 xvr
2172 4943 2187 4967 ,
2226 4904 2332 4973 19).

1898 4988 2064 5056 Hujus
2094 5002 2169 5057 te,
2193 4995 2643 5053 excellentissime
2687 4998 2864 5060 Pater,
2893 5009 2949 5051 ut
2975 5000 3233 5054 vicarium
3261 5015 3385 5054 san-

1827 5077 2083 5133 ctissimm
2119 5082 2262 5134 sedis
2310 5096 2573 5150 agnosco,
2614 5085 2774 5139 itaet
2822 5085 3062 5140 miriﬁca:
3108 5088 3388 5155 potestatis

1827 5164 2093 5220 hzerodem
2121 5180 2239 5221 esse
2274 5169 2549 5223 conﬁteor.
2582 5172 2719 5226 Ecce
2745 5187 2844 5242 ego
2886 5189 2988 5227 una
3030 5189 3145 5228 sum
3174 5175 3388 5243 regimi-

1828 5274 2156 5342 ignoramus,
2189 5276 2290 5329 nisi
2320 5276 2595 5333 referenda
2628 5283 2695 5336 sit
2728 5284 2794 5336 ad
2838 5283 3048 5336 initium
3084 5292 3273 5351 nuptm
3320 5287 3387 5339 ab

1828 5342 2050 5396 Alcuino
2097 5345 2469 5396 disnutationis
2514 5350 2767 5396 adversus
2813 5350 3039 5396 Felicem
3076 5361 3129 5396 et
3183 5353 3387 5396 Elim-us.

1828 5350 2050 5397 Alcuino
2097 5350 2469 5413 disputationis
2514 5350 2767 5405 adversus
2812 5350 3039 5405 Felicem
3076 5361 3129 5404 ct
3174 5350 3389 5423 Elipalt-

1827 5409 2315 5495 dum;3d_ann_um
2350 5414 2554 5495 scilicet
2583 5419 2684 5472 795
2704 5418 3141 5495 vel'sequcntem.’

1899 5490 1923 5517 ι
1948 5479 2056 5601 ξε
2078 5479 2191 5536 Hoc
2217 5481 2333 5536 loco
2361 5484 2659 5603 cipistolam.
2692 5502 2809 5554 qua:
2833 5479 2969 5554 apud
2993 5487 3385 5560 Quercezatzum

1899 5554 1910 5599 t
1992 5551 2035 5609 7.
2096 5548 2327 5619 Froben.
2408 5550 2460 5614 ι,
2491 5554 2561 5606 ad
2609 5553 2894 5617 Quemdans
2917 5594 2934 5619 ,
2968 5557 3385 5619 abrumpemlam

1827 5554 1910 5600 est
1948 5554 2035 5609 91,
2096 5554 2327 5602 Froben.
2374 5554 2460 5614 Ν,
2491 5554 2561 5606 ad
2609 5554 2894 5617 Quemdam
2917 5594 2934 5619 ,
2968 5556 3387 5624 abrumpcmlam

1827 5628 1946 5688 esse
1959 5617 2175 5688 _ce_t_tsui_.
2208 5616 2326 5672 Vid.
2355 5628 2534 5675 notam
2568 5622 2820 5688 priorem.

1901 5684 1927 5763 β
1957 5684 2098 5763 Elidit.
2129 5685 2379 5751 Quercet.
2407 5689 2498 5763 6'5,
2527 5684 2707 5763 Canis.
2732 5690 2822 5763 28,
2838 5689 3080 5763 AFrobeu.
3116 5692 3199 5747 15.

1902 5762 1921 5789 ε
2211 5771 2362 5877 puga:
2399 5758 2489 5825 qui
2529 5758 2647 5811 iniit
2678 5752 3044 5828 pontiﬁcatum
3090 5776 3232 5815 anno
3258 5761 3384 5829 77.2,

1828 5828 1881 5875 et
1914 5820 2041 5873 obut
2074 5837 2213 5875 anno
2245 5823 2275 5873 7
2314 5824 2365 5877 5.

2986 5882 2987 5885 γ
3037 5922 3076 5983 s
