4232 6432
672 461 756 514 ΠΙ
1081 455 1086 459 ⁴
1517 453 1584 505 «Β.
1627 452 1688 505 F.
1727 451 1946 505 ALBINI
1989 451 2116 506 SEU
2157 451 2430 508 ALCUINI
2465 452 2744 506 OPERUM
2779 451 2956 507 PARS
2991 452 3028 504 l.

668 574 749 625 nis
785 567 951 623 vestri
997 565 1226 628 ovicula,
1277 552 1372 618 sed
1419 562 1570 616 valde
1615 571 1966 637 peccatorum
2019 562 2244 618 maculis
2274 567 2319 622 Δ

669 661 926 715 morbida.
961 657 1297 726 Quapropter
1340 669 1424 708 me
1460 661 1629 709 totum
1681 663 1783 708 tua:
1821 653 1988 708 offero
2031 654 2228 709 Sancti-
2281 708 2283 711 .

667 751 788 816 tati,
818 749 977 804 Pater
1006 747 1266 818 piissime,
1296 746 1612 808 sanandum,
1647 754 1702 800 et
1726 746 2028 800 medicinali
2055 756 2243 815 poten-

671 841 771 901 tia,
815 853 932 906 quze
960 826 1077 891 tibi.
1101 843 1224 904 post
1267 835 1452 904 longas
1487 841 1795 887 sanctorum
1826 833 2050 886 Patrum
2074 835 2244 888 series

671 925 1007 981 haereditaria
1058 923 1400 976 successione
1429 937 1460 974 a
1487 922 1594 975 Deo
1625 920 1842 974 Christo
1892 921 2086 974 tradita
2124 934 2244 976 esse

672 1015 1022 1085 dignoscitur,
1069 1027 1154 1064 me
1195 1011 1387 1079 jubeas
1435 1009 1710 1064 salutifero
1758 1009 1974 1076 pietatis
2019 1009 2183 1064 verbo
2213 1025 2245 1062 a

587 1136 590 1139 -
673 1113 1014 1176 peccatorum
1056 1102 1286 1156 vinculis
1315 1116 1434 1154 esse
1477 1100 1729 1154 solutum.
1761 1098 1896 1166 Nam
1947 1100 2076 1153 mihi
2123 1116 2244 1154 cum

670 1193 993 1264 evangelica:
1041 1189 1359 1245 humilitatis
1394 1188 1573 1257 regula
1598 1188 1681 1242 fas
1725 1203 1844 1242 esse
1888 1188 2044 1242 video
2074 1189 2246 1243 dicen-

675 1282 801 1335 dum
834 1301 844 1332 :
882 1280 1118 1340 Domine,
1144 1295 1249 1331 non
1276 1293 1390 1330 sum
1429 1277 1638 1345 dignus,
1667 1286 1723 1328 ut
1743 1277 1903 1330 intres
1937 1276 2031 1328 sub
2057 1286 2257 1329 tectum-

677 1387 882 1434 meum;
924 1370 1007 1422 dic
1037 1368 1220 1432 verbo,
1259 1377 1306 1422 et
1359 1367 1633 1420 sanabitur
1668 1382 1796 1435 puer
1846 1383 1989 1419 meus
2026 1365 2242 1437 (Matth.

679 1474 793 1521 vni,
834 1456 908 1528 8).
951 1457 1050 1523 Qui
1077 1473 1220 1520 mox,
1253 1466 1313 1510 ut
1355 1455 1611 1524 speravit,
1642 1454 1880 1518 invenit;
1912 1463 1972 1508 ut
1998 1455 2245 1519 credidit,

679 1550 903 1618 accepit.
939 1549 982 1604 Ο
1029 1550 1342 1605 beatissima
1388 1547 1567 1618 lingua
1594 1547 1704 1601 oris
1731 1546 1916 1609 vestri,
1948 1547 2002 1600 in
2030 1561 2133 1614 qua
2167 1555 2249 1600 est

681 1652 896 1696 aeternae
923 1641 1186 1694 medicina
1227 1639 1433 1704 salutis,
1473 1655 1570 1708 per
1597 1653 1758 1707 quam
1787 1638 1909 1692 cmli
1938 1638 2249 1706 aperiuntur

680 1729 1051 1783 credentibus!
1079 1728 1381 1804 Nunquam,
1411 1729 1654 1792 obsecro,
1681 1729 1796 1782 haec
1817 1725 1972 1782 sileat
2001 1745 2012 1782 :
2038 1745 2250 1797 semper

683 1819 967 1872 admoneat
1005 1825 1056 1871 et
1090 1825 1259 1879 sanet,
1293 1831 1504 1883 semper
1531 1816 1734 1883 aperiat
1762 1824 2034 1884 perpetuas
2079 1817 2251 1870 beati-

2849 563 2876 602 b
2897 558 3230 618 EPISTOLA
3258 563 3391 618 XIX.
3467 515 3482 524 ᾗ

2893 667 2962 706 ΔΙ)
3001 669 3026 706 'l
3038 666 3358 706 ηειινιιιιυκ.

2838 772 2848 781 -
2939 739 3115 806 (Anno
3142 740 3294 811 794.)

2344 825 2549 880 Laudat
2580 827 2721 881 illius
2749 828 2943 896 scripta
2959 830 3260 948 tapostolicte
3279 830 3422 897 fidei,
3448 843 3494 885 et
3522 833 3587 884 ab
3612 834 3795 887 eodem
3817 835 3918 888 ineo

2985 914 3062 948 rut
3105 909 3263 948 cumt.

2985 914 3062 949 rut
3105 909 3263 967 cupit.

2423 988 2636 1056 Optimo
2667 996 2690 1024 ο
2724 985 3018 1054 Theophilo
3046 988 3129 1042 bis
3163 988 3301 1042 bina:
3328 990 3650 1058 evangelicae
3677 993 3919 1046 veritatis

2345 1080 2624 1150 discipulo,
2654 1089 2708 1134 et
2737 1090 3040 1136 sanctarum
3066 1082 3339 1152 quadrigae
3366 1086 3645 1147 virtutum,
3682 1085 3916 1141 ﬁdelium

2345 1171 2604 1242 quadriga
2643 1171 2939 1240 amicorum
2977 1171 3131 1240 plena
3177 1173 3454 1226 charitatis
3487 1189 3622 1226 nave
3654 1183 3806 1227 trans
3831 1175 3919 1227 Al-

2347 1263 2500 1333 pinas
2537 1267 2705 1327 aquas
2727 1258 2911 1329 dirigit
2952 1260 3198 1314 salutem.

2414 1359 2746 1427 Accepimus,
2787 1354 3065 1421 dignitatis
3119 1362 3311 1407 vestra:
3352 1354 3630 1415 chartam,
3675 1368 3829 1415 vere,
3863 1362 3917 1406 ut

2348 1446 2682 1515 agnovimus,
2707 1441 3003 1501 charitatis
3021 1439 3241 1495 ﬂoribus
3263 1442 3548 1510 depictam,
3571 1457 3636 1495 ac
3663 1442 3918 1496 mellifluo

2347 1537 2608 1606 spiritalis
2627 1533 2977 1603 iucunditatis
3011 1546 3200 1600 sapore
3245 1529 3516 1585 refertam.
3554 1532 3702 1587 Unde
3731 1542 3786 1584 et
3827 1547 3918 1587 nes

2348 1627 2591 1695 discipuli
2643 1624 2946 1679 sanctitatis
2993 1631 3188 1676 vestra:
3242 1622 3294 1674 in
3342 1621 3667 1674 abundantia
3719 1619 3915 1673 roriilui

2350 1716 2602 1778 nectaris,
2631 1713 2770 1782 quod
2796 1726 2860 1766 ex
2898 1710 3014 1779 ejus
3037 1710 3240 1780 gremio
3259 1710 3487 1779 pleniter
3516 1710 3814 1772 hausimus,
3838 1724 3917 1762 re—

2350 1803 2496 1869 fecti,
2541 1804 2741 1864 satiati,
2773 1802 2925 1856 valde
2971 1801 3133 1854 laetati
3181 1809 3788 1867 sumuszagnoscentes
3816 1813 3916 1852 eae;

683 1905 883 1958 tudinis
922 1905 989 1958 ad
1030 1920 1088 1959 se
1119 1903 1551 1970 confugientibus
1596 1910 1796 1970 portas.
1833 1902 1877 1956 0
1909 1903 2132 1956 Domine
2169 1903 2252 1957 ιθ-
2285 1903 2326 1959 Β
2355 1894 2540 1948 lestem
2585 1890 2866 1945 charitatis
2905 1891 3216 1942 thesaurum
3253 1896 3434 1941 vestro
3470 1885 3792 1940 subicienter
3835 1901 3922 1940 re-

683 2010 744 2049 su
765 2035 778 2060 ,
829 1995 910 2048 fac
939 2008 1059 2048 eum
1092 1994 1330 2058 longaeva
1360 1993 1539 2047 valere
1567 2002 1621 2047 et
1655 1994 1830 2047 vivere
1853 1993 2244 2062 prosperitate;

681 2096 738 2140 et
766 2087 857 2156 qui
880 2086 1038 2139 talem
1065 2084 1260 2153 populo
1293 2092 1385 2138 tuo
1415 2083 1610 2138 dedisti
1636 2094 1930 2152 pastorem,
1971 2084 2112 2137 hunc
2141 2084 2252 2152 pie—

680 2177 813 2231 tatis
858 2185 961 2230 tua:
988 2177 1208 2230 dextera
1247 2173 1429 2227 multis
1456 2174 1786 2241 temporibus
1813 2188 2131 2228 conservare
2169 2174 2250 2226 di-

685 2268 884 2339 gneris,
911 2275 1173 2336 quatenus
1193 2281 1313 2320 cum
1343 2263 1620 2333 multiplici
1663 2263 1866 2318 laboris:
1896 2263 1976 2317 sui
2008 2263 2252 2316 mercede

686 2367 810 2411 ante
836 2358 1085 2410 thronum
1124 2365 1228 2408 tua:
1249 2354 1472 2407 veniens
1505 2352 1686 2422 glorize
1710 2353 1898 2406 audire
1939 2360 2208 2405 mereatur
2235 2370 2247 2403 :

688 2446 854 2515 Euge,
883 2462 1022 2498 serve
1061 2445 1187 2496 bone
1229 2452 1275 2496 et
1315 2442 1504 2510 ﬁdelis,
1532 2444 1656 2511 quia
1697 2433 1852 2510 super
1896 2455 2064 2511 pauca
2109 2442 2254 2509 fuisti

687 2533 876 2602 ﬁdelis,
903 2549 1059 2600 supra
1097 2520 1261 2582 multa
1307 2540 1354 2582 te
1392 2531 1720 2594 constituam,
1749 2531 1887 2582 intra
1913 2529 1969 2582 in
2003 2529 2254 2597 gaudium

689 2621 897 2674 Domini
921 2620 994 2672 tui
1033 2617 1245 2689 (Matth.
1275 2633 1398 2681 xxv,
1424 2617 1534 2686 21).

760 2727 880 2780 Jam
915 2725 1119 2793 aliquas
1143 2724 1429 2792 petitiones
1465 2723 1696 2790 propriae
1750 2723 2084 2777 necessitatis
2124 2737 2256 2776 meae

693 2817 775 2872 his
799 2829 1006 2886 quoque
1033 2813 1226 2867 litteris
1251 2813 1563 2865 insererem.
1601 2809 1707 2863 Sed
1737 2811 1864 2877 quia
1900 2809 2257 2864 electissimus

694 2905 872 2961 damni
903 2903 1005 2957 mei
1039 2902 1183 2970 regis
1213 2901 1425 2962 missus,
1459 2893 1863 2967 iiIiBS'equidem
1879 2914 2031 2952 meus
2057 2899 2260 2952 charis-

694 2996 862 3049 simus
881 3006 903 3033 ο
928 2992 1274 3063 Angilbertus
1303 2990 1370 3044 ad
1409 2989 1777 3043 beatissimam
1808 3003 2030 3042 summa:
2073 2996 2259 3043 aucto-

695 3085 870 3139 ritatis
901 3089 1088 3136 vestra:
1135 3079 1383 3148 dirigitur
1411 3079 1519 3148 26
1563 3078 1964 3145 paternitatem,
2007 3092 2112 3130 non
2140 3092 2258 3131 esse

697 3188 915 3228 necesse
932 3170 1119 3240 putavi
1150 3169 1342 3222 litteris
1368 3183 1622 3232 exarare,
1651 3169 1792 3237 quod
1835 3169 1924 3220 ille
1967 3169 2050 3220 vir
2087 3168 2260 3222 ﬁdelis

2349 1983 2506 2037 condi
2531 1990 2768 2049 pectore,
2807 1988 2861 2033 et
2896 1978 3173 2032 afﬂuenter
3200 1978 3322 2031 inde
3367 1992 3465 2045 per
3504 1976 3607 2029 lata
3653 1985 3913 2030 terrarum

2351 2073 2553 2140 spatia,
2586 2070 2804 2124 ﬂumina
2852 2066 3140 2122 salutiferae
3169 2067 3425 2121 doctrina:
3469 2067 3714 2120 emittere
3766 2063 3915 2136 [Al.,

2351 2157 2657 2228 emanare],
2695 2165 2748 2211 et
2794 2155 2942 2209 arida
2977 2154 3198 2224 justitia:
3241 2151 3388 2208 fonte
3435 2153 3730 2207 sitientium
3764 2152 3920 2205 corda

2353 2251 2577 2318 irrigare
2606 2263 2621 2301 :
2646 2263 2751 2301 non
2776 2247 3052 2316 septigeno
3082 2244 3269 2298 Niliaci
3298 2242 3532 2298 ﬂuminis
3576 2245 3803 2314 gurgite,
3832 2243 3920 2297 sed

2353 2340 2649 2408 septiformi
2682 2338 2852 2392 sancti
2881 2336 3114 2405 Spiritus
3157 2334 3466 2388 inundantia
3508 2334 3730 2387 viventis
3775 2347 3921 2400 aqua:

2354 2431 2549 2484 ﬂuenta
2574 2431 2629 2482 in
2650 2429 2813 2481 vitam
2841 2425 3088 2479 salientia
3111 2421 3683 2490 scmpiternamann.
3710 2435 3782 2482 iv,
3813 2419 3920 2489 14).

2359 2521 2509 2575 Unde
2537 2529 2594 2572 et
2639 2515 2968 2571 lucidissima
3016 2511 3322 2581 apostolica:
3363 2510 3484 2563 ﬁdei
3529 2509 3716 2577 pocula
3774 2508 3925 2561 nobis

2354 2612 2641 2680 propinare
2689 2611 2835 2677 larga
2882 2607 3081 2674 pietate
3122 2601 3391 2663 studuisti,
3443 2615 3561 2668 qua:
3607 2615 3728 2653 cum
3783 2599 3926 2651 omni

2358 2701 2637 2755 charitatis
2665 2699 2917 2750 aviditate
2944 2693 3262 2760 accepimus,
3292 2698 3344 2742 et
3374 2705 3493 2743 cum
3520 2704 3709 2756 magna
3730 2688 3927 2756 gratia-

2359 2804 2475 2842 rum
2500 2789 2708 2841 actionc
2734 2785 3053 2852 potavimus.
3088 2781 3195 2833 Nec
3231 2779 3386 2831 unius
3425 2779 3726 2846 parvissimi
3757 2787 3813 2830 et
3838 2794 3926 2832 va-

2360 2879 2458 2933 riis
2480 2879 2710 2932 motibus
2731 2873 2992 2928 vibrantis
3025 2871 3078 2924 in
3102 2871 3216 2924 sole
3236 2869 3545 2936 spurcitiam
3573 2869 3738 2919 atomi
3765 2866 3928 2922 oll‘eu-

2359 2970 2535 3024 dimus
2555 2967 2606 3020 in
2634 2967 2732 3028 eis,
2758 2965 2850 3018 sed
2871 2961 3177 3030 crystallina
3207 2959 3436 3025 puritate
3466 2958 3748 3010 micantia:
3778 2957 3849 3008 ita
3873 2967 3928 3010 ut
3996 2973 4008 2983 ι

2362 3058 2580 3126 superni
2606 3057 2733 3110 solis
2760 3054 2922 3107 radiis
2957 3051 3124 3104 nostri
3148 3049 3324 3104 cordis
3353 3048 3574 3117 lychnos
3611 3049 3928 3102 mirabiliter

2364 3149 2764 3204 illuminaverit.

697 3272 751 3318 ει
774 3262 1004 3332 prudens
1035 3260 1224 3313 melius
1247 3259 1368 3311 viva
1412 3273 1573 3320 voce,
1627 3229 1919 3311 δέουηάωη
1947 3257 2256 3311 mandatum
2285 3240 2328 3299 C
2431 3240 2535 3308 27
2557 3238 2697 3292 .llmc
2721 3236 3180 3290 consideravimus
3223 3232 3554 3302 diligentius,
3581 3238 3634 3282 et
3661 3229 3931 3283 desidera-

699 3348 882 3405 domni
908 3348 1068 3416 regis,
1098 3347 1316 3400 auribus
1333 3344 1676 3399 Excellentia:
1700 3352 1894 3398 vestra:
1913 3345 2109 3414 poterit
2137 3346 2260 3399 inti—

702 3453 871 3494 mare.
914 3436 1046 3490 Nam
1106 3435 1246 3488 inter
1305 3442 1525 3488 caeteras
1572 3433 1894 3488 ﬁdelissima:
1947 3435 2261 3488 directionis

699 3542 863 3598 quam
888 3526 954 3580 ad
975 3540 1070 3578 vos
1101 3525 1259 3578 habet
1286 3523 1596 3592 legationes,
1625 3538 1757 3576 mea:
1789 3537 2002 3591 quoque
2031 3524 2262 3577 necessi-

700 3617 828 3674 tatis
865 3613 1248 3684 postulationes
1298 3612 1470 3665 eidem
1518 3610 1744 3680 prmfato
1773 3613 1931 3680 regiae
1974 3611 2263 3666 voluntatis

701 3705 992 3761 secretario
1009 3702 1439 3766 commendavit:
1458 3715 1613 3769 quem
1636 3703 1884 3754 omnibus
1905 3703 2091 3756 amicis
2110 3704 2263 3764 valde

704 3796 912 3856 fidelem
936 3809 1053 3849 esse
1085 3792 1445 3860 probavimus,
1477 3791 1709 3843 maxime
1733 3790 1903 3854 vobis,
1927 3798 1986 3844 ut
2026 3808 2152 3846 vere
2180 3795 2262 3848 di-

707 3899 870 3954 gnum
905 3890 1002 3944 est,
1038 3880 1376 3934 sanctissime
1401 3878 1583 3940 Pater,
1629 3877 1721 3945 qui
1755 3886 1983 3931 vestram
2013 3880 2263 3935 laudabili

707 3984 837 4026 voce
869 3970 1161 4023 bonitatem
1200 3967 1493 4034 smpissime
1527 3967 1722 4018 domno
1760 3967 1868 4034 regi
1895 3970 1993 4022 sub
2036 3985 2267 4036 prasen-

708 4059 784 4113 tia
834 4057 1118 4110 multorum
1158 4055 1369 4107 testium
1408 4067 1628 4106 narrare
1673 4053 1892 4117 solebat,
1941 4065 1996 4109 et
2043 4058 2268 4125 egregia:

710 4148 923 4219 pietatis
966 4161 1062 4215 per
1098 4159 1192 4198 vos
1236 4151 1404 4212 gesta,
1441 4158 1587 4210 pune
1629 4142 1749 4196 ﬁdei
1797 4147 1990 4207 verbis,
2025 4147 2090 4199 de
2120 4148 2270 4201 vobis

711 4237 947 4311 proferre
968 4235 1190 4298 studuit,
1207 4241 1470 4301 quatenus
1486 4233 1586 4300 pia:
1602 4232 1898 4286 dilectionis
1921 4234 2074 4288 fidem
2091 4245 2271 4289 osten-

713 4330 884 4390 deret,
908 4334 960 4378 et
988 4332 1179 4376 vestra:
1213 4320 1465 4374 almitatis
1486 4335 1720 4374 amorem
1751 4321 2097 4388 plurimorum
2125 4340 2274 4379 men-

715 4418 856 4470 tibus
886 4415 1171 4482 ingereret.

2362 3330 2536 3382 vimus
2565 3326 2876 3389 ardentius;
2920 3324 3147 3392 legimus
3191 3323 3387 3390 sapius
3415 3329 3468 3373 et
3511 3319 3772 3387 elegimus
3796 3333 3932 3372 sem-

2362 3434 2478 3486 per,
2504 3425 2558 3471 et
2580 3415 2833 3468 hetilieati
2865 3413 3197 3466 laudavimus
3223 3411 3409 3473 Deum,
3438 3410 3525 3477 qui
3552 3408 3707 3462 solita
3736 3409 3934 3476 pietate

2365 3508 2471 3561 tale
2499 3507 2676 3558 lumen
2709 3505 2906 3556 nostris
2932 3503 3195 3556 concessit
3223 3499 3549 3568 temporibus
3572 3497 3704 3568 [Al.,
3734 3497 3933 3550 labori—

2363 3595 2506 3665 bus'l.
2535 3593 2868 3661 Quapropter
2898 3591 3155 3644 intentius
3189 3603 3488 3658 precamur,
3519 3587 3694 3640 luceat
3719 3587 3808 3638 lux
3839 3586 3932 3638 tibi

2363 3702 2392 3738 a
2425 3687 2532 3739 Deo
2558 3684 2695 3736 data:
2737 3683 3008 3750 sapientia:
3033 3667 3097 3732 ex
3127 3678 3285 3733 corde
3308 3676 3586 3732 charitatis
3625 3684 3728 3728 tua:
3755 3689 3848 3743 per
3873 3689 3936 3726 os

2365 3775 2610 3829 veritatis
2637 3781 2762 3835 tuae,
2793 3780 2852 3824 ut
2891 3770 3065 3824 omnis
3106 3769 3316 3822 auditor
3359 3767 3672 3827 :ediiicetur,
3709 3771 3765 3816 et
3790 3761 3936 3815 solus

2364 3865 2604 3919 omnium
2632 3865 2786 3918 dator
2824 3863 3085 3916 bonorum
3125 3857 3449 3928 gloriﬁcetur
3489 3855 3541 3908 in
3569 3863 3622 3908 te
3653 3863 3708 3907 et
3735 3868 3833 3920 per
3860 3862 3931 3906 te.

2369 3955 2574 4022 Smpius
2602 3954 2668 4005 ad
2695 3967 2793 4004 nos
2818 3956 3000 4003 currat
3043 3948 3227 4001 charta
3274 3943 3660 3998 exhortationis
3688 3950 3812 4005 ωω,
3837 3957 3937 3994 nec

2368 4061 2486 4099 eam
2525 4043 2771 4110 Alpinum
2798 4039 2962 4109 frigus
3006 4037 3088 4091 vel
3113 4038 3318 4090 viarum
3364 4035 3624 4103 asperitas
3651 4032 3735 4086 vel
3771 4047 3938 4086 exun-

2370 4134 2513 4188 datio
2543 4132 2816 4186 fluminum
2863 4129 3128 4183 ullatenus
3168 4125 3437 4194 impediat.
3479 4121 3725 4176 Charitas
3758 4121 3937 4174 omnia

2371 4229 2606 4290 superat,
2650 4220 2715 4273 de
2763 4233 2866 4286 qua
2916 4216 3221 4270 dulcisonus
3261 4211 3564 4268 decantavit
3606 4209 3886 4264 Psalmista
3922 4223 3935 4259 :

2373 4312 2531 4380 Aquw
2543 4307 2718 4361 multa:
2747 4322 2849 4358 non
2869 4312 3142 4373 potuerunt
3162 4302 3480 4369 exstinguere
3500 4299 3824 4356 charitatem,
3846 4312 3938 4347 nec

2373 4403 2593 4471 [lumina
2627 4385 2852 4451 lobruent
2895 4394 3044 4447 illam
3090 4393 3264 4459 (Cant.
3295 4407 3414 4455 vm,
3441 4390 3514 4460 Ἰ).
3561 4388 3652 4442 Illa
3680 4402 3745 4439 ex
3771 4387 3938 4438 abun-

2375 4489 2555 4542 dantia
2596 4485 2773 4540 cordis
2813 4482 3058 4537 dictando
3099 4480 3316 4543 scribat,
3345 4487 3404 4532 ut
3443 4492 3539 4532 nos
3575 4490 3640 4530 ex
3669 4473 3938 4542 diligentia

788 4600 810 4628 '
849 4583 1035 4638 Ποηυιί
1056 4580 1321 4659 ,θη9ί,ν99ίδ
1371 4579 1576 4631 ’πίδδιιεο
1597 4618 1642 4631 σο
1677 4578 2022 4659 ίξνιθίιέτθνζξιδσ
2055 4581 2142 4659 Bis
2167 4577 2273 4635 Λη-
2301 4557 2352 4617 D
2381 4614 2398 4644 ‹
2447 4595 2654 4647 Recitat
2685 4593 2824 4648 hanc
2847 4589 3124 4659 epistolam
3155 4589 3408 4659 Baronius
3444 4588 3496 4641 in
3541 4585 3830 4654 appendiee
3870 4585 3935 4659 ad

719 4658 973 4726 gilbertus
1006 4652 1072 4705 ad
1089 4649 1390 4726 Agrianum
1419 4664 1604 4726 papam
1635 4663 1663 4700 a
1677 4647 1878 4726 garolo
1909 4650 2142 4704 directus
2167 4660 2268 4704 est.

718 4716 896 4779 primo
925 4735 1060 4774 anno
1089 4718 1191 4772 792
1228 4725 1346 4786 post
1369 4718 1625 4785 synodum
1677 4716 2137 4783 Ratisbonensem,
2169 4735 2273 4787 quo

720 4793 946 4847 Felicem
995 4787 1357 4857 Urgelitanum
1416 4788 1634 4857 Romam
1686 4787 1922 4857 adduxit.
1971 4788 2275 4857 lterumque

723 4875 862 4914 anno
891 4857 1009 4917 794,
1049 4853 1168 4921 post
1196 4855 1452 4922 synodum
1487 4853 2037 4922 Francofordiensem,
2065 4853 2276 4922 quando

722 4928 972 5000 nimirum
1015 4920 1078 4976 ad
1126 4920 1413 4976 Adrianum
1454 4922 1643 5000 detulit
1689 4920 1986 5000 Capitulare
2034 4920 2276 5000 adversus

722 4996 994 5065 synodum,
1023 5006 1139 5059 qua:
1178 5006 1268 5057 pro
1307 5007 1575 5065 sacrarum
1619 4991 1902 5065 imaginum
1935 4993 2190 5065 erectione
2223 4996 2278 5048 in

726 5056 905 5118 Nicara
954 5056 1068 5113 acta
1107 5056 1200 5127 est,
1229 5066 1286 5109 ut
1311 5059 1505 5127 habent
1534 5063 1693 5112 verba
1728 5056 1946 5111 Adriani
1978 5059 2029 5111 in
2059 5075 2279 5127 respon-

726 5136 876 5186 sione
915 5131 980 5183 ad
1005 5125 1274 5194 Carolum.
1319 5125 1485 5192 Hujus
1533 5129 1778 5181 secundae
1820 5128 2099 5194 legationis
2127 5125 2281 5183 oeca-

728 5205 873 5254 sinne
920 5198 1198 5264 scriptamg
1224 5193 1385 5264 fuisse
1429 5195 1565 5264 hanc
1609 5193 1887 5262 epistolam
1915 5205 2133 5250 censent
2175 5198 2282 5252 Ma-

729 5269 970 5322 billonius
995 5261 1123 5317 tom.
1160 5262 1220 5324 ll.
1247 5261 1337 5332 lib.
1371 5277 1495 5314 xxvi
1539 5261 1841 5329 Annalium,
1870 5279 1991 5332 pag.
2019 5264 2141 5317 515.
2178 5265 2280 5318 Pa-

733 5339 849 5402 gius
877 5337 941 5388 ad
971 5348 1165 5386 annum
1190 5331 1495 5402 i794._nugm.
1526 5332 1610 5394 1‘2,
1635 5343 1760 5396 etc.,
1789 5342 1841 5385 et
1880 5331 1988 5386 alii.
2022 5333 2282 5402 Tempore

736 5400 958 5470 namque
978 5403 1162 5470 prima:
1189 5400 1483 5470 legationis,
1511 5413 1765 5470 seuanno
1795 5402 1914 5464 792,
1941 5401 2196 5454 Alcuinus
2216 5418 2280 5455 ex

733 5467 1001 5524 Britannia
1049 5467 1280 5523 nondum
1327 5469 1379 5521 in
1432 5467 1708 5520 Franciam
1757 5485 2001 5524 reversus
2045 5478 2178 5521 erat.
2219 5471 2284 5524 Et

738 5542 846 5612 ipse
860 5540 1110 5592 Alcuinus
1138 5538 1190 5590 in
1216 5533 1314 5590 liae
1329 5537 1958 5612 epistola_baud_obscure
1988 5537 2159 5612 innuit
2177 5539 2283 5612 A_n-

739 5604 1036 5672 gilhertum,
1077 5604 1494 5674 antequam"hac
1535 5605 1651 5658 vice
1698 5604 1920 5662 Romam
1967 5607 2162 5671 abiret,
2211 5608 2281 5660 le-

741 5675 1002 5754 gationem
1030 5673 1229 5728 abiisse
1249 5675 1381 5754 apud
1411 5673 1721 5754 Adrianum,
1763 5675 1912 5751 cujus
1958 5677 2078 5729 inde
2104 5691 2284 5754 rever-

743 5757 832 5794 sus
861 5740 1130 5795 bonitatem
1176 5739 1452 5800 satpissime
1476 5745 1662 5794 domno
1690 5743 1794 5808 regi
1826 5739 2047 5796 narrare
2071 5739 2284 5797 solebat.

2377 4680 2574 4717 annum
2600 4662 2704 4715 772
2720 4701 2737 4727 ,
2761 4652 3347 4730 puta-tquegab‘Alcuino
3372 4658 3548 4730 datam
3727 4652 3937 4730 quang

2376 4733 2598 4787 Carolus
2633 4719 2850 4800 accepto
2873 4719 3149 4800 electionis
3174 4726 3394 4800 Adriani
3417 4727 3469 4777 in
3497 4721 3803 4800 pontiﬁcem
3833 4719 3936 4798 Ro—

2377 4816 2657 4854 manorum
2697 4787 2883 4853 nu'utio
2911 4796 3279 4861 Angilhertum
3309 4787 3563 4862 legatum
3583 4789 3806 4862 Romam
3838 4787 3934 4840 mi-

2378 4872 2468 4924 sit.
2519 4870 2716 4922 Verum
2770 4866 2887 4919 dum
2933 4857 3134 4916 tantum
3183 4857 3472 4931 legationes
3519 4859 3584 4912 ab
3627 4857 3938 4926 Angilberto

2380 4939 2568 5000 obitaz,
2621 4946 2680 4988 ut
2720 4949 2843 4987 mox
2883 4932 3152 5000 diximus,
3200 4930 3254 5000 et
3300 4930 3556 5000 Alcuinus
3579 4935 3714 4995 ante
3739 4938 3935 5000 annum

2382 5007 2480 5061 781
2528 4996 2620 5056 aut
2658 5005 3045 5070 insequentem,
3091 4999 3144 5051 in
3185 4999 3408 5070 Francia
3451 5011 3652 5070 moram
3681 5009 3807 5070 _non
3861 4996 3936 5045 le—

2380 5077 2473 5130 cit.
2519 5091 2536 5122 ι
2569 5072 2762 5140 Pagius
2792 5062 2912 5123 'loe.
2942 5068 3057 5133 cit.,
3087 5083 3243 5136 quem
3292 5068 3453 5121 etiam
3485 5065 3604 5118 vide
3632 5062 3716 5138 ad‘
3741 5074 3932 5114 annum

2383 5142 2676 5203 775,n.l.
3323 5201 3366 5203 η
3425 5201 3461 5203 _
3531 5201 3539 5203 _

2454 5212 2481 5249 ι)
2507 5197 2645 5262 Edit.
2683 5206 2932 5274 Qu'ercet.
2961 5205 3049 5267 82,
3081 5204 3283 5274 Canisii
3307 5201 3393 5264 66,
3425 5199 3666 5274 F_roben_ii
3700 5197 3781 5250 l6.

2456 5290 2477 5316 ο
2510 5263 2809 5344 Theophila.
2839 5263 3232 5346 Theppbylacto
3259 5263 3520 5346 fortassis,
3556 5268 3806 5346 episeopo
3835 5263 3936 5317 Tu-

2384 5347 2611 5407 dertino,
2641 5335 2732 5413 qui
2760 5359 2899 5397 anno
2940 5335 3516 5413 794'Francofortensi
3555 5335 3780 5413 concilio
3809 5348 3934 5413 praef

2385 5415 2522 5468 sedit
2565 5404 2816 5480 tanquam
2843 5413 3044 5480 legatus
3082 5407 3222 5480 sedis
3247 5405 3566 5480 apostolicae,
3591 5418 3696 5473 quo
3734 5405 3788 5480 in

2385 5483 2638 5535 Alcuinus
2667 5470 2820 5535 facile
2857 5470 2978 5532 cum
3005 5493 3070 5531 eo
3109 5470 3400 5529 amicitiam
3443 5475 3575 5528 inire
3606 5470 3804 5542 potuit.
3843 5470 3935 5524 llic

2388 5551 2812 5618 Theophylactus
2850 5565 2881 5601 a
2906 5546 3180 5618 Reginone
3207 5558 3415 5618 quoque
3439 5552 3494 5598 et
3535 5542 3756 5618 bietensi
3782 5553 3933 5598 anna.

2387 5619 2506 5671 lista
2537 5611 2863 5683 "Theophilus
2907 5611 3406 5683 appellatargquod
3447 5611 3806 5678 coniecturam
3851 5621 3933 5663 no-

2387 5695 2552 5740 stram
2581 5693 2876 5748 conﬁrmat.
2916 5742 2922 5749 _
