4232 6436
280 438 375 495 Πῗ

1697 436 2044 493 ΕΡΙΒΤΟΒᾹΞ
2055 477 2089 493 ..

3388 437 3491 493 N8

279 562 386 610 tate
409 554 652 621 sequitur
676 553 895 622 vestigia
914 592 927 616 ,
980 565 1045 605 ut
1063 551 1205 606 illius
1248 552 1512 606 inhaerens
1558 550 1838 620 praeceptis
1866 554 1912 610 Α
1941 548 2076 614 Quia
2099 550 2189 617 qui
2218 550 2463 603 arborem
2493 548 2718 616 plantat,
2749 546 3043 600 mercedem
3068 545 3325 601 defructu
3351 545 3496 605 ιιιιυι

280 642 447 709 ticius
472 648 742 696 mereatur
760 640 1057 695 consociari
1087 640 1289 709 glorize.
1342 639 1412 695 Ut
1458 640 1561 693 hoc
1602 639 1717 691 ﬁeri
1744 654 1831 691 va-

281 736 403 793 teat,
430 727 572 782 nulla
602 744 698 782 vos
727 727 907 783 saeculi
927 728 1378 796 concupiscentia,
1402 728 1601 782 nullum
1622 728 1836 782 carnale

280 817 606 872 desiderium
620 818 927 881 abstrahat;
948 832 1047 872 nec
1066 826 1257 872 vestrae
1277 818 1464 871 salutis
1486 818 1841 886 vosmetipsos

279 905 608 974 negligentes
653 918 770 958 esse
807 905 958 958 decet
980 944 993 968 ,
1031 919 1131 959 nec
1191 914 1433 973 paratam
1468 905 1621 959 vobis
1649 906 1701 958 in
1733 905 1843 958 Deo

280 993 506 1063 gloriam
519 994 921 1063 parvipendere.
940 993 1159 1048 Habetis
1176 994 1318 1047 enim
1334 993 1427 1047 Det
1442 993 1674 1063 gratiam
1689 993 1844 1065 auxi-

281 1080 501 1135 liantem
532 1081 702 1145 vobis,
747 1089 802 1135 et
826 1096 1077 1150 magnum
1121 1083 1556 1145 intercessorem,
1598 1090 1841 1136 sanctum

280 1170 488 1224 scilicet
514 1170 820 1235 Martinum,
851 1171 1227 1239 deprecantem
1261 1172 1498 1240 quotidie
1520 1186 1617 1240 pro
1645 1171 1796 1225 vobis
1828 1188 1842 1224 :

278 1260 407 1326 quia
467 1260 524 1314 in
583 1259 736 1329 cujus
794 1261 1014 1315 servitio
1065 1261 1302 1328 quotidie
1362 1260 1518 1314 statis
1579 1260 1633 1313 in
1686 1260 1847 1314 domo

279 1362 376 1401 sua
400 1388 416 1411 ,
457 1348 605 1403 illum
640 1348 847 1405 habetis
875 1349 930 1407 in
956 1349 1109 1404 ctelis
1141 1350 1287 1402 omni
1330 1348 1465 1402 hora
1520 1347 1845 1419 sulfragato-

282 1452 419 1491 rem.
995 1426 1010 1433 ’

352 1525 690 1597 Quapropter
711 1566 726 1591 ,
778 1526 1110 1581 dilectissimi
1169 1525 1361 1581 fratres
1385 1567 1401 1591 ,
1442 1527 1848 1597 diligentissime

280 1615 613 1677 contendite,
640 1622 699 1668 ut
722 1616 916 1683 saepius
943 1631 1040 1669 vos
1065 1615 1302 1669 inveniat
1330 1615 1569 1669 visitatio
1598 1616 1681 1669 sui
1719 1630 1848 1669 san-

280 1701 510 1756 ctissimi
541 1701 773 1772 Spiritus
819 1720 872 1758 In
912 1704 1158 1759 laudibus
1201 1705 1398 1761 divinis
1440 1706 1759 1774 vigilantes!
1795 1705 1853 1759 In

281 1788 399 1843 loco
426 1789 482 1843 in
504 1804 612 1857 quo
640 1790 801 1860 elegit
818 1792 920 1846 sibi
948 1793 1187 1861 requiem
1225 1793 1611 1859 dulcissimam,
1636 1795 1714 1849 sic
1736 1793 1855 1848 fun-

1938 640 2179 707 accipere
2211 640 2427 709 cogitat.
2475 638 2679 694 Habete
2723 638 3089 692 adolescentes
3132 639 3286 706 quasi
3332 636 3493 704 αξιοι,

1939 738 2200 797 quatenus
2220 730 2292 785 illi
2318 746 2412 785 vos
2449 730 2682 784 habeant
2708 736 2766 783 ut
2808 737 3004 798 patres.
3050 728 3318 797 Exemplis
3344 729 3500 784 bonis

1941 818 2059 873 illos
2084 819 2350 882 instruite,
2380 818 2659 872 admonete
2678 824 2736 869 ut
2763 817 3128 879 charissimos,
3157 817 3417 885 castigate
3440 824 3500 869 ut

1941 922 2263 971 conservos;
2294 907 2418 974 quia
2463 906 2570 975 3o
2598 906 2713 959 htee
2747 912 2832 959 est
2877 904 3114 958 fraterna
3141 903 3396 969 charitas,
3442 911 3504 956 ut

1940 1009 2127 1048 omnes
2152 994 2305 1061 quasi
2326 994 2680 1062 vosmetipsos
2706 993 2773 1046 ad
2795 1008 3047 1047 coronam
3068 1000 3311 1063 superna:
3330 991 3502 1050 beati-

1944 1083 2142 1136 tudinis
2160 1082 2467 1151 perducere
2495 1082 2775 1135 studeatis.
2938 1068 2957 1089 ‘
3114 1150 3117 1155 ι
3180 1149 3187 1157 _

2011 1169 2384 1223 Adolescentes
2412 1183 2541 1222 vero
2564 1168 2875 1223 'senioribus
2921 1169 3072 1235 quasi
3101 1169 3342 1237 patribus
3381 1171 3493 1224 sub

1946 1257 2043 1311 diti
2066 1264 2237 1311 estote
2262 1254 2313 1325 (Ι
2350 1255 2490 1308 Petr.
2516 1270 2568 1317 v,
2595 1254 2670 1325 5),
2695 1256 2835 1309 sicut
2854 1254 2921 1309 de
2944 1254 3055 1309 Deo
3076 1245 3294 1311 Christo
3313 1256 3507 1325 legitur

1948 1346 2001 1399 in
2039 1345 2359 1414 Evangelia,
2396 1344 2536 1413 quod
2565 1338 2821 1398 subditus
2848 1352 2993 1398 esset
3034 1344 3149 1399 suis
3194 1346 3509 1414 parentibus

1948 1435 2097 1507 (Luc.
2120 1452 2180 1498 ιι,
2206 1435 2316 1506 51).
2345 1435 2401 1489 Si
2428 1450 2557 1489 vero
2579 1436 2719 1490 Deus
2740 1436 2899 1490 homo
2915 1443 2972 1489 et
2990 1435 3247 1490 Dominus
3270 1434 3509 1489 omnium

1948 1526 2192 1581 subditus
2214 1540 2330 1579 esse
2344 1541 2452 1579 non
2471 1526 2792 1595 dedignatur
2817 1526 3150 1591 hominibus,
3179 1532 3376 1594 quanto
3399 1539 3511 1578 ma-

1948 1614 2030 1686 gis
2053 1623 2107 1670 et
2132 1629 2245 1679 vos,
2268 1615 2421 1682 pueri
2440 1622 2496 1668 et
2522 1614 2907 1675 adolescentes,
2939 1614 3136 1669 subditi
3164 1626 3283 1671 esse
3304 1612 3514 1668 debetis
3596 1630 3599 1633 ·

1952 1703 2221 1774 magistris
2249 1704 2464 1767 vestris,
2492 1711 2552 1757 ut
2585 1716 2683 1771 per
2712 1701 2922 1755 illorum
2969 1704 3166 1757 bonam
3212 1703 3514 1758 doctrinam

1952 1793 2212 1863 proﬁcere
2229 1798 2284 1846 et
2311 1790 2498 1846 ﬂorere
2517 1830 2535 1857 ,
2572 1797 2626 1845 et
2662 1788 2885 1846 exaltari
2923 1789 2977 1843 in
3018 1788 3257 1845 Ecclesia
3290 1789 3510 1854 Christi,

282 1876 392 1931 dite
420 1891 611 1947 preces
628 1886 867 1947 vestras,
883 1882 1033 1947 quasi
1054 1890 1317 1949 prasente
1358 1882 1470 1937 Deo
1498 1884 1777 1951 loquentes
1800 1892 1854 1937 et
1888 1864 1931 1923 Β
1953 1892 2009 1938 et
2042 1883 2111 1937 ad
2137 1883 2301 1936 vitam
2327 1890 2582 1938 aeternam
2603 1894 2724 1937 ctuti
2745 1878 2882 1943 illis,
2912 1878 3021 1935 Deo
3043 1877 3290 1941 donante,
3322 1889 3513 1947 perve—

283 1968 492 2021 sanctis
511 1966 646 2035 ejus.
681 1966 789 2023 Nec
830 1969 900 2023 sit
932 1968 1076 2024 aliud
1114 1970 1169 2023 in
1213 1970 1411 2035 corde,
1451 1972 1594 2026 aliud
1641 1972 1693 2025 in
1729 1985 1851 2036 ore;

285 2056 419 2125 quia
443 2055 604 2110 homo
630 2056 779 2109 audit
797 2058 939 2124 quod
957 2072 1019 2111 os
1038 2056 1293 2128 loquitur,
1326 2058 1695 2127 Deusinspicit
1714 2059 1856 2128 quod

285 2159 386 2199 eor
420 2145 652 2214 cogitat;
683 2145 810 2214 quia
838 2161 933 2200 cor
953 2148 1242 2201 contritum
1262 2158 1317 2202 et
1349 2149 1690 2204 bumiliatum
1715 2147 1857 2204 Deus

286 2251 395 2290 non
426 2236 631 2305 spernit
666 2235 837 2309 (Ρεαι.
870 2253 922 2302 ι.,
963 2238 1071 2308 l9).
1105 2239 1172 2292 Et
1217 2242 1394 2295 omnis
1441 2242 1535 2309 qui
1580 2256 1638 2296 se
1681 2242 1858 2295 humi»-

283 2323 411 2388 liat,
445 2324 769 2379 exaltabitur
810 2324 961 2397 (Luc.
1000 2342 1132 2392 xiv,
1187 2328 1297 2399 ll).
1352 2328 1456 2385 Per
1500 2330 1857 2384 humilitatem

282 2414 832 2477 vero,.otedientiam
859 2424 913 2470 et
958 2417 1275 2473 charitatem
1322 2423 1635 2478 monachus.
1662 2422 1859 2477 cmlum

284 2503 554 2560 ascendit.
568 2524 573 2527 -

353 2592 478 2647 Non
514 2602 597 2647 est
634 2593 798 2664 igitur
835 2595 1100 2651 laudabile
1134 2599 1187 2655 in
1238 2601 1573 2656 vestimentis
1619 2602 1859 2656 habitum

283 2682 491 2736 imitari
518 2682 757 2747 Patrum,
788 2684 906 2739 sine
930 2686 1307 2741 observatiOne
1342 2690 1713 2743 mandatorum
1742 2704 1860 2757 quae

284 2770 360 2824 illi
387 2778 700 2825 statuerunt
726 2771 835 2827 Deo
876 2774 1253 2830 servientibus.
1284 2775 1385 2842 Qui
1431 2775 1563 2831 foris
1609 2778 1662 2831 in
1689 2778 1859 2832 oculis

285 2859 568 2915 hominum
596 2862 713 2916 ovis
734 2862 788 2917 in
814 2864 1150 2920 vestimentis
1169 2866 1336 2920 videri
1379 2868 1544 2936 cupit,
1572 2868 1714 2923 intus
1736 2876 1860 2922 ante

285 2954 639 3016 conspectum
664 2948 759 3002 Dei
786 2965 880 3019 per
908 2954 1088 3007 cordis
1138 2964 1345 3010 secreta
1375 2971 1496 3011 esse
1552 2959 1858 3021 contendat,

286 3035 432 3103 quod
460 3033 598 3091 foris
620 3044 746 3092 ante
768 3038 1011 3094 homines
1038 3043 1212 3110 putari
1235 3046 1400 3113 cupit.

357 3125 617 3180 Charitas
642 3127 805 3197 igitur
824 3144 983 3197 quam
1031 3132 1171 3185 Deus
1206 3135 1459 3203 prmeepit
1505 3134 1696 3203 duplex
1743 3150 1862 3190 esse

286 3215 492 3280 debet,
536 3216 589 3271 id
632 3225 718 3271 est
794 3218 884 3272 Dei
912 3227 962 3273 et
993 3222 1247 3289 proximi.
1284 3222 1401 3277 Una
1429 3238 1550 3291 qua:
1579 3239 1864 3292 supra-nos

287 3312 397 3369 est,
428 3306 485 3360 id
516 3313 601 3360 est
643 3306 811 3371 Deus;
846 3307 1015 3362 altera
1051 3325 1169 3378 qua:
1212 3309 1367 3378 juxta
1396 3329 1494 3369 nos
1521 3322 1637 3379 est,
1689 3314 1741 3368 id
1784 3323 1869 3369 est

292 3393 481 3449 homo.
506 3394 649 3449 Deus
673 3410 740 3448 ex
762 3406 874 3450 toto
896 3399 1057 3452 corde
1084 3409 1139 3453 et
1159 3416 1226 3455 ex
1242 3409 1353 3457 tota
1378 3404 1558 3457 anima
1582 3412 1635 3459 et
1660 3420 1727 3459 ex
1756 3412 1869 3459 tota

286 3483 553 3552 diligatur
584 3485 799 3540 virtute.
830 3486 1111 3543 Proximos
1151 3506 1281 3546 vero
1332 3494 1472 3549 sicut
1516 3496 1870 3564 nosmetipsos

287 3570 587 3642 diligamus
605 3571 817 3642 (Matth.
850 3590 984 3640 xxu,
1025 3577 1114 3641 57,
1140 3578 1251 3648 39).
1279 3580 1337 3634 Si
1363 3590 1571 3649 quaerat
1595 3582 1866 3650 quislibet,

288 3660 385 3729 qui
423 3662 502 3716 sit
540 3662 855 3730 proximus?
884 3680 1127 3721 'omnem
1176 3667 1539 3723 Christianum
1576 3670 1870 3739 intelligere

291 3749 478 3815 debet,
514 3750 679 3804 veluti
727 3750 781 3804 in
810 3751 1100 3822 Evangelio
1146 3756 1372 3825 legimus
1413 3757 1481 3811 de
1509 3757 1864 3819 Samaritana,

288 3835 383 3901 qui
421 3836 769 3891 muneratum
807 3838 1007 3907 adjuvit
1050 3842 1199 3913 (Luc.
1249 3846 1338 3913 ιι).
1391 3846 1524 3900 ltcm
1567 3846 1869 3903 obedientia

290 3923 491 3993 duplex
525 3938 647 3979 esse
668 3926 861 3991 debet,
904 3929 956 3982 id
989 3940 1109 3997 est,
1144 3942 1200 3989 et
1240 3936 1375 3989 mala
1420 3953 1524 3991 non
1553 3937 1728 3991 facere
1754 3954 1872 4006 qum

292 4014 677 4082 prohibentur,
720 4024 774 4071 et
799 4018 936 4073 bona
965 4012 1143 4078 facere
1168 4039 1286 4093 qua:
1322 4026 1611 4094 iubentur.
1664 4030 1730 4083 Et
1758 4032 1872 4085 haec

290 4106 429 4169 duo,
470 4106 530 4161 id
578 4116 661 4160 est
725 4107 962 4164 charitas
1011 4120 1066 4164 et
1112 4114 1446 4179 obedientia,
1503 4133 1625 4172 cum
1662 4135 1870 4173 summa

281 4194 554 4263 iubentur
571 4197 877 4253 humilitate
898 4199 1124 4268 impleri.
1168 4202 1292 4257 Haec
1327 4215 1451 4260 sunt
1478 4208 1580 4260 tria
1603 4216 1870 4277 prmcepta

289 4302 411 4357 qua:
430 4288 687 4358 aperient
707 4290 985 4361 monachis
1008 4299 1191 4359 portas
1213 4295 1355 4349 coeli.

359 4377 460 4433 Bis
484 4380 675 4447 itaque
699 4380 853 4447 quasi
890 4381 1159 4443 radicibus
1185 4385 1301 4439 alite
1328 4398 1675 4443 succrescunt
1707 4390 1873 4443 virtu-

1955 1971 2073 2027 nire
2097 1967 2439 2030 mereamini,
2464 1966 2570 2021 Pro
2591 1981 2678 2021 me
2726 1980 2938 2034 semper
2967 1964 3296 2026 intercedere
3326 1963 3513 2035 digne-

1957 2060 2121 2121 mini,
2165 2065 2427 2128 quatenus
2477 2055 2672 2110 vestris
2716 2055 2966 2125 precibus
3010 2054 3221 2113 veniam
3277 2068 3515 2113 meorum

1957 2148 2170 2208 merear
2187 2150 2430 2219 accipere
2448 2154 2812 2218 peccatorum,
2837 2152 2891 2200 et
2918 2144 3207 2200 amabilem
3240 2145 3516 2204 vobiscum

1956 2243 2012 2299 in
2035 2242 2119 2296 die
2140 2239 2430 2295 novissimo
2462 2235 2673 2292 Domini
2724 2236 2895 2290 nostri
2922 2232 3047 2288 Jesu
3088 2232 3290 2289 Christi
3331 2233 3516 2291 audire

1957 2330 2279 2386 sententiam
2313 2346 2327 2381 :
2362 2325 2571 2391 Venite,
2599 2323 2849 2380 benedicti
2882 2321 3057 2377 Patris
3104 2321 3226 2387 mei,
3270 2322 3516 2391 percipit:

1959 2434 2172 2488 regnum
2224 2415 2361 2487 quod
2408 2413 2546 2469 vobis
2588 2419 2828 2483 paratum
2881 2420 2957 2465 est
3006 2409 3069 2465 ab
3117 2409 3311 2467 ariciae
3337 2408 3516 2464 mund:

1961 2506 2173 2578 (Matth.
2199 2521 2322 2569 xxv,
2350 2503 2462 2573 54).
3244 2496 3251 2504 ’
3598 2494 3605 2567 ,η

2099 2597 2205 2652 Vos
2224 2604 2423 2650 mterna
2445 2593 2549 2648 Dei
2558 2599 2838 2649 conservet
2866 2592 3064 2663 gratia,
3096 2590 3311 2655 ﬁatres,

2099 2683 2339 2740 Nominis
2361 2690 2521 2753 atque
2548 2681 2651 2735 mei
2674 2695 2940 2737 memores
2966 2680 3081 2734 sine
3108 2678 3213 2733 line
3238 2678 3428 2733 valete.

2430 2773 2458 2813 δ
2493 2771 2822 2831 ΕΡιετοιΑ
2860 2771 3047 2827 XXIV.

2391 2857 2457 2896 ΑΙ)
2517 2856 2723 2895 ιεοεαει
2790 2856 2849 2893 ιιι
2910 2854 3099 2893 ΡΔΡΛΙ.

2568 2929 2743 3000 (Anno
2764 2927 2915 2999 796.)

1963 3023 2297 3101 σοιηηιεηάαι
2331 3022 2598 3101 suae"?
2624 3020 2901 3101 ροιξείῆσίρν
2928 3027 3171 3101 “nitar
3196 3020 3518 3101 ι’ίεατὲἐμγο-

2030 3092 2279 3147 stolarum
2300 3104 2347 3147 et
2379 3088 2913 3160 Ecclesiw'principis,
2943 3088 3235 3159 apostolicae
3269 3088 3517 3143 sollicitu-

2035 3162 2147 3215 dini
2174 3179 2267 3232 per
2285 3162 2663 3232 Angilbertum.

2036 3249 2262 3305 Domino
2282 3246 2613 3314 beatissimo,
2653 3259 2820 3321 atque
2834 3251 2980 3305 omni
2999 3250 3203 3305 honore
3246 3250 3512 3304 nominan-

1965 3339 2034 3393 do
2069 3348 2092 3377 ε
2122 3336 2285 3393 Leoni
2312 3352 2478 3407 papae,
2508 3337 2725 3395 humilis
2774 3338 2933 3393 levita
2961 3336 3197 3398 Albinus
3231 3346 3441 3393 ceterum
3469 3337 3521 3392 in

1965 3430 2181 3485 Christo
2201 3428 2383 3500 gloria:
2413 3428 2661 3487 salutem.

2039 3518 2326 3587 Suscipiat,
2356 3518 2601 3582 obsecro;
2631 3518 2965 3575 sanctissima
2989 3519 3159 3590 pietas
3188 3527 3384 3581 vestra,
3427 3518 3521 3572 Ba-

1968 3614 2049 3659 ter
2073 3606 2390 3662 charissime
2432 3604 2561 3676 [Al.,
2592 3605 3033 3678 gloriosissime],
3076 3607 3306 3678 benigno
3348 3606 3524 3665 animo.

1969 3702 2167 3748 nostra:
2190 3694 2473 3763 parvitatis
2496 3676 2776 3765 litterulas,
2836 3702 2891 3747 et
2936 3676 3021 3749 me
3057 3676 3306 3749 devotum
3336 3703 3525 3750 vestrae

1967 3785 2268 3840 dilectionis
2294 3783 2551 3839 famulum
2575 3774 2823 3853 agnosce.
2850 3781 3071 3852 Semper
3099 3791 3296 3838 sancta
3323 3782 3523 3838 Roma-
3596 3774 3602 3781 ’

1971 3889 2051 3927 me
2082 3872 2226 3927 sedis
2257 3872 2598 3927 beatissimos
2618 3913 2632 3936 ,
2682 3880 2959 3941 quantum.
2989 3871 3153 3936 valui,
3186 3872 3452 3941 principes
3474 3880 3523 3926 et

1971 3973 2214 4032 pastores
2234 3964 2430 4026 amavi,
2457 3962 2677 4037 cupiens
2715 3962 2928 4017 illorum
2955 3963 3308 4017 sanctissimis
3354 3962 3496 4017 inter
3513 3990 3526 4002 ο

1969 4052 2300 4106 cessionibus
2338 4052 2477 4108 inter
2500 4051 2848 4106 oves.Christi
2878 4050 3177 4118 numerari,
3228 4068 3361 4121 quas
3389 4051 3526 4108 Deus

1969 4142 2215 4198 Christus
2242 4153 2363 4213 post
2383 4142 2786 4199 resurrectionis
2809 4139 2919 4198 sua:
2938 4144 3161 4213 gloriam
3183 4145 3339 4201 beato
3369 4143 3528 4200 Petro

1971 4232 2196 4300 principi
2228 4233 2589 4301 apostolorum
2614 4234 2909 4303 paseendas
2940 4236 3351 4291 commendavit.
3379 4237 3528 4304 Quod

1973 4336 2100 4376 vere
2124 4316 2341 4393 dignum
2366 4337 2485 4377 esse
2510 4321 2700 4387 fateor,
2724 4338 2939 4393 omnem
2971 4324 3115 4380 illius
3136 4327 3313 4398 gregis
3351 4327 3527 4381 multi-

1976 4411 2209 4466 tudinem
2226 4428 2322 4467 suo
2332 4412 2698 4481 pastori,_licet
2714 4412 2768 4466 in
2790 4414 3017 4469 diversis
3030 4423 3292 4469 terrarum
3316 4416 3529 4491 pascuis

288 4473 372 4521 tes
393 4506 409 4530 ,
474 4468 638 4537 quasi
674 4485 947 4525 ramorum
974 4471 1253 4540 fertilitas,
1282 4479 1475 4545 quibus
1518 4479 1725 4535 fructus
1752 4482 1870 4535 vitm

290 4556 540 4583 ..-..-:a.._
578 4566 792 4583 ..ιιι-...η
849 4558 951 4583 Μ..-
997 4576 1078 4583 ..Α
1140 4578 1262 4583 _-.__
1322 4581 1399 4583 ,μγ
1452 4568 1485 4583 ,ο
1551 4569 1564 4581 ο
1628 4571 1639 4581 ο
1683 4570 1725 4583 n
1768 4580 1774 4583 .

1975 4468 2427 4563 common-antem,
2442 4468 2846 4555 una-charitatis
2874 4468 2977 4557 ﬁde
3000 4500 3291 4569 subiectam
3311 4468 3529 4568 esse,et

290 4556 540 4611 nascitur
577 4566 811 4612 mternae.
845 4558 955 4614 Nec
997 4576 1112 4626 me,
1140 4578 1289 4634 rogo,
1317 4568 1641 4622 sanctissimi
1683 4570 1872 4624 Patres

288 4640 341 4695 et
371 4643 585 4699 fratres
606 4685 621 4709 ,
650 4657 1135 4717 prmsumptuosum
1155 4653 1438 4719 aestimate,
1457 4670 1553 4709 cur
1579 4658 1730 4712 vobis
1759 4659 1874 4713 haec

288 4732 619 4787 scriberem.
648 4733 897 4791 Charitas
918 4753 1036 4793 mea
1076 4754 1163 4795 me
1186 4743 1441 4812 compulit
1484 4755 1508 4784 α
1542 4745 1596 4797 in
1627 4746 1723 4799 has
1748 4761 1873 4815 pro-

291 4836 550 4891 rumpere
604 4820 842 4889 iitteras;
898 4835 1088 4896 optans
1137 4832 1288 4887 vobis
1323 4833 1502 4888 omnia
1536 4835 1673 4888 bona
1698 4851 1728 4889 a
1764 4836 1873 4891 Deo

286 4912 405 4965 dari
437 4910 629 4983 [Can.,
662 4910 894 4986 donari],
926 4916 1065 4972 utin
1090 4920 1286 4975 seculo
1334 4923 1589 4978 honorem
1632 4925 1872 4980 habeatis

290 5017 413 5057 cum
462 5001 783 5057 hominibus
815 5011 871 5057 et
904 5004 958 5058 in
987 5006 1167 5063 futuro
1193 5012 1388 5069 saeculo
1417 5013 1580 5067 vitam
1616 5022 1872 5069 aeternam

289 5106 414 5147 cum
451 5092 667 5147 sanctis
692 5090 808 5147 Dei.
841 5092 944 5148 Vos
968 5108 1096 5151 vero
1132 5092 1370 5156 seniores
1419 5102 1475 5157 in
1512 5102 1702 5173 spiritu
1726 5118 1874 5159 man—

290 5182 627 5247 suetudinis,
654 5181 797 5238 sicut
813 5182 1100 5253 Apostolus
1114 5189 1385 5257 praeepit,
1404 5189 1647 5259 iuniores
1664 5200 1873 5249 vestros

293 5268 607 5335 admenete,
638 5273 765 5340 quia
808 5273 1017 5329 illorum
1073 5275 1216 5330 salus
1244 5286 1423 5351 vestra
1460 5290 1544 5335 est
1586 5298 1791 5338 merces
1818 5282 1872 5349 (Ι

294 5359 413 5414 Cor.
461 5365 564 5431 iv),
603 5363 820 5419 illorum
855 5365 1085 5423 eruditio
1135 5376 1314 5423 vestra
1358 5379 1441 5425 est
1489 5377 1869 5430 remuneratio.

358 5505 385 5535 ι
425 5494 687 5572 Charitas
724 5514 806 5553 me
837 5498 1109 5572 compulit.
1137 5498 1263 5558 Haec
1283 5501 1445 5572 verba
1473 5507 1604 5562 satis
1644 5508 1872 5567 innunnt

296 5564 449 5646 hanc
479 5565 775 5646 epistolam
803 5564 961 5646 Δειιιεὲ
1008 5571 1263 5646 scriptam
1320 5564 1705 5646 missequam
1760 5594 1871 5632 mo-

297 5634 483 5758 x???
519 5634 1048 5757 igis‘prteﬁceretur
1074 5634 1346 5696 Alcuinus.
1386 5634 1589 5701 Mabill'.
1620 5646 1710 5700 lib.
1745 5662 1869 5701 xxvi

365 5775 391 5813 1'
423 5779 686 5841 Quercct.
722 5773 804 5837 72,
837 5774 1019 5832 Canis.
1045 5779 1132 5843 27,
1169 5780 1416 5851 (Froben.
1447 5781 1556 5851 20).

1973 4586 2111 4639 sicut
2132 4586 2218 4654 pio
2240 4590 2439 4653 pastori
2487 4586 2768 4650 condecet,
2809 4602 3054 4657 magnam
3102 4590 3372 4643 commissi
3422 4592 3528 4647 sibi

1972 4677 2146 4747 gregis
2173 4692 2356 4729 curam
2420 4676 2671 4741 habere,
2710 4684 2765 4731 et
2818 4678 2998 4732 sedula
3040 4678 3255 4741 pietatis
3281 4680 3526 4734 admoni-

1972 4767 2117 4821 tione
2154 4774 2207 4821 et
2245 4766 2544 4822 sanctitatis
2606 4766 2989 4823 intercessione
3035 4769 3326 4838 praevidere
3383 4768 3526 4841 [Αι.,

1972 4856 2312 4929 providere],
2369 4871 2437 4911 ne
2473 4857 2637 4927 aliqui
2665 4872 2730 4911 ex
2770 4856 2876 4913 illis
2921 4872 3017 4927 per
3047 4858 3337 4928 pmcipitia
3380 4874 3529 4912 erro-

1973 4960 2092 4998 rum
2131 4960 2161 4998 a
2184 4946 2265 4998 via
2292 4946 2539 5000 veritatis
2582 4954 2638 5000 et
2671 4954 2941 5016 perpetua:
2965 4946 3175 5017 pascuis
3209 4948 3334 5001 vita:
3370 4962 3529 5001 exor-

1972 5036 2145 5091 bitare
2199 5035 2476 5103 incipiant.
2543 5035 2733 5108 Gregis
2778 5038 2981 5093 sanitas
3026 5038 3193 5109 gloria
3229 5046 3312 5092 est
3347 5049 3528 5108 pasto-

1972 5126 2047 5178 ris
2069 5166 2084 5185 ,
2124 5132 2179 5178 et
2213 5124 2582 5192 multiplicatio
2618 5126 2763 5181 illius
2787 5139 2997 5183 merces
3018 5134 3238 5183 eterna.
3574 5192 3575 5195 η

2041 5214 2178 5269 Ecce
2200 5213 2639 5279 tu,_sanctissime
2660 5213 2840 5279 Pater,
2863 5217 3098 5284 pontifex
3118 5234 3150 5273 a
3171 5220 3280 5275 Deo
3303 5219 3522 5285 electus,

1970 5300 2607 5369 vicariusapostolorum,
2628 5301 3057 5368 Μεγαρίδι-ιιι»,
3080 5304 3329 5376 princeps
3347 5307 3527 5364 Eccle-
3566 5372 3575 5377 ,

1970 5391 2083 5453 δίε,
2114 5389 2272 5443 unius
2296 5389 2649 5445 immaculata:
2668 5390 2929 5448 columba
2954 5394 3205 5464 nutritor.
3237 5396 3297 5452 In
3320 5408 3373 5453 te
3396 5398 3526 5455 ﬁdes

2278 5537 2444 5590 ναρω·
2580 5522 2668 5605 hic
2687 5523 2795 5605 ιφ
2813 5537 2949 5605 rava
2969 5525 3161 5605 "1.991
3179 5538 3300 5605 ρρθι
3321 5532 3523 5605 obitum

1969 5588 2189 5670 {idm-ani
2209 5588 2365 5670 papae
2378 5591 2742 5670 pontiﬁcatum
2770 5588 2899 5670 iniit
2908 5588 3048 5652 anno
3062 5588 3333 5670 195,'iestc
3354 5588 3521 5670 sancti

1970 5656 2229 5738 Stephani
2247 5656 2678 5738 protomartyris,
2706 5663 2956 5738 ιιι-ἱεῖσι
2982 5656 3295 5725 Anastasius
3322 5670 3372 5725 in
3402 5656 3521 5725 Vita

1970 5725 2206 5781 Adriani.
2242 5725 2385 5782 Obiit
2411 5744 2537 5784 vero
2552 5725 2701 5787 anno
2727 5732 2847 5788 8l6.
