4232 6424
676 443 778 496 £79

674 549 1032 620 resplendeat,
1062 548 1271 602 devotio
1300 545 1518 613 fulgeat,
1564 544 1803 597 charitas
1832 538 2067 593 abundet
2105 532 2234 605 [Αι.,
2271 530 2347 589 Λ·

673 642 1038 712 resplendeat,
1083 638 1298 707 fulgeat,
1349 632 1625 703 abundet].
1653 632 1928 701 Congrcga
1966 642 2067 680 nos
2110 624 2248 677 ﬁlios

672 739 875 785 sanctae
923 729 1015 781 Dei
1066 726 1317 780 Berl-she
1365 732 1601 791 paternae
1631 718 1992 775 miserationis
2025 714 2236 776 affectu=

614 886 616 888 τ
673 821 781 874 tuis
807 815 1164 872 sanctissimis
1183 812 1517 867 orationibus
1543 819 1597 865 et
1623 807 1948 864 dulc'ssimis
1972 817 2249 858 sacrarum

676 912 974 964 litterarum
1000 904 1478 962 exhortationibus,
1505 902 1645 954 intra
1676 898 2042 953 ﬁrmissimum
2074 892 2250 945 Eccle-

677 1004 770 1056 size
795 996 1278 1064 soliditatisovile,
1322 1008 1388 1046 ne
1414 992 1611 1059 aliquis
1650 1006 1717 1042 ex
1738 984 2254 1042 nobiserrabundus

678 1094 856 1162 lupina
892 1088 1186 1157 rapacitate
1222 1084 1351 1138 l'oris
1389 1081 1696 1135 inveniatur
1726 1076 2081 1133 devorandos.
2116 1073 2251 1125 Nam

676 1181 1009 1251 splendentia
1030 1176 1266 1232 ctelestis
1291 1173 1494 1227 militia:
1523 1171 1756 1240 agmina,
1800 1164 2099 1242 nativitatis
2147 1162 2250 1214 Do-

678 1271 809 1356 Illi/lli
837 1269 1005 1322 nostri
1051 1265 1177 1319 .lcsu
1206 1262 1405 1318 Christi
1448 1259 1641 1330 gaudia
1690 1258 1867 1327 primo
1913 1252 2255 1323 pastoribus,-

680 1348 774 1433 ιιιιὶ
825 1375 984 1429 supra
1031 1375 1156 1413 suos
1204 1354 1706 1423 devotevigilarunt
1732 1366 1921 1422 greges
1948 1389 1964 1413 ,
2005 1348 2252 1401 nuntiare

680 1460 961 1508 venerunt.
1003 1452 1140 1505 Ecce
1167 1450 1273 1503 tuis
1300 1446 1653 1502 sanctissimis
1691 1443 1888 1513 vigiliis
1917 1442 1983 1495 ad
2009 1450 2254 1509 pastora-

682 1546 785 1599 lem
805 1540 1240 1601 sollicitudinem,
1279 1534 1652 1606 pt-obatissime
1690 1532 2127 1595 archimandrita,
2157 1544 2255 1583 an-

620 1644 625 1647 ‘
674 1632 881 1705 gelicas
904 1645 936 1683 a
961 1627 1207 1698 supernis
1229 1626 1445 1680 sedibus
1464 1624 1802 1677 visitationes
1814 1629 1995 1675 astare
2024 1635 2131 1673 non
2157 1618 2256 1671 du-

678 1725 937 1795 bitamus,
962 1730 1189 1787 quarunt
1215 1714 1414 1768 auxilio
1447 1724 1779 1782 quascunque
1798 1710 2035 1764 divinam
2085 1720 2254 1775 pepo-

678 1792 1147 1876 scerispietatcm,
1198 1804 1486 1872 impetrare
1509 1802 1573 1855 te
1601 1815 1760 1870 posse
1785 1797 2074 1852 credimus.
2104 1792 2256 1850 Unde

681 1916 784 1972 ego
802 1899 1025 1967 ultimus
1046 1894 1397 1951 sacratiSsimi
1446 1893 1605 1985 ovilis
1653 1891 1996 1954 vernaculus,
2026 1896 2080 1943 et
2108 1902 2254 1941 mor-
2958 1870 3707 1985 S'i'i";l;x""e};‘;;
3726 1870 3935 1975 hmigii

681 1969 811 2045 bide
830 1989 1067 2059 peccatis
1089 1982 1296 2041 oricula
1320 2026 1332 2048 ,
1362 2000 1455 2054 Spe
1482 1969 1760 2054 principum
1781 1981 2040 2036 bonitatis
2065 1989 2259 2033 vestrae

588 2150 591 2153 _
644 2080 787 2151 .31
829 2078 1129 2139 animatus,
1186 2082 1311 2129 ante
1358 2073 1729 2127 sanctissimos
1779 2065 2117 2138 patet-uitatis
2157 2073 2260 2119 tua:

680 2172 847 2238 pedes
870 2168 1052 2223 animo
1096 2172 1398 2234 prostratus
1440 2162 1754 2232 suppliciter
1798 2162 2048 2230 deposco,
2076 2166 2261 2228 quate-

684 2276 790 2329 nus
819 2258 1090 2313 dirissima
1131 2254 1239 2328 [AL
1292 2252 1605 2326 durissima]
1635 2262 1979 2323 peccatorum
2021 2263 2262 2302 meorum

684 2349 899 2407 vincula
957 2363 1053 2418 per
1109 2345 1532 2400 ecclesiasticam
1568 2342 1875 2410 apostolica:
1927 2336 2265 2392 auctoritatis

687 2449 1011 2511 potestatem
1028 2437 1234 2495 solvere
1254 2434 1511 2506 digneris,
1533 2441 1587 2489 et
1600 2442 1838 2503 paternae
1857 2430 2075 2500 pietatis
2093 2427 2266 2497 preci-

678 2535 791 2595 ,bus
817 2544 1033 2588 cursum
1056 2528 1183 2582 vita:
1204 2542 1335 2581 mea:
1363 2526 1454 2596 qui
1478 2533 1651 2581 restat
1685 2524 1751 2577 ad
1780 2531 2049 2592 perpetute
2083 2527 2266 2590 portas
2298 2554 2302 2565 .

687 2622 925 2677 civitatis
954 2619 1183 2691 dirigere
1204 2618 1440 2672 studeas.

760 2710 993 2767 Grandia
1017 2724 1182 2778 posco
1208 2706 1446 2777 quidem,
1480 2711 1572 2760 sed
1596 2705 1835 2758 charitas
1866 2701 2085 2772 grandia
2122 2700 2269 2753 novit

691 2804 841 2879 dare.
869 2800 1185 2854 Poscentem
1208 2812 1306 2866 pro
1331 2795 1437 2850 ﬁlia
1462 2808 1487 2835 θ
1515 2796 1724 2848 viduam
1756 2792 1959 2847 Christi
1989 2788 2268 2844 clementia

692 2909 800 2949 non
822 2892 1045 2961 spernit,
1078 2889 1173 2944 sed
1202 2890 1275 2942 ait
1300 2903 1314 2941 :
1358 2887 1402 2941 0
1430 2887 1636 2950 mulier,
1669 2902 1855 2954 magna
1884 2895 1956 2937 est
1981 2884 2113 2952 ﬁdes
2141 2892 2268 2944 tua;

690 2983 788 3051 [iet
812 2980 927 3041 tibi,
955 2980 1085 3034 sicut
1110 2980 1182 3031 ris
1209 2976 1423 3050 (.lluttlt.
1453 2991 1539 3038 xv,
1569 2975 1682 3046 9.8).
1720 2974 1878 3029 Fides
1904 2988 1988 3027 me
2026 2973 2273 3045 hortatur

694 3075 815 3130 tunc
851 3086 1102 3142 pascere,
1149 3085 1271 3139 spes
1309 3067 1593 3123 conﬁrmat
1636 3068 1963 3135 impetrare;
2003 3062 2270 3123 charitas,

695 3165 878 3226 credo,
905 3176 1099 3231 negare
1121 3175 1224 3213 non
1246 3157 1541 3228 praxsumit.
1570 3154 1815 3210 Christus
1834 3169 1931 3224 pro
1951 3152 2124 3215 nobis,
2149 3166 2271 3205 cum

1523 437 1581 488 li.
1625 434 1685 487 ιε’.
1725 430 1945 485 ALBINI
1982 426 2110 482 Slil.’
2152 419 2421 477 ALCUINI
2456 414 2735 473 OPERL'.“
2779 411 2957 467 PARS
2989 411 3025 464 Ι.

3825 398 3926 454 180

2838 531 2859 557 ε
2891 516 3219 573 EPIS'I'OLA
3257 508 3420 569 XXV.

2423 674 2488 711 AD
2524 666 2867 709 ιιυιιηεειλιῑιι
2902 663 3079 727 ῖιιιωι
3109 660 3360 701 ιιωιειιιύ
3392 642 3853 714 (Ακςειιςιςιιτυιε).

2946 778 3134 849 (Anno
3164 775 3322 845 796.)
3692 792 3721 812 ι

2352 915 2687 971 Commendat
2713 913 2794 966 sui
2831 908 3131 962 nmnorium
3172 904 3240 958 ad
3280 901 3569 972 patrocinia
3596 894 3924 972 sanctorum,

2419 966 2591 1049 έῖζςὶιῐ
2623 999 2700 1035 res
2736 978 3096 1035 ecclesiastica:
3128 966 3532 1043 pulchritudinis
3566 969 3667 1022 sibi
3713 966 3924 1033 σπίναι,

2422 1062 2593 1107 ιιιοιιεε
2601 1091 2615 1104 .

2426 1202 2742 1258 Dulcissimo
2768 1198 2879 1251 ﬁlio
2908 1197 2988 1249 vir
3021 1190 3335 1259 lluctivagus
3361 1189 3607 1243 salutem.

2425 1293 2499 1346 Te
2525 1292 2754 1347 abeunte
2784 1274 2982 1343 tentai'i
3026 1283 3221 1351 stepius
3260 1280 3327 1334 ad
3364 1289 3574 1349 portum
3619 1274 3930 1330 stabilitatis

2356 1383 2579 1446 venire;
2617 1381 2710 1435 sed
2746 1387 2925 1433 rector
2950 1389 3130 1428 rerum
3169 1381 3223 1424 et
3267 1371 3603 1438 dispensator
3628 1368 3928 1420 animarum

2357 1472 2583 1527 necdum
2611 1468 2875 1525 concessit
2901 1478 3058 1536 posse
3082 1463 3223 1532 quod
3245 1461 3373 1516 olim
3411 1459 3539 1513 fecit
3560 1457 3717 1512 velle.
3742 1456 3931 1509 Adhuc

2355 1580 2423 1617 ex
2449 1562 2628 1616 radice
2655 1560 2834 1615 cordis
2861 1563 3141 1611 nascentes
3175 1553 3558 1622 cogitationum
3594 1547 3932 1604 raumsculos

2358 1659 2551 1707 ventus
2575 1649 2929 1705 tentationum
2960 1643 3221 1713 ﬂagellat,
3263 1651 3322 1695 ut
3345 1639 3729 1695 consolationis
3775 1636 3933 1691 ﬂores

2356 1752 2412 1798 ct
2442 1739 2750 1797 refectionis
2776 1737 2982 1799 fructus
3010 1732 3204 1789 nutriri
3227 1731 3582 1800 nequiverint.
3612 1728 3747 1782 Tota
3781 1736 3935 1780 nocte

2359 1834 2667 1888 laborantes
2714 1827 2847 1883 nihil
2895 1826 3136 1897 cepimus
3173 1822 3322 1895 (Luc.
3356 1822 3437 1895 ιν),
3459 1819 3847 1901 quia‘necdum
3883 1819 3934 1869 in

2364 2023 2477 2069 rete
2503 2012 2662 2066 mitti.

2432 2121 2737 2177 Patrocinia
2762 2128 3071 2174 sanctorum
3109 2131 3216 2170 non
3249 2115 3587 2169 obliviscere.
3630 2113 3741 2167 lies
3767 2112 3939 2165 eccle-

2364 2220 2595 2276 siasticae
2616 2214 3030 2287 pulchritudinis
3053 2212 3227 2267 oculis
3251 2216 3596 2264 occurrentes
3633 2207 3740 2260 noli
3768 2206 3936 2273 neg'i-

2365 2325 2491 2381 gere
2511 2318 2572 2363 ut
2595 2307 2863 2376 acquiras.
2890 2304 3084 2358 Nostra
3113 2301 3383 2355 rusticitas
3410 2313 3571 2353 avara
3605 2305 3688 2351 est
3718 2298 3786 2349 de
3816 2294 3936 2349 tali-

2366 2403 2497 2457 bus:
2531 2407 2708 2456 vestra
2737 2396 2987 2451 nobilitas
3015 2394 3162 2461 larga
3190 2399 3274 2447 est
3322 2391 3388 2444 de
3429 2389 3699 2444 omnibus.
3742 2384 3941 2439 Memor

2366 2499 2483 2545 esto
2512 2488 2703 2558 poetici
2729 2483 2974 2555 praesagii
3001 2502 3012 2534 :

2549 2641 2602 2689 Si
2625 2636 2746 2685 nihil
2767 2634 3005 2694 attuleris,
3028 2634 3143 2689 ibis,
3168 2630 3399 2685 Homere,
3418 2627 3559 2692 imas.

2368 2762 2482 2815 Hoc
2510 2761 2575 2814 de
2603 2768 2652 2812 te
2681 2768 2879 2825 tuoque
2905 2755 3096 2809 itinere
3124 2751 3499 2820 pr0pbetatum
3535 2761 3674 2809 esse,
3698 2745 3825 2814 quis
3852 2746 3945 2799 διια

2370 2852 2546 2907 bitat?
2574 2850 2631 2903 Si
2655 2848 2926 2902 Christum
2955 2842 3180 2912 Sibylla,
3209 2834 3431 2907 ejusque
3458 2837 3672 2889 labores
3697 2834 3945 2903 pnedixit

2370 2948 2656 2997 venturum
2676 2980 2689 3003 ,
2733 2953 2831 2992 cur
2865 2950 2970 2989 non
2998 2932 3140 2986 Naso
3185 2931 3472 2984 Homerum
3500 2925 3724 2995 ejumue
3755 2926 3945 2981 itinera

2372 3027 2719 3099 prtececinit?
2768 3024 3049 3078 Paululum
3109 3028 3325 3090 propter
3383 3016 3733 3071 refectionem
3784 3016 3945 3069 animi

2374 3119 2642 3176 rhetorica
2668 3116 2767 3171 lusi
2794 3114 3086 3182 lepiditatc.

698 3196 878 3226 ιιιῐυυ,
906 3196 1099 3231 uta-usa
1121 3196 1224 3213 Ilvu
1246 3196 1298 3228 ιιι
1311 3196 1541 3211 mauu-n-
1572 3196 1667 3210 ν...
1684 3196 1815 3209 ..η-..ι
1834 3196 1929 3224 ,ην
1952 3196 2124 3215 ..νυ-η
2152 3196 2271 3205 .,..---

698 3252 905 3308 inimici
929 3263 1190 3313 essemus,
1215 3248 1351 3303 mori
1384 3262 1488 3301 non
1524 3247 1788 3301 dubitavit
1813 3262 1826 3298 :
1867 3250 2067 3314 quanto
2101 3241 2273 3310 magis
2296 3196 2346 3259 ο
2446 3227 2553 3298 32
2584 3223 2689 3279 Sed
2720 3231 2776 3277 υῐ
2802 3222 2999 3275 “crum
3034 3218 3102 3273 δά
3127 3212 3321 3272 seriem
3351 3228 3544 3282 "'8033
3567 3209 3744 3264 Γνοηιθ
3775 3225 3949 3277 Γενετ-

700 3353 773 3404 te,
806 3342 968 3396 Pater
995 3348 1210 3402 sant-te,
1240 3352 1340 3406 pro
1368 3336 1557 3389 amicis
1594 3352 1750 3388 orare
1781 3335 1913 3387 velle
1948 3330 2273 3386 credendum

596 3483 632 3491 ..
699 3432 829 3485 est?
868 3430 981 3484 Sub
1008 3437 1061 3482 te
1084 3435 1302 3497 pastore
1337 3436 1597 3494 augeatur
1622 3441 1751 3493 grex
1788 3418 2011 3479 Christi.
2042 3422 2121 3475 Tu
2149 3436 2276 3474 con-

701 3522 905 3576 solator
949 3517 1316 3578 mtrrentium,
1371 3514 1583 3583 adjutor
1622 3514 2010 3575 laborantium,
2057 3526 2181 3579 spes
2210 3511 2276 3562 ad

702 3625 757 3664 te
783 3609 1151 3667 clamantium,
1186 3605 1275 3658 lux
1296 3607 1450 3668 vitze,
1491 3604 1766 3673 religionis
1805 3604 1985 3656 decus.
2014 3602 2186 3654 Locus
2225 3600 2275 3652 in

703 3718 814 3771 quo
838 3710 969 3763 stas,
1000 3697 1247 3753 omnibus
1285 3705 1337 3750 te
1377 3693 1742 3749 honorabilem
1791 3690 1949 3754 facit,
1990 3699 2044 3745 et
2072 3704 2278 3743 morum

708 3791 963 3847 nobilitas
1006 3787 1326 3842 laudabilem
1368 3794 1422 3839 et
1466 3784 1681 3853 pietatis
1726 3783 1937 3836 devotio
1974 3779 2276 3834 amabilem.

711 3882 778 3934 lit
806 3878 897 3947 qui
919 3878 1099 3931 sedem
1124 3886 1429 3929 sanctorum
1458 3880 1607 3925 tenes
1630 3870 1870 3931 Patrum,
1896 3858 2078 3923 eorum
2105 3882 2282 3920 exem-

707 3971 819 4041 plis
853 3969 1116 4023 inhaereas
1140 3979 1367 4032 semper,
1400 3970 1459 4015 ut
1490 3975 1611 4014 cum
1639 3960 1744 4013 illis
1769 3957 2047 4027 multiplici
2086 3956 2285 4009 laboris

716 4058 960 4115 mercede
988 4058 1040 4109 in
1072 4054 1278 4108 Domini
1322 4052 1413 4106 Dei
1447 4050 1735 4120 tuigaudia
1768 4050 1967 4102 intrare
2006 4046 2281 4101 merearis.

713 4152 818 4203 lste
845 4146 986 4200 ﬁlius
1012 4159 1161 4197 meus
1182 4142 1532 4198 charissimus
1557 4138 1943 4207 bAngilbertus
1956 4136 2088 4209 [Αι.,
2107 4134 2287 4204 Engil-

713 4233 926 4306 bcrtus]
952 4232 1103 4288 vobis
1127 4230 1427 4300 patefacere
1456 4229 1595 4283 valet
1628 4238 1826 4283 nostra:
1856 4226 2135 4296 parvitatis
2160 4239 2285 4292 erga

718 4326 1070 4397 apostolicam
1104 4322 1283 4376 sedem
1319 4320 1673 4383 devotionem,
1720 4320 1882 4371 etiam
1919 4326 1973 4370 et
2000 4315 2291 4369 voluntatis

721 4426 919 4479 nostra:
947 4414 1278 4484 petitionem,
1299 4425 1455 4480 quem
1484 4418 1675 4464 vestra:
1696 4407 1882 4477 pietati
1906 4407 2057 4461 valde
2078 4405 2286 4460 ﬁdelem

2378 3327 2480 3382 tar,
2509 3326 2561 3371 te
2582 3331 2710 3369 vero
2735 3312 3044 3366 unanimem
3070 3309 3364 3379 deposcens
3390 3305 3650 3365 amicum,
3684 3311 3740 3356 te
3779 3310 3953 3357 custo-

2379 3410 2497 3464 dcm
2527 3406 2691 3461 animi
2713 3405 3023 3467 obsecrans,
3046 3410 3106 3455 ut
3131 3397 3411 3454 consilium
3435 3395 3621 3449 salutis
3647 3394 3952 3461 animarum

2381 3510 2708 3558 nostrai-ue,
2740 3511 2861 3549 cum
2892 3492 3161 3560 sull‘ragiis
3187 3496 3494 3543 sanctorum
3534 3484 3899 3553 aluistolorum
3922 3497 3953 3533 a

2384 3590 2491 3642 Deo
2537 3583 2858 3655 depreceris.
2894 3580 3027 3635 Nam
3079 3594 3176 3632 nos
3227 3577 3449 3638 ambos,
3496 3580 3555 3627 ut
3586 3585 3949 3640 recognosco.

2382 3680 2624 3750 quaedam
2674 3673 3012 3732 necessitatis
3057 3678 3244 3725 catena
3292 3665 3645 3733 constringit,
3686 3671 3742 3716 et
3794 3662 3955 3715 libero

2384 3788 2542 3827 cursu
2572 3768 2862 3823 voluntatis
2909 3770 3085 3819 castra
3123 3761 3322 3814 intrare
3364 3771 3471 3810 non
3515 3752 3824 3823 permittit:
3863 3764 3955 3803 nec

2383 3870 2497 3925 est,
2530 3860 2619 3928 qui
2651 3856 2934 3924 compedes
2974 3863 3222 3918 rumpere
3260 3846 3459 3909 valeat,
3493 3843 3595 3898 nisi
3625 3842 3718 3910 qui
3767 3839 3951 3894 inferni

2387 3950 2558 4003 ferrea
2585 3948 2819 4002 claustra
2841 3940 3116 4003 conttrivit,
3140 3937 3231 4007 qui
3257 3942 3339 3990 est
3366 3935 3449 3988 via
3474 3943 3528 3987 et
3553 3933 3755 3986 veritas
3779 3939 3835 3984 et
3853 3929 3954 3982 vita

2388 4040 2568 4109 (Joan.
2589 4052 2705 4099 xw,
2726 4032 2804 4105 ϐ).
2833 4032 2931 4087 Via
2958 4025 3305 4100 pergentibus
3334 4040 3427 4094 per
3454 4023 3620 4084 illum,
3646 4021 3852 4075 veritas
3874 4033 3955 4071 vev

2387 4107 2657 4183 nientibus
2683 4124 2749 4177 ad
2781 4122 2950 4183 illum,
2980 4119 3090 4172 vita
3113 4113 3452 4170 manentibus
3487 4112 3538 4165 in
3564 4110 3677 4165 illo.
3705 4107 3845 4174 Quid
3871 4107 3958 4160 ha-

2386 4220 2490 4273 beo
2504 4215 2626 4285 plus
2649 4212 2905 4273 scribere,
2928 4208 3053 4277 quia
3073 4205 3254 4260 omnia
3275 4201 3577 4258 necessaria
3601 4189 3784 4252 nosti?
3806 4194 3954 4250 Juxta

2390 4305 2842 4378 opportunitatem
2867 4297 3132 4370 portantis
3156 4308 3368 4362 semper
3389 4292 3557 4360 dirige
3580 4288 3712 4343 mibi
3733 4288 3953 4345 litteras,

2392 4374 2650 4450 utisciam
2676 4390 2741 4445 de
2774 4385 3127 4458 prosperitate
3148 4391 3240 4436 tua
3268 4389 3323 4435 et
3349 4379 3541 4433 itinere
3565 4385 3658 4432 tuo
3677 4374 3725 4439 δ,
3754 4375 3957 4445 quando

721 4522 841 4561 esse
885 4504 1114 4573 agnovi:
1155 4510 1209 4556 et
1243 4502 1360 4555 ideo
1394 4509 1589 4553 nostra:
1620 4497 1954 4552 necessitatis
1988 4511 2180 4550 causas
2213 4495 2290 4549 illi
2316 4528 2369 4589 Β
2396 4484 2479 4538 vel
2506 4496 2613 4551 quo
2641 4478 2824 4533 νθῐιίίιέ
2849 4476 3139 4529 miserante
3170 4472 3298 4526 080-
3340 4536 3347 4545 ,

724 4598 1073 4667 iniunximus,
1097 4605 1155 4649 ut
1187 4610 1284 4665 per
1306 4608 1368 4648 os
1389 4592 1529 4646 illius
1552 4591 1767 4660 pietatis
1792 4598 1984 4644 vestra:
2006 4602 2164 4642 aures
2187 4591 2293 4639 mei

725 4688 906 4743 cordis
931 4688 1150 4739 audiant
1174 4683 1592 4738 obsecrationes.

804 5044 829 5069 ιι
860 5030 1160 5097 Poscentem
1192 5044 1285 5097 pro
1313 5026 1425 5097 ﬁlio
1466 5028 1693 5080 viduam.
1727 5045 1743 5077 ι
1774 5026 1856 5097 ita
1888 5040 1953 5080 ex
1988 5021 2297 5090 conjectura

732 5100 959 5162 corrigo,
990 5100 1064 5152 ait
1094 5095 1357 5158 Canisius,
1390 5095 1515 5164 licet
1545 5097 1725 5150 malim
1767 5096 1980 5164 legere:
2010 5103 2299 5164 poscentem

731 5185 827 5236 pro
860 5170 970 5236 ﬁtiu
1000 5166 1370 5236 Chanmtrtmt.
1399 5163 1526 5231 Quae
1553 5181 1618 5217 an
1648 5165 1799 5217 vidua
1826 5163 2302 5236 fuerit,"_non_con-

735 5231 862 5289 stat.
893 5235 1070 5288 Codex
1107 5251 1205 5288 ms.
1241 5236 1312 5287 ita
1336 5235 1524 5288 habet:
1549 5244 1835 5303 poscentem
1860 5250 1951 5302 pro
1975 5232 2087 5303 ﬁlio
2114 5231 2298 5284 vidum.

733 5306 840 5363 libi
876 5303 981 5359 duo
1001 5305 1259 5367 distincta
1299 5301 1555 5358 miracula
1583 5301 1904 5371 conjungere
1927 5302 2152 5355 videtur.
2188 5318 2207 5349 ι

810 5376 838 5413 ιι
876 5373 1223 5444 Angilbcrtus.
1255 5372 1378 5426 llaec
1396 5374 1562 5444 tertia
1602 5372 1897 5444 Angilberti
1937 5371 2160 5444 Romam
2189 5376 2306 5422 erat

740 5438 1088 5511 legitiofLeo
1118 5449 1260 5511 papa‘
1284 5443 1462 5494 statim
1503 5459 1531 5495 a
1577 5456 1674 5511 sua
1696 5438 1975 5511 electione
2006 5438 2225 5511 Carolo,
2247 5447 2306 5490 ut

740 5508 864 5566 eum
891 5514 992 5566 sibi
1027 5508 1342 5571 devinciret,
1386 5525 1480 5577 per
1508 5525 1634 5563 suos
1662 5509 1863 5577 legatos
1890 5508 2066 5561 claves
2098 5508 2304 5561 confes-

743 5581 913 5635 sionis
946 5582 1113 5634 sancti
1148 5580 1291 5634 Petri
1330 5594 1393 5631 ac
1418 5579 1665 5631 vexillum
1709 5577 1962 5630 Romanae
2000 5577 2150 5630 urbis
2185 5592 2305 5631 cum

747 5649 865 5702 aliis
890 5652 1198 5703 muneribus
1222 5648 1368 5701 misit
1392 5664 1405 5712 ;
1444 5648 1753 5715 rogavitque
1777 5654 1835 5699 ut
1858 5645 2101 5715 aliquem
2112 5660 2176 5697 ex
2197 5648 2308 5699 suis

747 5718 1091 5785 optimatibus
1134 5718 1356 5785 llomam
1405 5715 1672 5785 mitteret,
1718 5716 1809 5783 qni
1854 5714 2033 5782 populi
2080 5714 2304 5785 Romani

750 5783 884 5842 nova
914 5786 1032 5839 lidci
1064 5794 1115 5840 ct
1145 5784 1488 5850 snlijcctionis
1509 5793 1842 5837 Sacramenta
1863 5785 2151 5842 exciperet.
2182 5783 2305 5835 Illis-

2392 4616 2656 4685 Prospera
2678 4618 2891 4674 cuncta,
2907 4622 3117 4678 precor,
3135 4604 3300 4660 faciat
3317 4602 3414 4656 tibi
3427 4600 3695 4660 Christus,
3715 4594 3953 4651 Homere!

2463 4706 2565 4774 Qui
2596 4712 2648 4759 te
2681 4707 2963 4759 conservet
2985 4711 3217 4766 semper,
3242 4694 3437 4760 ubique
3466 4689 3614 4744 vale!

2399 5051 2492 5089 sus
2535 5040 2618 5087 est
2644 5045 2709 5085 eo
2738 5028 3100 5098 Angilbertus,
3139 5034 3246 5098 etc.
3266 5064 3283 5091 ,
3314 5023 3568 5098 nimirum
3578 5020 3749 5098 circa.
3766 5018 3956 5098 initi-itm

2400 5086 2525 5158 anni
2546 5086 2673 5156 ἶ796.
2713 5086 3011 5153 Manimos.
3039 5086 3109 5137 —'-
3140 5086 3541 5161 Vidfepistolas
3571 5086 3751 5142 Caroli
3785 5088 3848 5140 ad
3871 5086 3958 5161 llo

2401 5156 2605 5226 merum
2636 5183 2731 5222 seu
2758 5167 3159 5235 Angilbertum,
3206 5175 3264 5219 et
3309 5156 3377 5217 ad
3404 5160 3638 5214 Leonem
3683 5170 3873 5225 papam
3912 5156 3955 5208 in

2403 5252 2548 5296 tonio
2578 5237 2779 5291 XCVIII
2809 5237 3149 5304 Patrologite.

2477 5322 2497 5348 ο
2534 5308 2672 5360 Edit.
2702 5305 2948 5371 Quercet.
2976 5293 3063 5365 9'2“,
3085 5302 3315 5357 Froben.
3346 5296 3642 5371 ZILCanis.
3669 5293 3760 5371 iii,
3785 5294 3957 5348 collata

2405 5394 2524 5431 cum
2550 5365 2869 5429 coddfmss.
2902 5372 3097 5428 Salisb.
3130 5381 3184 5428 et
3216 5368 3382 5423 sancti
3417 5365 3762 5419 Emmerami.

2475 5446 2499 5484 d
2532 5445 2722 5497 Itinere
2748 5458 2857 5503 tuo,
2900 5443 3143 5497 Romano
3180 5439 3399 5495 scilicet.
3438 5434 3815 5503 Angilbertus,
3850 5434 3956 5486 dum

2405 5514 2661 5568 Alcuinus
2684 5514 2736 5566 in
2767 5512 2990 5566 Galliam
3018 5512 3192 5577 rediit,
3222 5518 3305 5577 ter
3328 5505 3551 5559 Romam
3582 5502 3849 5577 prolectus
3868 5511 3956 5559 est.

2408 5598 2598 5650 nempe
2636 5581 2796 5636 anuis
2815 5579 2937 5643 794,
2969 5573 3071 5650 796
3092 5588 3147 5632 et
3176 5575 3299 5634 800.
3324 5584 3389 5650 ιιι⁵
3409 5573 3850 5650 δυριειςᾱὶχίιιιιιε,
3872 5584 3959 5650 quo

2409 5670 2471 5706 ex
2513 5642 2576 5704 iis
2604 5667 2744 5704 anno
2780 5650 2903 5703 data
2927 5642 3282 5714 sit'prtescns
3309 5644 3530 5714 cpistola
3580 5642 3843 5701 incertum
3872 5645 3955 5691 est.

2414 5721 2747 5775 Mabillonins
2775 5718 2916 5773 illam
2943 5713 3187 5771 recenset
3216 5728 3354 5768 anno
3379 5713 3502 5768 796.
