4232 6422
329 421 418 475 181

787 543 811 569 ι
832 528 1157 583 EPISTOLA
1196 528 1382 583 XXVI.

345 635 416 674 AD
445 633 828 674 Ακαειειῑιιτυιι
855 632 1199 670 PBIIICBBIUI
1227 632 1437 670 PALATII
1467 632 1659 670 PIPPINI
1688 632 1856 670 REGIS.

322 708 588 786 Λαρισαία
619 705 970 786 αηρδιρζονιιπι
990 706 1170 786 (intimi
1191 707 1604 786 peregrinantem.
1627 721 1886 786 continen-

391 775 483 830 dat
531 773 811 844 Angilberti
866 773 1160 842 favoribus,
1209 784 1255 827 et
1299 773 1475 827 sacras
1508 774 1604 828 sibi
1645 773 1886 842 reliquias

393 845 532 898 mitti
560 842 806 912 postulat.

392 933 562 986 Fideli
578 933 754 1002 amico
775 940 834 1002 et
857 931 1144 1002 venerabili
1169 932 1195 970 ι’
1221 931 1531 1002 Angilberto
1557 932 1886 1000 primicerio,

321 1002 544 1056 humilis
574 1001 729 1054 levita
756 1001 981 1054 Albinus
1008 1001 1253 1054 salutem.

393 1092 598 1145 Memor
639 1090 894 1144 condicta
936 1089 1076 1144 inter
1117 1105 1216 1144 nos
1243 1091 1490 1145 amicitia
1536 1091 1634 1144 has
1679 1089 1881 1143 litteras

319 1181 476 1233 vobis
503 1181 730 1248 dirigere
758 1179 1094 1246 prasumpsi,
1135 1180 1427 1246 deprecans
1453 1188 1509 1233 ut
1536 1179 1763 1248 benigne
1791 1181 1878 1232 ha-

319 1284 443 1321 rum
467 1269 784 1336 portitorem
809 1279 830 1305 ο
857 1267 1156 1320 litterarum
1186 1268 1456 1336 suscipere
1484 1267 1773 1336 dignemini
1791 1309 1804 1327 ,
1832 1277 1884 1320 et

320 1355 764 1424 peregrinationis
785 1355 925 1408 illius
944 1355 1044 1427 viis
1065 1355 1334 1408 dominum
1350 1354 1375 1392 ἀ
1394 1355 1676 1424 Pippinum
1704 1371 1882 1422 regem

317 1446 604 1500 subvenire
629 1445 1004 1512 deprecamini.
1035 1445 1241 1514 Regum
1266 1461 1392 1499 vero
1421 1459 1625 1499 merces
1651 1445 1701 1497 in
1725 1445 1884 1497 mise-

319 1551 508 1590 rorum
547 1536 846 1604 juvamine,
895 1545 951 1588 et
993 1537 1225 1590 maxime
1266 1537 1700 1606 peregrinorum,
1732 1551 1880 1590 sacra

318 1624 493 1678 sancti
532 1625 668 1677 Petri
696 1623 949 1692 principis
977 1624 1333 1691 apostolorum
1364 1625 1543 1678 limina
1566 1626 1879 1694 petentium,

318 1726 510 1778 magna
540 1712 677 1779 apud
706 1712 936 1765 divinam
963 1719 1173 1765 constat
1201 1727 1319 1766 esse
1347 1714 1706 1767 clementiam.
1734 1714 1883 1768 Insu-

314 1816 432 1868 per,
459 1801 774 1854 charissime
798 1801 982 1865 frater,
1011 1802 1348 1857 devotissime
1371 1802 1632 1871 deﬂagito,
1665 1812 1723 1857 ut
1743 1806 1880 1860 dona

315 1888 645 1949 dulcissima,
677 1898 730 1942 et
758 1889 885 1942 mihi
917 1890 1140 1943 multum
1161 1892 1480 1955 necessaria,
1526 1893 1577 1945 id
1609 1900 1718 1956 est,
1757 1907 1880 1946 san-
1910 1872 1954 1929 Β

315 1986 531 2030 etorum
560 1978 811 2045 reliquias
831 1978 962 2032 mihi
982 1980 1066 2032 vel
1088 1979 1292 2048 aliquas
1319 1983 1683 2034 transmittere
1702 1994 1876 2034 cures.

315 2066 553 2120 Hilarem
592 2067 734 2120 enim
758 2069 998 2120 datorem
1026 2067 1196 2136 diligit
1237 2069 1373 2124 Deus
1406 2069 1492 2139 (II
1526 2068 1647 2122 Cor.
1676 2085 1750 2134 ix,
1784 2069 1876 2139 7);

311 2156 408 2222 qui
441 2164 491 2209 te
539 2156 809 2210 abundare
855 2154 1017 2209 faciat
1045 2157 1098 2208 in
1132 2159 1276 2210 omni
1303 2159 1470 2221 bono,
1506 2169 1560 2213 et
1592 2160 1733 2213 inter
1759 2173 1881 2212 san-

311 2251 526 2296 ctorum
565 2243 784 2312 gloriam
820 2244 1129 2309 constituat,
1178 2259 1403 2314 quorum
1449 2248 1580 2300 mihi
1626 2248 1880 2316 reliquias

311 2340 406 2384 tua
439 2332 806 2386 benevolentia
839 2333 1054 2403 dirigat.
1089 2319 1322 2398 Floreas,
1357 2335 1459 2398 Illi,
1498 2337 1755 2389 virtutum
1791 2352 1881 2389 co-

311 2421 484 2483 ronis,
499 2422 774 2488 sapientiae
795 2424 1006 2487 decore,
1025 2435 1077 2478 et
1097 2433 1279 2478 sancta
1304 2426 1584 2480 dilectione
1602 2427 1667 2480 ad
1690 2426 1876 2489 Deum,

310 2521 368 2566 et
390 2511 529 2565 bona
558 2511 662 2566 ﬁde
689 2513 755 2565 ad
783 2513 1024 2567 homines
1051 2515 1104 2567 in
1129 2525 1411 2570 aternum-

772 2631 795 2658 ε
836 2620 1163 2700 EPISTOLA
1211 2624 1417 2677 xxvii.

647 2707 712 2742 λυ
777 2706 1027 2744 HOIERUI
1092 2702 1528 2760 (ANGILBERTUM).

875 2779 1050 2847 (Anno
1078 2781 1330 2849 incerto.)

309 2863 479 2921 Iliun
506 2863 808 2917 solutionem
844 2867 1014 2938 binum
1047 2870 1386 2937 quastionum
1412 2870 1879 2938 grammaticalium

730 2950 760 2985 a
788 2951 901 3002 rege
926 2937 1023 2988 sibi
1045 2937 1445 3006 propositarum.

380 3021 606 3074 Flaccus
632 3020 856 3074 Albinus
885 3023 1066 3076 Flavio
1103 3023 1333 3078 Homero
1361 3033 1512 3093 optat
1540 3026 1786 3079 salutem.

383 3110 550 3164 Miror
575 3127 672 3164 cur
688 3111 962 3186 Flaccina
995 3114 1223 3181 pigritia
1264 3117 1562 3169 socordiam
1591 3115 1881 3185 septiplicis

251 3208 253 3210 ’
308 3201 591 3269 sapientia
627 3201 805 3268 decus,
835 3201 1175 3256 dulcissimus
1222 3219 1373 3259 meus
1414 3206 1599 3272 David,
1649 3208 1878 3260 interro-

309 3307 444 3361 gare
467 3289 716 3344 voluisset
741 3290 805 3344 de
832 3293 1217 3360 quaestionibus
1240 3294 1519 3362 palatinis;
1539 3303 1882 3373 emeritaque

309 3395 512 3435 nomen
554 3381 756 3434 militia
783 3381 835 3433 in
860 3390 1037 3436 castra
1081 3397 1333 3440 revocare
1372 3393 1683 3456 pugnantia,
1714 3403 1772 3448 ut
1797 3404 1881 3450 tu-

312 3472 614 3525 multuosas
647 3470 875 3524 militum
918 3481 1123 3525 mentes
1157 3475 1394 3540 sedaret;
1439 3479 1561 3532 dum
1610 3485 1880 3548 εωοωπίε

311 3565 632 3618 litteratura
657 3563 778 3618 libri
806 3572 861 3617 et
887 3564 1262 3619 ecclesiastica
1287 3567 1570 3624 soliditatis
1599 3573 1876 3640 sapientia,

313 3653 686 3722 sicut'justum
735 3662 837 3718 est,
885 3655 1025 3723 apud
1069 3669 1164 3708 vos
1215 3655 1574 3724 inveniuntur,
1605 3662 1657 3714 in
1687 3665 1880 3730 quibus

312 3745 384 3799 ad
426 3743 605 3796 omnia
640 3759 756 3811 qua
780 3753 1091 3811 quaruntur
1114 3733 1252 3799 vera
1279 3746 1501 3802 inveniri
1531 3760 1754 3817 possunt
1798 3770 1881 3808 re-

312 3832 652 3901 sponsiones.
701 3831 848 3886 Hanc
890 3841 1068 3888 tamen
1128 3835 1352 3890 duarum
1402 3839 1633 3905 partium
1675 3843 1878 3897 oratio-

311 3925 402 3978 nis
451 3923 862 3986 discretionem,
929 3932 1088 3992 prout
1137 3927 1306 3993 potui,
1350 3929 1703 3984 consideravi.
1748 3932 1878 3987 Cur-

312 4027 443 4066 rens
479 4025 573 4080 per
617 4011 854 4080 priorum
899 4012 1140 4080 exempla
1186 4013 1485 4080 doctorum,
1540 4019 1714 4072 inveni
1761 4022 1880 4076 illos

311 4118 532 4172 quoque
560 4103 610 4154 in
652 4101 738 4155 his
764 4100 1006 4170 partibus
1026 4102 1125 4156 sibi
1155 4102 1457 4159 dissentire.
1484 4106 1685 4162 Idcirco
1707 4112 1878 4165 visum

313 4203 400 4251 est
427 4194 559 4248 mihi
586 4194 639 4247 in
659 4208 754 4248 vos
779 4193 994 4247 mittere
1021 4193 1176 4263 hujus
1203 4187 1499 4252 eiamussis
1524 4197 1727 4269 [Forte,
1755 4217 1880 4256 exa-

312 4281 502 4353 minis]
533 4283 927 4345 auctoritatem,
959 4281 1082 4335 dum
1130 4285 1466 4351 cognoscatis
1505 4287 1716 4342 illorum
1759 4306 1881 4345 sen-

313 4375 536 4438 tentias,
563 4374 644 4428 vel
673 4375 728 4426 in
755 4375 1152 4429 constructione
1179 4375 1413 4442 partium
1461 4377 1543 4430 vel
1581 4375 1635 4433 in
1673 4381 1882 4450 regula-

312 4481 437 4520 rum
463 4464 793 4532 proprietate

388 4553 568 4607 Prima
594 4552 941 4620 interrogatio
966 4551 1068 4605 fuit
1105 4552 1172 4606 de
1196 4553 1343 4618 rubo,
1367 4554 1518 4622 cujus
1541 4566 1685 4612 esset
1716 4573 1876 4626 gene-
1905 4541 1952 4597 ι)

312 4647 429 4702 ris?
463 4645 528 4698 de
555 4659 659 4712 quo
687 4643 902 4697 nomine
930 4643 1136 4696 diversa
1164 4642 1461 4697 invenimus
1485 4646 1743 4714 exempla.
1777 4647 1876 4705 Lc-

388 4792 412 4817 τι
444 4778 676 4842 Quereet
702 4776 830 4828 edit.
855 4775 945 4856 ιε,
972 4775 1151 4830 Canis.
1189 4775 1274 4838 51,
1306 4776 1534 4858 Froben.
1556 4779 1645 4832 22.

389 4849 416 4887 ιι
445 4845 753 4920 Angelberto
788 4843 1107 4920 primigenio.
1132 4862 1150 4895 ι
1192 4846 1536 4920 Is_ad_scititio
1555 4851 1774 4920 nomine
1798 4849 1880 4903 di.-

311 4910 747 4990 ctus_!l6merus,
775 4910 1060 4990 anno
1174 4915 1293 4990 aula
1320 4915 1526 4990 Pippini
1552 4918 1714 4972 Italia
1740 4921 1879 4990 regis

313 4949 437 4973 ctua
469 4949 747 4976 ..υηωηηη
775 4949 915 4965 ......υ
949 4949 1041 4990 “fu
1096 4949 1146 4965 η,
1174 4949 1293 4968 ...με
1320 4949 1340 4967 ι
1363 4949 1526 4985 mm"
1552 4949 1714 4972 MM,
1740 4949 1872 4990 “.6”

313 4986 580 5055 ﬂorebat,
615 4949 1138 5055 _ibique_p_rimiceri_i
1182 4983 1363 5055 palatii
1403 5002 1593 5055 munus
1637 4990 1872 5055 gerebat,

312 5057 475 5110 Anno
497 5049 838 5122 circiter'787
867 5049 1271 5122 Bertngaroli
1305 5051 1475 5122 Magni
1507 5049 1669 5108 ﬁliam
1693 5058 1876 5110 matri-

315 5124 502 5177 monio
533 5119 632 5190 sibi
657 5117 941 5190 copulavit.
969 5117 1121 5190 Circa
1153 5135 1348 5172 annum
1377 5117 1494 5183 790,
1522 5139 1687 5180 uxore
1720 5126 1876 5179 Berta

315 5186 971 5250 consentieitefsecessit
1014 5188 1066 5240 iu
1115 5190 1492 5242 monasterium
1539 5193 1873 5248 Centulense.

314 5261 476 5314 A'nno
513 5257 624 5328 7792
658 5259 883 5312 Felicem
930 5255 1310 5328 Urgellitanum
1360 5257 1582 5312 Romam
1611 5264 1875 5328 perduxit.

315 5330 477 5382 Anno
509 5326 611 5378 794
648 5337 764 5379 acta
794 5327 1003 5381 concilii
1029 5325 1516 5380 Francol'ordiensis
1539 5325 1760 5383 Romam
1786 5334 1879 5388 de-

317 5398 464 5453 tulit.
493 5395 646 5447 Anno
672 5396 773 5449 796
798 5396 1021 5449 Romam
1058 5395 1250 5447 missus
1280 5405 1361 5448 est
1384 5411 1412 5446 a
1436 5395 1628 5450 Carolo
1655 5401 1721 5452 ad
1747 5399 1880 5455 Leo—

296 5495 302 5501 -
319 5483 445 5522 nem
482 5463 545 5517 III
573 5476 784 5531 papam.
813 5464 965 5517 Anno
998 5464 1101 5517 800
1128 5463 1372 5516 Carolum
1417 5463 1637 5519 Romam
1666 5478 1880 5524 euntem

318 5536 611 5591 comitatus
640 5539 745 5586 est.
778 5532 932 5586 Anno
955 5533 1050 5588 811
1097 5533 1267 5587 Caroli
1301 5541 1616 5588 testamento
1648 5538 1880 5592 subscri-

356 5607 448 5660 sit.
483 5601 668 5676 D_ie__18
692 5599 1021 5676 Febr.__anno
1045 5602 1148 5676 8I_4_
1169 5602 1332 5676 Aobiit.
1376 5619 1392 5650 ‹
1417 5601 1655 5676 Douquet
1674 5604 1876 5676 _$cript.

356 5618 448 5660 stt.
483 5618 575 5657 me
602 5618 668 5656 ιδ
693 5618 850 5654 renr.
882 5618 1021 5654 anno
1046 5618 1148 5657 nu
1185 5618 1332 5656 onm.
1376 5619 1392 5650 ‹
1418 5618 1523 5654 non
1568 5618 1655 5655 uet
1681 5618 1876 5676 script.

316 5622 451 5728 ﬁer.
491 5671 630 5727 Gall.
678 5680 808 5723 tom.
847 5669 906 5731 V,
936 5684 1054 5738 pag.
1089 5673 1210 5733 408,
1251 5680 1359 5724 not.
1409 5670 1502 5738 (ὁ).
1529 5618 1881 5730 (Iiahillonius

319 5759 440 5798 eam
472 5741 750 5812 epistolam
793 5739 845 5792 in
874 5738 1062 5791 Annal.
1097 5742 1185 5794 lib.
1219 5757 1336 5804 xxv,
1370 5757 1423 5793 ιι.
1451 5738 1538 5804 58,
1585 5741 1649 5794 ad
1684 5758 1880 5799 annum

1735 416 2103 472 EPIS'I'OLJS.

1913 531 1960 586 Α
1989 527 2130 596 gitur
2156 527 2297 580 enim
2328 527 2379 579 in
2404 534 2592 591 metro,
2623 528 2764 594 quod
2789 526 2840 578 in
2867 523 3151 593 Eptathico
3178 519 3554 587 conscribitur,

3453 415 3555 469 I82

1989 615 2289 682 hujusmodi
2322 630 2508 669 versus
2541 630 2556 668 :
2915 637 2920 641 υ

2112 732 2162 780 1η
2187 745 2282 792 ριν)
2306 735 2560 791 (δοιιςμὶειη
2588 734 2882 780 ﬂammarum
2909 732 3127 792 lampade
3155 732 3313 780 cernit

2107 789 2403 842 Probum-um
2427 789 2616 852 fulgere
2639 792 2833 850 rubum,
2862 789 3026 851 neque
3055 794 3252 853 ignibus
3275 789 3370 840 uri.

1986 874 2117 926 Item
2143 875 2459 928 Ambrosius
2484 875 2538 927 in
2563 875 2769 944 llymno
2799 872 3046 927 Paschali
3076 889 3090 926 :

2231 1002 2286 1050 Et
2313 1005 2401 1051 nan
2423 1015 2495 1051 ma
2514 1003 2737 1052 famulum
2765 1017 3045 1066 provocans,

2178 1092 2181 1093 ν
2225 1066 2408 1113 Rubum
2433 1077 2526 1113 non
2545 1067 2717 1122 perdas
2733 1064 2969 1122 spineam.

2229 1125 2346 1172 Cum
2369 1126 2436 1171 sis
2460 1123 2586 1183 ignis
2609 1136 2948 1182 concremsns.

2227 1183 2330 1232 Non
2353 1187 2451 1232 uris
2469 1183 2595 1244 quod
2620 1184 2883 1232 illuminas.

1983 1284 2112 1338 Item
2157 1285 2536 1354 grammaticus
2566 1284 2781 1351 quidam
2813 1283 2885 1336 ita
2925 1283 3000 1336 ait
3033 1301 3044 1334 :
3081 1303 3097 1334 ι
3132 1286 3262 1339 Item
3303 1285 3555 1340 feminina

1985 1373 2143 1426 huius
2169 1367 2416 1427 sec'inda
2443 1372 2814 1426 declinationis
2834 1387 3058 1426 numero
3079 1373 3269 1442 plurali
3293 1376 3553 1436 carentia,

1984 1480 2270 1533 regnorum
2321 1465 2405 1517 vel
2449 1465 2703 1518 arborum
2751 1478 2765 1516 :
2808 1475 2981 1534 tyrus,
3029 1482 3214 1535 cyprus
3243 1505 3256 1530 ,
3311 1465 3552 1536 populus,

1983 1576 2267 1628 rypressus,
2317 1558 2489 1620 alnus,
2541 1557 2802 1625 fraxinus,
2855 1557 3034 1613 rimus.
3074 1579 3091 1609 ι
3134 1557 3265 1611 Item
3318 1557 3568 1626 Donatus,

1983 1650 2048 1702 de
2101 1649 2386 1703 arboribus
2433 1648 2608 1701 dixit:
2649 1668 2666 1696 ι
2719 1647 2920 1699 Neutro
2969 1645 3237 1712 fructum;
3299 1645 3555 1704 feminino

1983 1740 2127 1807 ipsas
2156 1737 2376 1790 arbores
2396 1750 2536 1805 sape
2562 1735 2805 1788 dicimus.
2837 1755 2854 1784 ι
2882 1732 3036 1796 Nota,
3066 1734 3210 1800 quod
3232 1750 3364 1802 sirpe
3394 1735 3549 1794 dixit,

1984 1843 2091 1880 nan
2125 1843 2341 1895 semper.
2372 1825 2616 1879 Paterius
2643 1839 2790 1886 vero,
2817 1840 2884 1878 ex
2911 1823 3088 1876 verbis
3109 1823 3281 1876 sancti
3303 1821 3549 1895 Gregorii

1981 1931 2150 1984 papa,
2202 1915 2493 1968 masculino
2531 1916 2745 1982 posuit:
2779 1936 2796 1964 ι
2829 1914 2960 1968 Nam
2990 1929 3084 1983 per
3129 1928 3427 1988 succensum
3459 1929 3576 1980 γαπ

1981 2006 2098 2057 bum
2123 2005 2336 2074 Moysen
2361 2005 2656 2073 alloQuens,
2689 2005 2814 2073 quid
2835 2004 2977 2058 aliud
3003 2004 3256 2067 ostendit,
3281 2002 3386 2075 nisi
3410 2001 3549 2068 quod

1980 2093 2093 2162 ejus
2118 2095 2312 2163 populo
2342 2095 2532 2149 ductor
2559 2095 2738 2158 fuerit,
2772 2095 2862 2162 qui
2895 2104 2947 2148 et
2978 2094 3107 2164 legis
3135 2092 3398 2146 ﬂammam
3432 2107 3551 2160 pcr-

1980 2182 2200 2250 ciperct,
2237 2190 2289 2236 et
2315 2190 2493 2235 tamen
2537 2183 2744 2250 peceati
2793 2184 2998 2249 spinam
3046 2197 3378 2250 nequaquam
3417 2163 3572 2232 vita?

1981 2274 2092 2325 ret?
2144 2293 2160 2324 ι
2213 2273 2341 2342 Item
2395 2272 2628 2326 Isidorus
2681 2272 2734 2324 in
2787 2254 3185 2325 Commentario
3237 2271 3547 2330 Geneseos:

1986 2381 2002 2411 ι
2039 2363 2191 2428 Quod
2229 2379 2356 2416 vero
2385 2363 2638 2416 Dominus
2667 2362 2718 2415 in
2747 2362 2923 2414 eodem
2952 2361 3079 2412 rubo
3118 2359 3428 2427 apparuisse
3475 2359 3546 2411 Ie-

1978 2453 2140 2518 gitur.
2177 2471 2191 2498 ι
2224 2452 2492 2506 Arnovius
2525 2453 2576 2504 in
2608 2449 2854 2505 conﬂictu
2895 2465 3052 2518 quem
3083 2448 3270 2501 habuit
3302 2461 3421 2499 cum
3453 2445 3549 2499 Se-

1980 2545 2219 2611 rapione,
2272 2544 2454 2595 rubum
2503 2544 2681 2611 posuit
2726 2540 3003 2595 masculini
3047 2537 3276 2607 generis,
3317 2538 3547 2590 dicens:

2036 2632 2101 2683 Et
2131 2633 2267 2684 sicut
2295 2648 2420 2684 vere
2452 2632 2610 2683 rubus
2642 2631 2907 2684 ﬂammam
2937 2628 3140 2691 habuit,
3168 2627 3245 2680 sic
3277 2640 3403 2679 vere
3426 2639 3548 2692 pas-

2007 2735 2071 2772 us
2097 2727 2181 2771 est
2207 2719 2375 2771 Filius
2405 2719 2637 2771 hominis
2663 2727 2715 2770 et
2744 2720 2882 2771 sicut
2904 2734 3028 2770 vere
3051 2732 3154 2769 non
3185 2716 3420 2768 incensus
3445 2721 3545 2776 est,

1979 2805 2056 2856 sic
2090 2820 2214 2857 vero
2244 2821 2349 2857 non
2380 2820 2568 2871 passus
2607 2812 2689 2857 est
2717 2805 2883 2857 Filius
2912 2803 3022 2857 Dei.
3059 2824 3076 2852 ι
3109 2803 3373 2871 Iosephus
3418 2819 3549 2870 quo-

1978 2909 2082 2961 que
2112 2895 2164 2946 in
2203 2893 2451 2947 llistoriis
2486 2894 2614 2947 dicit
2645 2911 2656 2944 :
2693 2913 2709 2943 α
2740 2893 2805 2946 Ει
2849 2891 2988 2945 facto
3020 2891 3306 2954 saeriﬂcio,
3343 2889 3550 2958 Moyses

1980 2983 2173 3053 popqu
2218 2984 2553 3037 ministrabat
2574 2983 2726 3052 juxta
2771 2981 2974 3045 rubum,
3006 2981 3093 3050 qui
3116 2978 3381 3032 ﬂammam
3409 2978 3583 3054 ignis,

1979 3081 2244 3128 evaserat.
2282 3094 2299 3126 ι
2332 3074 2461 3128 Item
2489 3073 2740 3143 Virgilius
2772 3072 2913 3125 haud
2937 3067 3337 3125 contemnenda
3363 3077 3547 3124 aucto-

1904 3189 1951 3252 ρ
1983 3165 2159 3218 ritatis
2185 3164 2314 3218 falsa
2324 3173 2407 3220 tor
2437 3179 2456 3216 :

2104 3294 2248 3345 Mella
2272 3295 2421 3343 ﬂuant
2445 3292 2532 3354 illi,
2562 3293 2684 3342 ferat
2708 3300 2759 3342 et
2778 3293 2920 3342 rubus
2941 3303 3082 3353 asper
3108 3303 3360 3341 amomum.

1980 3400 2181 3452 Tamen
2214 3400 2258 3452 si
2291 3413 2472 3467 aspera
2504 3407 2662 3459 esset,
2696 3397 2868 3465 potuit
2904 3410 2998 3466 per
3035 3395 3400 3465 synalapham
3428 3409 3548 3447 ver-

1979 3502 2071 3540 sus
2095 3495 2259 3540 stare.
2290 3485 2595 3540 Priscianus
2630 3500 2756 3538 vero
2782 3485 3160 3539 veracissimus
3187 3483 3546 3550 grammatica:

1980 3577 2114 3628 artis
2156 3576 2374 3637 doctor,
2418 3575 2484 3626 de
2516 3575 2642 3625 rubo
2687 3575 2759 3626 ita
2793 3575 2907 3626 ait:
2943 3592 2960 3622 ι
2992 3571 3252 3640 Specialia
3297 3571 3546 3624 uniuscu-

1957 3666 2168 3734 ’jusque
2192 3664 2402 3717 arboris
2429 3663 2642 3716 nomina
2672 3652 2924 3714 feminina
2965 3669 3108 3723 sunt,
3139 3668 3361 3725 excepto
3404 3659 3547 3712 olea-

1976 3764 2110 3816 stro,
2137 3755 2277 3822 quod
2299 3762 2409 3806 tam
2435 3751 2602 3806 forma
2628 3749 3039 3811 terminationis,
3075 3762 3234 3815 quam
3262 3746 3547 3800 declinatio

1977 3845 2252 3915 prohibuit
2265 3860 2381 3898 esse
2397 3843 2706 3898 femininum
2716 3881 2728 3892 .
2745 3840 2876 3894 Nam
2892 3840 3033 3904 siler,
3048 3838 3189 3907 quod
3200 3845 3283 3890 est
3297 3845 3543 3890 neutrum

1979 3951 2086 3988 non
2116 3933 2224 4004 35
2251 3943 2334 3987 est
2373 3933 2512 3986 inter
2537 3932 2758 3985 arbores
2793 3928 3117 3998 ponendum,
3147 3928 3286 3980 sicut
3316 3939 3412 3979 nec
3458 3941 3543 3976 ru-

1981 4022 2093 4075 bus.
2126 4040 2145 4072 ι
2176 4021 2320 4075 Inter
2346 4021 2443 4074 bos
2472 4033 2598 4073 vero
2636 4028 2884 4072 auctores
2910 4025 3087 4072 vestra
3111 4016 3289 4070 videat
3317 4012 3544 4083 pruden-

1981 4115 2073 4176 tia,
2102 4114 2232 4180 quid
2269 4112 2598 4179 sequendum
2645 4111 2733 4164 sit.
2765 4109 2996 4163 Possunt
3025 4109 3170 4163 enim
3203 4107 3442 4174 quadam
3479 4121 3542 4159 ex

1980 4203 2066 4256 his
2086 4200 2346 4268 exemplis
2371 4199 2499 4252 vitio
2520 4199 2796 4266 scriptoris
2818 4211 2934 4250 esse
2963 4202 3214 4265 corrupta
3237 4202 3291 4248 et
3311 4211 3343 4247 ιι
3369 4209 3466 4262 pro
3492 4213 3542 4255 ιι,

1979 4291 2064 4345 vel
2107 4287 2270 4344 étiam
2317 4305 2350 4340 a
2399 4303 2494 4358 pro
2538 4304 2569 4340 u
2614 4287 2805 4356 posita.
2850 4287 3050 4340 Tamen
3092 4285 3293 4340 certius
3338 4284 3540 4357 videtur

1980 4380 2333 4435 masculinum
2358 4392 2476 4433 esse
2507 4393 2665 4447 quam
2693 4377 3026 4431 femininum.
3539 4421 3544 4426 .

2052 4469 2297 4523 Secunda
2322 4485 2451 4523 vero
2473 4469 2822 4536 interrogatio
2845 4468 2945 4520 fuit
2968 4471 3109 4521 inter
3132 4467 3215 4531 de,
3240 4467 3320 4520 dis
3359 4474 3411 4519 et
3432 4466 3542 4530 des,

1977 4573 2045 4612 an
2087 4559 2356 4612 debuisset
2400 4572 2518 4611 esse
2564 4558 2860 4624 dispexeris
2892 4557 3004 4612 sive
3051 4559 3390 4626 despexeris?
3416 4561 3545 4617 Esse

1976 4662 2081 4701 non
2121 4655 2304 4714 potest
2337 4653 2556 4715 propter
2597 4655 2906 4714 sequentem
2932 4664 2977 4711 ε,
3002 4662 3122 4715 qua
3164 4651 3332 4720 exigit
3369 4652 3450 4704 dis
3487 4663 3542 4707 ut

1978 4782 2102 4842 783,
2137 4779 2276 4834 libro
2302 4794 2429 4833 vero
2461 4795 2604 4840 xxvr,
2638 4795 2692 4830 ιι.
2726 4778 2811 4834 44.
2838 4779 2901 4831 ad
2927 4795 3122 4834 annum
3153 4782 3254 4839 796
3280 4800 3538 4842 recenset.

1977 4851 2120 4924 Nihil
2141 4851 2264 4924 inde
2290 4851 2422 4924 certi
2451 4849 2611 4902 statui
2642 4856 2834 4917 potest.
2858 4847 2964 4905 Nos
2984 4865 3100 4904 eam
3124 4851 3397 4924 iungimus
3419 4873 3538 4909 eum

1979 4920 2099 4973 aliis
2124 4919 2192 4973 ad
2213 4919 2476 4971 eumdem.
3131 4919 3135 4920 ⁷
3226 4919 3246 4924 “
3436 4954 3454 4972 .

2047 4988 2153 5065 .33
2190 4999 2211 5027 ο
2240 4985 2459 5065 ﬁam"
2481 4987 3146 5065 Po'litprem-feelradum
3173 4992 3538 5060 presbylemm

1981 5056 2147 5138 fuisse
2173 5056 2348 5138 colligi
2378 5068 2533 5138 posse
2563 5058 2773 5138 videtur
2799 5057 3120 5125 Mabillonio,
3156 5056 3305 5126 cujus
3336 5056 3541 5115 nomen

1980 5126 2300 5194 exprimitur
2326 5124 2377 5175 in
2404 5126 2558 5244 epist.
2587 5124 2709 5178 210.
3107 5124 3112 5125 “
3223 5124 3232 5126 ⁷

1983 5266 1998 5270 _
2052 5196 2094 5270 ﬁ
2118 5194 2419 5270 Dominum.
2457 5194 2728 5270 .ippinjim,
2757 5196 2921 5270 ﬁlium
2949 5195 3126 5270 Carol_i
3153 5195 3324 5270 Magni
3357 5211 3534 5270 regem

1983 5263 2165 5325 Italia,
2194 5263 2270 5315 ait
2292 5258 2878 5334 Canisius._Basnagio,
2924 5276 2981 5318 ut
3007 5273 3059 5318 et
3086 5258 3303 5334 Peitavfio
3330 5272 3382 5316 et
3419 5258 3541 5318 Bol-

1985 5334 2142 5402 lando
2180 5329 2532 5402 verosimilius
2573 5329 2852 5402 Pippinum
2903 5337 3044 5402 hunc
3072 5332 3379 5395 Galliarum,
3434 5351 3537 5389 non

1986 5401 2152 5483 Italia
2197 5411 2373 5465 regem
2401 5391 2585 5483 fuisse
2633 5391 2859 5483 videtur.
2910 5401 3227 5483 His_tamen
3279 5391 3540 5483 repugnat

1986 5473 2100 5540 ipse
2139 5475 2293 5522 tenor
2329 5469 2566 5533 epistola
2595 5487 2714 5540 qua
2738 5473 2937 5524 directa
2965 5479 3046 5522 est
3074 5471 3140 5522 ad
3174 5469 3539 5540 Angilberiuni

1986 5540 2041 5593 in
2068 5537 2217 5606 Italia
2259 5536 2600 5606 existentem,
2631 5550 2688 5593 ut
2726 5547 2848 5606 pote
2890 5538 2976 5593 cui
3000 5537 3314 5605 portitorem
3340 5539 3542 5596 littera-

1985 5555 2041 5593 m
2068 5555 2217 5591 uana
2259 5555 2600 5603 existentem,
2631 5555 2688 5593 ut
2726 5555 2848 5606 p0te
2890 5555 2976 5593 cui
3000 5555 3314 5605 portitorem
3340 5555 3541 5596 uttera-

1986 5621 2109 5684 ζει-ιιι
2135 5603 2215 5684 ad
2251 5603 2464 5684 limina"
2492 5606 2861 5684 Apostolorum
2911 5616 3189 5684 petentem
3205 5614 3541 5684 commendat

1989 5673 2216 5754 (Mabill.
2237 5672 2355 5727 Act.
2390 5675 2490 5730 SS.
2517 5672 2650 5730 Sac.
2679 5693 2748 5738 IV,
2781 5672 2927 5745 part:
2953 5695 2991 5740 ι,
3018 5691 3138 5747 pag.
3164 5679 3252 5742 9i,
3278 5677 3397 5805 ξι).

2063 5755 2085 5782 ο
2123 5741 2261 5796 Edit.
2307 5742 2554 5809 Quercet.
2599 5746 2662 5799 27
2705 5762 2766 5800 cx
2794 5761 2928 5809 _ms.,
2974 5747 3199 5803 Froben.
3245 5749 3277 5801 εὶ
3322 5789 3330 5800 .

2250 5781 2261 5794 .
2307 5746 2554 5809 Quercet.
2599 5746 2662 5799 27
2705 5762 2766 5800 cx
2793 5761 2928 5816 _ms.,
2974 5746 3199 5803 Froben.
3245 5746 3330 5805 ‘23.
