4232 6452
679 451 777 500 183

1507 439 1565 492 B.
1608 438 1669 490 ι’.
1697 413 2101 490 ‘ALBINI'SEU
2142 432 2417 488 ALCL’lNl
2456 431 2739 488 OPERL‘M
2771 428 3034 486 PARS‘L

3819 424 3918 481 itit

675 561 980 614 Priscianus
1013 555 1142 608 vult.
1173 552 1281 608 Sed
1307 551 1449 605 inter
1470 551 1534 604 de
1557 559 1613 604 et
1637 550 1718 602 dis
1749 557 1958 602 tantum
1994 553 2240 601 versatur
2272 549 2318 606 Α
2343 541 2394 608 εξ
2442 541 2657 615 οὖρανοῦ
2708 543 2949 611 iniciat:
3003 545 3178 615 κύριος
3228 540 3519 612 [inﬁdaier
3543 580 3560 606 ,
3614 541 3639 594 ὁ
3695 539 3912 615 κύριοςζῐ.

674 645 968 714 inquisitio.
1013 637 1472 696 Considerandum
1517 651 1636 691 esse
1677 635 1908 697 videtur,
1941 647 2048 702 quo
2089 632 2248 686 modo

654 727 865 792 ‘habeat
891 737 944 789 in
965 732 1174 791 Graeco.
1201 746 1320 800 qua:
1344 730 1414 784 ibi
1441 729 1752 798 prmpositio
1781 728 2104 789 inveniatur,
2137 725 2250 778 sive

669 844 790 896 qua:
823 827 905 879 dis
934 822 1220 895 signiﬁcet,
1246 821 1359 875 sive
1385 835 1503 888 qua:
1529 819 1593 872 de
1619 817 1910 887 signiﬁcet.
1941 815 2083 869 Dicit
2105 814 2250 868 enim

674 917 981 972 Priscianus
1025 914 1088 967 de
1117 912 1313 965 habere
1355 911 1540 978 plures
1585 906 2007 977 signiﬁcationes
2045 913 2101 960 et
2142 919 2249 957 non

674 1023 770 1073 pro
814 1019 918 1058 una
947 1002 1131 1056 Grzeea
1167 997 1546 1073 praepositione
1583 996 1730 1066 poni,
1777 994 1870 1048 sed
1914 1007 2013 1062 pro
2054 992 2245 1053 tribus,

680 1097 762 1151 vel
792 1096 972 1151 forsan
1017 1092 1290 1163 pluribus,
1328 1071 1406 1142 ita
1445 1089 1667 1143 dicens:
1706 1105 1724 1136 ‹
1753 1086 1817 1139 de
1846 1099 1952 1138 non
1985 1083 2159 1137 solum
2196 1083 2253 1135 τὸ

675 1191 780 1244 ἀπὸ
819 1183 1112 1256 signiﬁcat,
1161 1175 1255 1236 sed
1293 1179 1453 1232 etiam
1480 1181 1539 1234 τὸ
1569 1179 1652 1231 ἐπὶ
1686 1174 2116 1233 memorativum,
2149 1181 2208 1225 ut
2237 1189 2249 1222 :

674 1280 739 1331 de
768 1275 1009 1346 partibus
1032 1269 1314 1326 orationis.
1344 1267 1619 1336 Accipitur
1639 1266 1802 1320 etiam
1821 1278 1922 1333 pro
1949 1263 2075 1318 κατὰ
2098 1260 2256 1314 locali

679 1369 733 1420 in
761 1361 1168 1432 compositione,
1197 1366 1257 1411 ut
1285 1374 1298 1411 :
1329 1357 1548 1419 deduco,
1577 1353 1863 1417 descendo,
1893 1351 2138 1414 detraho,
2167 1349 2258 1402 de-

677 1455 822 1522 iicio,
861 1451 1115 1522 despicio,
1161 1446 1396 1502 derideo.
1436 1445 1531 1498 Est
1577 1444 1740 1499 etiam
1781 1441 2120 1504 intentivum,
2158 1446 2253 1492 ut:

676 1542 1051 1616 deprehendo,
1109 1538 1274 1604 dedo,
1325 1537 1585 1606 depravo,
1640 1534 1881 1602 deprimo
1903 1573 1922 1597 ,
1973 1531 2256 1596 deminuo,

678 1638 879 1701 deisco,
911 1634 1180 1695 deterreo,
1207 1629 1400 1699 deligo,
1441 1629 1688 1681 decurro.
1717 1625 1812 1680 Est
1837 1626 2002 1680 etiam
2039 1624 2260 1692 privati-

679 1739 827 1790 vum,
857 1731 916 1778 ut
943 1740 956 1776 :
987 1721 1319 1790 desperatur,
1347 1717 1587 1780 demens,
1621 1715 1827 1777 desum,
1853 1711 2074 1780 deierat.
2107 1730 2126 1761 ι
2156 1709 2262 1765 No-

679 1826 757 1880 ta,
799 1812 942 1884 quod
981 1809 1217 1881 despicio
1248 1807 1403 1871 dixit,
1429 1807 1573 1860 unde
1613 1805 1720 1859 erit
1757 1804 2085 1874 despexeris.
2125 1801 2260 1856 Nam

2333 636 2399 697 ’ἐξ
2440 673 2454 685 .
2499 671 2513 684 .
2561 671 2575 685 .
2619 671 2633 684 .
2675 671 2688 684 .
2729 633 2899 687 etiam
2925 647 3022 701 pro
3050 631 3116 685 de
3142 631 3392 701 positam.
3427 631 3578 694 Item,
3601 631 3691 684 ubi
3719 629 3918 685 nosdi-

2349 724 2523 778 cimus
2547 741 2568 774 :-
2594 723 2717 777 Non
2740 723 2913 791 deﬁcit
2943 724 3007 778 de
3028 722 3216 794 plateis
3245 724 3358 793 ejus
3386 723 3558 793 (Psal.
3587 740 3694 787 ιη’,
3728 721 3917 790 12).,in

2350 811 2539 866 Grmco
2566 811 2798 880 legitur:
2837 815 2939 867 οὐκ
2978 815 3196 878 ἓξὲλιπιν
3227 816 3279 867 ἐκ
3304 819 3403 868 τῶν
3446 797 3691 868 «histh
3719 816 3916 879 nimie;

2351 907 2406 957 ix
2449 942 2461 955 .
2506 942 2520 954 .
2564 941 2579 956 .
2618 918 2717 973 pro
2749 903 2813 956 de
2839 904 3093 972 positum.
3120 902 3186 956 Di
3208 902 3422 970 quidem
3444 911 3498 957 et
3520 902 3602 956 dis
3629 903 3920 958 secundum

2354 991 2689 1046 l‘riscianum
2717 993 2961 1047 eamdem
2991 991 3436 1062 signiﬁcationem
3468 992 3665 1048 habent
3689 1009 3752 1047 ac
3776 993 3840 1046 ab
3867 1001 3923 1047 et

2353 1083 2466 1136 abs.
2491 1081 2630 1136 Sunt
2648 1091 2828 1138 autem
2851 1083 3186 1152 separativze,
3205 1091 3266 1136 ut
3281 1100 3294 1135 :
3310 1082 3508 1146 divido,
3530 1082 3704 1146 dimo,
3732 1084 3924 1138 distra-

2355 1173 2445 1235 ho,
2492 1174 2738 1228 discurro
2765 1189 2782 1226 :
2811 1173 2954 1243 quod
2981 1172 3120 1243 apud
3149 1170 3368 1228 Graecos
3391 1170 3475 1228 διὰ
3517 1172 3823 1242 praepositio
3847 1172 3926 1225 fa~

2356 1264 2430 1318 cit
2447 1275 2496 1315 ι.
2513 1263 2646 1317 Nam
2673 1265 2763 1318 ubi
2791 1279 2892 1318 nos
2916 1263 3174 1317 dicimus:
3196 1261 3590 1333 Disrumpamus
3614 1261 3818 1315 vincula
3840 1278 3928 1315 ao-

2357 1370 2473 1407 rum
2497 1353 2668 1424 (Psal.
2703 1371 2762 1417 is,
2789 1355 2868 1426 5),
2895 1355 3058 1433 habet
3100 1353 3155 1408 in
3191 1352 3380 1407 Graco
3415 1353 3929 1427 εΔιιρῥήξομινιτοὺς

2356 1445 2577 1517 δεσμοὺς
2622 1443 2792 1502 αὐτοῦ.
2842 1443 3053 1517 [αὐτῶν]
3096 1483 3117 1496 .
3152 1482 3166 1495 .
3211 1482 3225 1495 .
3266 1442 3396 1497 Item
3445 1442 3586 1511 quod
3628 1458 3727 1496 nos
3767 1442 3930 1495 habe-

2360 1548 2479 1587 mus
2505 1552 2518 1585 :
2548 1533 2844 1598 Domine,.a
2869 1533 3048 1602 paucis
3069 1531 3134 1584 de
3159 1540 3298 1583 terra
3322 1529 3491 1583 divide
3506 1545 3592 1582 eos
3618 1527 3797 1597 (I’sal.
3816 1544 3930 1590 svi,

2362 1620 2474 1692 ﬂ),
2504 1622 2558 1675 in
2601 1621 2790 1679 Graeco
2823 1620 3021 1690 legitur
3068 1638 3080 1673 :
3115 1622 3279 1695 κύριε,
3321 1619 3424 1674 ἆ.πό
3470 1619 3643 1690 ὀλίγων
3685 1620 3789 1674 ἀπὸ
3840 1625 3932 1687 7i;

2363 1714 2620 1786 [ἀπολύων
2650 1716 2751 1770 ἀπὸ
2918 1712 3434 1789 ὂιαμὲρισονάὖτούς.
3620 1785 3626 1789 ρ
3659 1721 3667 1731 ’

2435 1805 2529 1860 llis
2555 1805 2719 1859 etiam
2757 1785 3133 1863 consideratis,
3160 1800 3335 1854 videte
3354 1799 3438 1852 vel
3464 1813 3528 1852 ex
3571 1785 3939 1852 antecedentis

679 1904 845 1974 spicio
876 1901 1075 1957 multas
1107 1898 1162 1952 in
1197 1895 1584 1964 compositione
1625 1893 1815 1963 recipit
1857 1892 2262 1962 praepositiones
2294 1885 2340 1946 Β
2365 1898 2560 1968 lingua:
2597 1896 2809 1959 notitia,
2859 1894 2944 1948 vel
2972 1900 3296 1949 constructa:
3330 1890 3588 1952 orationis
3632 1890 3791 1947 serie.
3817 1903 3938 1957 qme

681 2006 738 2050 et
769 1993 969 2050 nullam
1000 1991 1060 2068 in,
1084 1987 1436 2066 appositione,
1467 1985 1594 2056 quia
1622 1985 1781 2054 spicio
1810 1984 1864 2038 in
1894 1998 1994 2038 usu
2023 1998 2126 2037 non
2156 1991 2260 2046 est,

684 2087 958 2144 Invenitur
979 2084 1122 2142 enim
1153 2099 1169 2136 :
1199 2079 1415 2148 aspicio,
1454 2077 1696 2146 respicio,
1738 2074 1986 2144 suspicio,
2014 2073 2262 2141 despicio,

684 2177 970 2249 conspicio,
985 2172 1277 2249 prospicio.
1297 2169 1666 2240 Etutrumque
1695 2165 1966 2220 invenitur
1993 2183 2006 2218 :
2035 2164 2266 2235 despicio

684 2281 742 2326 et
777 2268 1028 2338 dispicio.
1060 2264 1184 2325 ideo
1217 2261 1467 2332 superius
1507 2259 1617 2316 dixi
1652 2256 2103 2313 considerandum
2148 2269 2270 2310 esse

686 2376 809 2431 qua
839 2355 1148 2430 praepositio
1176 2353 1229 2407 in
1255 2351 1444 2406 Graeco
1467 2357 1612 2403 esset
1635 2347 1844 2417 posita;
1873 2354 1928 2400 et
1954 2346 2079 2399 inde
2105 2358 2270 2414 agno-

687 2453 768 2509 sci
795 2467 914 2523 quze
939 2451 994 2504 in
1017 2445 1210 2502 Latino
1241 2441 1404 2497 scribi
1440 2440 1662 2501 debeat;
1690 2437 1815 2506 quia
1847 2435 1970 2490 talis
2008 2433 2273 2489 dubitatio

689 2561 758 2599 ex
787 2537 1156 2597 antecedentis
1187 2535 1380 2605 lingua:
1422 2528 1854 2586 consideratione
1888 2525 2024 2581 solvi
2051 2524 2269 2594 poterit.

692 2633 866 2688 liabet
890 2629 1035 2686 enim
1055 2627 1110 2686 in
1131 2624 1320 2681 Grzeeo
1341 2622 1432 2677 ille
1450 2635 1639 2680 versus
1663 2636 1678 2672 :
1704 2616 1941 2679 Exaudi,
1973 2615 2130 2677 Deus,
2153 2629 2276 2670 ora-

690 2727 885 2780 tionem
923 2734 1094 2776 meant
1123 2725 1174 2771 α
1203 2732 1266 2769 ne
1295 2710 1591 2782 despexeris
1632 2705 2043 2777 deprecationem
2083 2717 2274 2764 meam,

690 2815 975 2875 ἐνὼτισαεη
1000 2809 1027 2864 ὅ
1047 2807 1190 2870 asiae,
1220 2811 1310 2865 τήν
1346 2803 1652 2878 προσευχήν
1675 2816 1795 2868 μου,
1820 2797 1902 2852 καὶ
1931 2798 2002 2866 μή
2032 2789 2278 2864 iiii-cpida;

693 2915 784 2968 τήν
811 2905 984 2966 δέησίν
1014 2925 1122 2976 pou.
1142 2898 1314 2970 (Psal.
1339 2913 1448 2961 uv,
1473 2893 1551 2964 ‘2).

765 2998 898 3054 Item
937 2996 992 3050 in
1035 2991 1250 3047 Psalmo
1276 3003 1368 3042 xxi
1402 2987 1488 3041 ille
1516 2997 1740 3039 versus:
1768 2981 1842 3036 De
1884 2987 2055 3035 ventre
2095 2976 2280 3030 matris

695 3104 826 3144 meae
858 3085 1000 3140 Deus
1029 3098 1174 3138 meus
1198 3096 1251 3134 es
1275 3089 1354 3142 tu,
1384 3076 1544 3130 habet
1571 3073 1627 3127 in
1657 3069 1882 3127 Grzeco:
1909 3067 2031 3123 ’Δπὸ
2057 3063 2283 3139 ’χαστρὸε

697 3177 806 3249 [Ἐκ
825 3171 1030 3243 κοιλίας]
1052 3170 1241 3244 μητρός
1269 3189 1365 3238 μου
1393 3165 1515 3224 Θιὸς
1551 3184 1649 3233 μου
1681 3157 1729 3216 εἶ
1759 3181 1847 3215 συ.
1876 3155 1980 3213 Ubi
2017 3169 2117 3209 nos
2144 3152 2280 3208 dici-

699 3224 1166 3330 sic}
1195 3224 1409 3328 legitur.
1436 3224 1567 3309 Item
1599 3252 1690 3306 ubi
1719 3265 1818 3305 nos
1847 3249 2107 3303 habemus
2131 3262 2143 3298 :
2176 3243 2278 3298 De-
2307 3224 2354 3287 (ἶ

698 3356 898 3413 scendit
919 3355 1052 3408 sicut
1077 3349 1250 3420 pluvia
1271 3349 1328 3400 in
1353 3345 1511 3400 vellus
1535 3341 1707 3415 (Psal.
1735 3357 1878 3402 tul,
1913 3339 1989 3408 6),
2021 3338 2074 3392 in
2094 3335 2285 3391 Greco

705 3451 976 3507 habetur:
1007 3442 1363 3499 metiatur
1391 3437 1628 3497 ὧςύετός
1666 3435 1752 3488 ἰπὶ
1790 3430 1998 3507 πόκον..
2042 3466 2056 3480 .
2097 3465 2111 3479 .
2148 3425 2287 3479 sicut

623 3568 629 3572 σ
706 3538 955 3610 superius
989 3536 1110 3605 rupi
1147 3531 1201 3584 in
1231 3543 1298 3582 eo
1324 3541 1503 3586 versu,
1540 3520 1682 3576 unde
1711 3521 1827 3576 haec
1854 3514 2130 3586 inquisitio
2166 3520 2285 3567 orta

703 3602 809 3688 est.
841 3625 975 3681 Nam
1001 3602 1066 3678 et
1085 3623 1275 3676 beatus
1300 3616 1656 3684 Hieronymus
1681 3611 1734 3673 in
1759 3609 2012 3663 Tractatu
2036 3602 2287 3674 Epistolze

708 3718 778 3773 ad
817 3716 1008 3772 Titum
1043 3713 1147 3766 has
1186 3705 1618 3778 praepositiones,
1647 3701 1701 3755 id
1729 3707 1842 3763 est,
1880 3700 2003 3770 περὶ
2040 3703 2095 3749 et
2136 3697 2288 3757 κατὰ,

708 3811 828 3864 sine
861 3805 1025 3861 dubio
1063 3801 1131 3858 ad
1157 3804 1525 3865 contemptum
1569 3792 1840 3862 pertinere
1869 3788 2024 3843 dixit.
2055 3786 2122 3839 Et
2148 3785 2290 3840 idem

711 3899 865 3969 ponit
892 3910 1040 3957 esse,
1062 3889 1340 3945 contemnit
1377 3893 1436 3941 et
1479 3883 1738 3952 despexit.
1762 3879 1870 3934 Sed
1905 3887 1962 3932 et
1993 3879 2192 3954 bonum
2238 3884 2295 3929 et

676 4020 682 4023 -
712 3965 918 4043 malum
947 3997 1068 4037 esse
1098 3984 1500 4046 contemptum;
1537 3973 1761 4033 bonum,
1789 3967 2011 4038 quando
2031 3965 2155 4036 quis
2184 3973 2298 4019 tor-

717 4091 899 4135 menta
943 4074 1032 4130 vel
1075 4069 1363 4142 opprobria
1405 4063 1606 4121 Christi
1653 4062 1869 4117 nomine
1912 4056 2208 4112 contemnit
2241 4066 2296 4110 et

719 4168 964 4240 despicit.
994 4166 1062 4220 Et
1085 4166 1184 4219 has
1204 4159 1580 4216 distinctiones
1606 4155 1659 4208 in
1687 4150 2152 4222 praepositionibus
2179 4156 2296 4201 tan-

718 4260 994 4317 tummodo
1023 4269 1140 4312 esse
1168 4254 1254 4308 his
1278 4250 1458 4306 verbis
1484 4249 1658 4308 docet,
1688 4244 1779 4298 ubi
1809 4243 1863 4297 in
1889 4241 2080 4297 Graeco
2102 4240 2298 4308 legitur

720 4355 790 4408 ad
818 4353 999 4405 ’l‘itum
1025 4349 1226 4403 dictum
1257 4342 1638 4416 περιφρονείτω,
1679 4342 1734 4390 et
1774 4334 1903 4388 illud
1929 4331 2072 4400 quod
2115 4330 2182 4382 ad
2208 4328 2298 4381 Ti-

724 4443 998 4497 motheum
1024 4436 1220 4504 legitur
1241 4430 1631 4504 καταφρωιίτω,
1669 4433 1725 4479 et
1752 4422 2051 4493 apostolum
2076 4418 2300 4473 Paulum

720 4545 821 4601 pro
850 4526 1115 4581 varietate
1140 4532 1428 4574 causarum
1441 4514 1607 4569 variis
1623 4513 1699 4568 uti
1720 4509 2192 4582 prmpositionibus
2216 4522 2302 4560 as-

725 4598 913 4674 seruit.
942 4615 1064 4669 Tito
1097 4613 1258 4682 igitur
1279 4608 1497 4676 scripsit
1521 4647 1532 4658 .
1573 4603 1740 4658 Nemo
1769 4612 1818 4656 te
1845 4609 2136 4655 contemnat
2167 4598 2292 4668 (Tit.

727 4729 786 4771 Il,
841 4707 946 4774 l5).
994 4705 1060 4758 Et
1108 4700 1391 4755 Timotheo
1433 4715 1445 4748 ε
1489 4695 1655 4748 Nemo
1705 4690 2104 4746 adolescentiam
2152 4698 2303 4740 (nimi

728 4802 1020 4852 contemnat
1052 4790 1102 4861 (Ι
1137 4789 1272 4843 Tim.
1302 4802 1374 4847 iv,
1408 4783 1517 4853 12).
1547 4783 1613 4836 Et
1654 4782 1722 4836 ad
1759 4787 2046 4846 utrumque
2079 4785 2302 4846 propter

726 4892 845 4962 πιρὶ
875 4885 957 4941 vel
988 4883 1116 4938 κατᾶ
1142 4878 1360 4934 Graecas
1399 4872 1828 4943 pnepositiones,
1863 4867 2098 4936 despicit,
2129 4861 2299 4934 ponit.

730 4954 1031 5036 Stoicorum
1063 4983 1296 5041 quoque,
1329 4967 1419 5036 qui
1444 4961 1887 5019 subtiliter’intcr
1909 4957 2070 5010 verba
2105 4954 2306 5008 discer-

735 5077 886 5127 nunt,
933 5059 1181 5129 exemplo
1222 5058 1322 5110 hoc
1351 5057 1526 5123 ipsum
1566 5049 1867 5106 conﬁrmat.
1901 5046 2074 5101 liabet
2098 5057 2309 5111 quoque

730 5157 797 5208 de
847 5153 979 5205 alias
1019 5146 1437 5218 signiﬁcationes
1481 5143 1534 5194 in
1569 5140 1778 5201 Grzeco,
1821 5146 1879 5190 ut
1922 5142 2007 5189 est
2032 5151 2044 5185 ε
2069 5131 2145 5184 De
2186 5129 2311 5182 ctelo

741 5243 957 5311 respexit
985 5239 1240 5292 Dominus
1271 5219 1441 5304 (Psal.
1471 5246 1640 5294 χχχιι,
1666 5229 1783 5296 15);
1813 5228 1864 5280 in
1896 5224 2085 5278 (ἱππεοο
2110 5221 2271 5275 habet
2297 5238 2306 5270 :

813 5429 837 5455 α
870 5414 1002 5468 Vide
1025 5411 1184 5472 infra,
1220 5421 1346 5463 tom.
1373 5409 1432 5470 ll,
1474 5408 1668 5461 librum
1702 5407 1766 5458 de
1790 5399 2203 5472 Orthograpliia,
2227 5414 2341 5451 γυ·-

741 5502 804 5539 ee
823 5487 907 5547 de,
934 5485 986 5537 di
1002 5493 1055 5537 et
1073 5469 1179 5534 dis.
1202 5479 1401 5532 Praeter
1415 5481 1511 5530 ista
1523 5475 1835 5547 notandum,
1850 5469 2055 5547 textum
2070 5469 2315 5547 Graecum

747 5537 834 5609 hic
856 5537 1098 5608 eihiberi
1127 5567 1190 5605 ex
1217 5549 1446 5602 editione
1477 5547 1546 5599 cl.
1583 5543 1942 5610 Quercctani;
1988 5541 2041 5593 in
2079 5537 2318 5606 margine

750 5639 873 5676 vero
900 5621 1239 5692 apposuimus
1273 5617 1551 5692 lectionem
1593 5612 1927 5692 septuaginta
1965 5611 2318 5677 interpretum

749 5709 810 5745 rx
836 5684 1068 5746 editione
1093 5688 1327 5743 Waltoni
1359 5688 1412 5740 in
1437 5684 1766 5753 Polyglottis.

823 5765 847 5799 δ’
878 5743 1138 5813 minem.
1175 5758 1323 5812 Haud
1362 5771 1495 5824 opus
1534 5743 1620 5806 22;;
1666 5753 1751 5806 hic
1787 5750 2062 5824 adnotare,
2104 5743 2318 5824 llomeri

755 5833 966 5886 nomine
1008 5831 1073 5882 ab
1107 5830 1328 5881 Alcuino
1364 5815 1629 5891 d'i'signari
1675 5819 2077 5889 Angilbertnm;
2111 5815 2174 5868 de
2216 5829 2319 5881 qun

2331 4554 2386 4612 ι)

2366 1987 2539 2057 magis
2573 1986 2627 2040 in
2655 1999 2720 2040 eo
2750 1999 2910 2039 versu
2939 1980 3247 2052 praepositio
3268 1980 3393 2050 poni
3419 1979 3629 2035 debeat.
3658 1976 3790 2031 Nam
3825 1977 3940 2042 tunc

2326 2148 2330 2154 .
2367 2077 2474 2133 duo
2502 2076 2733 2129 maxime
2756 2073 3145 2128 dubitationem
3180 2069 3387 2126 solvere
3424 2069 3618 2134 solent,
3642 2076 3698 2123 et
3725 2066 3791 2122 ad
3821 2081 3943 2121 cer»

2367 2174 2483 2221 tum
2535 2165 2790 2220 lectorem
2842 2161 3140 2232 perducere
3185 2175 3422 2225 mnsam,
3473 2167 3529 2213 et
3583 2157 3952 2213 contentioer

2370 2255 2818 2312 scholasticorum
2855 2251 3147 2307 terminare
3175 2249 3519 2319 quastiones.
3561 2247 3685 2317 Ideo
3718 2246 3782 2301 de
3811 2244 3957 2298 rubo

2369 2350 2527 2417 posui
2549 2354 2792 2402 veterum
2819 2345 3118 2399 sententias
3159 2349 3461 2404 auctorum,
3491 2346 3546 2394 et
3585 2338 3641 2392 in
3685 2333 3952 2407 preposi-

2373 2438 2610 2493 tionibus
2634 2435 2835 2493 Graece
2858 2433 2965 2505 35
2994 2433 3193 2504 linguae
3233 2430 3626 2490 auctoritatem,
3675 2441 3743 2481 ne
3770 2439 3957 2480 meam

2372 2529 2496 2598 quis
2524 2526 2812 2582 calumniis
2845 2532 3059 2581 notaret
3085 2521 3429 2585 sententiam,
3465 2526 3520 2574 et
3561 2523 3958 2587 praesumptuo—

2376 2636 2491 2676 sam
2543 2617 2980 2689 reprehenderet,
3030 2616 3075 2670 si
3121 2614 3286 2670 nullis
3331 2612 3631 2684 priscorum
3675 2607 3957 2662 fulciretur

2377 2713 2658 2768 doctorum
2707 2707 2968 2778 exemplis
3011 2706 3176 2777 :quia
3218 2703 3490 2759 multoties
3523 2701 3579 2755 in
3604 2699 3694 2752 vili
3722 2709 3955 2766 persona

2378 2803 2578 2858 veritas
2608 2800 2920 2870 despicitur,
2954 2813 3081 2853 cum
3111 2794 3317 2868 [Forte,
3377 2791 3488 2864 cui]
3537 2789 3671 2845 nihil
3709 2785 3959 2858 praeferri

2378 2894 2587 2958 debuit,
2634 2892 2681 2946 si
2712 2898 2918 2945 tantum
2957 2889 3013 2942 in
3037 2884 3424 2956 questionibus
3452 2881 3593 2936 illius
3616 2885 3962 2949 exspectaret

2375 2983 2635 3052 judicium
2665 2987 2720 3035 et
2741 2994 2851 3034 non
2873 2977 3102 3050 propria!
3126 2973 3404 3034 sententia:
3430 2970 3803 3032 defenderetur
3822 2980 3961 3042 prae-

2385 3070 2639 3140 sumptio.

2871 3153 3208 3212 EPISTOLA
3237 3151 3466 3208 XXVIII.

2872 3263 2943 3302 ΑΒ
2974 3259 3226 3301 ποιειιωι
3260 3256 3462 3298 ιἰιιυι.

2456 3337 2813 3393 Dilectissimo
2843 3335 2952 3391 ﬁlio
2982 3335 3010 3375 δ
3039 3335 3270 3390 Homero
3307 3329 3531 3386 Albinus
3567 3326 3976 3383 matriculan'us

2386 3429 2635 3484 Salutem.

2456 3521 2564 3580 Per
2604 3522 2697 3575 Dei
2740 3520 2967 3592 gratiam
3009 3518 3282 3588 aliquanto
3317 3512 3508 3568 melius
3548 3511 3849 3572 habemus;
3888 3515 3969 3562 ta-

2389 3633 2512 3673 men
2553 3614 2786 3670 febrium
2828 3608 3110 3679 castigatio
3144 3604 3468 3676 quotidianis
3506 3601 3694 3658 diebus
3725 3614 3826 3654 ιιι-δ
3860 3611 3968 3652 non

2392 3693 2667 3777 relinquit.
2707 3706 2900 3759 Beatus
2925 3701 3017 3770 qui
3051 3700 3104 3753 in
3139 3699 3243 3752 hoc
3281 3693 3475 3750 saeculo
3510 3692 3721 3747 labores
3754 3685 3974 3756 recipit,

2392 3809 2446 3855 et
2473 3801 2527 3853 in
2556 3797 2741 3851 futuro
2770 3791 3009 3861 requiem
3037 3786 3272 3843 habebit.
3311 3783 3418 3839 Sed
3438 3790 3493 3837 et
3514 3782 3580 3837 de
3607 3778 3980 3835 admonitiones

2393 3897 2696 3943 vestrarum
2723 3881 3030 3936 dulcissima
3060 3877 3360 3930 litterarum
3391 3870 3592 3943 gratias
3617 3875 3810 3923 vestra!
3837 3881 3968 3936 pru-

2394 3977 2590 4035 dentiae
2616 3973 2844 4044 agimus.
2890 3967 3113 4022 Multum
3140 3964 3505 4020 desideramus
3535 3967 3588 4013 et
3625 3958 3854 4027 benigne
3883 3970 3972 4009 ευ-

2396 4068 2664 4138 scepimus
2690 4060 3097 4119 exhortationes
3121 4065 3314 4111 vestra:
3337 4052 3667 4115 dilectionis,
3699 4049 3822 4119 quia
3850 4059 3974 4116 per-

2396 4137 2536 4215 fecta
2577 4155 2844 4216 charitas,
2884 4151 3027 4220 quod
3064 4147 3164 4202 sibi
3191 4145 3450 4214 optimum
3475 4139 3740 4210 intelligit,
3783 4137 3886 4191 hoc
3921 4142 3980 4187 et

2397 4249 2519 4304 aliis
2541 4244 2766 4301 suadere
2812 4256 2918 4294 non
2950 4237 3198 4294 desistit:
3222 4248 3276 4290 et
3303 4235 3419 4288 haec
3454 4239 3536 4285 est
3567 4228 3724 4298 plena
3761 4240 3817 4279 et
3851 4239 3978 4292 per-

2401 4339 2538 4394 feeta
2570 4332 2804 4393 dilectio,
2845 4337 2904 4384 ut
2947 4343 3052 4382 non
3101 4325 3274 4379 solum
3319 4321 3421 4376 sibi
3461 4319 3686 4389 quisque
3721 4325 3978 4384 prospera

2401 4427 2602 4496 cupiat,
2631 4421 2727 4477 sed
2751 4429 2807 4475 et
2830 4418 3054 4472 fratrum
3084 4413 3271 4468 salutis
3289 4425 3510 4472 memor,
3537 4407 3618 4462 vel
3645 4405 3826 4460 verbis
3845 4419 3982 4474 prm-

2404 4530 2549 4578 scns,
2578 4512 2662 4566 vel
2700 4509 2896 4564 litteris
2923 4506 3119 4560 absens
3145 4504 3431 4557 admonere
3458 4513 3552 4554 eos
3578 4512 3685 4551 non
3714 4502 3911 4548 cesset.

2479 4615 2502 4642 ο
2543 4599 2775 4655 Antonio
2799 4597 2980 4666 itaque
3003 4592 3112 4647 ﬁlio
3137 4607 3274 4654 meo,
3304 4587 3457 4642 fratri
3484 4594 3681 4646 vestro,
3713 4584 3813 4638 has
3844 4582 3983 4636 litteo

2409 4711 2496 4751 ras
2525 4693 2676 4753 alias,
2715 4689 2978 4758 deprecor
3006 4692 3065 4738 ut
3090 4696 3251 4750 quam
3281 4676 3608 4737 cautissime,
3632 4673 3815 4729 clausa
3830 4673 3985 4727 char-

2411 4785 2521 4838 tula
2564 4782 2705 4836 sicut
2736 4785 2846 4840 est,
2867 4774 3126 4845 deprecor
3152 4779 3211 4823 ut
3237 4767 3467 4836 dirigas;
3497 4764 3619 4834 quia
3653 4763 3700 4818 si
3728 4761 3984 4817 discincta

2411 4875 2593 4930 veniat
2622 4872 2676 4923 in
2706 4864 3046 4936 praesentiam
3075 4861 3236 4920 illius,
3267 4857 3491 4912 vilescat
3523 4853 3662 4923 apud
3694 4867 3840 4906 eum.
3888 4848 3988 4902 Ta-

2414 4980 2537 5019 men
2562 4962 2739 5030 placet
2759 4956 2889 5010 mihi
2917 4963 2972 5009 ut
3001 4967 3068 5006 eo
3095 4952 3356 5020 dirigente
3379 4950 3568 5007 iterum
3597 4944 3783 4997 videas
3807 4939 3985 5002 illam;

2412 5051 2507 5106 sed
2546 5027 2680 5101 ﬁdes
2716 5050 2986 5107 servetur,
3030 5052 3089 5094 ut
3135 5039 3185 5092 ei
3232 5037 3408 5106 primo
3454 5033 3714 5100 dirigatur
3757 5028 3843 5082 cui
3893 5027 3990 5081 soli

2417 5139 2678 5194 mittetur.

2489 5225 2545 5279 Si
2585 5223 2785 5276 habeas
2809 5221 2834 5260 ἀ
2862 5219 3116 5274 lordanis
3146 5214 3456 5275 Historiam,
3492 5208 3661 5278 dirige
3700 5205 3829 5260 mihi
3872 5222 3990 5275 pro-

2421 5396 2617 5464 saepius
2645 5393 2791 5448 alibi.
2820 5392 3073 5464 (Froben.
3105 5390 3267 5460 epist.
3289 5381 3439 5453 eis.)

2496 5477 2516 5502 ε
2550 5465 2793 5516 Antonio.
2823 5459 3159 5532 Adalhardo,
3171 5457 3257 5512 cui
3287 5456 3338 5508 in
3362 5451 3583 5532 epistola
3615 5449 3716 5532 ιξο
3744 5448 3916 5532 suasit
3941 5455 3987 5532 ut

2381 5541 2386 5546 ’
2424 5550 2543 5589 cum
2581 5533 2814 5586 Homero
2838 5529 3120 5586 consilium
3137 5519 3306 5585 ineat,
3333 5519 3467 5593 quid
3496 5519 3884 5593 consulendum
3915 5531 3991 5568 es-

2427 5612 2506 5659 set
2534 5602 2789 5655 Bernario
2818 5600 2969 5654 fratri
2991 5595 3302 5655 Adalhardi,
3331 5589 3511 5646 Lirim
3534 5589 3600 5644 ad
3625 5589 3989 5659 palatium“)-

2425 5652 2563 5725 Eiio‘;
2585 5652 2955 5736 vduiecadcm
2994 5664 3239 5736 fortassis
3268 5652 3490 5732 epistola
3521 5652 3642 5721 est;
3659 5670 3828 5727 quam
3857 5652 3992 5706 clauu

2429 5757 2541 5795 sam
2567 5733 2653 5793 hic
2677 5740 2905 5794 ﬁdeliter
2929 5735 3066 5788 tradi
3097 5733 3280 5787 voluit.

2497 5789 3158 5862 il—Jvor‘d—an'isvHistoriam.
3203 5802 3328 5856 llaec
3361 5809 3442 5854 est
3485 5795 3706 5851 historia
3751 5789 3992 5847 Iordanis
