4232 6430
788 439 884 495 187

779 643 868 688 tur
890 635 1207 697 benedictio,
1237 637 1569 693 sanctissime
1597 636 1771 689 Pater.

1237 740 1261 765 ει
1303 724 1628 778 EPISTOIA
1669 725 1880 779 XXXII.

1365 833 1429 868 AD
1471 832 1749 869 ιτιιιῖῐιιωι.

1380 902 1555 968 (Ληιιο
1593 895 1739 971 796.)

777 996 1087 1050 Consolatnr
1103 994 1390 1061 inﬁrmum,
1410 1004 1455 1045 et
1480 1004 1533 1045 ut
1554 1011 1606 1045 se
1627 993 1695 1044 ut!
1714 991 2047 1044 trteruitutem
2069 1002 2341 1060 pru'puret,

1356 1064 1519 1115 antire
1556 1063 1761 1115 suadet.

847 1153 1203 1207 Dilectissimo
1232 1153 1376 1206 Patri
1411 1153 1436 1191 ι’
1465 1152 1659 1205 Itherio
1686 1153 1908 1207 Albinus
1931 1152 2176 1206 saltttt‘m.

842 1242 1056 1296 Gratias
1089 1258 1309 1311 agamus
1344 1242 1449 1295 Deo
1476 1240 1623 1303 Jesu,
1662 1228 1962 1294 vulnera‘nti
1998 1251 2051 1293 et
2088 1238 2342 1303 medenti,

774 1332 1059 1400 llagellanti
1108 1341 1160 1385 ct
1201 1331 1517 1385 consolanti.
1574 1331 1732 1383 Dolor
1781 1331 2023 1398 corporis
2068 1329 2213 1384 salus
2264 1338 2346 1382 est

773 1422 988 1483 animte,
1031 1428 1083 1473 et
1121 1420 1406 1473 inﬁrmitas
1442 1419 1749 1487 tetnp'iralis
1772 1459 1786 1480 ,
1826 1420 2027 1472 sanitas
2065 1426 2340 1486 perpetua.

774 1507 1027 1561 Libenter
1055 1508 1400 1575 accipiamus,
1442 1507 1705 1574 patienter
1747 1506 1981 1559 feramus
2019 1506 2343 1559 voluntatem

775 1598 1071 1649 Salvatoris
1105 1597 1291 1649 nostri.
1340 1596 1445 1649 Sed
1482 1611 1623 1650 nunc
1649 1596 1753 1649 noli
1786 1598 2016 1649 tardare.
2062 1596 2168 1649 Fac
2205 1597 2345 1663 quod

774 1688 1011 1739 tacturus
1034 1703 1109 1739 es.
1157 1686 1325 1740 Curre
1350 1687 1472 1739 dum
1500 1686 1669 1739 lucem
1698 1686 1862 1739 habes
1888 1685 2066 1754 (Joan.
2105 1701 2199 1745 xu,
2231 1685 2341 1753 33).

774 1773 984 1826 Festina
1013 1775 1078 1826 ad
1103 1789 1223 1827 eum
1257 1774 1347 1841 qui
1378 1782 1535 1826 vocat
1565 1781 1633 1825 te.
1685 1773 1835 1836 Quod
1866 1772 2155 1825 necessitas
2179 1773 2344 1839 cogit,

1620 442 1675 493 Β.
1721 442 1779 493 l".
1818 442 2038 494 ALBINI
2080 439 2208 493 SEU
2249 436 2522 492 ALCL’INI
2559 435 2840 490 OI’ERUM
2869 434 3046 489 PARS
3086 435 3123 487 l.

780 547 954 601 tiones
981 562 1076 615 pro
1110 549 1259 602 vobis
1283 560 1528 618 aguntur.
1576 548 1761 601 Divina
1806 558 1855 603 te
1894 549 2089 617 ubique
2126 549 2345 601 cotnitc-
2373 554 2417 607 Α
2449 543 2657 612 lateque
2679 545 2900 612 populos
2924 546 2992 597 ab
3012 544 3285 596 erroribus

3916 438 4024 490 I88

3406 546 3600 599 ~violatis
3630 547 3682 600 in
3710 548 3849 600 viatn
3880 550 4026 602 veri-

2446 633 2574 685 ta‘.is
2623 633 2858 685 deduxit.
2890 631 3079 697 Qualis
3126 633 3228 684 crit
3259 634 3309 682 li?
3391 634 3591 699 gloria,
3633 651 3665 686 ο
3714 636 4025 691 beatissime

2452 738 2563 782 rex,
2595 722 2647 773 in
2692 721 2779 773 die
2820 731 3033 773 atteram
3075 721 3467 785 retributionis,
3508 724 3722 790 quando
3751 724 3804 775 Ιτί
3833 738 4026 778 omnes

2443 814 2531 881 qui
2570 828 2667 880 per
2710 821 2854 865 tuam
2895 812 3133 881 (bonam)
3163 810 3573 865 sollicitudinem
3608 812 3677 866 ab
3705 811 4022 866 idololatria:

2446 901 2654 953 cultura
2706 901 2771 953 ad
2834 900 3254 967 cognoscendum
3315 915 3500 953 verum
3545 900 3712 953 Deum
3772 916 4022 971 conversi

2444 1000 2588 1053 sunt,
2622 1001 2671 1043 te.
2712 1000 2836 1042 ante
2867 990 3097 1043 tribunal
3140 990 3347 1043 Domini
3391 992 3557 1044 nostri
3583 990 3708 1044 Jesu
3732 982 3935 1046 Christi
3960 994 4021 1042 in

2444 1079 2601 1131 beata
2642 1088 2786 1132 sorte
2817 1088 3046 1132 stantem
3084 1080 3415 1146 sequentur?
3448 1080 3517 1132 Et
3546 1095 3613 1134 ex
3652 1080 3736 1133 his
3770 1081 4025 1134 omnibus

2445 1176 2714 1236 perpetua:
2757 1167 3098 1222 beatitudinis
3129 1183 3337 1233 merces
3370 1178 3615 1238 augetur.
3650 1170 3791 1225 Ecce
3818 1180 4023 1239 quanta

2445 1257 2728 1311 devotion:
2791 1266 2844 1311 et
2895 1258 3220 1326 benignitate
3267 1273 3364 1326 pro
3420 1260 3730 1313 dilatatione
3783 1261 4023 1314 nominis

2445 1345 2668 1409 Christi,
2697 1346 2948 1399 duritiam
2992 1334 3218 1400 iiil'clitis
3239 1346 3416 1414 populi
3445 1346 3715 1400 Saxonum
3751 1362 3852 1415 per
3880 1363 4037 1400 verm

2446 1435 2637 1488 salutis
2665 1435 2945 1489 consilimn
2983 1434 3203 1487 emolire
3236 1435 3508 1488 laborasti.
3538 1435 3644 1490 Sed
3673 1436 3799 1504 quia
3827 1437 4024 1489 electio

2447 1522 2674 1575 necdum
2716 1524 2769 1575 in
2798 1522 2902 1576 illis
2924 1522 3104 1575 diviaa
3130 1521 3295 1576 fuisse
3337 1522 3570 1586 videtur,
3604 1530 3884 1576 remanent
3913 1524 4019 1575 lin--

2446 1627 2647 1679 eosque
2678 1611 2829 1664 multi
2859 1628 2925 1665 ex
2965 1612 3069 1665 illis
3096 1627 3217 1665 cum
3252 1612 3463 1666 diabolo
3494 1613 3783 1667 damnandi
3818 1615 3872 1667 in
3897 1629 4022 1667 sor-

2448 1702 2605 1756 dihus
2647 1703 3045 1757 consuetudinis
3079 1704 3341 1771 pessume.
3384 1703 3550 1758 Tuam
3579 1713 3779 1769 tamen,
3806 1722 3839 1760 ο
3878 1708 4021 1761 veri-

2451 1792 2577 1845 tatis
2620 1800 2674 1844 et
2702 1791 2889 1845 salutis
2914 1794 3203 1845 multorum
3229 1802 3455 1857 amator,
3486 1794 3744 1862 optimam
3782 1795 4019 1848 volunta-

773 1862 1018 1952 voluntas
1054 1861 1361 1952 pragvcniat.
1405 1859 1534 1914 Esto
1571 1859 1744 1952 scriba
1782 1859 2008 1952 sapiens,
2035 1859 2349 1952 negotiator
2380 1887 2421 1943 Β
2455 1892 2559 1936 mm
2615 1881 2820 1950 majore
2876 1882 3043 1952 gloria
3091 1893 3149 1936 οι
3196 1884 3352 1937 laude
3403 1859 3618 1937 Christo
3679 1900 4016 1940 renumerare

775 1950 965 2004 ﬁdelis.
1013 1950 1187 2004 Vende
1210 1958 1445 2014 terrena,
1470 1963 1589 2002 eme
1617 1948 1875 2003 emlestia.
1913 1948 2049 2014 Quid
2074 1957 2348 2018 spectatur

774 2039 877 2093 dici
921 2040 1142 2093 crastini
1189 2039 1550 2093 incertitudo?
1584 2038 1697 2091 Non
1744 2039 1813 2091 sit
1862 2038 2048 2092 dilatio
2083 2042 2133 2090 in
2179 2039 2350 2093 salute

773 2132 987 2183 anim-.e.
1040 2129 1190 2194 Quod
1239 2129 1418 2181 animo
1467 2129 1767 2197 cogitatur,
1810 2143 1970 2196 opere
2016 2129 2346 2195 perficiatur.

773 2222 926 2285 Quod
965 2220 1246 2273 inﬁrmitas
1285 2220 1510 2287 optavit,
1548 2220 1751 2273 sanitas
1790 2228 2026 2289 peragat.
2069 2219 2243 2272 Testis
2268 2228 2350 2273 est

773 2311 867 2379 qui
886 2311 1065 2363 omnia
1089 2311 1235 2364 novit
1260 2310 1363 2363 mei
1386 2311 1585 2373 cordis,
1618 2311 1718 2363 hoc
1742 2310 1896 2377 plena
1923 2310 2186 2363 eharitate
2215 2320 2267 2363 et
2293 2311 2351 2363 ﬁ-

773 2398 878 2453 deli
909 2399 1013 2469 37
1034 2400 1255 2454 consilio
1269 2414 1353 2453 me
1367 2398 1612 2453 suadere.
1640 2398 1762 2454 Scio
1779 2409 1988 2469 tnepost
2004 2410 2054 2454 te
2068 2401 2121 2456 in
2135 2401 2249 2454 loco
2265 2410 2355 2454 tuo

777 2490 938 2542 talem
972 2505 1075 2541 non
1110 2489 1304 2542 habere
1327 2489 1575 2542 amicum.
1615 2488 1717 2543 Sed
1752 2490 1918 2558 magis
1955 2499 2004 2543 te
2030 2491 2185 2545 velint
2218 2493 2350 2545 ami-

775 2590 901 2629 cum
932 2576 1128 2629 habere
1159 2576 1210 2627 in
1251 2575 1453 2628 honore
1490 2587 1893 2644 permanentem
1932 2594 2091 2647 quam
2122 2595 2349 2647 percun-

776 2671 905 2727 tem,
938 2671 990 2714 (ιι
1021 2662 1429 2716 intercessorem
1455 2665 1593 2730 apud
1617 2665 1782 2718 Deum
1807 2667 2037 2735 gaudere
2058 2682 2218 2734 quam
2244 2668 2350 2721 lar-

774 2756 1003 2824 gitorem
1028 2754 1079 2805 in
1101 2753 1314 2807 seculo.
1354 2753 1573 2809 Petatur
1590 2770 1620 2807 a
1643 2754 1753 2811 Deo
1774 2756 2048 2820 auxilium,
2074 2765 2132 2810 ut
2152 2758 2350 2811 amico-

722 2850 735 2863 ’
776 2857 896 2895 rum
918 2841 1197 2895 conﬁrmet
1219 2842 1523 2907 consilium,
1544 2851 1598 2897 ct
1621 2844 1732 2898 suis
1751 2845 1853 2899 iter
1871 2844 2056 2899 salutis
2084 2847 2347 2909 ostendat,

776 2941 832 2985 ct
856 2932 1050 3001 dirigat
1080 2933 1132 2985 in
1170 2933 1306 2985 viam
1346 2932 1513 3000 pacis,
1556 2949 1690 3001 quos
1719 2936 1935 3003 praprio
1965 2935 2190 2989 redemit
2228 2951 2352 2988 san-

778 3022 958 3090 guine.
1000 3020 1136 3074 Ecce
1158 3021 1300 3089 quali
1329 3022 1503 3089 pretio
1523 3023 1688 3090 empti
1710 3024 1930 3077 sumus!
1972 3022 2087 3077 Non
2108 3038 2349 3077 amemus

777 3128 842 3167 ea
869 3128 989 3181 qua:
1016 3128 1113 3166 nos
1143 3121 1392 3180 separant
1416 3114 1483 3164 ab
1510 3127 1575 3165 eo
1602 3113 1692 3179 qui
1718 3128 1817 3167 nos
1841 3127 2012 3181 usque
2032 3113 2097 3166 ad
2120 3123 2345 3166 mortem

2452 1970 2666 2037 placuit.
2691 1970 2888 2023 Gentes
2909 1970 3236 2038 populosque
3262 1969 3535 2024 llunorum
3559 1972 3780 2040 antiqua
3808 1972 4009 2026 feritate

2449 2069 2504 2113 et
2532 2056 2845 2113 fortitudine
2884 2059 3268 2123 formidabiles,
3300 2060 3405 2113 tuis
3432 2075 3529 2133 suo
3569 2059 3787 2130 [honori
3827 2061 4007 2131 (Edit.,

2450 2152 2675 2220 honore)
2702 2148 2719 2220 ]
2748 2140 3101 2204 militantibus
3129 2150 3363 2204 subdidit
3388 2152 3615 2219 sceptris
3643 2166 3657 2204 :
3689 2154 4016 2220 prmveuien-

2449 2250 2609 2309 teque
2638 2242 2810 2309 gratia
2839 2241 2975 2294 colla
3012 2242 3102 2294 diu
3129 2241 3507 2310 superbissima
3542 2257 3710 2296 sacra:
3743 2242 3864 2296 ﬁdei
3893 2242 4021 2311 jngo

2451 2331 2717 2393 devinxit,
2752 2340 2807 2382 et
2834 2330 2990 2383 ca‘cis
3025 2330 3091 2382 ab
3126 2330 3346 2398 antiquo
3375 2337 3614 2400 tempore
3642 2331 3910 2387 mentibus
3940 2334 4021 2385 lu-

2452 2435 2572 2472 men
2606 2419 2849 2473 veritatis
2874 2418 3082 2473 infudit.

2518 2516 2543 2557 ιι
2578 2520 2682 2571 Sed
2724 2533 2863 2571 nunc
2905 2517 3195 2585 praevideat
3229 2518 3623 2587 sapientissima
3666 2528 3720 2573 et
3760 2494 4027 2588 Deo‘pla-

2451 2609 2638 2662 cabilis
2664 2609 2878 2661 devotio
2915 2618 3090 2661 vestra
3130 2610 3249 2677 pios
3279 2610 3472 2679 populo
3515 2612 3724 2678 novello
3770 2612 4031 2680 prmdica—

2457 2706 2621 2757 tores,
2655 2697 2895 2750 moribus
2915 2697 3184 2758 honestos,
3210 2699 3433 2752 scientia
3455 2714 3620 2753 sacra:
3647 2700 3767 2753 ﬁdei
3800 2701 4025 2755 edoctos

2451 2793 2505 2837 et
2528 2785 2849 2854 evangelicis
2876 2786 3157 2856 pncceptis
3186 2786 3416 2839 imbutos
3440 2805 3451 2838 :
3478 2794 3787 2840 sanctorum
3811 2803 4032 2856 quoque

2450 2874 2813 2943 apostolorum
2852 2881 2906 2926 et
2937 2874 3317 2940 pnedicatione
3341 2873 3489 2928 verbi
3527 2874 3620 2928 Dei
3649 2875 3911 2944 exemplis
3943 2878 4028 2929 in-

2450 2968 2647 3022 tentos,
2691 2961 2782 3029 qui
2814 2960 2914 3025 lae,
2944 2961 2997 3014 id
3016 2969 3099 3014 est
3137 2963 3319 3015 suavia
3347 2971 3632 3032 prmcepta,
3662 2965 3774 3017 suis
3817 2966 4031 3020 audito-

2451 3049 2599 3104 ribus
2624 3050 2678 3102 in
2714 3050 2869 3103 initio
2899 3049 3020 3103 ﬁdei
3042 3051 3348 3105 ministrare
3370 3052 3632 3117 solebant,
3662 3053 3876 3108 dicente
3899 3071 4030 3123 apo-

2450 3137 2586 3191 Stolo
2618 3137 2784 3192 Paulo
2823 3152 2837 3190 :
2876 3136 2943 3189 Et
2973 3154 3087 3207 ego,
3116 3137 3335 3205 fratres,
3374 3155 3474 3190 non
3511 3140 3656 3207 potui
3703 3141 3842 3193 vobis
3881 3141 4030 3213 loqui

780 3215 892 3301 suae
917 3200 1097 3301 carnis
1123 3199 1326 3253 dilexit.
1369 3199 1632 3301 Plurimos
1659 3202 1772 3301 dies
1800 3202 2155 3301 szeculoﬁsatis
2179 3202 2346 3257 servi-
2373 3216 2420 3277 ρ
2446 3225 2596 3294 quasi
2625 3225 2964 3294 Win-mm”,
2989 3199 3080 3277 ge,
3102 3199 3424 3295 haud,“
3446 3199 3581 3281 55;“.
3610 3226 3882 3298 Tanquam
3904 3199 4029 3301 pg":

781 3291 992 3343 vimus:
1018 3289 1098 3343 vel
1129 3305 1324 3358 paucos
1348 3290 1440 3358 qui
1467 3299 1672 3344 restant
1710 3291 1951 3347 vivamus
1987 3293 2100 3347 Deo
2138 3302 2347 3357 nostro,

780 3386 840 3430 ut
882 3376 1025 3447 digni
1064 3375 1354 3431 cllicianntr
1399 3377 1591 3432 faciem
1639 3380 1780 3434 illius
1818 3382 1999 3435 videre
2037 3382 2127 3449 qui
2169 3380 2347 3434 dixit:

671 3520 679 3527 ,
781 3468 930 3520 Beati
978 3465 1171 3518 mundo
1221 3466 1396 3530 corde,
1451 3468 1695 3535 quoniam
1747 3469 1845 3537 ipsi
1896 3462 2060 3521 Deum
2113 3470 2352 3523 uidebunt

685 3555 699 3562 ”
780 3557 995 3625 (.Ilattlt.
1025 3573 1078 3621 γ,
1106 3556 1182 3627 8).
1218 3556 1395 3611 Laetus
1425 3557 1558 3627 lege,
1586 3568 1638 3612 et
1669 3568 1979 3613 constanter
2003 3561 2208 3629 incipe;
2238 3559 2353 3615 feli-

779 3650 915 3702 citer
937 3647 1153 3716 perﬁce,
1180 3658 1231 3701 et
1260 3650 1330 3703 sit
1357 3647 1612 3704 Dominus
1639 3658 1814 3704 tecum
1848 3651 1901 3703 in
1931 3659 2209 3705 aeternum.

1199 3805 1205 3810 ν
1237 3752 1256 3777 ε
1301 3739 1632 3795 EPISTULA
1672 3740 1935 3795 XXXIII.‘

1307 3848 1372 3884 AD
1396 3847 1611 3885 DODNUM
1644 3847 1837 3885 REGE".

1399 3919 1575 3991 (Auno
1598 3919 1744 3989 796.)

784 4007 1096 4067 Cratttlatur
1115 4012 1179 4065 de
1218 4012 1531 4080 subjectione
1562 4009 1874 4064 Hunnorum
1893 4050 1907 4075 ,
1931 4022 1977 4063 et
2004 4009 2232 4079 qualiter
2257 4010 2353 4080 _do-

851 4081 1141 4201 cendidsint
1200 4083 1253 4134 in
1301 4077 1426 4153 ﬁde,
1474 4090 1542 4145 et,
1590 4081 1705 4149 quis
1761 4081 1887 4132 ordo
1933 4077 2349 4141 sit’servandtts,

855 4161 997 4203 081οη
1039 4160 1097 4201 ιι.

856 4241 1081 4294 Domino
1099 4239 1544 4293 excellentissimo
1577 4248 1630 4293 et
1665 4240 1716 4293 in
1746 4240 1891 4294 omni
1917 4239 2115 4294 Christi
2150 4241 2354 4293 honore

784 4330 1126 4383 devotissimo
1146 4328 1341 4383 Camlo
1365 4331 1473 4398 regi
1500 4328 1823 4393 Germaniae,
1857 4329 2042 4383 Gallia:
2066 4339 2223 4398 atque
2250 4328 2353 4381 Ita-

786 4421 889 4480 lia‘,
920 4427 973 4470 et
1012 4418 1211 4471 sanctis
1242 4418 1387 4471 verbi
1418 4418 1876 4485 pnedicatoribus,
1904 4418 2119 4471 humilis
2151 4426 2353 4473 saneta:

788 4508 977 4561 matris
1021 4506 1272 4561 Ecclesia:
1319 4506 1512 4561 filiolus
1558 4507 1781 4562 Albinus
1830 4516 2045 4561 aeterna:
2082 4506 2264 4576 gloria:
2298 4506 2352 4559 in
2390 4548 2437 4607 Β

786 4602 1001 4655 Christo
1030 4600 1276 4654 salutem.

859 4689 1042 4741 Gloria
1071 4698 1126 4742 et
1168 4689 1284 4742 laus
1312 4688 1419 4742 Deo
1456 4688 1599 4742 Patri
1642 4697 1694 4742 et
1741 4690 1967 4742 Domino
2006 4698 2187 4743 nostro
2227 4689 2355 4743 Jesu

786 4776 1031 4840 Christo;
1070 4776 1193 4845 quia
1223 4777 1274 4828 in
1298 4776 1468 4844 gratia
1509 4776 1674 4829 sancti
1709 4776 1961 4845 Spiritus,
1990 4792 2088 4845 per
2114 4778 2356 4833 devotio-

793 4885 913 4924 nctn
942 4877 994 4921 et
1023 4868 1380 4921 ministerium
1415 4876 1611 4921 sancta:
1637 4868 1758 4921 ﬁdei
1793 4878 1846 4922 et
1872 4870 2022 4922 bona:
2049 4869 2360 4936 voluntatis,

787 4968 983 5011 vestra:
1008 4957 1431 5012 Christianitatis
1464 4973 1681 5027 regnum
1709 4965 1868 5025 atque
1900 4958 2221 5025 agnitionem
2249 4959 2360 5013 veri

792 5048 944 5118 (Cod.
981 5046 1116 5109 Sal.,
1164 5045 1335 5116 verbi]
1368 5046 1459 5099 Dei
1509 5046 1783 5110 dilatavit,
1811 5056 1865 5102 et
1907 5047 2169 5117 plurimos
2204 5046 2363 5115 longe

864 5233 888 5258 ιι
931 5220 974 5290 ljJ
994 5220 1071 5290 lit.
1098 5220 1347 5286 Quercct.
1392 5218 1477 5281 75,
1505 5219 1681 5274 Canis.
1713 5221 1780 5275 40
1811 5221 2065 5289 (Froben.
2094 5218 2210 5290 ‘27).

867 5290 893 5326 δ
932 5288 1146 5341 ltherio.
1174 5290 1477 5343 Monasterii
1503 5288 1829 5344 Turonensis
1850 5290 2050 5349 abbati,
2076 5288 2233 5356 quem
2258 5290 2359 5344 hac

793 5356 1017 5428 epistola
1054 5358 1106 5410 in
1130 5369 1389 5428 extremo
1429 5374 1598 5428 agone
1644 5361 1950 5413 consolatur
1991 5368 2045 5411 et
2094 5360 2358 5428 accendit.

792 5426 939 5480 Obiit
964 5443 1103 5480 anno
1129 5426 1249 5488 796,
1272 5444 1376 5495 quo
1400 5425 1652 5481 Alettinus
1681 5430 1750 5481 illi
1776 5431 1828 5482 in
1855 5430 2112 5495 regimine
2129 5425 2363 5494 ejusdem

798 5445 939 5480 unm
964 5445 1103 5480 anno
1139 5445 1249 5488 tuo,
1272 5445 1376 5495 quo
1400 5445 1652 5481 Alcttlntls
1681 5445 1750 5481 un
1776 5447 1828 5482 lli
1855 5445 1913 5482 re
1953 5445 2112 5482 omne
2129 5445 2363 5494 ejusocm

798 5497 1107 5550 monasterii
1124 5500 1385 5619 istlti‘cessit
1400 5496 1618 5553 tbiabill.
1635 5498 1750 5550 Act.
1779 5498 1883 5551 SS.
1906 5445 2116 5561 gained"
2139 5512 2264 5551 sate.
2288 5512 2363 5561 tv,

798 5575 935 5619 Dart.
968 5581 1006 5619 ι.
1037 5580 1091 5619 n.
1230 5606 1244 5618 .

736 5630 747 5639 ’
794 5575 1349 5701 pJELE'diRQJércet.
1372 5636 1435 5699 7;
1461 5652 1526 5690 ex
1551 5651 1653 5689 ms.
1690 5634 1969 5704 emendata
2005 5636 2208 5704 aliquot
2235 5633 2368 5687 locis

800 5718 863 5774 ex
907 5705 1025 5755 cod.
1075 5700 1173 5757 ms.
1224 5706 1443 5766 Salisb.,
1478 5705 1529 5759 in
1575 5719 1683 5774 quo
1729 5700 1870 5774 hunc
1898 5704 2055 5774 habet
2095 5700 2313 5757 titulum
2348 5721 2360 5755 :

804 5771 1044 5824 Dictatus
1085 5774 1254 5827 Α(Μηὶ
1286 5776 1562 5842 magistri;
1595 5771 1762 5843 quem
1799 5771 1871 5826 ibi
1898 5773 2205 5827 immediate
2228 5790 2365 5841 pra:-

2450 3314 2581 3368 vulis
2623 3314 2677 3366 in
2724 3312 2929 3367 Christo
2963 3312 3045 3366 lac
3075 3315 3212 3368 vobis
3256 3326 3434 3385 potum
3477 3319 3617 3384 dedi,
3670 3335 3775 3372 non
3828 3336 4027 3377 escam.

2454 3403 2700 3457 Nondum
2722 3405 2858 3458 enim
2881 3406 3153 3474 poteratis,
3186 3405 3277 3459 sed
3325 3407 3543 3460 necdum
3579 3409 3790 3477 potestis
3817 3408 3869 3480 (I
3900 3410 4024 3463 Cor.

2450 3511 2537 3560 tn,
2563 3496 2610 3559 l,
2640 3495 2716 3565 2).
2744 3496 2857 3550 Hoc
2884 3497 3026 3551 enim
3049 3500 3212 3552 totius
3238 3498 3418 3551 mundi
3444 3497 3785 3567 praedicator,
3810 3500 4032 3557 Christo

2453 3584 2507 3637 in
2533 3600 2592 3638 se
2634 3585 2907 3653 loquente,
2932 3585 3287 3653 signiﬁcavit,
3327 3594 3387 3641 ut
3433 3603 3568 3643 nova
3607 3591 3930 3659 p0pulorum
3962 3594 4027 3645 ad

2454 3675 2615 3729 ﬁdem
2642 3675 2923 3729 conversio
2951 3674 3283 3731 mollioribus
3317 3675 3637 3747 (prteceptis)
3670 3681 3824 3748 quasi
3857 3680 4032 3734 infan-

2453 3766 2560 3820 tilis
2596 3775 2728 3820 tetas
2771 3765 2910 3821 laete
2949 3775 3093 3821 esset
3137 3765 3419 3821 nutrienda
3452 3780 3466 3818 :
3494 3782 3562 3820 ne
3594 3782 3691 3835 per
3727 3772 4029 3823 austeriora

2450 3857 2563 3927 38
2592 3865 2858 3926 praecepta
2884 3857 3088 3925 fragilis
3108 3871 3259 3910 mens
3284 3865 3495 3910 evomat
3522 3856 3663 3924 quod
3688 3857 3847 3911 bibit.
3876 3859 4031 3914 Unde

2452 3953 2504 3999 et
2535 3948 2650 4014 ipse
2679 3944 2937 3999 Dominus
2958 3944 3205 3998 Christus
3227 3937 3285 3997 in
3314 3944 3602 4013 Evangelia
3632 3947 3914 4014 respondit
3956 3950 4029 4001 in-

2454 4037 2847 4106 terrogantibus
2865 4050 2944 4100 se,
2966 4051 3133 4105 quare
3154 4036 3399 4105 discipuli
3415 4035 3555 4091 illius
3575 4050 3679 4090 non
3696 4036 4028 4104 jejunarent,

2452 4128 2636 4180 dicens
2674 4143 2685 4177 :
2723 4124 2891 4178 Nemo
2919 4127 3076 4179 mittit
3115 4126 3289 4178 uinum
3318 4142 3503 4178 novum
3532 4126 3589 4179 in
3617 4135 3759 4178 utres
3800 4137 4027 4188 veteres;

2453 4216 2685 4286 alioquin
2712 4223 2852 4266 utres
2889 4222 3199 4281 rumpuntur
3224 4222 3273 4264 et
3302 4214 3473 4265 vinum
3496 4212 3797 4279 eﬂ'undetur
3818 4224 3865 4266 et
3890 4225 4029 4274 utre;

2453 4304 2688 4373 peribunt
2732 4300 2946 4371 (Matth.
2981 4316 3036 4354 ιι
3056 4341 3071 4365 ,
3113 4300 3221 4369 l7).
3249 4299 3365 4353 Alia
3394 4306 3476 4353 est
3502 4300 3644 4352 enim
3666 4340 3680 4363 ,
3730 4308 3790 4354 ut
3840 4302 4029 4356 beatus

2455 4394 2809 4461 Hieronymus
2846 4390 2995 4455 dicit,
3023 4390 3229 4459 paritas
3263 4389 3537 4459 virginalis
3564 4390 3757 4444 animae
3796 4401 3852 4446 et
3884 4393 4026 4446 nulla

2458 4482 2652 4553 prioris
2679 4481 2792 4534 vitii
2817 4481 3135 4548 contagione
3165 4479 3390 4550 polluta,
3428 4488 3484 4534 et
3504 4479 3606 4534 alia
3632 4495 3754 4549 qua:
3777 4483 4035 4538 sordibus

2460 4583 2513 4630 ct
2541 4574 2829 4628 multorum
2860 4573 3065 4628 libidini
3088 4572 3433 4640 subjacuerit.

2526 4666 2621 4720 llis
2644 4666 2719 4719 ita
2748 4664 3131 4725 consideratis,
3160 4672 3337 4716 vestra
3372 4661 3704 4716 sanctissima
3737 4663 3914 4731 pietas
3948 4679 4028 4717 sa-

2456 4756 2620 4826 pienti
2641 4755 2864 4808 consilio
2884 4752 3196 4820 pnevideat,
3222 4752 3271 4804 si
3300 4751 3491 4806 melius
3517 4752 3587 4805 sit
3615 4752 3838 4806 rudibus
3858 4768 4024 4821 popu-

2460 4848 2527 4902 lis
2567 4848 2619 4901 in
2642 4845 2904 4915 principio
2933 4843 3053 4897 ﬁdei
3082 4842 3268 4913 iugum
3293 4844 3565 4913 imponere
3592 4845 3949 4909 decimarum,
3975 4856 4026 4897 ut

2458 4936 2614 5006 plena
2659 4935 2752 4988 ﬁat
2789 4949 2884 5005 per
2910 4933 3145 5003 singulas
3190 4934 3379 4987 domus
3424 4934 3630 4990 exactio
3676 4933 3932 4986 illarum:
3961 4950 4021 4987 an

2466 5025 2691 5097 apostoli
2718 5039 2928 5096 quoque
2950 5024 3018 5077 ab
3037 5024 3151 5092 ipso
3173 5022 3283 5078 Deo
3302 5023 3514 5077 Christo
3533 5020 3705 5076 edocti
3730 5030 3785 5075 et
3802 5022 3874 5076 ad
3897 5038 4022 5091 pne-

2464 5218 2603 5273 cedit
2615 5217 2851 5285 ejusdem
2875 5216 3198 5286 argutnenti,
3219 5215 3455 5286 Dictatus
3466 5211 3682 5286 Paulini
3694 5217 4016 5286 patriarcha,

2463 5302 2621 5355 quem
2645 5281 2847 5339 editum
2873 5281 3108 5355 reperies
3136 5286 3275 5338 inter
3296 5281 3532 5337 Concilia
3571 5281 3633 5334 D.
3662 5281 3835 5338 Mansi
3856 5327 3868 5347 ,
3897 5293 4016 5339 tom.

2466 5356 2602 5407 XIII.
2635 5371 2759 5407 nae.
2786 5355 2907 5407 921.

2466 5356 2602 5417 XIII,
2635 5371 2759 5417 patr.
2786 5356 2907 5409 921.
3920 5408 3927 5414 ,

2536 5372 2907 5478 ﬁgam]
2938 5425 3138 5492 Nempe
3172 5429 3453 5492 postquam
3485 5437 3503 5469 ι
3546 5419 3688 5475 Deus
3712 5408 4014 5477 Hunnorum

2573 5493 2687 5547 ulos
2711 5494 2888 5548 Caroli
2916 5489 3141 5561 sceptris
3191 5489 3426 5561 subdidit
3467 5498 3521 5542 et
3563 5491 4017 5561 cmcisgmentjbus

2573 5508 2687 5547 utos
2711 5508 2888 5548 (λιιι-οη
2916 5508 3141 5561 sceptris
3191 5508 3426 5544 sontium
3467 5508 3521 5542 et
3563 5508 3720 5545 cmcts
3760 5508 4014 5546 mentions

2465 5508 2644 5615 mea
2683 5565 2922 5617 veritatis
2969 5560 3192 5621 infudit,
3230 5579 3249 5610 ι
3292 5558 3393 5613 hoc
3420 5565 3521 5627 est,
3560 5573 3698 5614 anno
3724 5558 3849 5614 796.
3895 5559 4014 5612 Data

2468 5632 2631 5700 igitur
2658 5632 2771 5686 btec
2797 5629 3021 5700 epistola
3056 5644 3195 5700 anno
3195 5630 3438 5700 modem;
3472 5626 3572 5700 nec
3596 5628 3738 5682 ratio
3745 5639 3844 5700 _e_st
3886 5626 4012 5700 illam

2468 5695 2587 5754 c'um
2619 5701 2784 5769 Pagio
2811 5695 2866 5754 et
2891 5699 3103 5769 Cointio
3123 5695 3492 5769 dilferendigd
3522 5710 3719 5769 annum
3745 5695 3866 5749 798.
3902 5695 4009 5751 Vid.

2468 5772 2627 5824 etiam
2657 5764 2791 5824 infra
2817 5768 3095 5838 epistolam
3121 5767 3180 5822 51
3215 5769 3377 5837 (nunc
3402 5765 3491 5834 36)
3510 5765 3576 5819 ad
3603 5764 3895 5820 Anionem.
