4232 6410
112 394 221 450 {89

1530 384 1902 442 ΕΡῐΞΤΟῐιᾸΞ.

3246 382 3349 438 190

101 507 396 562 dicandum
419 502 616 558 mundo
655 499 800 556 missi
826 500 1132 554 exactiones
1153 498 1482 553 decimarum
1511 508 1536 535 ι
1573 510 1669 549 ex—
1699 497 1744 553 A
1841 492 2006 562 lgitur
2033 490 2121 544 ille
2136 491 2286 554 ordo,
2318 491 2372 543 in
2399 491 2635 544 docendo
2653 491 2826 543 virum
2848 497 3006 543 aetate
3029 487 3352 557 perfectum,

102 596 369 664 egissent,
398 591 478 645 vel
509 588 701 643 alicubi
725 588 1135 642 demandassent
1159 585 1293 648 dari,
1324 576 1672 638 consideran-

105 685 243 737 dum
267 689 368 736 est.
414 679 626 733 Scimus
649 677 774 751 quia
793 675 1080 729 decimatio
1121 672 1434 727 substantia:
1475 677 1676 724 nostra:

103 771 268 825 valde
293 771 431 824 iiuna
459 776 560 820 est.
591 765 695 819 Sed
720 764 910 817 melius
946 771 1028 816 est
1057 761 1201 816 illam
1233 761 1481 814 amittere
1515 771 1676 826 quam

103 862 278 914 ﬁdem
301 858 539 928 perdere.
585 853 692 907 Nos
720 865 847 907 vero
889 852 942 904 in
967 851 1071 904 ﬁde
1095 849 1358 904 catholica
1389 848 1499 901 nati
1523 887 1538 911 ,
1580 862 1679 899 nu-

107 949 312 1002 triti'et
335 945 508 1001 edocti
531 945 617 996 vix
642 942 1005 996 consentimus
1049 939 1404 993 substantiam
1435 944 1675 990 nostram

107 1038 346 1106 pleniter
382 1035 670 1089 decimare.
701 1030 909 1096 Quanto
940 1029 1111 1098 magis
1149 1037 1332 1090 tenera
1359 1026 1490 1079 ﬁdes
1520 1032 1573 1077 et
1598 1024 1679 1075 in-

105 1128 319 1181 fantilis
341 1126 550 1179 animus
574 1163 590 1187 ,
617 1131 672 1176 et
702 1135 861 1174 avara
889 1134 1039 1172 mens
1077 1117 1286 1169 illarum
1312 1114 1545 1183 largitati
1571 1127 1676 1164 non

106 1215 424 1272 consentit?
452 1213 723 1266 Roborata
745 1224 871 1262 vero
899 1207 1018 1271 ﬁde,
1043 1215 1096 1259 et
1119 1205 1435 1259 conﬁrmata
1457 1215 1682 1255 consue-

105 1305 302 1359 tudine
325 1299 745 1357 Christianitatis
761 1338 775 1360 ,
813 1306 938 1351 tunc
963 1296 1117 1364 quasi
1143 1295 1274 1352 viris
1293 1293 1542 1360 perfectis
1568 1291 1676 1344 for-

107 1398 252 1450 tiora
305 1395 476 1448 danda
505 1400 629 1445 sunt
674 1395 958 1457 prtecepta,
1011 1401 1131 1453 quae
1189 1383 1435 1454 [solidata
1473 1381 1678 1452 (Etim,

105 1484 309 1552 solida)
335 1481 354 1552 ]
391 1494 538 1534 mens
563 1477 817 1546 religione
841 1474 1142 1529 Christiana
1165 1488 1269 1524 non
1301 1472 1606 1524 abhorreat.

177 1572 314 1624 Illud
345 1583 554 1638 quoque
587 1566 817 1620 maxima
865 1561 1313 1646 considerandum
1343 1567 1426 1613 est
1457 1558 1683 1624 diligen-

108 1664 208 1727 tia,
241 1670 300 1715 ut
325 1661 568 1714 ordinate
590 1658 680 1711 ﬁat
704 1655 1097 1726 praadicationis
1123 1652 1356 1707 ollicium
1376 1692 1390 1714 ,
1417 1660 1472 1705 et
1501 1651 1677 1720 bapti-

106 1755 212 1809 smi
240 1758 633 1806 sacramentum
673 1766 684 1799 :
723 1764 791 1801 ne
827 1747 958 1800 nihil
982 1745 1152 1814 prosit
1177 1745 1317 1798 sacri
1343 1743 1541 1796 ablutio
1583 1744 1677 1795 ba-

1777 583 2087 649 diligenter,
2115 587 2174 632 ut
2201 581 2463 639 arbitror.
2495 579 2791 634 servandus
2818 589 2901 633 est
2925 619 2938 641 ,
2979 591 3136 646 quem
3163 578 3355 633 beatus

1777 669 2106 739 Augustinus
2131 668 2400 721 ordinavit
2422 669 2474 720 in
2503 668 2642 720 libro
2658 667 2742 721 cui
2765 669 2839 734 [De
2863 665 3254 720 catcchizandis
3269 682 3357 721 ru-

1779 760 1936 814 dibus
1965 758 2176 811 titulum
2213 759 2552 825 prmnotavit.
2581 757 2736 809 Prius
2770 757 3117 810 instruendus
3150 763 3233 809 est
3259 756 3356 811 ho-

1780 863 1867 900 mo
1889 848 1953 899 de
1981 846 2627 907 anim-aiimmortalitate,
2662 854 2714 898 ct
2741 846 2805 898 de
2844 847 2950 897 vita
2987 844 3188 909 futura,
3210 853 3265 899 et
3289 845 3354 899 tle

1779 936 2131 989 retributione
2159 937 2420 988 bonorum
2461 935 2852 1002 malorumque,
2886 945 2941 988 et
2969 936 3034 988 de
3058 934 3355 988 aaternitate

1779 1025 2057 1092 utriusque
2087 1024 2265 1076 sortis.
2293 1021 2484 1076 Postea
2506 1038 2603 1091 pro
2628 1024 2820 1090 quibus
2844 1024 3080 1088 peccatis
3113 1031 3166 1076 et
3192 1023 3357 1076 scele-

1779 1114 1925 1167 ribus
1966 1128 2155 1181 ptenas
2184 1129 2305 1166 cum
2336 1112 2547 1166 diabolo
2591 1112 2827 1179 patiatur
2871 1119 3135 1175 arternas;
3176 1119 3227 1166 et
3258 1127 3356 1179 pro

1780 1203 1975 1270 quibus
2000 1201 2153 1254 bouis
2182 1201 2263 1253 vel
2293 1199 2588 1274 benefactis
2614 1199 2781 1268 gloria
2819 1215 2939 1253 cum
2967 1199 3182 1253 Christo
3209 1198 3355 1252 frua-

1782 1303 1871 1346 tur
1911 1292 2255 1360 sempitcrna.
2289 1289 2489 1343 Deinde
2517 1291 2648 1343 fides
2680 1299 2880 1342 sauctm
2910 1289 3192 1342 Trinitatis
3234 1289 3357 1342 dili-

1779 1381 2091 1450 gentissime
2125 1381 2362 1434 docenda
2398 1389 2502 1444 est,
2537 1390 2591 1433 et
2634 1381 2896 1433 adventus
2921 1396 3019 1448 pro
3062 1377 3234 1436 salute
3259 1381 3358 1434 hu-

1781 1471 1924 1527 mani
1961 1470 2174 1538 generis
2199 1469 2317 1522 Filii
2348 1471 2437 1524 Dei
2481 1470 2692 1522 Domini
2724 1470 2892 1522 nostri
2923 1469 3050 1523 Jesu
3084 1469 3280 1525 Christi
3308 1471 3359 1524 in

1780 1563 1922 1616 hunc
1942 1561 2194 1614 mundum
2220 1557 2586 1628 exponendas.
2625 1559 2691 1612 Et
2717 1559 2783 1611 de
2809 1560 3070 1628 mysterio
3093 1561 3362 1628 passionis

1779 1652 1940 1715 illius,
1973 1661 2025 1705 et
2055 1652 2282 1706 veritate
2309 1651 2720 1705 resurrectionis
2749 1660 2800 1703 et
2833 1650 2998 1719 gloria
3023 1651 3355 1705 ascensionis

1784 1743 1834 1793 in
1861 1741 2044 1804 cmlos,
2075 1750 2128 1794 ct
2151 1740 2330 1793 futuro
2352 1738 2468 1806 ejus
2491 1739 2721 1792 adventu
2751 1737 2813 1790 ad
2837 1736 3153 1804 iudicandas
3175 1753 3362 1790 omnes

107 1841 299 1912 ptismi
342 1840 395 1892 in
426 1852 667 1906 corpore,
700 1835 744 1888 si
775 1836 828 1887 in
855 1835 1031 1886 anima
1062 1834 1267 1885 ratione
1295 1831 1461 1885 utenti
1503 1830 1520 1900 [
1545 1830 1673 1883 Cod.
1713 1833 1754 1892 Β
1781 1841 2003 1899 gentes:
2038 1841 2089 1884 et
2116 1832 2181 1885 de
2212 1832 2604 1884 resurrectione
2628 1845 2914 1899 corporum
2949 1836 3282 1892 nostrorum,
3305 1839 3360 1882 ct

109 1932 231 1988 Sal.
258 1972 274 1995 ,
315 1929 503 1982 intenti
528 1968 541 1991 ,
576 1923 836 1994 mendose]
865 1924 1140 1978 catholica:
1180 1922 1300 1976 ﬁdei
1344 1921 1546 1991 agnitio
1574 1936 1678 1975 non

106 2019 448 2090 praecesserit
471 2016 547 2088 [in
569 2013 770 2084 corde].
801 2013 1126 2081 Dicititaquc
1146 2012 1467 2081 Apostolus:
1494 2010 1683 2064 Omnia

108 2119 280 2164 reslra
318 2109 529 2161 honesta
558 2121 672 2158 cum
708 2104 887 2157 ordine
907 2103 1036 2170 [iant
1079 2102 1132 2170 (I
1163 2101 1284 2154 Cor.
1316 2118 1402 2154 xxv
1426 2141 1440 2164 ,
1471 2100 1582 2169 40).
1617 2099 1683 2152 Ει

106 2200 227 2268 ipse
268 2197 525 2252 Dominus
553 2196 606 2247 in
630 2192 914 2261 Evangelio
941 2191 1217 2258 discipulis
1240 2190 1350 2243 suis
1369 2189 1685 2257 praecipiens

107 2289 187 2341 ait
223 2305 237 2340 :
280 2285 378 2349 Ite,
401 2287 576 2338 docete
604 2300 776 2337 omnes
800 2291 969 2353 gentes
988 2323 1004 2346 ,
1036 2281 1354 2352 baptizantes
1382 2297 1478 2335 eos
1497 2282 1552 2333 in
1594 2297 1686 2333 no-

109 2377 251 2428 mine
283 2372 460 2426 Patris
487 2383 534 2426 et
558 2372 684 2426 Filii
704 2382 752 2425 et
780 2371 1008 2441 Spiritus
1035 2372 1199 2425 sancti
1234 2369 1448 2441 (Matth.
1490 2385 1684 2433 xxvut,

111 2466 223 2533 19).
259 2461 424 2529 llujus
446 2477 572 2515 vero
597 2463 846 2530 praecepti
868 2461 1110 2514 ordinem
1131 2462 1320 2514 beatus
1335 2459 1688 2529 Hieronymus

109 2553 164 2605 in
212 2551 598 2606 commentario
646 2565 759 2612 suo,
811 2565 970 2617 quem
1026 2551 1078 2602 in
1125 2550 1470 2619 Evangelium
1516 2549 1685 2603 sancti

113 2639 355 2694 Matth-aii
376 2639 608 2708 scripsit,
636 2638 708 2691 ita
732 2638 977 2706 exposuit
1010 2655 1021 2687 :
1054 2636 1294 2690 Primum
1319 2638 1544 2691 doceant
1574 2654 1688 2691 om-

113 2743 210 2782 nes
237 2737 444 2798 gentes,
471 2729 660 2783 deinde
689 2729 871 2782 doctas
894 2727 1198 2796 intinguant
1220 2741 1376 2794 aqua.
1403 2725 1518 2779 Non
1544 2727 1686 2780 enim

111 2825 293 2884 potest
323 2815 440 2870 ﬁeri
468 2826 527 2869 ut
548 2832 742 2885 corpus
770 2816 1019 2886 baptismi
1048 2815 1224 2885 capiat
1265 2822 1684 2876 sacramentum,

113 2908 214 2961 nisi
246 2906 418 2978 [ante]
446 2909 623 2960 anima
664 2907 785 2960 ﬁdei
818 2909 1116 2974 susceperit
1154 2907 1460 2960 veritatem.
1508 2904 1688 2972 Baptio

117 3005 310 3050 tantur
341 3003 516 3050 autem
546 2995 601 3049 in
628 2994 848 3049 nomine
865 2992 1076 3056 Patris,
1107 3001 1160 3046 et
1186 2994 1334 3056 Filii,
1374 3002 1429 3047 et
1456 2992 1688 3061 Spiritus

117 3089 310 3151 sancti,
340 3096 399 3142 ut
422 3103 646 3156 quorum
674 3102 778 3140 una
803 3095 887 3140 est
913 3085 1184 3148 divinitas,
1213 3085 1284 3138 sit
1314 3099 1418 3136 una
1451 3083 1683 3150 largitio,

117 3194 418 3248 nomenque
443 3179 719 3234 Trinitatis
743 3177 895 3250 [ϐοά.
921 3176 1065 3241 Sal.,
1096 3173 1353 3246 Trinitas]
1386 3191 1524 3228 unus
1547 3174 1687 3228 Deus
1708 3176 1759 3238 C

116 3276 218 3321 est.
257 3268 504 3322 Docentes
529 3284 614 3321 eos
644 3282 845 3320 servare
869 3267 1066 3330 omnia,
1095 3282 1412 3336 qurccunque
1445 3264 1687 3318 mandavi

117 3356 257 3408 vobis
290 3355 473 3420 (lbid.,
507 3372 636 3408 vers.
663 3353 775 3422 20).
807 3353 950 3407 Ordo
981 3355 1298 3422 prtecipuus.
1340 3353 1510 3408 Jussit
1536 3353 1688 3426 [apo-

118 3441 271 3495 stolis
295 3439 488 3512 (δραι,
517 3439 822 3508 Apostolus,
846 3441 1109 3511 mendose)
1135 3441 1154 3511 ]
1185 3451 1242 3495 ut
1268 3444 1503 3510 primum
1530 3443 1687 3496 doce-

120 3539 238 3584 rent
275 3545 461 3584 omnes
490 3529 639 3601 [Cod.
674 3529 808 3590 Sal.,
837 3529 1130 3601 universas]
1152 3541 1336 3600 gentes
1357 3573 1372 3595 ,
1411 3533 1601 3586 deinde
1625 3533 1686 3584 ﬁ—

120 3625 200 3678 dei
251 3625 457 3692 tingere
501 3623 860 3695 [sacramento
888 3623 1074 3694 (Edit.,
1124 3622 1683 3693 sacramentum)],et

119 3725 233 3782 post
261 3715 419 3768 ﬁdem
441 3729 502 3768 ac
528 3715 810 3783 baptisma,
838 3729 956 3782 qua:
977 3722 1156 3768 essent
1177 3715 1526 3777 observanda,
1551 3728 1685 3781 pne-

120 3805 376 3873 eiperent.
413 3804 490 3858 Ac
518 3817 583 3857 ne
612 3812 858 3871 putemus
891 3805 1025 3857 levia
1055 3820 1172 3859 esse
1188 3820 1307 3874 qum
1340 3803 1489 3871 jussa
1537 3811 1680 3866 sunt,

119 3906 168 3949 et
189 3894 351 3965 [post]
383 3910 549 3963 pauca
579 3895 782 3948 addidit
816 3912 827 3946 :
860 3894 1050 3946 Omnia
1086 3911 1403 3965 quacunque
1440 3895 1683 3947 mandavi

118 3988 272 4040 vobis.
308 3985 376 4040 Ut
404 3986 492 4053 qui
523 3985 880 4047 crediderint,
934 3985 1025 4052 qui
1072 3986 1127 4038 in
1173 3985 1435 4038 Trinitate
1483 3985 1684 4038 fuerint

119 4075 394 4144 baptizati,
419 4074 599 4128 omnia
625 4073 825 4128 faciant
853 4089 969 4142 quae
994 4083 1256 4141 praecepta
1287 4082 1428 4126 sunt.

184 4163 352 4234 lgitur
397 4162 627 4217 infantes
657 4164 862 4217 ratione
888 4179 992 4215 non
1038 4170 1269 4226 utentes,
1308 4162 1532 4216 aliorum
1560 4177 1683 4232 pee-

118 4259 246 4310 catis
273 4256 511 4318 obnoxii,
546 4255 772 4309 aliorum
809 4255 911 4309 ﬁde
937 4253 1035 4326 [et]
1063 4254 1398 4309 confessione
1448 4272 1545 4322 per
1592 4257 1683 4308 ba-

117 4345 292 4409 ptismi
322 4346 714 4396 sacramentum
744 4344 936 4398 salvari
964 4354 1209 4413 possunt,
1240 4346 1282 4398 si
1307 4345 1564 4400 confessrc
1585 4360 1683 4414 pro

118 4448 171 4485 se
215 4433 337 4487 ﬁdei
370 4432 752 4500 integritatem,
799 4449 1033 4502 congrua
1061 4437 1378 4490 adveniente
1403 4446 1560 4490 :ctate
1588 4454 1680 4490 cu-

1785 1923 1850 1975 de
1889 1921 1999 1990 39
2027 1921 2330 1995 reternitate
2357 1935 2640 1988 pmnarum
2668 1920 2722 1972 in
2756 1919 2924 1973 malos
2947 1927 3001 1972 et
3021 1919 3362 1987 prazmiorum

1786 2010 1840 2064 ir.
1865 2009 2052 2074 Itonos,
2081 2021 2139 2063 ut
2157 2025 2276 2064 mox
2303 2009 2670 2078 prmdiximus,
2697 2024 2850 2062 mens
2871 2009 3077 2062 novella
3102 2009 3361 2064 ﬁrmanda

1786 2108 1887 2154 est.
1919 2100 1985 2152 Et
2013 2099 2114 2152 hac
2141 2098 2244 2151 ﬁde
2274 2098 2559 2151 roboratus
2580 2097 2740 2151 homo
2760 2107 2814 2151 et
2840 2106 3172 2166 pra‘paratus
3193 2099 3365 2168 bapti-

1787 2189 1991 2242 zandus
2027 2195 2130 2241 est.
2175 2187 2241 2240 Et
2269 2187 2347 2240 sic
2386 2195 2624 2255 tempore
2653 2196 2950 2254 opportuno
2981 2186 3173 2254 sacpius
3203 2201 3349 2239 evan-

1788 2279 1958 2350 gelica
1987 2263 2252 2346 praecepta
2279 2277 2453 2331 danda
2477 2285 2600 2331 sunt
2625 2292 2722 2346 per
2748 2276 2944 2329 sedulzc
2968 2276 3364 2344 przedicationis

1788 2369 2038 2434 ofﬁcium,
2064 2369 2233 2423 donec
2259 2377 2532 2423 accrescat
2562 2369 2614 2421 in
2643 2369 2815 2421 virum
2841 2367 3183 2440 [perfectum]
3209 2378 3262 2421 et
3289 2369 3365 2421 di-

1789 2477 1890 2531 gna
1914 2460 2175 2514 eﬁiciatur
2205 2459 2429 2542 Spiritui
2461 2466 2645 2512 sancto
2672 2459 2964 2523 haoitatio,
3007 2467 3060 2511 et
3086 2459 3151 2511 sit
3183 2458 3359 2527 pcrfc-

1789 2562 1908 2608 ctus
1933 2552 2073 2607 ﬁlius
2102 2552 2194 2606 Dei
2238 2551 2290 2604 in
2312 2551 2565 2619 operibus
2588 2549 2990 2612 misericordiae,
3025 2550 3162 2603 sicut
3203 2549 3366 2603 Pater

1792 2641 1998 2713 [noster
2029 2641 2199 2712 (Edit.
2228 2682 2239 2702 ,
2273 2639 2498 2710 vester)]
2530 2640 2766 2694 caelestis
2797 2638 3064 2709 porft‘ctus
3107 2649 3189 2692 est
3215 2679 3230 2703 ,
3273 2639 3360 2711 qui

1788 2734 1924 2786 vivit
1962 2741 2015 2786 et
2044 2741 2230 2800 regnat
2258 2732 2311 2784 in
2343 2731 2608 2785 Trinitate
2632 2730 2900 2800 perfecta,
2945 2738 2998 2783 et
3038 2729 3242 2781 unitate
3274 2728 3367 2780 be-

1789 2823 2022 2885 nedicta,
2070 2821 2213 2874 Deus
2250 2828 2305 2872 et
2339 2819 2595 2894 Dominus
2619 2834 2716 2890 per
2762 2819 2942 2873 omnia
2973 2817 3164 2870 saecula
3197 2832 3365 2869 srecu-

1790 2915 1980 2968 loru'm.
2010 2912 2200 2966 Amen.

2240 3003 2266 3042 ιν
2295 3001 2626 3057 EPISTOLA
2657 2999 2894 3054 XXXIV.

2394 3108 2460 3146 AD
2488 3107 2751 3146 ARNONEII.

2389 3191 2577 3261 (Anno
2609 3189 2728 3244 796.

1787 3301 1941 3355 Illius
1973 3301 2194 3354 reditum
2233 3309 2470 3369 exaptat,
2499 3309 2545 3352 et
2585 3299 2652 3369 de
2676 3299 2832 3369 variis
2875 3296 3134 3369 eventibus
3175 3296 3364 3369 instrui

1856 3371 2228 3440 cupitaMense
2253 3364 2398 3422 Iulio
2427 3386 2484 3440 se
2512 3369 2579 3420 ad
2620 3366 2885 3440 Palatium
2914 3368 3110 3422 iturum
3156 3364 3361 3433 signifi-

1855 3435 1956 3494 cat.
1991 3439 2250 3493 Hortatur
2290 3451 2346 3491 ut
2382 3439 2445 3491 ab
2465 3454 2640 3490 errore
2672 3435 3028 3506 Hispanorum
3057 3444 3251 3487 caveat.

1855 3551 2172 3604 Venerando
2217 3549 2418 3603 volucri
2464 3558 2523 3602 et
2564 3563 2690 3601 vere
2735 3547 3105 3600 amantissimo
3153 3544 3360 3612 Aquila:

1783 3637 2013 3691 Albinus
2052 3637 2304 3692 salutem.
3124 3686 3130 3693 ,

1853 3725 2186 3792 Exspectans
2212 3731 2465 3790 exspecto
2503 3722 2680 3776 lretum
2709 3719 2894 3773 audire
2931 3720 3200 3783 nuntium,
3229 3734 3362 3786 quo-

1749 3841 1752 3846 ·
1784 3817 1942 3870 modo
1956 3815 2144 3884 Aquila
2170 3814 2395 3868 sublime
2423 3812 2608 3868 volans
2631 3801 2818 3881 Alpina
2835 3809 2962 3880 juga
2989 3809 3355 3874 transcendat,

1783 3913 1838 3959 et
1878 3904 2050 3958 fessus
2093 3903 2269 3956 volatu
2303 3903 2355 3956 in
2382 3901 2589 3956 Rbetiae
2618 3899 2770 3973 [Cod.
2794 3898 2938 3964 Sal.,
2962 3897 3159 3970 RCCiEE]
3193 3899 3361 3966 parti-

1782 3996 1884 4050 bus
1915 3995 2027 4047 alas
2059 4003 2346 4063 componat
2373 4010 2516 4057 suas,
2543 3995 2622 4047 vel
2663 3992 2792 4061 quid
2830 3992 2958 4048 mihi
3002 3991 3213 4044 nuntiet
3243 4001 3264 4028 ε
3297 3991 3361 4043 de

1782 4095 1969 4137 sancto
2009 4081 2215 4153 [Paule]
2251 4083 2511 4150 partibus,
2538 4094 2593 4136 et
2628 4063 2989 4135 Romanorum
3019 4079 3276 4142 consiliis,
3305 4089 3360 4133 et

1782 4178 1827 4231 si
1865 4176 1980 4230 ﬁeri
2013 4177 2210 4244 possit,
2241 4175 2383 4243 quod
2411 4175 2564 4228 valde
2589 4182 2856 4243 Optamus,
2886 4172 2995 4226 Deo
3020 4170 3272 4233 donante,
3303 4183 3362 4223 ut

1781 4268 1895 4322 ﬁat.
1915 4267 2250 4336 Quapropter
2280 4279 2470 4336 precor
2494 4278 2683 4319 omnes
2713 4264 2940 4332 aligeras
2967 4269 3260 4330 potestates
3290 4261 3356 4314 de

1783 4357 1989 4412 cmlesti
2029 4357 2153 4410 sede
2182 4357 2581 4418 descendentes,
2615 4361 2676 4408 ut
2707 4353 2956 4421 Aquilam
2983 4365 3160 4406 meum
3202 4347 3355 4422 [Cad.

1785 4446 1926 4510 Sal.,
1954 4444 2150 4517 meam]
2192 4447 2298 4499 cito
2327 4461 2512 4499 sanum
2549 4460 2669 4498 cum
2696 4443 2841 4497 omni
2867 4441 3222 4510 prosperitate
3273 4439 3357 4492 fa-

118 4523 347 4576 stodient
391 4519 543 4591 [C0d.
569 4520 708 4586 Sal.,
735 4520 1085 4592 custodiunt].
1128 4524 1266 4578 Dicit
1297 4541 1424 4578 vero
1448 4527 1678 4594 Aposto-
1705 4521 1759 4580 Β
1781 4536 1891 4590 cia:
1916 4535 2098 4588 venire
2130 4534 2198 4586 ad
2227 4548 2344 4586 nos.
2376 4533 2482 4586 Nos
2505 4547 2632 4585 vero
2656 4532 2801 4584 velut
2824 4530 3007 4583 {nstin
3033 4527 3262 4581 hirundo
3288 4528 3354 4579 ad

117 4612 195 4667 lus
224 4631 236 4666 :
267 4612 432 4666 Corde
461 4613 690 4666 creditur
710 4614 777 4666 ad
807 4614 1091 4682 justitiam,
1113 4631 1200 4668 ore
1222 4623 1395 4667 autem
1418 4617 1673 4685 confessio

116 4701 170 4771 ﬁt
211 4702 279 4755 ad
314 4700 535 4754 salutem
590 4702 765 4771 (Rom.
794 4720 870 4790 ix,
915 4704 1022 4776 10).
1063 4704 1154 4759 Illa
1198 4703 1432 4777 [tantum
1480 4706 1671 4776 (Edit..

119 4791 308 4863 tanta)]
329 4791 442 4846 oris
459 4791 723 4844 confessio
742 4794 949 4874 pnoﬁcit
963 4796 1030 4848 ad
1044 4795 1292 4860 salutem,
1309 4811 1432 4866 qua:
1448 4795 1676 4851 ﬁrmiter

114 4883 286 4936 cordis
313 4879 631 4971 credulitate
667 4875 895 4933 tenemr.

181 5006 204 5064 ft
243 4993 380 5064 Vide
405 4991 655 5064 epist._3'l
687 4991 850 5064 @unc
877 4992 991 5064 βῆ),
1018 4996 1085 5046 ad
1107 4993 1530 5064 Megenfredum.

180 5063 380 5134 b_Edit.
410 5060 604 5134 nabill.
627 5060 848 5134 2,_Pezi_i
870 5060 1232 5134 2i‘emendat'a
1267 5073 1322 5118 et
1347 5066 1585 5134 suppleta
1606 5083 1670 5122 ex

117 5128 315 5200 duobus
337 5131 494 5184 codd.
522 5147 650 5186 mss.
683 5131 874 5185 Salisb.
910 5131 1174 5200 Scriptam
1200 5130 1365 5186 fuisse
1394 5128 1534 5188 anno
1571 5137 1672 5190 796

117 5198 406 5271 colligat}:
439 5208 610 5271 morte
645 5200 900 5271 Eanbaldi
928 5198 1276 5271 Eboracensis
1305 5203 1538 5271 episcopi
1571 5205 1672 5260 hoc

117 5266 251 5341 anno
270 5266 440 5341 obita,
463 5268 614 5334 cujus
649 5270 889 5341 meminit
913 5271 968 5323 in
995 5269 1215 5341 epistola
1257 5266 1529 5341 setjuenti,
1553 5290 1672 5341 quae

119 5334 207 5408 bac
230 5335 500 5408 posterior
517 5346 617 5408 est.
643 5337 790 5390 Arno
819 5339 980 5408 igitur
1005 5334 1104 5393 hoc
1139 5354 1281 5393 anno
1318 5334 1523 5392 Romus
1548 5334 1668 5408 fuit,

119 5402 177 5482 de
208 5402 337 5460 cura
371 5403 616 5482 fortassis
637 5402 1028 5476 novellifpopuli
1051 5408 1348 5482 Avarorum
1374 5409 1473 5461 sibi
1496 5426 1524 5461 a
1549 5402 1671 5482 Pin

117 5474 659 5589 pinomcommendata
716 5474 864 5529 cnm'
891 5474 1100 5532 summo
1146 5475 1398 5548 pontiﬁce
1447 5474 1669 5534 consilia

168 5556 224 5589 at!
288 5561 370 5589 na-
725 5587 728 5589 λ
820 5565 826 5573 ’
904 5555 915 5576 ‘

145 5553 371 5602 ractans.
725 5587 728 5590 .
820 5565 826 5573 '
904 5555 915 5576 ‘

179 5611 283 5683 ω
313 5626 337 5655 ο
377 5612 455 5668 De
481 5620 658 5683 sancto
689 5611 854 5683 Paule
895 5615 1154 5682 partibus.
1205 5615 1282 5669 Ita
1333 5616 1496 5671 habet
1547 5617 1664 5670 cod.

123 5691 212 5757 ms.
226 5682 424 5757 Salisb.
434 5725 447 5748 ,
464 5682 605 5757 quod
619 5682 934 5757 vocabulum
954 5684 1120 5757 Paule
1131 5700 1224 5757 seu
1241 5685 1390 5757 Pauli
1403 5685 1576 5757 omitti
1586 5695 1637 5738 tu
1647 5704 1670 5738 r

124 5751 174 5807 in
198 5756 311 5809 cod.
342 5751 876 5811 Benedicto-Duram
897 5753 1036 5822 apud
1083 5753 1320 5809 Pezium.
1362 5755 1665 5824 Legendum

1779 4621 2036 4692 palatium
2067 4636 2248 4676 mense
2277 4619 2417 4674 Julio
2442 4633 2790 4690 properamus
2821 4613 3087 4688 [Mabill.,
3113 4615 3358 4683 partibus

1779 4712 2034 4782 palatinis
2059 4726 2346 4783 properare
2376 4706 2787 4779 desideramus].
2817 4705 3009 4760 Nescio
3057 4704 3122 4759 de
3172 4712 3356 4759 nostro

1780 4801 1974 4856 itinere
1999 4803 2127 4872 quid
2148 4803 2252 4857 erit
2274 4801 2511 4856 futurum
2540 4798 2675 4872 [sive
2704 4798 2849 4853 circa
2878 4807 2904 4834 α
2936 4794 3184 4849 Mosanas
3210 4793 3356 4860 ripas

1780 4892 2111 4948 liceatnobis
2137 4894 2276 4948 sicut
2305 4891 2572 4962 mergulos
2604 4890 2779 4960 pisces
2799 4895 3050 4958 captare;
3090 4900 3157 4937 an
3193 4892 3216 4920 ε
3242 4883 3356 4935 Ali-

1774 5004 1870 5057 abs
1907 5005 2068 5057 dubio
2124 5022 2137 5056 :
2187 5004 2249 5056 de
2303 5004 2471 5057 sancti
2516 5000 2675 5070 Pauli
2722 4995 3345 5070 partibus_(mon_asterii

1774 5087 1965 5141 nempe
1992 5073 2437 5133 Cormaricensis,
2452 5072 2516 5122 de
2539 5069 2700 5141 cujus
2715 5064 3188 5141 approbatione__ab
3210 5064 3348 5141 Apo-

1773 5132 1960 5196 stolica
1989 5144 2113 5197 sede
2144 5141 2473 5209 impetranda
2502 5132 2664 5193 etiam
2692 5132 2896 5193 in'aliis
2924 5133 3164 5204 epistolis
3203 5132 3345 5184 solli~

1774 5211 2066 5265 citudinem
2096 5226 2247 5264 suam
2268 5209 2543 5275 ostendit).

1844 5279 1870 5318 ἀ
1910 5282 1991 5334 Ad
2021 5279 2268 5332 Mosanas
2303 5281 2462 5345 ripas.
2504 5268 2571 5330 [In
2623 5275 2946 5330 monasterio
2993 5269 3238 5345 fortassis

1774 5348 2002 5403 Servatii
2030 5347 2256 5414 Trajecti
2283 5341 2360 5399 ad
2383 5344 2605 5411 Mosam,
2631 5345 2781 5414 cujus
2809 5357 2993 5397 rursus
3019 5341 3261 5395 meminit
3286 5341 3338 5393 in

1771 5420 1928 5486 epist.
1956 5417 2023 5486 87
2056 5416 2220 5485 (nunc
2247 5415 2388 5486 ωδ).

1847 5500 1870 5526 θ
1905 5478 2250 5554 Aligerensem
2268 5478 2506 5554 ﬂuuium.
2535 5482 2856 5554 Ligerim,la
2885 5479 3132 5554 Loire,_in
3158 5489 3334 5554 mona-

1771 5557 1936 5636 sterio
1962 5543 2735 5636 “Turonensikquo.Aletrinas
2766 5550 3036 5636 Aruonem
3067 5548 3257 5636 invitat
3288 5548 3342 5601 in

1771 5628 1928 5694 epist.
1960 5624 2026 5679 87
2063 5622 2234 5692 (nunc
2265 5618 2386 5694 105)
2413 5623 2497 5694 his
2526 5621 2702 5694 verbis
2725 5639 2746 5694 _:
2771 5638 2809 5694 _i
2852 5619 3069 5694 Utinam
3108 5618 3345 5694 volassrt

1771 5689 2258 5764 A'quila.....'usquc
2282 5692 2346 5744 ad
2370 5689 2699 5760 ‘piscationes
2725 5691 2898 5759 Ligeri
2923 5689 3175 5743 fluminis.
3215 5708 3234 5743 ι
