4232 6466
107 516 209 570 ['93

1516 496 1876 552 EPISTULA-3
1887 536 1899 549 .

3244 498 3345 549 l‘M

169 623 479 693 Praesagum
510 618 605 676 tibi
637 628 827 671 nomen
882 613 1179 680 ίηφοευενε
1226 616 1494 676 Parentes,
1544 606 1670 660 ιίθθί
1701 611 1744 665 Α
1774 624 2047 692 baptizare
2081 624 2261 693 jussit.
2294 626 2493 681 Deinde
2534 626 2637 680 fide
2666 627 2947 691 imbutum,
2985 638 3039 681 et
3076 644 3230 683 sacro
3255 630 3347 682 ba-

92 711 516 783 dispcnsationis
541 708 634 763 Dei
672 704 861 775 ignari,
909 700 1051 757 apud
1087 714 1245 768 quem
1275 700 1455 751 omnia
1484 696 1667 750 futura

90 801 209 868 iam
232 800 372 855 facta
406 806 553 854 sunt.
580 796 681 863 Qui
720 803 770 848 te
803 806 1009 846 summa
1035 790 1233 858 pietate
1257 786 1496 841 caelestia
1521 786 1670 840 ordi-

96 892 252 945 navit
283 888 534 959 mysteria
562 884 774 955 populis
800 881 1122 940 ministram,
1150 885 1205 931 et
1235 876 1301 929 de
1339 875 1451 928 alto
1487 890 1674 942 snper-

95 980 398 1049 nm‘gratize
426 976 619 1031 intuitu
645 969 969 1027 acutissimis
998 965 1355 1035 spiritualium
1396 963 1673 1017 oculorum

92 1069 378 1123 obtutibus
416 1066 725 1133 ﬂuctivagos
757 1061 824 1115 de
853 1057 1010 1125 hujus
1035 1055 1213 1111 saeculi
1257 1053 1370 1107 salo
1397 1054 1574 1122 pisces
1607 1053 1675 1105 ad

94 1158 501 1221 viviﬁcandum,
530 1171 636 1210 non
662 1155 730 1208 ad
754 1148 1180 1206 mortiﬁcandum
1211 1159 1401 1199 eruere
1435 1153 1490 1197 et
1521 1159 1677 1197 sacro

92 1250 261 1305 vitrei
289 1246 452 1301 fontis
471 1245 686 1299 lavacro
701 1241 935 1303 abluere,
951 1245 1004 1292 et
1024 1238 1145 1305 igne
1168 1234 1337 1288 sancti
1360 1233 1591 1302 Spiritus
1608 1234 1677 1285 ad

94 1337 289 1407 epulas
309 1334 496 1389 aeterni
527 1332 685 1400 [legis
702 1337 882 1382 astare
908 1324 1021 1396 [F.,
1038 1321 1267 1393 assare],
1292 1332 1350 1375 ut
1364 1335 1522 1375 verus
1543 1333 1677 1387 apo-

94 1426 311 1480 stolicze
344 1420 645 1476 vocationis
672 1417 883 1471 auditor
912 1411 1178 1475 efﬁciaris,
1205 1410 1417 1464 dicente
1439 1408 1677 1468 Christo,

95 1516 232 1568 dum
277 1514 332 1567 in
372 1508 686 1582 procellosis
732 1506 979 1561 ﬂuctibus
1010 1501 1196 1574 [binas
1219 1500 1421 1571 (Edit.,
1453 1496 1676 1582 vivas)]

93 1603 335 1657 duorum
355 1580 581 1655 fratrum
602 1596 985 1668 germanitates
1010 1592 1191 1645 labore
1212 1591 1420 1658 aspexit
1447 1604 1461 1642 :
1501 1580 1680 1641 Venite

92 1700 217 1760 post
237 1705 339 1754 me,
362 1698 409 1742 et
431 1688 624 1757 faciam
643 1702 730 1739 vos
749 1684 864 1751 ﬁeri
880 1682 1156 1751 piscatores
1177 1680 1443 1731 hominum
1464 1677 1676 1748 (Matth.

96 1798 179 1845 1v,
218 1780 325 1849 l9).
367 1776 483 1832 Nan
512 1792 543 1829 a
579 1774 744 1843 priori
785 1770 1014 1841 preprize
1062 1768 1197 1821 artis
1241 1764 1417 1820 cilicio
1468 1779 1682 1833 compe-

95 1883 282 1935 scens,
311 1866 404 1921 sed
446 1874 504 1919 ut
543 1862 812 1924 meliores,
840 1858 1045 1913 retibus
1091 1858 1144 1911 in
1178 1857 1453 1911 dexteram
1480 1854 1677 1919 missis,

94 1924 282 2028 pisces
320 1956 388 2009 ad
424 1955 575 2019 littus
603 1950 962 2007 stabilissimze
989 1945 1274 2000 soliditatis
1306 1944 1676 2013 perducerent.
1712 1924 1758 1983 Β

92 2047 219 2101 Hos
256 2054 314 2098 tu
362 2038 766 2107 efﬁcacissimus
810 2036 976 2092 divini
1035 2036 1212 2104 operis
1257 2034 1530 2087 laborator
1569 2042 1681 2087 tota

89 2136 308 2192 mentis
342 2134 639 2188 intentione
667 2129 877 2197 assequi
907 2134 1108 2199 satage,
1143 2133 1406 2195 quatenus
1437 2124 1684 2180 Christus

86 2230 224 2297 ipse
250 2239 347 2295 per
380 2232 433 2278 te
461 2224 526 2277 de
557 2230 662 2276 tua)
695 2220 855 2291 puppi
898 2220 1094 2273 carina:
1135 2215 1346 2285 populis
1390 2213 1684 2284 praedicam

99 2318 381 2386 dignetur,
414 2322 468 2368 et
510 2312 582 2367 sit
601 2311 719 2380 pius
746 2309 1070 2378 gubernator
1094 2306 1377 2369 navicula),
1404 2319 1472 2357 ex
1501 2318 1604 2371 qua
1632 2311 1685 2357 te

86 2408 247 2461 retia
272 2404 575 2475 apostolicae
614 2397 1010 2470 praedicationis
1058 2397 1111 2449 in
1135 2396 1356 2465 pelagus
1383 2392 1686 2463 profundis.

97 2499 263 2551 simae
293 2493 606 2565 gentilitatis
655 2490 957 2559 expandere
995 2487 1198 2555 jussit:
1226 2492 1489 2553 quatenus
1534 2484 1684 2537 illum

99 2598 209 2653 per
233 2596 346 2636 suae
382 2594 588 2649 magna
616 2576 833 2646 pietatis
859 2573 1257 2627 miserationem
1292 2570 1387 2625 tibi
1418 2571 1686 2638 sociisque

88 2674 219 2729 suis
243 2670 637 2740 praecipientem
676 2665 860 2720 audias
890 2683 903 2716 :
940 2663 1134 2730 Aﬁ'erte
1178 2661 1242 2714 de
1280 2659 1507 2728 piscibus
1556 2676 1687 2729 quos

90 2759 447 2831 .prendidistis
472 2773 608 2812 nunc
635 2755 816 2827 (Joan.
845 2769 961 2817 ιιι,
990 2752 1101 2820 10).

72 2894 95 2897 κ
178 2858 312 2925 Esto
354 2869 610 2924 obediens
652 2866 911 2919 voluntati
962 2864 1106 2917 illius
1150 2842 1440 2917 secundum
1493 2876 1687 2915 nomen

102 2961 369 3023 Simonis,
396 2959 486 3028 qui
529 2958 596 3011 ad
643 2956 976 3011 Dominicum
1024 2954 1327 3009 convivium
1366 2953 1530 3006 traxit
1574 2961 1687 3007 rete

97 3049 266 3118 plene
315 3046 525 3117 magnis
567 3046 800 3115 piscibus
832 3052 1052 3097 centum
1102 3044 1484 3112 quinquaginta
1518 3042 1690 3096 tribus

98 3136 294 3206 (locis.
327 3134 577 3205 3:1,“).
607 3133 710 3199 Qui
735 3147 863 3186 vero
908 3128 1016 3185 sint
1056 3132 1111 3185 hi
1154 3132 1332 3201 pisces
1379 3132 1435 3185 in
1464 3132 1565 3186 hoc
1593 3147 1689 3185 nu-

107 3238 265 3278 mero
290 3221 790 3294 [praeﬁniti(Edit.,
826 3220 1115 3290 perﬁniti)]
1135 3261 1149 3284 ,
1181 3221 1225 3281 si
1254 3220 1385 3275 velis
1419 3220 1577 3285 scire,
1612 3221 1686 3274 illi

106 3319 238 3365 sunt
262 3302 356 3379 qui
375 3325 442 3365 ex
469 3309 721 3380 deealogo
743 3308 894 3381 [ϐοά.
942 3309 1081 3373 Sal.,
1108 3307 1369 3379 decalogi]
1393 3318 1685 3377 przeeepto-

108 3416 237 3454 rum
260 3399 381 3464 Dei,
395 3399 481 3454 vel
500 3414 568 3453 ex
589 3397 884 3467 septiformi
908 3398 1077 3455 sancti
1094 3396 1328 3466 Spiritus
1346 3398 1541 3466 gratia,
1566 3407 1686 3467 post

109 3499 417 3543 extremam
440 3486 885 3542 resurrectionem
908 3478 1306 3563 ad’perpetumn
1328 3503 1453 3542 cum
1474 3488 1688 3542 Christo

104 3576 418 3631 convivium
458 3573 614 3628 electi
656 3582 800 3629 sunt.
846 3572 969 3626 Ideo
1020 3581 1134 3627 rete
1174 3574 1317 3629 illius
1353 3577 1685 3643 piscationis,

111 3669 256 3721 sicut
295 3665 350 3719 in
376 3663 543 3734 priori
577 3671 822 3733 captura,
871 3662 1098 3735 scissum
1153 3677 1271 3717 esse
1327 3680 1433 3718 non
1472 3666 1686 3734 legitur,

112 3756 241 3825 quia
269 3753 447 3809 nullus
479 3753 574 3817 ibi,
604 3751 707 3806 nisi
735 3751 938 3826 electus
964 3760 1020 3805 et
1046 3752 1113 3805 ad
1145 3762 1457 3821 perpetuam
1499 3769 1687 3821 pacem

104 3844 417 3906 ordinatus,
442 3829 698 3895 invitatur
728 3839 969 3894 conviva.
1018 3838 1183 3909 Igitur
1206 3840 1251 3892 si
1298 3840 1365 3893 ab
1395 3856 1501 3894 uno
1523 3855 1689 3909 usque

113 3935 183 3987 ad
214 3930 509 4001 septimam
536 3922 1122 3993 decimam/summam,
1170 3929 1405 3998 singulos
1440 3946 1690 3984 numeros

111 4036 213 4091 per
259 4027 543 4090 augmenta
589 4019 1018 4089 computaveris,
1066 4020 1391 4087 posteriores
1440 4036 1690 4075 numeros

113 4124 342 4177 semper,
350 4108 619 4177 prioribus
641 4106 951 4177 adiungens,
977 4109 1138 4162 totius
1158 4108 1525 4163 calculationis
1544 4125 1690 4164 sum-

112 4213 203 4251 ma
241 4198 297 4250 in
324 4195 427 4250 I53
453 4197 731 4287 accrescit.
762 4195 829 4248 Et
863 4195 909 4249 si
938 4194 1050 4249 'bos
1076 4196 1260 4249 decem
1302 4204 1355 4249 et
1394 4206 1599 4265 septem
1634 4200 1685 4252 in

113 4288 225 4342 duo
278 4284 585 4350 divideris,
615 4285 671 4339 id
722 4292 805 4338 est
859 4284 1136 4339 denarium
1193 4293 1250 4339 et
1296 4289 1685 4355 septenarium,

116 4377 373 4430 denarius
398 4375 585 4443 legalis
618 4375 885 4439 mandata,
914 4383 980 4429 ct.
1006 4376 1338 4443 septenarius
1363 4380 1498 4432 dona
1517 4381 1688 4433 sancti

113 4465 356 4534 Spiritus
392 4464 651 4532 designat.
703 4463 832 4517 Item
870 4464 914 4517 si
959 4462 1160 4533 septem
1205 4464 1259 4518 in
1301 4466 1436 4519 duas
1488 4466 1690 4521 divide-

1775 714 2025 781 ptismate
2076 713 2313 768 ablutum
2362 714 2685 784 evangelicis
2749 714 3013 769 instruere
3069 717 3349 785 praeceptis

1776 803 2069 855 mandavit.

1846 889 1999 944 Hunc
2022 898 2078 944 tu
2104 892 2367 955 ordinem,
2392 892 2728 945 sanctissime
2749 892 2953 955 doctor,
2983 891 3348 946 cateehizandi

1776 975 1829 1028 in
1857 976 2049 1030 adulta:
2076 977 2252 1029 aetatis
2272 977 2404 1030 viris
2432 977 2627 1045 ubique
2653 978 2881 1031 ﬁrmiter
2908 979 3167 1032 oblincas.
3217 977 3338 1030 Fra-

1775 1066 1949 1134 giliori
1972 1081 2099 1121 vero
2121 1068 2263 1121 :etati
2293 1068 2377 1136 pia
2405 1075 2576 1121 mater
2603 1068 2841 1122 Ecclesia
2866 1068 3148 1130 concessit,
3177 1078 3234 1121 ut
3260 1069 3351 1136 qui

1776 1157 1951 1211 alieno
1975 1158 2027 1211 in
2062 1165 2285 1226 paterna
2313 1159 2757 1227 praevaricatione
2780 1157 2973 1227 ligatus
3000 1165 3082 1210 est
3107 1165 3348 1225 peccato,

1778 1244 1996 1300 alterius
2022 1246 2074 1299 in
2107 1247 2357 1314 baptismi
2388 1247 2645 1316 mysterio
2666 1245 3004 1316 professione
3030 1244 3235 1299 solutus
3260 1244 3349 1298 sit.

1778 1334 1846 1388 Et
1889 1334 1935 1388 si
1981 1335 2084 1390 hoc
2112 1351 2226 1389 non
2262 1343 2436 1400 esset,
2474 1336 2658 1404 quanti
2708 1334 2945 1404 perirent
2988 1332 3242 1394 infantes,
3287 1348 3352 1385 ex

1778 1439 2006 1492 quorum
2038 1422 2225 1495 [nunc]
2256 1440 2478 1478 numero
2522 1423 2754 1478 cmlestis
2779 1422 3019 1492 quotidie
3060 1421 3355 1476 :edilicatur

1780 1511 2155 1565 Hierusalem?
2186 1512 2404 1581 Absque
2452 1511 2577 1576 ﬁde,
2622 1512 2749 1580 quid
2797 1510 3006 1581 proﬁcit
3056 1510 3353 1580 baptisma?

1780 1600 1989 1655 dicente
2038 1599 2295 1669 Apostolo
2325 1615 2339 1652 :
2370 1599 2497 1654 Sine
2545 1600 2650 1668 ﬁde
2694 1599 3006 1668 impossibile
3035 1608 3109 1652 est
3152 1599 3357 1668 placere

1780 1689 1889 1743 Deo
1918 1688 2104 1760 (Hebr.
2137 1706 2211 1754 x1,
2250 1689 2325 1759 6).
2352 1689 2496 1742 Inter
2535 1690 2862 1759 impossibile
2902 1698 2958 1742 et
2997 1687 3210 1743 diliicile
3256 1690 3357 1744 hcc

1782 1779 2043 1834 interesse
2081 1780 2308 1850 legimus
2335 1798 2347 1831 :
2374 1779 2592 1835 difﬁcile
2618 1790 2701 1834 est
2746 1780 2889 1847 quod
2917 1780 3052 1843 ﬁeri,
3091 1779 3214 1833 licet
3245 1780 3356 1842 vix,

1782 1868 2351 1938 potest;impossibile
2398 1883 2546 1932 vero,
2584 1867 2727 1937 quod
2771 1867 2990 1921 omnino
3030 1868 3097 1921 ab
3125 1868 3357 1921 humana

1784 1955 2075 2024 fragilitate
2124 1958 2239 2009 ﬁeri
2291 1972 2396 2010 non
2441 1963 2636 2025 potest.
2689 1956 2812 2010 Ideo
2856 1957 2970 2025 ipse
3011 1955 3267 2010 Dominus
3304 1957 3358 2010 in

1784 2042 2093 2111 Evangelia,
2136 2044 2473 2111 stupentibus
2517 2043 2788 2111 apostolis,
2838 2044 2959 2111 quis
3000 2058 3067 2096 ex
3104 2043 3361 2098 divitibus

1784 2131 1965 2186 salvus
1999 2131 2114 2185 ﬁeri
2139 2141 2335 2201 posset,
2366 2132 2638 2201 :espondit
2670 2146 2684 2183 :
2714 2131 2863 2200 Apud
2888 2132 3119 2184 homines
3142 2132 3239 2184 hoc
3263 2134 3361 2184 im—

1783 2222 2025 2291 possibile
2048 2231 2155 2284 est;
2186 2222 2324 2291 apud
2360 2223 2518 2275 Deum
2546 2232 2717 2279 autem
2745 2224 2917 2276 c-nnia
2947 2223 3211 2287 possibilia
3240 2234 3360 2277 sunt

1784 2310 2000 2379 (Matth.
2030 2325 2142 2371 xui,
2175 2310 2284 2379 26).
2315 2311 2518 2365 Idcirco
2552 2312 2748 2365 misera
2774 2311 3093 2384 [Saxonum]
3122 2329 3252 2385 gens
3280 2324 3362 2369 tn-

1786 2400 1888 2452 ties
1922 2399 2169 2467 baptismi
2204 2400 2434 2467 perdidit
2473 2410 2889 2465 sacramentum,
2920 2402 3044 2469 quia
3089 2419 3360 2472 nunquam

1786 2489 1909 2543 fidei
1933 2488 2370 2559 [fundamentum
2397 2490 2588 2560 (Edit.,
2613 2491 3065 2550 sacramentumll
3097 2494 3281 2548 habuit
3306 2496 3359 2549 in

1790 2578 1973 2631 corde.

1858 2677 1964 2732 Sed
1998 2686 2052 2731 et
2091 2679 2193 2732 hoc
2228 2677 2502 2731 sciendum
2551 2686 2633 2731 est
2677 2678 2819 2746 quod
2872 2676 3022 2742 ﬁdes,
3069 2680 3361 2734 secundum

1788 2767 1931 2835 quod
1961 2773 2178 2821 sanctus
2199 2765 2525 2835 Augustinus
2548 2767 2643 2831 ait,
2665 2782 2730 2821 ex
2760 2766 3031 2823 voluntate
3057 2769 3136 2833 fit,
3165 2784 3269 2824 non
3295 2788 3358 2827 ex

1789 2854 2127 2908 necessitate.
2153 2850 2430 2919 Quomodo
2445 2861 2619 2922 potest
2638 2854 2799 2908 homo
2817 2855 2934 2924 cogi
2955 2865 3013 2909 ut
3025 2856 3208 2911 credat
3220 2860 3362 2927 quod

1789 2954 1894 2999 non
1926 2945 2131 2999 credit?
2156 2943 2358 3014 Impelli
2384 2954 2561 3014 potest
2594 2945 2752 3000 homo
2794 2947 2861 3001 ad
2892 2947 3240 3015 baptismum,
3270 2952 3363 3003 sed

1789 3050 1894 3088 non
1941 3034 2008 3087 ad
2036 3034 2193 3088 ﬁdem
2226 3031 2435 3087 :velut1
2480 3032 2569 3087 isti
2612 3034 2848 3090 hmretici
2889 3036 2981 3104 qui
3026 3037 3364 3107 adoptionem

1790 3122 1968 3177 carnis
2001 3123 2056 3175 in
2082 3120 2299 3177 Christo
2329 3122 2668 3187 conﬁrmant,
2709 3122 3015 3183 nullatenus
3040 3126 3106 3179 ad
3143 3127 3363 3182 catholi-
3461 3108 3469 3115 ’

1791 3229 1909 3269 eam
1955 3214 2113 3268 ﬁdem
2164 3214 2405 3268 converti
2461 3221 2715 3283 possunt,
2752 3214 2876 3284 quia
2917 3215 3117 3269 nullam
3165 3217 3365 3272 habent

1790 3304 2113 3358 voluntatem
2147 3304 2462 3359 orthodoxae
2509 3302 2632 3358 ﬁdei
2675 3302 3060 3373 professionem
3091 3320 3213 3359 cum
3241 3306 3364 3360 uni-

1786 3393 1977 3447 versali
2020 3392 2260 3447 Ecclesia
2303 3393 2675 3462 cognoscendi.
2730 3393 3010 3447 Docendus
3059 3403 3142 3449 est
3186 3396 3366 3465 itaque

1790 3484 1950 3537 homo
1971 3481 2286 3536 rationalem
2312 3472 2515 3535 habens
2537 3480 2959 3549 intelligentiam,
2976 3490 3030 3535 et
3051 3482 3362 3537 multimoda

1789 3573 2163 3641 pmdicatione
2205 3572 2572 3633 attrahendus,
2625 3579 2683 3624 ut
2728 3585 2895 3625 sacrae
2926 3571 3047 3625 ﬁdei
3082 3574 3363 3627 veritatem

1789 3670 2060 3733 agnoscat.
2086 3662 2154 3715 Et
2178 3661 2407 3717 maxime
2431 3660 2522 3714 Dei
2547 3660 2928 3729 omnipotentis
2956 3675 3053 3729 pro
3082 3676 3147 3716 eo
3176 3662 3363 3735 depre-

1790 3750 1959 3803 canda
1985 3756 2068 3802 est
2086 3748 2389 3813 clementia,
2428 3749 2552 3817 quia
2584 3748 2754 3802 otiosa
2782 3757 2865 3803 est
2892 3748 3072 3820 lingua
3098 3742 3361 3817 doc'cntis,

1790 3840 1835 3893 si
1871 3840 2041 3909 gratia
2088 3840 2268 3893 divina
2310 3853 2405 3893 cor
2443 3839 2703 3893 auditoris
2747 3854 2853 3893 non
2896 3839 3104 3893 imbuit.
3144 3839 3363 3895 Dicente

1792 3930 1904 3998 ipsa
1942 3928 2175 3982 Veritate
2207 3945 2219 3979 :
2256 3927 2423 3980 Nemo
2448 3936 2611 3997 potest
2640 3928 2806 3980 uenire
2831 3926 2899 3979 ad
2924 3943 3022 3989 me,
3053 3926 3153 3980 nisi
3182 3924 3360 3992 Pater,

1788 4021 1878 4088 qui
1916 4021 2065 4073 misit
2113 4036 2209 4081 me,
2248 4019 2521 4071 attraxerit
2554 4035 2671 4071 eum
2702 4018 2895 4089 (Jonn.
2929 4033 3012 4081 vl,
3039 4016 3163 4087 Η).
3211 4017 3277 4073 Et
3305 4027 3365 4072 ut

1770 4100 2066 4181 ‘zequaliter
2093 4119 2335 4175 sanctam
2367 4107 2683 4164 Trinitatem
2716 4109 2941 4164 salutem
2980 4109 3216 4165 hominis
3236 4123 3366 4179 ope-

1789 4202 1900 4256 rari
1929 4202 2213 4272 intelligas,
2244 4200 2375 4255 dicit
2404 4208 2460 4253 et
2503 4200 2617 4268 ipse
2653 4198 2911 4253 Dominus
2948 4198 3000 4251 in
3049 4197 3174 4251 alio‘
3196 4197 3313 4260 loco
3343 4210 3360 4249 :

1794 4292 1959 4345 Nemo
1992 4300 2155 4360 potest
2196 4290 2365 4343 venire
2404 4288 2473 4341 ad
2522 4286 2755 4351 Patrem,
2788 4288 2891 4340 nisi
2938 4302 3030 4357 per
3070 4302 3151 4339 me
3180 4286 3361 4357 (Jonn.

1789 4397 1899 4443 xiv,
1939 4380 2014 4450 6).
2045 4378 2175 4433 Item
2203 4386 2257 4432 et
2278 4376 2344 4432 de
2380 4375 2579 4444 Spiritu
2609 4384 2795 4430 sancto
2832 4376 2909 4429 ait
2938 4393 2950 4428 :
2983 4374 3105 4429 Nisi
3137 4376 3251 4445 quis
3278 4391 3362 4429 re»
3404 4403 3412 4411 -
3450 4418 3453 4419 ν

1791 4478 1943 4529 natus
1977 4469 2130 4538 fuerit
2156 4484 2220 4521 ea:
2249 4484 2386 4536 aqua
2422 4476 2468 4519 et
2503 4465 2724 4534 Spiritu,
2755 4481 2855 4518 non
2882 4466 3287 4535 potest‘introire
3308 4466 3364 4518 ii:

117 4555 195 4609 ris
241 4561 441 4622 partes,
480 4551 535 4606 id
560 4559 642 4605 est
667 4553 723 4605 in
750 4554 785 4607 3
804 4560 859 4605 et
885 4552 938 4606 4.
963 4550 1098 4607 Tres
1126 4555 1268 4608 enim
1307 4554 1464 4609 ﬁdem
1493 4567 1692 4612 sancta:
1726 4572 1770 4630 ι)
1795 4574 2008 4629 regnum
2035 4558 2131 4611 Dei
2148 4556 2326 4627 (Joan.
2350 4555 2521 4626 111,5).
2552 4554 2704 4621 Quod
2718 4555 2859 4610 enim
2884 4555 3164 4637 visibiliter
3187 4570 3366 4617 sacer-

62 4714 65 4715 ν
114 4643 228 4715 42
262 4641 538 4695 Trinitatis
586 4640 900 4710 designant,
946 4642 1009 4695 in
1041 4647 1145 4710 qua
1189 4640 1292 4696 ﬁde
1331 4643 1518 4698 omnes
1562 4661 1693 4713 gen-.

118 4744 202 4787 tes
253 4731 519 4786 salvandm
561 4730 689 4795 sint,
712 4744 829 4799 qua:
850 4732 902 4784 in
932 4727 1289 4799 quadrifarias‘
1318 4727 1479 4786 totius
1506 4734 1691 4803 mundi

116 4824 306 4892 plagas
325 4818 529 4875 diffuse
554 4827 697 4874 sunt.
723 4818 844 4874 Ideo
864 4819 1119 4873 Dominus
1145 4829 1328 4873 uoster
1344 4818 1500 4875 Iesus
1528 4820 1687 4875 Chri-

117 4924 237 4965 stus
286 4909 560 4977 discipulis
595 4910 709 4963 suis
750 4909 1049 4973 mandavit,
1088 4910 1280 4963 dicens
1310 4910 1465 4974 :.lte,
1516 4911 1692 4965 docete

120 5016 300 5055 omnes
335 5006 526 5068 gentes,
571 4994 888 5066 captiza’ntes
924 5011 1013 5049 eos
1051 4998 1108 5049 in
1150 4998 1355 5063 nomine
1404 4997 1605 5063 Patris,
1644 5008 1691 5051 et

92 5122 95 5123 ν
123 5088 277 5154 Filii,
304 5097 353 5141 et
396 5084 622 5156 εῖδει-ηαδ
643 5085 825 5138 sancti
852 5102 872 5137 .'
902 5083 1141 5139 docentes
1169 5102 1254 5139 eos
1279 5101 1483 5139 servare
1517 5088 1692 5143 omnia

119 5192 442 5246 meum
470 5174 711 5231 mandavi
741 5173 877 5227 vobis
899 5171 1110 5242 (llatth.
1140 5189 1330 5238 sum,
1362 5174 1469 5243 I9).
1493 5173 1551 5226 In
1576 5175 1694 5227 istis

122 5266 463 5339 paucissimis
487 5265 667 5320 verbis
691 5264 856 5319 totius
881 5268 1079 5316 sancta:
1107 5263 1503 5330 pradicatiouis
1541 5262 1688 5316 ordi-

125 5371 248 5411 nem
280 5353 544 5423 exposuit.
572 5351 665 5408 Bis
699 5352 892 5408 docere
927 5351 1085 5415 dixit,
1118 5358 1174 5404 et
1199 5352 1368 5406 semel
1393 5352 1687 5421 baptizare.

126 5446 312 5500 Primo
336 5444 575 5498 omnium
600 5442 760 5497 ﬁdem
788 5439 1103 5496 catholicam
1126 5439 1317 5493 docere
1340 5430 1615 5509 przeeepit,
1639 5448 1694 5494 et

126 5545 248 5608 post
296 5533 458 5611 ﬁdem
473 5541 775 5603 acceptam
807 5533 862 5588 in
912 5522 1126 5587 nomine
1174 5537 1373 5584 sancta:
1414 5529 1695 5584 Trinitatis

126 5678 208 5721 est
235 5667 326 5721 illa
345 5663 553 5733 plenior
572 5664 638 5719 de
660 5664 1034 5733 pradicatione
1058 5664 1180 5733 fidei
1202 5660 1343 5730 apud
1373 5658 1577 5733 Avaros
1594 5676 1691 5733 no-_

128 5737 267 5789 vites-
291 5729 367 5791 ad
384 5735 542 5791 ﬁdem
570 5729 857 5788 eodversos
894 5732 1175 5788 instructio
1194 5772 1209 5793 ,
1236 5729 1396 5798 quam
1426 5729 1479 5781 in
1525 5730 1689 5796 priori

129 5806 353 5871 cpistola
375 5803 716 5874 promiserat,
739 5816 882 5855 anno
897 5803 1107 5867 eodem,
1137 5803 1191 5857 ni
1222 5800 1394 5863 fallor,
1425 5798 1567 5861 data,
1593 5799 1691 5851 etsi

1791 4648 1888 4700 dos
1920 4660 2019 4714 per
2044 4644 2365 4714 baptismum
2389 4652 2643 4711 operatur
2666 4645 2720 4698 in
2760 4659 2985 4713 corpore
3010 4654 3107 4712 per
3143 4658 3388 4713 aquam,‘

1793 4735 1894 4787 hoc
1932 4732 2163 4803 Spiritus
2208 4740 2425 4787 sanctus
2465 4730 2804 4787 invisibiliter
2828 4740 3081 4801 operatur
3099 4722 3153 4788 in
3182 4732 3363 4786 anima

1792 4836 1895 4890 per:
1919 4812 2102 4875 ﬁdem.
3333 4834 3337 4839 '

1862 4910 1985 4963 Tria
2026 4911 2236 4964 suntin
2272 4910 2608 4972 baptismatis
2652 4904 2989 4963 sacramento
3034 4908 3262 4963 visibilia
3307 4919 3364 4962 ct

1795 5003 1897 5056 tria
1942 5002 2249 5057 invisibilia.
2299 5001 2540 5057 Visibilia
2588 5000 2712 5054 sunt
2755 5000 3033 5061 sacerdos,
3079 5012 3275 5066 corpus
3307 5008 3362 5050 ct

1791 5105 1951 5168 aqua.
1981 5089 2268 5144 lnvisibilia
2310 5103 2456 5151 vero,
2488 5088 2706 5155 spiritus
2727 5096 2782 5140 et
2806 5088 2982 5140 anima
3009 5094 3063 5139 et
3087 5086 3239 5141 ﬁdes.
3269 5087 3359 5139 Illa

1792 5178 1895 5230 tria
1924 5177 2154 5231 visibilia
2180 5176 2313 5231 nihil
2347 5175 2629 5244 proﬁciunt
2654 5174 2803 5237 foris,
2835 5176 2879 5229 si
2908 5176 3022 5231 lucc
3049 5177 3151 5229 tria
3176 5176 3360 5231 invisi-

1788 5266 1917 5319 bilia
1962 5281 2068 5319 non
2113 5266 2256 5319 intus
2301 5272 2610 5333 operantur.
2668 5264 2931 5320 Sacerdos
2980 5279 3173 5333 corpus
3219 5280 3359 5333 aqua

1791 5353 1981 5420 abluit,
2027 5353 2261 5423 Spiritus
2306 5360 2523 5408 sanctus
2570 5352 2804 5427 animam
2850 5351 2952 5406 ﬁde
2974 5350 3257 5419 justiﬁeat.
3295 5353 3363 5407 lit

1792 5444 1895 5497 hoc
1939 5451 2021 5498 est
2055 5444 2196 5513 quod
2221 5441 2507 5513 Apostolus
2549 5443 2625 5496 ait
2652 5460 2666 5495 :
2697 5441 3066 5511 Cooperatores
3093 5444 3228 5496 enim
3262 5442 3360 5498 Dei

1791 5547 1969 5585 sumus
1999 5531 2129 5603 (III
2168 5532 2327 5585 Joan.
2365 5547 2415 5595 i,
2441 5530 2526 5601 8).
2556 5528 2886 5601 Cooperatur
2932 5532 3091 5587 homo
3136 5531 3359 5599 Spiritui

1792 5662 1859 5717 cl.
1886 5660 2169 5714 Hansizius
2195 5659 2338 5714 illam
2361 5660 2426 5714 ad
2443 5675 2641 5713 annum
2673 5669 3003 5728 sequentem,
3027 5652 3360 5729 nempeiﬂ,

1794 5730 2008 5851 rell'crat.
2042 5729 2177 5783 Vide
2201 5730 2363 5784 etiam
2385 5745 2541 5798 supra
2566 5731 2722 5798 epist.
2745 5732 2814 5786 '28
2838 5744 3000 5802 (nunc
3163 5730 3232 5784 ad
3254 5730 3360 5787 Ca-

1796 5816 1855 5851 I‘O
1879 5815 1987 5851 llI'II.

1796 5815 1987 5853 I‘OlllI'II.
