4232 6422
687 444 789 498 195
1044 451 1052 458 ”
1530 445 1589 500 Β.
1629 446 1689 499 F.
1729 445 1949 501 ALBINI
1990 448 2119 503 SEU
2150 448 2351 507 ALCUI

2326 453 2421 507 [Nl
2462 455 2743 514 OPERUM
2784 461 2961 516 PARS
2995 462 3037 514 Ι.
3825 461 3931 514 196

687 561 872 608 sancto
897 552 950 605 in
979 551 1146 605 salute
1187 551 1435 607 hominis.
1471 551 1574 606 Sed
1602 562 1656 607 et
1677 554 1795 623 ipse
1831 555 2013 618 homo,
2042 558 2134 624 qui
2162 558 2256 612 ba-
2284 564 2329 621 Α
2359 577 2479 616 rore
2504 564 2701 620 inolitte
2726 568 3127 622 consuetudinis
3165 570 3231 623 ad
3260 569 3414 625 ﬁdem
3443 570 3810 626 Christianam
3831 588 3931 624 nu-

686 641 965 711 ptizandus
984 648 1086 704 est,
1116 641 1392 710 cooperari
1419 642 1677 696 ambobus
1696 643 1853 697 debet
1870 644 1922 696 in
1941 645 2113 700 salute
2138 662 2254 711 sua,

691 729 743 784 id
757 737 871 795 ,est,
900 728 1124 798 Spiritui
1158 740 1344 784 sancto
1372 739 1427 783 et
1456 731 1744 794 sacerdoti,
1770 731 2043 787 humiliter
2066 749 2259 802 corpus

690 826 945 887 praestare
968 817 1035 871 ad
1060 817 1196 871 sacri
1232 819 1545 887 mysterium
1585 818 1805 883 lavacri,
1834 829 1888 873 et
1909 822 2142 875 animam
2168 839 2258 877 vo-

691 908 920 962 luntarie
944 908 1011 961 ad
1038 908 1311 963 catholicae
1339 908 1462 962 ﬁdei
1490 910 1901 984 susceptionem.
1931 912 2056 968 Ilzee
2080 915 2256 967 omnia

689 995 893 1050 doctori
918 996 971 1048 in
1012 995 1162 1049 initio
1188 995 1329 1056 ﬁdei,
1359 1004 1413 1049 et
1436 1005 1772 1049 sacramento
1805 998 2163 1068 baptismatis,
2192 996 2260 1055 ad

692 1086 915 1139 salutem
946 1083 1258 1154 accipientis
1287 1086 1569 1155 diligenter
1597 1087 1982 1142 conSideranda
2012 1099 2134 1143 sunt
2159 1107 2174 1155 ;
2207 1098 2263 1144 et

693 1188 797 1225 non
824 1172 1083 1227 desidiose
1109 1173 1240 1235 tanti
1265 1174 1585 1228 sacramenti
1608 1174 1919 1243 mysterium
1946 1178 2186 1247 exsequi.

765 1261 869 1315 Sed
896 1262 995 1317 hoc
1016 1277 1223 1331 quoque
1250 1258 1571 1332 magnopere
1602 1264 1931 1331 pensandum
1957 1275 2059 1330 est,
2088 1266 2261 1334 quali-

696 1359 778 1404 tcr
798 1351 1004 1405 novella
1027 1351 1281 1420 plantatio
1301 1351 1518 1405 colenda
1545 1351 1637 1413 sit,
1673 1363 1726 1404 ut
1762 1354 1917 1422 primi
1958 1352 2116 1409 ﬁeres
2140 1354 2261 1410 ﬁdei

696 1438 763 1489 ad
795 1438 1127 1519 incrementa
1151 1437 1415 1492 fructuum
1459 1440 1738 1507 pervenire
1762 1440 1975 1495 valeant
2007 1460 2019 1494 :
2051 1458 2117 1496 ne
2143 1443 2261 1513 gelu

697 1527 977 1595 cuiuslibet
1016 1528 1226 1597 duritia:
1274 1538 1671 1593 emarcescant,
1717 1540 1773 1585 et
1814 1531 1883 1585 ad
1930 1534 2260 1590 dulcedinem

694 1616 863 1684 Optati
884 1616 1087 1670 fructus
1106 1632 1210 1670 non
1237 1627 1500 1671 crescant.
1527 1603 1658 1672 Nam
1698 1618 1957 1675 infantilis
1983 1631 2113 1677 aetas
2136 1639 2260 1678 sua-

697 1706 862 1758 vitate
884 1705 1107 1758 materni
1128 1705 1280 1759 lactis
1296 1707 1575 1760 nutrienda
1597 1715 1697 1771 est,
1727 1717 1780 1762 et
1806 1710 2071 1782 rudi543
2085 1712 2262 1765 anima

698 1790 1028 1845 mollioribus
1059 1791 1250 1847 divinm
1296 1793 1589 1848 dulcedinis
1628 1798 1908 1864 prteceptis
1931 1798 2117 1852 alenda
2160 1806 2259 1852 est.

2357 669 2455 723 per
2472 657 2715 711 conversi
2736 665 2862 712 sunt
2898 673 3091 729 magno
3118 660 3333 728 pietatis
3357 660 3717 716 moderamine
3743 663 3933 715 obser-

2356 746 2529 799 vanda
2553 748 2671 800 est?
2708 746 2817 801 Nec
2840 763 2945 802 non
2968 749 3130 804 etiam
3158 758 3215 804 et
3240 750 3292 804 in
3318 750 3548 819 illis‘qui
3585 753 3654 806 ab
3696 751 3930 806 infantia

2356 833 2674 889 Christiana:
2703 835 2825 890 ﬁdei
2851 846 3558 907 sacramentatsnsceperant,
3585 848 3640 893 et
3655 839 3930 893 diabolica

2357 922 2544 976 fraude
2562 931 2681 991 post
2705 925 2930 995 decepti,
2966 926 3122 997 longa
3160 928 3540 989 consuetudine
3563 928 3808 982 carnales
3837 945 3931 982 se-

2359 1012 2468 1067 cuti
2495 1021 2620 1066 sunt
2648 1013 2923 1068 luxurias:
2956 1014 3040 1069 vel
3069 1016 3190 1070 aliis
3230 1016 3548 1084 quibuslibet
3578 1025 3930 1084 peccatorum

2359 1102 2586 1156 nexibus
2607 1103 2844 1172 obligati,
2884 1103 3173 1158 levioribus
3201 1104 3372 1172 primo
3402 1106 3688 1158 verborum
3718 1104 3933 1157 fomen-

2360 1193 2431 1246 tis
2465 1193 2773 1248 consolandi
2797 1202 2940 1257 sunt,
2976 1209 3043 1248 ne
3066 1195 3391 1262 pmnitentize
3417 1196 3810 1248 medicamenta
3835 1195 3934 1248 du-

2362 1282 2594 1336 rioribus
2612 1282 2854 1335 exterriti
2885 1283 3330 1351 castigationibus
3353 1283 3693 1336 abhorreant.

2432 1370 2571 1424 Sunt
2591 1371 2831 1438 quaedam
2856 1371 3191 1426 inﬁrmitates
3218 1387 3334 1439 qua:
3364 1372 3549 1425 melius
3572 1370 3935 1442 [dulcioribus

2363 1458 2695 1512 medicantur
2721 1450 3027 1525 potionibus
3046 1471 3205 1525 quam
3227 1458 3444 1521 amaris,
3458 1466 3511 1510 et
3537 1457 3778 1525 quatdam
3805 1472 3935 1525 quae

2361 1547 2573 1618 melius]
2604 1547 2957 1601 amarioribus
2979 1540 3135 1614 quam
3164 1546 3422 1601 dulcibus.
3462 1545 3613 1600 Unde
3631 1554 3687 1599 et
3730 1545 3935 1600 doctor

2362 1637 2540 1707 populi
2563 1636 2678 1700 Dei,
2709 1636 2835 1690 dum
2875 1636 3082 1690 cunctis
3107 1636 3364 1689 virtutum
3396 1634 3623 1689 lucernis
3658 1636 3713 1688 in
3766 1635 3933 1689 domo

2364 1727 2460 1782 Dei
2483 1727 2779 1781 clarescere
2822 1726 3014 1788 debet,
3063 1726 3291 1780 maxime
3347 1735 3523 1779 tamen
3568 1725 3934 1795 sagacissime

2365 1818 2705 1881 discretionis
2728 1816 3075 1887 intelligentia
3118 1816 3355 1887 pollere,
3401 1824 3457 1870 ut
3484 1815 3620 1870 sciat
3650 1814 3783 1884 quid
3838 1816 3931 1869 cui

699 1881 829 1935 Nam
872 1882 1071 1981 solidus
1117 1883 1267 1936 cibus
1308 1884 1546 1981 virorum
1583 1894 1678 1981 est.
1704 1885 1942 1952 fortium,
1978 1896 2030 1942 et
2075 1890 2263 1953 altiora
2299 1886 2341 1945 Β
2368 1925 2628 1981 ρει-ωηατ,
2666 1909 2836 1973 sexui,
2874 1881 3018 1962 εέιριί
3054 1881 3435 1977 ρι’ριιοροείιο,
3478 1908 3562 1961 ναι
3586 1881 3749 1962 etii."
3790 1916 3935 1962 rem-

699 1976 961 2036 praecepta
991 1969 1197 2022 illorum
1227 1979 1350 2024 sunt
1384 1972 1471 2042 qui
1505 1974 1825 2031 exercitatos
1853 1977 2049 2031 habent
2077 1994 2265 2034 sensus

702 2055 755 2108 in
784 2056 898 2125 lege
934 2056 1047 2113 Dei.
1077 2057 1224 2113 Unde
1250 2066 1303 2113 et
1330 2051 1612 2130 Apostolus
1635 2065 1950 2132 quibusdam
1980 2065 2266 2134 fragilioris

702 2147 1063 2218 intelligentia:
1105 2148 1361 2204 fratribus
1395 2153 1635 2207 scribens
1679 2154 1797 2207 ait:
1825 2154 1929 2207 Lac
1967 2156 2103 2209 vobis
2145 2158 2265 2209 dedi

693 2250 890 2301 escam,
916 2252 1018 2290 non
1046 2236 1267 2290 solidum
1295 2238 1463 2292 cibum
1500 2239 1614 2311 [ΑΙ.
1633 2282 1645 2301 ,
1673 2252 1866 2311 polum.
1897 2261 1999 2296 non
2039 2244 2264 2315 escam],

701 2325 822 2393 quia
849 2342 951 2378 non
975 2326 1210 2395 potuistis
1237 2328 1485 2398 accipere,
1517 2330 1605 2384 sed
1637 2331 1850 2384 necdum
1879 2335 2109 2401 potestis,
2140 2335 2264 2403 quia

697 2412 938 2467 carnales
976 2416 1117 2468 estis.
1164 2414 1404 2471 Carnalis
1446 2421 1582 2472 enim
1626 2422 1778 2473 homo
1822 2438 1922 2475 non
1968 2425 2179 2493 percipit
2206 2442 2267 2478 ea

705 2519 820 2571 qua:
842 2502 938 2555 Dei
958 2512 1108 2566 sunt;
1136 2504 1384 2574 spiritalis
1424 2508 1559 2560 enim
1588 2509 1763 2580 om_nia
1789 2509 2041 2577 dijudicat
2066 2510 2117 2582 (I
2145 2510 2263 2565 Cor.

709 2612 791 2659 Ill,
813 2595 890 2665 2),
923 2596 973 2649 id
1006 2604 1107 2659 est,
1139 2597 1393 2651 discernit
1417 2586 1885 2667 etjudicatXUnde
1906 2610 1959 2654 et
1984 2602 2095 2671 ipsa
2119 2603 2269 2657 Veri-

708 2695 791 2739 tas
818 2686 868 2738 in
891 2684 1176 2754 Evangelio
1201 2686 1516 2755 quibusdam
1546 2688 1993 2742 calumniantibus
2021 2704 2117 2741 cur
2144 2703 2268 2758 apo-

709 2774 829 2829 stoli
851 2771 1260 2842 nonjejunarent
1280 2776 1417 2828 sicut
1429 2776 1681 2830 Phansmi
1697 2777 2001 2845 etdiscipuli
2028 2775 2268 2840 Joannis,

710 2862 982 2930 respondit
1008 2879 1020 2914 :
1047 2861 1211 2915 Nemo
1232 2863 1383 2915 mittit
1406 2864 1577 2917 vinum
1606 2882 1786 2918 novum
1812 2867 1866 2918 in
1896 2876 2031 2919 utres
2054 2877 2235 2920 veteres
2249 2883 2269 2932 ;

712 2950 942 3019 alioquin
974 2958 1021 3002 et
1061 2960 1198 3002 utres
1245 2962 1572 3018 rumpuntur,
1602 2963 1646 3004 et
1695 2953 1865 3007 vinum
1893 2955 2193 3023 effunditur,
2225 2966 2269 3008 et

713 3048 851 3094 utres
878 3038 1112 3110 peribunt
1140 3038 1352 3109 (Matth.
1372 3057 1446 3103 Ix,
1478 3042 1584 3112 17).
1608 3042 1707 3109 Qui
1733 3054 1857 3097 sunt
1877 3053 2021 3099 utres
2044 3055 2269 3107 veteres,

714 3131 815 3186 nisi
838 3132 929 3199 qui
963 3130 1015 3183 in
1042 3132 1351 3200 gentilitatis
1385 3135 1658 3187 erroribus
1692 3136 2123 3189 obduravcrunt?
2150 3137 2269 3204 qui-

718 3218 819 3271 bus
844 3217 890 3270 si
931 3216 1259 3288 [austeriora
1313 3219 1505 3290 (Edit.,
1552 3222 1988 3294 austerioribus)]
2029 3224 2081 3277 in
2124 3225 2272 3279 initio
2297 3203 2345 3268 ϐ

720 3305 839 3360 ﬁdei
887 3322 1035 3361 nova:
1067 3308 1454 3376 praedicationis
1489 3319 1751 3379 pneccpta
1797 3312 2102 3376 tradideris,
2127 3328 2274 3366 rum-

624 3434 625 3441 η
717 3402 931 3466 puntur,
952 3386 1008 3449 et
1033 3397 1098 3451 ad
1126 3405 1333 3453 veteres
1366 3400 1774 3455 consuetudines
1827 3400 2063 3470 perﬁdia:
2109 3401 2278 3454 rcvol-
2346 3431 2353 3441 ε

719 3493 930 3538 vuntttr.

783 3572 1123 3627 Constantior
1149 3581 1232 3627 est
1260 3573 1449 3647 itaque
1488 3574 1555 3627 ad
1584 3589 1741 3629 omne
1767 3570 1900 3644 opus
1927 3590 2077 3629 mens
2111 3576 2279 3631 multo

714 3668 955 3737 tempore
987 3662 1039 3714 in
1064 3677 1230 3716 sacrm
1250 3662 1373 3716 ﬁdei
1398 3664 1800 3717 consecratione
1826 3666 2096 3729 roborata,
2119 3680 2279 3734 quam

714 3748 925 3803 novella
968 3749 1345 3817 praedicatione
1394 3750 1623 3803 initiata.
1664 3750 1834 3804 Aliter
1877 3751 2019 3805 enim
2060 3760 2279 3807 sanctus

720 3825 928 3903 Petrus,
954 3848 1236 3910 postquam
1258 3849 1433 3895 musto
1453 3842 1620 3895 sancti
1646 3840 1878 3912 Spiritus
1911 3843 2143 3911 repletus
2171 3859 2274 3908 esr,

712 3926 773 3979 in
801 3926 1007 3982 Palatio
1037 3928 1278 3980 Romano
1322 3942 1421 3994 pro
1457 3927 1560 3981 ﬁde
1605 3928 1905 3982 Christiana
1954 3928 2151 3983 Neroni
2198 3946 2281 3984 re-

723 4013 967 4080 spondit;
997 4021 1051 4066 et
1079 4012 1235 4065 aliter
1266 4014 1321 4065 in
1367 4013 1524 4067 domo
1553 4013 1766 4084 Caiphae
1807 4031 1905 4083 pro
1949 4016 2281 4073 confessione

726 4101 1072 4171 discipulatus
1098 4099 1295 4155 Christi
1318 4102 1525 4156 ancilla:
1568 4105 1858 4172 respondit.
1889 4103 1988 4159 Hic
2016 4106 2278 4169 timidior,

724 4186 831 4246 illic
859 4188 1204 4259 constantior.
1242 4186 1353 4242 Hoc
1378 4189 1645 4259 exemplar
1670 4190 1770 4243 fuit
1797 4190 2116 4260 fragilitatis,
2154 4194 2281 4249 illud

725 4276 1065 4334 fortitudinis.
1104 4277 1270 4342 Quem
1293 4277 1536 4332 Christus
1562 4286 1683 4347 post
1704 4282 2146 4335 resurrectionem
2169 4283 2281 4350 pie—

784 4365 1069 4440 tis-intuitu
1099 4367 1235 4420 trina
1259 4365 1561 4435 dilectionis
1590 4383 1697 4421 suae
1723 4368 2051 4435 professione
2078 4371 2143 4424 ad
2174 4372 2285 4440 pri-

725 4454 895 4521 stipa.
918 4454 1192 4519 dignitatis
1219 4457 1574 4525 principatum
1614 4459 1906 4520 remeavit,
1934 4468 2093 4527 atque
2120 4476 2246 4514 oves
2263 4500 2277 4525 ,

722 4560 859 4630 quas
888 4544 1104 4630 βρυτὶο
1122 4544 1345 4598 redemit
1363 4546 1639 4612 sanguine,
1659 4549 2282 4617 commendavitpascen-
2312 4537 2357 4594 Β

727 4626 827 4688 das
862 4626 1243 4705 (ladanum):
1277 4641 1538 4701 quatenus
1576 4634 1747 4687 bonus
1792 4645 1974 4704 pastor
2018 4637 2282 4707 intellige-

726 4734 826 4787 ret,
851 4738 955 4776 non
978 4737 1186 4791 semper
1221 4721 1588 4791 delinquentes
1621 4725 2080 4792 dura,invectione
2118 4730 2280 4783 casti—

724 4825 871 4878 gare,
899 4809 993 4863 sed
1013 4826 1151 4879 szepe
1181 4811 1280 4879 pia:
1309 4813 1687 4866 consolationis
1725 4815 2087 4871 admonitione
2116 4819 2282 4871 corri-

724 4912 871 4966 gere.
894 4896 1026 4950 Nam
1056 4907 1110 4951 et
1152 4899 1263 4966 ipse
1286 4900 1540 4953 Dominus
1582 4910 1763 4954 noster
1808 4900 1963 4956 Jcsus
2005 4903 2281 4968 Christus,

730 4987 854 5041 dum
883 5000 914 5039 a
939 4982 1134 5039 Iudaeis
1166 4993 1457 5040 tentaretur
1489 4988 1554 5042 de
1602 4988 1821 5043 muliere
1864 4991 2132 5057 adultera,
2180 5009 2284 5047 non

720 5075 909 5131 statim
933 5074 1116 5144 legalis
1152 5088 1430 5130 censuram
1466 5078 1741 5133 sententia:
1766 5081 2005 5147 protulit,
2047 5084 2139 5137 sed
2168 5085 2285 5136 ~hu—

724 5168 970 5223 utilitatis
1018 5167 1263 5236 exemplo
1302 5182 1365 5221 se
1412 5168 1670 5224 inclinans
1715 5172 1982 5225 scribebat
2031 5172 2084 5225 in
2145 5182 2287 5226 terra

728 5256 911 5327 (locu.
936 5255 1081 5327 ηπ),
1118 5266 1177 5311 ut
1202 5257 1502 5327 designaret
1529 5259 1797 5313 doctorem
1825 5262 2051 5328 propria:
2083 5259 2286 5331 fragili-

728 5336 858 5397 tatis
881 5333 1063 5412 culpas
1090 5345 1144 5399 in
1172 5345 1388 5415 pulvere
1412 5347 1495 5400 sui
1521 5348 1699 5402 cordis
1737 5350 1885 5416 prius
1914 5349 2211 5419 depingere,
2236 5363 2289 5407 et

732 5432 812 5513 sic
839 5429 1009 5507 aliena
1033 5432 1215 5513 mitius
1244 5433 1530 5507 diiudicare
1551 5445 1788 5505 peccata.
1824 5436 1893 5489 At
1915 5439 1958 5491 si
1982 5438 2136 5504 hujus
2165 5457 2290 5496 con-

722 5512 1287 5590 ‘8iderstionis‘regula
1329 5525 1382 5578 in
1425 5527 1568 5578 omni
1593 5535 1750 5580 artate
1771 5535 1827 5580 et
1867 5531 2139 5595 proposito
2167 5520 2289 5584 dili—

722 5617 919 5675 genter
953 5611 1231 5667 tractanda
1252 5620 1352 5675 est,
1376 5622 1576 5681 quanto
1602 5617 1771 5683 magis
1811 5618 1865 5670 in
1886 5618 1970 5672 his
2000 5620 2089 5672 aui
2114 5621 2180 5675 ab
2205 5638 2292 5683 cr;-

803 5727 829 5754 ι
868 5714 1005 5771 Edit‘.
1034 5718 1282 5785 Quercet.
1312 5721 1402 5786 90,
1430 5736 1492 5774 ex
1522 5737 1621 5775 ms.
1657 5724 1908 5791 (Froben.
1940 5729 2047 5792 3|).

2367 1999 2484 2066 pori
2522 1999 2820 2053 conveniat.
2858 1997 2989 2063 Qute
3010 1998 3190 2051 omnia
3209 1999 3395 2052 beatus
3421 1994 3712 2068 Gregorius
3739 1996 3933 2051 claris«

2365 2089 2537 2142 simus
2568 2088 2754 2142 doctor
2781 2081 3006 2143 in'lihro
3032 2088 3321 2157 Pastoralis
3347 2088 3500 2143 Curre
3537 2088 3931 2142 studiosissime

2366 2176 2672 2244 exquisivit,
2695 2177 2939 2244 personis
2983 2176 3248 2240 distinxit,
3268 2177 3527 2244 exemplis
3572 2176 3833 2237 ﬁrmavit,
3876 2187 3936 2229 et

2367 2264 2666 2319 divinarum
2690 2265 3085 2333 Seripturarum
3135 2266 3448 2320 auctoritate
3505 2265 3802 2319 roboravit.
3849 2264 3934 2318 Ad

2367 2352 2519 2420 cujus
2538 2353 2659 2408 libri
2683 2354 2964 2409 lectionem
2994 2364 3068 2419 te,
3090 2355 3419 2410 sanctissime
3442 2353 3653 2422 prtesul,
3691 2353 3933 2418 remitto,

2366 2446 2655 2500 obsecrans
2681 2453 2741 2498 ut
2766 2444 2909 2498 illum
2955 2445 3147 2514 saepius
3188 2445 3340 2512 quasi
3362 2443 3689 2499 enchiridion
3730 2443 3937 2496 habeas

2368 2534 2423 2588 in
2446 2533 2689 2587 manibus
2709 2540 2763 2586 et
2790 2533 3043 2611 in|corde
3082 2532 3330 2586 retineas.
3358 2530 3436 2585 Ac
3460 2531 3576 2586 ideo
3598 2530 3722 2584 dum
3765 2530 3937 2597 pluri-

2367 2639 2487 2678 mos
2527 2631 2597 2686 te,
2625 2606 2933 2677 beatissime
2958 2606 3139 2687 Pater,
3172 2633 3479 2679 sanctorum
3514 2625 3790 2678 doctorum
3823 2623 3938 2678 scio

2368 2714 2535 2768 libros
2556 2715 2773 2775 habere,
2802 2713 3001 2782 legere,
3054 2721 3108 2766 et
3140 2715 3292 2767 ﬁrma
3320 2722 3503 2768 tenere
3542 2715 3800 2768 memoria
3820 2752 3836 2776 ,
3876 2720 3937 2765 et

2370 2802 2598 2856 maxime
2641 2801 2694 2855 in
2732 2801 2925 2855 divinis
2951 2802 3142 2856 litteris
3175 2803 3465 2857 studiosum
3505 2816 3623 2856 esse
3668 2815 3931 2871 agnoscov

2370 2907 2824 2964 supervacaneum
2849 2909 2969 2948 esse
2995 2894 3207 2947 videtur
3238 2909 3368 2947 mea:
3386 2894 3633 2948 litterulis
3653 2893 3935 2961 imperitia:

2371 2994 2474 3039 tute
2500 2986 2773 3054 sapientia:
2793 3000 2949 3040 aures
2973 2999 3251 3053 occupare.
3292 2983 3399 3040 Nisi
3427 2985 3704 3039 charitatis
3725 2992 3932 3037 tantum

2373 3088 2532 3129 causa
2562 3090 2734 3127 meam
2764 3077 3226 3143 prmsumptimem
3253 3076 3575 3129 ante'ocules
3598 3074 3934 3128 auctoritatis

2373 3171 2566 3216 vestrae
2583 3162 2744 3230 iuste,
2770 3170 2829 3217 ut
2856 3171 3006 3239 puto,
3028 3178 3282 3217 excusare
3331 3163 3554 3232 poterit;
3593 3161 3929 3224 nedilcctio,

2375 3266 2493 3319 qua:
2520 3252 2663 3304 intus
2686 3251 2836 3305 ardet
2855 3251 2908 3303 in
2932 3252 3112 3313 corde,
3145 3260 3286 3304 muta
3316 3250 3445 3305 foris
3479 3251 3721 3304 videatur
3745 3250 3797 3302 in
3818 3265 3933 3301 ver-

2375 3339 2478 3392 bis.
2502 3339 2704 3403 Ad‘huc
2723 3338 2865 3392 enim
2892 3338 3137 3391 videntur
3162 3339 3320 3397 verba
3346 3340 3647 3394 hominibus
3676 3339 3796 3391 data
3816 3380 3830 3402 ,
3877 3348 3933 3392 ut

2377 3439 2571 3479 arcana
2587 3424 2765 3478 cordis
2787 3424 3036 3477 fraternis
3063 3424 3279 3478 auribus
3302 3424 3574 3487 infundere
3602 3425 3830 3479 valeant.
3854 3426 3934 3479 Ad

2326 3506 2336 3513 ’
2378 3513 2480 3567 hoc
2506 3513 2742 3581 epistolae
2776 3513 3112 3577 scribuntur,
3159 3522 3217 3567 ut
3247 3554 3260 3577 ,
3298 3530 3402 3582 quo
3440 3516 3723 3567 verborum
3770 3531 3936 3568 sonus

2376 3600 2655 3667 pervenire
2708 3616 2814 3655 non
2862 3601 3095 3669 poterit,
3138 3600 3431 3657 litterarum
3460 3600 3632 3654 oﬁieia
3672 3610 3931 3664 currant;

2377 3696 2638 3756 quatenus
2649 3699 2846 3745 mutua:
2873 3689 3150 3743 charit'atis
3171 3690 3223 3741 in
3243 3689 3480 3757 apicibus
3499 3689 3650 3759 signa
3678 3681 3935 3741 fraternis

2378 3776 2649 3839 obtutibus
2684 3778 3149 3832 demonstrentur:
3183 3786 3241 3830 ut
3280 3776 3373 3829 ﬁat
3410 3777 3707 3829 animorum
3733 3776 3787 3828 in
3810 3776 3911 3829 cba

2380 3869 2537 3922 ritate
2565 3870 2865 3938 prmsentia,
2906 3869 2996 3922 ubi
3028 3877 3112 3921 est
3157 3853 3683 3936 corporum/propter
3728 3866 3934 3934 longiu-

2380 3942 2637 4025 quitatem
2676 3956 2786 4028 44
2831 3957 3068 4011 locorum
3122 3958 3380 4013 absentia.
3433 3957 3477 4013 0
3525 3956 3646 4011 felix
3684 3966 3739 4010 et
3777 3957 3932 4011 beata

2381 4045 2512 4110 vita,
2544 4045 2632 4099 ubi
2659 4044 2870 4115 semper
2895 4047 3037 4115 quod
3080 4056 3289 4100 amatur
3312 4046 3521 4101 videtur
3544 4055 3600 4099 et
3625 4047 3766 4115 quod
3791 4046 3935 4100 vidc-

2380 4142 2469 4188 tur
2508 4150 2778 4204 nunquam
2828 4135 3055 4189 fastidit!
3094 4135 3190 4190 Ubi
3242 4135 3377 4189 Deus
3423 4135 3669 4191 omnibus
3704 4143 3934 4188 aeternus

2382 4241 2533 4279 amor
2558 4265 2573 4289 ,
2621 4222 2819 4279 teterna
2863 4225 2981 4282 laus
3002 4264 3016 4287 ,
3057 4225 3222 4292 gloria
3256 4233 3310 4278 et
3344 4222 3633 4279 beatitudo.
3680 4224 3763 4277 Ad
3797 4224 3933 4279 hanc

2380 4324 2509 4366 vero
2541 4314 2713 4384 vitam
2727 4322 2782 4365 et
2822 4311 3129 4388 felicitatem
3159 4325 3242 4363 me
3267 4311 3577 4365 familiarem
3611 4319 3759 4363 tuum
3803 4311 3934 4364 asSi-

2382 4401 2499 4455 duis
2525 4403 2773 4470 precibus
2802 4412 2856 4457 et
2891 4402 3350 4457 exhortationibus
3377 4411 3550 4457 tecum
3575 4402 3762 4464 trabe,
3805 4415 3932 4468 qua-

2387 4499 2538 4545 tenus
2560 4500 2681 4559 post
2714 4492 2869 4559 hujus
2881 4493 3003 4547 vitae
3022 4492 3343 4561 procellosas
3366 4500 3708 4561 tempcStates
3734 4490 3799 4544 ad
3814 4504 3930 4559 per-

2383 4589 2554 4649 petua:
2565 4588 2776 4649 portum
2800 4581 3014 4650 quietis,
3041 4580 3256 4636 Christo
3281 4582 3585 4642 miserante,
3614 4589 3787 4633 tecum
3812 4588 3930 4644 per-

2384 4669 2565 4721 venire
2590 4684 2816 4723 merear.
2846 4670 3089 4724 Vestram
3118 4670 3453 4723 sanctitatem
3482 4668 3532 4720 in
3566 4666 3811 4719 omnibus
3840 4664 3930 4716 bo-

2348 4791 2363 4803 .
2386 4759 2468 4811 nis
2495 4758 2682 4812 ﬂorere
2725 4768 2778 4813 et
2803 4759 2868 4812 ad
2891 4767 3199 4827 perpetuam
3232 4759 3372 4811 Deus
3405 4756 3558 4811 Jesus
3588 4754 3843 4823 proﬁcere
3861 4752 3930 4805 fa-

2388 4849 2493 4901 ciat
2527 4846 2853 4910 felicitatem,
2880 4845 3365 4901 desiderantissime
3405 4843 3571 4918 frater
3597 4843 3653 4897 in
3699 4842 3925 4896 Christo.

2824 4968 2851 4997 ι
2878 4957 3207 5012 EPISTOLA
3243 4956 3499 5012 XXXVII.

2893 5064 2957 5101 AD
2994 5059 3209 5102 lto-NI)!
3246 5057 3419 5119 FEGEI
3428 5082 3442 5095 .

2989 5135 3165 5203 (Anno
3202 5130 3344 5201 796.)

2390 5221 2497 5275 I’io
2522 5223 2735 5290 captivis
2758 5224 2812 5275 in
2839 5221 2969 5275 bello
2998 5190 3262 5342 ‘lluntico,
3382 5236 3475 5288 pro
3513 5190 3953 5286 hostibus‘aepreo‘

2773 5340 2775 5342 ,
3089 5306 3149 5342 ea
3175 5307 3257 5342 ur.

3089 5306 3257 5343 catur.

2462 5377 2677 5432 Domine
2703 5381 2774 5432 mi
2799 5379 3158 5439 dilectissime,
3189 5387 3245 5432 et
3277 5376 3598 5440 dulcissime,
3626 5385 3681 5432 et
3700 5373 3939 5441 omnium,

2391 5468 2876 5534 desiderantissime
2919 5469 2990 5521 mi
3031 5466 3222 5521 David!
3256 5464 3445 5519 Tristis
3488 5472 3569 5519 est
3599 5462 3818 5525 Flaccus
3847 5473 3926 5511 ve-

2392 5567 2501 5611 ster
2554 5568 2768 5627 propter
2816 5558 3175 5611 inﬁrmitatem
3212 5566 3462 5610 vestram.
3513 5554 3685 5623 Opto,
3733 5562 3787 5605 et
3827 5558 3927 5602 toto

2393 5650 2550 5701 corde
2574 5650 2736 5703 Deum
2761 5650 3015 5716 deprecor
3036 5658 3096 5699 ut
3119 5647 3225 5701 cito
3244 5646 3584 5713 convaleatis,
3609 5651 3667 5697 ut
3692 5642 3926 5711 gaudium
