4232 6458
143 526 234 589 197

1533 516 1903 573 ΕΙἸΒΤΟΙηιῊ.

3261 489 3356 549 I98

128 655 375 703 nostrum
417 652 482 698 Sil
509 642 723 713 plenum
748 642 802 695 in
827 640 979 693 vobis
1010 678 1022 702 ,
1067 645 1122 690 et
1144 636 1345 690 sanitas
1387 642 1567 685 vestra
1617 631 1688 682 sit
1719 637 1765 690 Λ
1789 641 1883 679 ore
1906 666 1922 690 ,
1967 622 2258 678 honestatis
2280 616 2521 684 exempla
2572 616 2624 666 in
2684 613 2953 672 utorihus;
2988 617 3046 663 ut
3107 604 3360 713 teldivina

141 697 578 803 plenawanimact
596 743 841 798 corpore.
862 697 1087 781 Domine
1114 723 1218 776 mi!
1251 735 1456 775 memor
1492 718 1563 771 sit
1593 716 1702 785 pic-
1801 716 1997 783 ubique
2023 710 2301 767 clementia
2324 707 2521 759 exaltet
2541 713 2595 758 et
2628 704 2933 800 custodiam
2954 697 3367 797 Haecxohsccro.

143 835 223 879 tas
238 829 412 877 vestra
433 821 785 889 captivorum,
800 829 825 856 ι
848 816 972 881 dum
988 822 1073 868 est
1086 811 1342 880 Pippinus
1358 817 1481 861 tuus
1503 816 1697 863 tecum,

144 919 354 980 propter
397 906 692 978 gratiarum
737 903 975 957 actiones
1005 898 1267 955 mirabilis
1294 893 1537 949 beneﬁcii
1563 890 1702 960 quod

145 1000 412 1054 vobiscum
454 998 482 1037 1³
517 995 583 1048 de
637 993 843 1047 [innuis
894 991 1071 1045 divina
1121 988 1248 1070 fecit
1303 983 1604 1043 clementia,
1653 988 1706 1032 et
1754 1034 1757 1039 ι

146 1099 361 1160 propter
380 1086 786 1157 prosperitatcm
833 1079 1226 1137 imminentium
1250 1090 1429 1130 rerum
1457 1088 1471 1125 :
1500 1080 1557 1125 ut
1602 1070 1707 1122 cle-

148 1159 472 1234 mentissima
522 1175 664 1228 illius
700 1162 960 1241 potentia
1011 1182 1201 1223 omnes
1256 1162 1593 1219 adversarios
1628 1159 1707 1212 sui

148 1267 317 1322 sancti
341 1263 574 1319 nominis
615 1261 809 1315 vestris
861 1258 1116 1312 velociter
1160 1252 1407 1321 subjiciat
1459 1248 1709 1319 pedibus:

151 1358 242 1413 sed
269 1364 325 1411 et
348 1357 415 1410 de
437 1353 783 1424 peccantibus
816 1352 870 1404 in
907 1365 1023 1412 vos,
1060 1347 1105 1402 si
1136 1346 1250 1399 ﬁeri
1294 1342 1501 1412 possit,
1547 1347 1602 1392 et
1628 1352 1715 1390 ve-

152 1454 274 1498 strae
290 1443 530 1497 videatur
549 1439 918 1511 providentia,
933 1437 1109 1504 aliqua
1137 1435 1204 1489 de
1227 1431 1493 1501 aliquibus
1520 1428 1613 1481 ﬁat
1638 1426 1716 1478 in-

155 1531 415 1602 dulgentia
443 1538 497 1584 et
528 1528 797 1583 remissio.
828 1527 1027 1581 Tamen
1078 1529 1293 1593 propter
1323 1518 1622 1588 incognitas
1650 1515 1720 1567 il-

155 1624 325 1677 lorum
350 1635 539 1675 causas
565 1618 775 1673 cautius
799 1617 865 1671 de
892 1616 978 1669 his
1020 1614 1228 1681 loquor.
1283 1610 1391 1663 Vos
1431 1607 1572 1661 enim
1617 1603 1716 1672 ipsi

157 1712 354 1781 optime
379 1711 531 1765 scitis
547 1710 690 1778 quod
727 1707 859 1761 utile
886 1714 971 1759 est
995 1718 1159 1773 regno
1185 1699 1338 1755 vobis
1366 1716 1394 1753 a
1419 1699 1529 1752 Deo
1555 1697 1677 1749 dato
1702 1732 1717 1757 ,

150 1808 211 1852 et
246 1798 363 1867 paci
407 1804 607 1850 sanctae
643 1794 738 1847 Dei
776 1791 1037 1867 Ecclesia:
1074 1786 1391 1859 proﬁcuum.
1443 1783 1722 1837 Facientes

160 1888 370 1942 faciatis
411 1888 466 1940 in
496 1885 744 1941 omnibus
776 1883 1103 1938 voluntatem
1136 1878 1252 1942 Dei,
1274 1883 1537 1946 quatenus
1580 1872 1722 1925 illius

1799 804 1987 856 charta
2041 809 2215 852 tecum
2263 797 2316 849 in
2353 793 2715 848 testiinonium
2770 790 2968 843 amoris
3012 784 3115 849 mei
3161 790 3369 852 pergat.

1803 891 1913 945 Etsi
1933 904 2036 942 non
2066 888 2135 943 sit
2158 886 2314 954 digna
2347 893 2449 936 tua:
2473 879 2831 933 venerationis
2856 879 3071 946 cingulo
3095 874 3371 945 suspendi,

1809 990 1983 1032 tamen
2012 977 2128 1044 ejus
2153 972 2447 1028 admonitio
2468 971 2625 1038 digna
2658 970 2728 1021 sit
2753 968 2807 1020 in
2844 968 3006 1021 corde.
3039 976 3139 1019 ture
3167 965 3376 1032 sapien-

1810 1072 1895 1122 ti.e
1930 1067 2166 1131 recondi.

1885 1181 2010 1233 Vive
2038 1179 2146 1230 Deo
2175 1175 2386 1232 ﬂorens,
2422 1174 2535 1223 beta
2561 1171 2905 1239 gaudensque
2934 1168 3121 1221 salute.

1956 1267 2183 1318 Dextera
2213 1274 2264 1317 te
2295 1261 2492 1315 tlhristi
2517 1267 2757 1327 protegat
2783 1267 2943 1325 atque
2978 1266 3144 1322 regat.

1887 1358 2139 1415 Obsecro,
2171 1352 2512 1407 commendes
2539 1350 2714 1402 Albini
2742 1357 2797 1401 ut
2829 1364 3018 1401 nomen
3051 1348 3273 1414 ubique.

1957 1446 2001 1498 0
2033 1444 2126 1505 ﬁli,
2157 1422 2389 1503 famulis,
2425 1456 2522 1508 per
2549 1436 2637 1493 tua
2666 1455 2849 1505 regna,
2875 1439 2986 1491 Dei.

2271 1549 2289 1586 ί
2325 1547 2651 1601 EPISTULA
2689 1546 2925 1598 XXXIX.

2209 1656 2274 1691 AD
2311 1657 2338 1690 Ρ
2352 1653 2573 1691 ιι·ι.ικι“ιι
2611 1652 2765 1689 ινιτιιι
2782 1651 3002 1689 \RCIIA“.

1822 1734 1968 1787 Scire
2013 1732 2149 1799 cupit
2198 1728 2341 1799 quid]
2370 1727 2577 1799 (lerictis
2612 1725 2677 1776 Ila
2702 1726 2816 1776 uuis
2861 1741 2953 1799 pro
2985 1734 3147 1799 garris
3181 1738 3390 1799 (ρηγίν-

1888 1803 2035 1855 sione
2063 1790 2271 1853 ucturum
2296 1798 2365 1848 sit
2402 1795 2655 1846 l’aulmus
2687 1810 2748 1844 uc
2784 1790 3072 1861 strpius’ml
3114 1809 3167 1843 ac
3195 1790 3393 1841 litteras

1891 1869 2025 1923 mitti
2050 1867 2296 1943 postulat.

160 1976 493 2032 sanctissima
520 1973 691 2043 gratia
719 1987 816 2025 vos
839 1968 1176 2039 proﬁcientes
1197 1940 1394 2033 ubique
1430 1966 1677 2031 protegat
1704 1998 1719 2022 .
1750 1942 1801 2001 Β
1897 1940 2253 2021 Dilectissimo
2277 1962 2421 2015 Patri
2449 1969 2501 2013 et
2523 1961 2611 2028 pio
2634 1940 2871 2027 pontiﬁci
2909 1958 3129 2011 Paulino
3162 1958 3391 2026 patriar-

158 2071 310 2133 regat
328 2072 383 2117 et
408 2052 689 2121 custodiat,
716 2058 932 2113 domine
949 2064 1004 2109 et
1031 2053 1335 2110 duicissime
1354 2049 1724 2106 etdesideran-

164 2150 386 2205 tissime.

587 2247 609 2275 ο
650 2232 980 2289 EPISTOLA
1019 2231 1299 2288 XXXVIII.

760 2342 825 2378 AD
863 2338 1131 2378 PIPPIXUI.

780 2414 956 2482 (Auno
991 2409 1136 2479 796.)

330 2497 546 2574 'Dptima
569 2502 793 2571 suggerit
821 2501 935 2553 vita:
969 2498 1185 2568 agenda:
1225 2497 1549 2549 documenta.

234 2572 577 2664 Nobilissimo
628 2590 886 2657 nobisque
922 2572 1289 2640 amantissimo
1317 2583 1426 2637 ﬁlio
1451 2582 1477 2620 ἀ
1508 2581 1733 2651 Pippin

168 2684 411 2744 Albinus,
433 2674 486 2733 in
507 2678 708 2732 Christi
737 2677 1020 2731 dilectione
1045 2675 1293 2728 salutem.

242 2771 454 2824 Gratias
484 2768 690 2836 agimus
730 2764 1111 2819 benevolentiae
1140 2772 1261 2824 tute.
1291 2761 1448 2817 simul
1469 2771 1523 2815 et
1549 2761 1735 2830 pietati

169 2857 349 2913 damni
379 2856 538 2925 regis,
567 2854 657 2922 qui
680 2854 766 2921 pie
791 2853 1054 2919 consentit
1095 2851 1332 2920 petitioni
1358 2849 1736 2917 redemptionis

172 2947 526 3019 captivorum.
575 2943 699 2998 Scio
751 2958 847 2997 vos
889 2943 943 2996 in
977 2942 1169 2995 talibus
1221 2942 1434 3009 p'etatis
1485 2938 1737 3007 operibus

172 3035 470 3106 promereri
495 3034 917 3089 benedictionem
939 3072 953 3097 ,
1004 3042 1055 3085 et
1086 3032 1376 3100 longaevam
1405 3030 1547 3095 regni
1587 3044 1739 3099 pros-

173 3126 457 3196 peritatem
472 3124 713 3192 adipisci.
740 3123 807 3176 Et
822 3131 899 3186 tu,
923 3122 1367 3176 excellentissime
1389 3114 1621 3189 juvenis,
1646 3136 1738 3174 no-

176 3215 437 3272 bilitatem
487 3212 845 3283 gEnerationis
903 3226 1111 3264 morum
1159 3210 1434 3264 nobilitate
1480 3210 1743 3263 adornare

174 3303 427 3365 studeas;
465 3310 521 3355 et
582 3299 675 3354 Dei
738 3298 1115 3367 omnipotentis
1163 3297 1529 3359 voluntatem,
1581 3303 1741 3363 atque

175 3393 285 3465 55
318 3394 575 3446 honorem
623 3397 734 3444 tota
759 3389 956 3442 virtute
1001 3387 1221 3456 implere
1250 3386 1527 3448 contende,
1556 3395 1742 3452 quate-

178 3499 282 3537 nus
304 3482 446 3536 illius
479 3478 861 3535 inaestimabilis
888 3478 1059 3547 pictas
1103 3476 1292 3531 solium
1317 3475 1464 3544 regni
1495 3475 1570 3528 tui
1595 3472 1742 3527 exal-

181 3579 278 3635 tet,
303 3578 358 3625 et
383 3569 643 3623 terminos
678 3553 890 3631 dilatet,
935 3574 989 3619 et
1008 3573 1194 3635 gentes
1236 3573 1339 3619 tua:
1371 3562 1619 3631 subjiciat
1644 3576 1742 3630 po-

80 3700 87 3706 -
184 3660 384 3716 testati.
414 3658 543 3713 Esto
574 3657 757 3727 largus
800 3656 855 3709 in
908 3654 1143 3718 miseris,
1170 3653 1287 3723 pius
1317 3654 1368 3706 in
1410 3652 1706 3722 peregrinis
1728 3690 1742 3713 ,

182 3750 411 3805 devotus
439 3749 494 3801 in
548 3744 768 3801 servitio
796 3741 995 3798 Christi
1029 3761 1041 3795 :
1077 3741 1273 3795 Servos
1311 3741 1430 3795 illos
1464 3740 1592 3811 ΗΧ,
1618 3736 1743 3807 illis]

181 3847 240 3891 et
258 3836 530 3891 Ecclesias
547 3834 839 3889 honoriﬁce
861 3839 1119 3895 tractans,
1140 3839 1195 3884 et
1234 3838 1294 3883 ut
1324 3830 1503 3884 sedula
1534 3829 1746 3884 illorum

182 3928 360 3982 oratio
398 3933 452 3979 te
479 3925 711 3993 adjuvet.
759 3925 888 3979 Esto
931 3925 1186 3979 honestus
1220 3924 1272 3977 in
1315 3924 1745 3986 conversatione,

183 4025 368 4069 castus
389 4014 697 4081 incorpore.
712 4013 919 4068 Laetare
951 4025 974 4052 ο
999 4029 1118 4068 cum
1131 4013 1354 4067 muliere
1381 4012 1752 4067 adolescentia:

185 4115 313 4166 tum,
343 4111 398 4158 et
426 4096 533 4158 nou‘
555 4103 664 4157 sint
707 4104 894 4157 alienae
922 4103 1209 4172 participes
1232 4105 1328 4167 tui,
1367 4112 1426 4157 ut
1456 4090 1753 4155 benedictio

186 4192 286 4248 tibi
314 4206 348 4244 a
380 4190 489 4245 Deo
514 4191 636 4245 data
660 4190 715 4243 in
741 4190 952 4258 longam
982 4203 1231 4265 nepotum
1258 4190 1509 4258 procedat
1530 4190 1754 4257 posteri-

185 4290 380 4336 tatem.
403 4276 535 4334 Esto
561 4270 716 4333 for‘tis
738 4279 791 4332 iu
822 4279 1178 4345 adversarios,
1209 4279 1382 4334 ﬁdelis
1416 4280 1468 4332 iu
1506 4270 1707 4334 amicos
1735 4319 1748 4343 ,

184 4369 409 4424 humilis
433 4367 771 4433 Christianis,
807 4369 1061 4429 terribilis
1082 4369 1301 4445 paganis
1320 4409 1334 4433 ,
1405 4368 1630 4423 aﬁ‘abilis
1657 4369 1754 4422 mi-

185 4460 349 4520 seris,
384 4458 637 4526 providus
658 4458 710 4511 iu
738 4458 992 4513 consiliis.
1023 4457 1185 4513 Utere
1226 4458 1450 4513 consilio
1483 4473 1667 4512 senum
1688 4465 1755 4514 .et

186 4542 419 4607 servitio
436 4542 712 4613 juvenum.
734 4545 803 4598 Et
827 4547 1095 4614 asquitatis
1133 4545 1334 4614 judicia
1360 4547 1413 4599 in
1450 4561 1613 4616 regno
1640 4554 1749 4611 tuo,

186 4622 245 4705 et
280 4634 402 4687 laus
427 4632 522 4686 Dei
554 4632 750 4701 ubique
798 4633 945 4687 horis
971 4635 1391 4701 competentibus
1417 4643 1660 4700 resonet;
1701 4644 1755 4688 et

116 4744 121 4747 τ
187 4723 431 4779 maxime
456 4722 509 4774 in
547 4721 828 4789 praesentia
871 4721 1086 4790 pietatis
1114 4729 1236 4776 tute.
1285 4718 1419 4786 Quia
1453 4714 1754 4790 hujusmodi

186 4810 414 4868 devotio
459 4810 512 4862 in
537 4808 730 4865 ofﬁciis
751 4810 1129 4864 ecclesiasticis
1152 4810 1259 4863 Deo
1286 4819 1337 4863 te
1360 4809 1641 4867 amabilem
1670 4808 1752 4863 fa-

188 4899 327 4964 ciet,
354 4905 410 4952 et
435 4898 740 4951 hominibus
762 4887 1129 4953 honorabilem
1158 4898 1371 4958 efﬁciet.
1407 4895 1525 4952 Sint
1548 4898 1643 4953 tibi
1664 4914 1742 4953 so-

188 4987 446 5045 brietatis
468 4985 816 5056 cogitationes
860 4987 915 5040 in
961 4988 1157 5053 corde,
1204 4988 1444 5042 veritatis
1491 4988 1648 5041 verba
1700 4988 1756 5040 in

266 5137 476 5209 {Dum
512 5146 586 5189 est
618 5134 879 5209 Pippmuq
918 5144 1241 5209 tuustecuru.
1261 5137 1588 5209 ‘Aquisgrani
1616 5138 1757 5209 haud

193 5206 382 5268 dubie,
409 5219 514 5274 quo
552 5214 671 5274 post
700 5205 1012 5274 'Huunicamr
1042 5205 1619 5274 expeditionem'anno
1657 5207 1759 5260 796

194 5273 452 5336 accessit,
482 5273 804 5327 ut’narrant
850 5273 1081 5326 Annales
1120 5273 1467 5328 Francorum.
1520 5275 1759 5327 Postula-

198 5340 338 5409 tioui
362 5340 571 5395 Aleuini
606 5342 673 5396 de
702 5342 1061 5409 redemptione
1089 5343 1418 5409 captivorum
1444 5344 1629 5395 annuit
1652 5343 1756 5396 Ca-

196 5408 373 5480 rolus,
398 5415 461 5461 ut
505 5418 654 5478 patet
673 5424 741 5465 ex
768 5408 922 5463 initio
955 5408 1188 5473 epistola
1219 5411 1292 5463 ad
1314 5410 1613 5480 Pippinum,
1640 5425 1758 5479 qua:

712 5506 857 5628 Quos
902 5544 1281 5628 Pippinusnlioc
1306 5550 1445 5599 anno
1475 5547 1577 5600 796
1603 5547 1759 5611 suhee

199 5615 303 5685 git,
344 5613 569 5667 teatihus
600 5612 717 5679 ejus
744 5624 852 5668 tem
926 5612 1011 5667 ris
1026 5613 1323 5667 annalibus.
1613 5648 1616 5652 λ

276 5694 303 5722 ο
343 5681 485 5751 Edit.
514 5679 763 5745 Quercet.
802 5628 977 5751 an:
1020 5695 1119 5734 ms.
1167 5680 1415 5751 (Froben.
1461 5681 1572 5751 55).
1627 5684 1755 5737 Data

208 5682 227 5685 '
276 5694 303 5722 ο
343 5682 485 5736 Edit.
514 5682 763 5745 Quercet.
802 5682 874 5761 9i
909 5695 977 5762 ea
1020 5695 1119 5734 ms.
1167 5682 1415 5763 (Froben:
1461 5682 1572 5803 551).
1627 5684 1755 5764 Data

201 5765 351 5805 anno
376 5747 501 5812 796,
523 5756 804 5817 postquam
816 5748 1068 5817 Ptpptuuc
1084 5751 1153 5804 ab
1173 5750 1507 5817 expeditione
1547 5750 1757 5805 lunmca

202 5819 604 5889 Aquisgranum
647 5817 713 5871 ad
756 5816 1038 5881 Carolum,
1085 5816 1296 5885 patrem
1338 5834 1490 5872 suum
1522 5859 1535 5883 ,
1581 5821 1753 5872 rediit.

1825 2056 1941 2111 Cha:
1968 2054 2211 2113 Albinus,
2260 2059 2450 2104 vestrm
2485 2049 2624 2101 ﬁlius
2665 2047 2992 2109 dilectionis,
3037 2056 3307 2116 perpetua:
3339 2047 3391 2098 in

1702 2162 1715 2172 ί
1743 2171 1747 2174 ν
1825 2142 2047 2200 Christo
2073 2138 2444 2211 prosperitatis
2473 2137 2719 2189 salutem.

1900 2231 1957 2285 Si
1985 2229 2225 2299 quotidie
2246 2237 2349 2279 tuac
2367 2223 2709 2278 beatitu.!inis
2730 2222 3010 2291 praesentia
3038 2228 3235 2281 uterer,
3264 2235 3399 2275 nun-

1829 2334 1990 2389 quam
2029 2318 2243 2388 [tanten
2275 2320 2289 2384 (
2319 2315 2488 2376 Edit.,
2522 2311 2710 2382 tunc)]
2758 2311 3010 2365 tuellilluo
3056 2326 3121 2364 ex
3167 2324 3261 2363 ore
3308 2318 3401 2361 tuo
3444 2346 3450 2351 .

1831 2410 2108 2466 dulcedine
2128 2409 2356 2462 satiarer
2372 2447 2384 2467 ,
2415 2405 2506 2457 scd
2530 2412 2785 2470 quantum
2809 2402 2962 2455 avida
2992 2417 3139 2455 mens
3160 2416 3223 2454 ex
3254 2400 3402 2454 fonte

1833 2502 2011 2555 vitalis
2032 2500 2185 2554 unda:
2220 2499 2443 2558 biberet,
2472 2503 2676 2547 tantum
2703 2492 2855 2563 [ϐοά.
2886 2490 3023 2555 Sal.,
3052 2490 3252 2562 tamen]
3280 2491 3400 2544 sitis

1835 2592 2017 2645 addita
2049 2596 2334 2643 cresceret.
2386 2584 2456 2638 At
2500 2600 2639 2638 nunc
2677 2593 2819 2636 tanta
2847 2583 3086 2637 locorum
3117 2582 3287 2650 spatia
3315 2581 3396 2633 vi—

1835 2680 1995 2731 cariae
2042 2675 2413 2731 collocutionis
2442 2671 2859 2726 familiaritatem
2900 2671 3178 2734 dividunt,
3222 2670 3403 2735 ut_vi_x

1837 2767 2105 2835 pergentis
2128 2764 2381 2837 chartula;
2407 2762 2623 2832 gerulus
2649 2761 2973 2814 inveniatur.
3015 2759 3081 2813 Et
3105 2760 3156 2812 in
3180 2769 3407 2827 angusto

1840 2857 2073 2926 pectoris
2098 2864 2254 2908 antro
2273 2853 2549 2908 charitatis
2568 2853 2670 2905 olla
2701 2851 2967 2914 fervescit,
2996 2868 3093 2904 nec
3117 2852 3273 2905 habet
3299 2867 3405 2920 quo

1840 2942 2097 3012 fulgorem
2122 2932 2209 2995 ξω
2236 2939 2532 3010 Splendoris
2553 2940 2816 3005 ostendat,
2852 2940 2936 2995 cui
2964 2948 3147 3003 coctus
3169 2940 3405 2994 charita-

1841 3036 1908 3089 tis
1930 3035 2113 3101 (Epulas
2141 3040 2370 3100 apponat
2396 3049 2408 3083 :
2441 3041 2495 3084 et
2522 3032 2911 3099 quodammodo
2931 3031 3253 3083 abundantia
3282 3046 3375 3083 sua
3396 3061 3408 3070 -

1840 3126 2021 3179 vitatis
2046 3139 2199 3179 versa
2220 3131 2301 3175 est
2331 3123 2382 3175 in
2408 3122 2637 3175 esuriem
2668 3120 3079 3174 amaritudinis?
3118 3120 3175 3174 in
3207 3122 3409 3189 pampi-

1843 3198 1926 3270 nis
1952 3216 2074 3268 vilis
2099 3212 2347 3273 ﬂorescit,
2378 3211 2471 3264 sed
2495 3210 2668 3263 cultor
2698 3208 2853 3276 hujus
2881 3209 3047 3263 vinea:
3072 3208 3413 3262 infructuosa:

1846 3320 1949 3357 non
1987 3318 2044 3357 se
2077 3302 2276 3373 [Edit.,
2313 3299 2388 3372 te]
2418 3299 2607 3369 pascit.
2645 3298 2889 3368 Agricola
2919 3298 3141 3352 uniones
3177 3299 3311 3352 eruit
3351 3299 3415 3350 de

1844 3392 2010 3462 glarie
2053 3390 2263 3462 [Edit.,
2293 3388 2524 3461 gloria],
2582 3389 2675 3441 sed
2722 3404 2921 3441 aurum,
2945 3389 2996 3441 in
3038 3404 3172 3457 Opus
3204 3404 3415 3442 corona:

1848 3481 2045 3536 deﬁcit.
2087 3478 2279 3542 Novit,
2325 3478 2415 3546 qui
2445 3492 2651 3530 mecum
2691 3477 2811 3529 talia
2842 3475 3299 3547 [patitur(Edit.,
3327 3491 3416 3545 pa-

1848 3571 2057 3643 trum)]
2093 3570 2222 3640 quid
2272 3571 2385 3624 luce
2439 3568 2739 3638 signiﬁcare
2794 3568 2979 3622 volunt
3023 3567 3413 3637 paradigmata.

1845 3662 2007 3716 Forte
2042 3668 2096 3714 ct
2120 3661 2311 3713 harum
2339 3658 2508 3711 lector
2528 3657 2825 3711 litterarum
2856 3657 3015 3711 talem
3044 3673 3100 3711 se
3133 3666 3415 3729 memorat.

1846 3749 2058 3818 qualem
2092 3764 2179 3802 me
2228 3746 2471 3816 agnoscit
2510 3746 2563 3799 in
2611 3746 2749 3811 illis;
2802 3755 2873 3799 et.
2901 3747 3133 3799 maxime
3160 3754 3231 3806 tu,
3260 3744 3419 3798 Pater

1847 3828 2067 3899 sancte;
2085 3838 2150 3891 de
2179 3834 2332 3902 cujus
2358 3835 2518 3888 corde
2564 3834 2683 3887 fons
2726 3834 2907 3904 [verm
2935 3844 3149 3887 emanat
3178 3834 3415 3886 eharita-
3469 3840 3477 3848 ·

1850 3927 1918 3980 tis
1945 3924 2133 3995 (Edit.,
2157 3924 2299 3986 vit-.e,
2325 3930 2557 3983 emanat,
2581 3920 2867 3992 charitas)]
2888 3930 2941 3975 et
2964 3904 3183 3985 ﬁumina
3206 3921 3269 3974 de
3295 3936 3423 3973 ven-

1852 4026 1932 4069 tre
1959 4014 2074 4082 ejus
2111 4013 2281 4067 ﬁuunt
2308 4028 2460 4081 aqua:
2488 4012 2640 4066 viva).
2670 4012 2737 4066 Et
2758 4013 2850 4081 qui
2881 4013 2994 4066 hmc
3030 4012 3081 4065 in
3104 3996 3423 4065 consolatio-

1850 4122 1972 4161 nem
2006 4105 2160 4177 [ϐοά.
2189 4104 2305 4159 Sal.
2334 4113 2381 4157 et
2415 4102 2474 4157 S.
2502 4103 2820 4156 Emmerami
2839 4144 2853 4168 ,
2882 4100 3267 4174 consolatione]
3309 4105 3419 4174 spei

1850 4203 2048 4248 nostra
2075 4192 2340 4261 promisit,
2371 4193 2444 4245 tui
2476 4177 2914 4246 est'inhabitator
2934 4194 3188 4259 pectoris,
3225 4186 3315 4261 qui
3341 4203 3423 4265 est

1852 4285 2020 4336 virtus
2051 4282 2149 4353 [et]
2177 4282 2435 4349 sapientia
2460 4282 2583 4346 Dei;
2624 4282 2675 4334 in
2705 4280 2857 4348 cujus
2894 4282 3127 4349 potentia
3168 4291 3222 4335 et
3247 4268 3420 4351 gratia

1855 4374 2167 4427 mirabiliter
2195 4375 2218 4411 ε
2241 4371 2612 4425 deAvarorum
2633 4380 2788 4441 gente
2810 4370 2959 4443 [Ed.,
2983 4372 3200 4444 genere]
3236 4373 3424 4427 trium-

1854 4464 2073 4532 phatum
2093 4468 2216 4515 est:
2249 4474 2475 4529 quorum
2509 4459 2657 4513 missi
2711 4459 2777 4513 ad
2819 4459 3069 4514 domuum
3118 4476 3297 4530 regem
3347 4462 3423 4514 di-

1778 4586 1838 4649 υ
1859 4550 2009 4612 recti,
2031 4548 2414 4617 subjectionem
2434 4547 2708 4616 paciﬁcam
2737 4555 2790 4601 et
2812 4546 3233 4603 Christianitatis
3262 4548 3420 4601 ﬁdem

1856 4640 2246 4708 promittentes.
2305 4639 2372 4691 Et
2423 4639 2468 4691 si
2521 4638 2653 4700 hoc,
2707 4637 2884 4691 divina
2931 4654 3025 4692 eos
3069 4639 3427 4709 prmvenicnte

1854 4727 2043 4795 gratia,
2071 4740 2257 4778 verum
2287 4732 2409 4787 est,
2452 4725 2573 4792 quis
2607 4739 2663 4778 se
2690 4738 2965 4778 servorum
2996 4725 3086 4779 Dei
3115 4734 3221 4801 tam
3250 4727 3338 4794 pio
3368 4737 3424 4781 et

1856 4815 2107 4881 laudabili
2132 4815 2301 4868 labori
2326 4815 2641 4885 subtrahere
2668 4813 2846 4877 debet,
2873 4822 2929 4868 ut
2951 4813 3151 4869 diaboli
3180 4816 3426 4883 diruatur

1855 4910 2055 4964 saevitia
2076 4949 2089 4971 ,
2139 4918 2194 4963 et
2235 4907 2434 4963 Christi
2469 4907 2678 4962 Domini
2724 4906 2887 4961 rCod.
2917 4905 3033 4962 Sal.
3062 4907 3190 4978 Dei]
3216 4916 3423 4963 crescat

1857 4996 2132 5050 servitium
2148 4996 2171 5048 ?
3150 4994 3156 4999 ’

1854 5143 1974 5212 Vid.
2014 5146 2171 5211 epist.
2201 5142 2455 5212 priorem.

1922 5211 1950 5250 δ
1992 5208 2234 5279 Pippino'.
2260 5210 2545 5279 Pippjntts,
2576 5216 2732 5279 antea
2766 5208 3189 5265 Carolomannus
3225 5210 3421 5275 dictus,

1922 5225 1949 5250 σ
1992 5225 2055 5265 ιιι
2148 5228 2234 5264 no.
2260 5225 2354 5279 np
2393 5225 2545 5273 mus,
2576 5225 2732 5264 antea
2766 5225 3189 5265 barelomannus
3225 5225 3421 5275 unctus,

1855 5230 2228 5361 Carolimgni
2258 5287 2313 5361 et
2351 5225 2682 5361 Fﬁldegatzlis
2724 5279 2909 5361 ﬁlius._
2929 5279 3004 5332 De
3032 5292 3097 5332 eo
3122 5279 3275 5361 plura
3304 5282 3428 5335 vide

1856 5346 1993 5470 ξι)ῗὲιίιὲ
2016 5345 2236 5418 Pagium
2260 5348 2327 5401 ab
2353 5361 2492 5399 anno
2510 5345 2617 5400 776
2645 5363 2815 5417 usque
2841 5347 2910 5402 ad
2935 5345 3138 5401 annum
3156 5349 3261 5404 810
3317 5366 3428 5419 quo

1932 5434 2011 5469 ιιι.
2851 5437 2855 5441 '

1931 5496 1953 5554 ς
1993 5484 2120 5554 Cum
2149 5482 2382 5554 muliere,
2405 5491 2510 5554 etc.
2547 5483 2828 5554 Quaerilla?
2853 5482 3392 5554 Nullihihproditur,“
3430 5513 3434 5518 “

1934 5552 1953 5590 τ
1996 5552 2159 5623 Εᾴἰῑ.’
2190 5550 2439 5623 Quereet.
2477 5553 2641 5623 “2L
2661 5552 2843 5623 Canis.
2898 5552 2959 5623 ω
3004 5550 3271 5623 (Froben.
3311 5552 3424 5623 34).
3456 5606 3463 5607 ,

1857 5620 2149 5675 Emendata
2177 5634 2243 5674 ex
2267 5621 2421 5675 codd.
2450 5636 2579 5676 mss.
2611 5620 2806 5674 Salisb.
2837 5629 2895 5675 et
2915 5622 2971 5676 S.
2998 5620 3349 5675 Emmerami.

1930 5691 1982 5759 9_
1994 5688 2067 5759 De
2089 5688 2374 5759 Avaroruut
2401 5698 2546 5759 gente
2562 5689 2949 5759 triumphatum
2969 5699 3061 5743 est.
3091 5688 3255 5759 Anno,
3275 5706 3429 5747 nem-

2104 5758 2244 5824 quod
2282 5754 2419 5823 jam'
2449 5756 2643 5826 szepius
2694 5754 3063 5813 adnotavimus
3116 5773 3185 5814 ex
3231 5757 3428 5814 Annal.
