4232 6408
802 479 900 532 199

1646 475 1706 528 Β.
1746 475 1806 529 ι’.
1849 475 2068 528 ALBINI
2107 473 2238 529 δεῖ)
2277 471 2546 527 ALGUiNl
2592 469 2876 526 OPERUH
2914 469 3092 526 PARS
3127 469 3166 524 ι.

861 588 971 658 46
995 586 1097 640 Sed
1123 600 1280 654 quam
1315 585 1663 654 plurimon
1707 585 1761 637 in
1799 593 1850 638 te
1875 626 1888 647 ,
1941 593 2091 654 pater
2128 585 2350 654 optime,
2381 585 2426 642 Α
2523 583 2700 636 Donec
2728 581 2982 650 suscipiat
3006 579 3129 633 felix
3163 587 3212 632 te
3243 587 3398 647 porta
3421 577 3666 648 polorum

791 678 930 732 oculi
978 675 1298 744 respiciunt,
1354 673 1480 742 quid
1523 681 1700 727 vestra
1749 673 2050 727 veneranda
2095 673 2354 726 sanctitas

795 767 969 820 facere
1002 763 1150 818 velit.
1187 762 1319 828 Quia
1346 771 1401 816 et
1429 762 1678 815 vicinitas
1720 761 1960 815 locorum
2007 760 2100 814 tibi
2139 775 2352 828 compe-

797 856 879 917 tit,
903 862 958 908 et
982 851 1255 920 sapientia:
1284 851 1445 904 decus
1466 849 1608 921 [tibi]
1638 850 1904 918 suppetit,
1941 855 1996 902 et
2018 848 2349 902 auctoritatis

795 942 1108 998 excellentia
1152 932 1492 1010 tibi'appetit
1515 981 1529 1005 ,
1569 949 1624 994 et
1668 948 1859 994 cuncta
1887 940 2208 994 conveniunt
2234 954 2354 1008 quze

797 1031 884 1084 tali
913 1030 1060 1097 operi
1085 1029 1380 1082 necessaria
1411 1043 1530 1082 esse
1563 1029 1829 1083 videntur.
1869 1028 1988 1082 Ideo
2021 1043 2153 1082 mea:
2183 1029 2355 1097 parvi-

795 1124 923 1178 tatis
968 1122 1252 1176 curiositas
1306 1120 1427 1190 [per
1475 1129 1525 1174 te
1564 1119 1730 1191 (Edit.
1757 1161 1772 1184 ,
1816 1118 2160 1191 propterea)]
2199 1119 2353 1186 hujus

796 1222 995 1266 sancta:
1025 1212 1101 1265 rei
1135 1206 1320 1281 [scire]
1370 1208 1635 1263 desiderat
1676 1209 1954 1262 veritatem
1973 1249 1988 1273 ,
2019 1217 2072 1260 et
2097 1217 2201 1262 tua:
2228 1223 2354 1262 con-

796 1301 974 1355 silium
1019 1299 1258 1367 deposcit
1295 1297 1626 1365 prudentiae:
1669 1296 1750 1350 vel
1801 1296 1927 1364 quid
1964 1295 2156 1349 exinde
2197 1308 2354 1364 agere

797 1399 906 1444 tam
951 1391 1091 1443 bona
1131 1387 1376 1450 voluntas
1422 1386 1767 1439 deliberatum
1810 1385 2021 1448 habeat,
2066 1399 2355 1453 agnoscere

797 1481 1018 1550 ﬂagitat.
1057 1481 1202 1550 Opus
1225 1479 1368 1533 enim
1411 1479 1632 1532 arduum
1675 1486 1787 1542 est,
1819 1479 1911 1546 sed
1935 1479 2046 1546 ipsa
2069 1486 2354 1532 attestante

799 1557 1036 1626 Veritate
1066 1610 1081 1634 ,
1141 1569 1318 1622 omnia
1371 1569 1569 1622 scimus
1620 1583 1740 1622 esse
1786 1568 2057 1636 possibilia
2117 1567 2352 1623 credenti

799 1662 992 1729 (Marc.
1025 1678 1101 1725 ix,
1130 1661 1242 1728 Ἡ).
1283 1661 1346 1712 Et
1370 1664 1459 1728 qui
1481 1660 1545 1713 de
1573 1667 1910 1727 persecutore
1935 1657 2062 1712 fecit
2095 1659 2352 1727 prrediea—

800 1758 971 1802 torem
1002 1748 1054 1816 (Ι
1087 1747 1218 1800 Tim.
1260 1761 1296 1811 ι,
1343 1747 1461 1816 15),
1516 1756 1571 1800 et
1611 1747 1678 1800 de
1716 1755 1950 1801 stercore
1977 1747 2132 1816 erigit
2157 1762 2355 1816 paupe-

800 1853 933 1901 rem,
967 1847 1023 1891 ut
1046 1838 1227 1891 sedeat
1247 1853 1370 1893 cum
1395 1837 1720 1905 principibus
1747 1835 1916 1906 (Psal.
1942 1852 2080 1898 exn,
2113 1837 2196 1907 7);
2241 1837 2352 1906 ipse

2590 668 2702 732 Qua
2737 683 2939 722 memor
2978 675 3124 721 esto.
3145 705 3161 718 .
3182 705 3195 717 .
3249 663 3340 736 [ι’.
3367 665 3535 735 suppl.
3561 663 3781 738 precor]
3804 679 4023 736 semper

3571 753 3597 826 ί
3619 756 3674 809 in
3695 769 3791 811 ore
3813 756 3945 810 mei.

2963 823 2990 861 ιι
3022 821 3346 878 EPISTOLA
3385 823 3498 878 XL.

2872 926 2938 964 so
2967 926 3216 974 ουειιωιι
3257 896 3598 982 (natura).

2454 1000 2579 1054 Post
2605 1001 2813 1073 longum
2848 1000 3063 1073 Paulini
3090 1002 3382 1073 _silentiu_m,
3421 1005 3635 1073 receptis
3663 1021 3798 1073 num:
3829 1005 4020 1062 litteris

2519 1070 2767 1188 gaudium
2789 1086 2939 1149 suum
2967 1070 3244 1150 signiﬁcet.
3290 1069 3414 1152 Post
3437 1069 3546 1124 Iure
3580 1073 3634 1126 in
3667 1072 3850 1128 laudes
3873 1074 4020 1129 Pan-

2538 1155 2614 1188 sm
2636 1148 2861 1188 excurrit
2880 1154 2897 1188 :
2939 1154 3001 1188 ac
3048 1148 3228 1188 mortis
3269 1155 3450 1188 meam:
3477 1149 3628 1188 olm
3647 1157 3860 1188 suorum
3899 1160 4020 1188 net.

2538 1140 2614 1192 ini
2636 1140 2861 1191 excurrit
2879 1154 3001 1210 ;_a_c
3048 1139 3228 1190 mortis
3269 1140 3450 1210 vicinte
3477 1149 3628 1210 atque
3647 1157 3860 1196 suorum
3898 1160 4022 1210 pec-

2520 1160 2614 1192 um
2636 1160 2897 1200 excurrit;
2939 1160 3001 1191 ac
3048 1160 3228 1190 morus
3269 1160 3450 1192 νιευιιε
3477 1160 3628 1210 atque
3647 1160 3860 1196 suorum
3965 1162 4022 1198 ι’·

2519 1207 3126 1327 σαιοηιεάτῗηιὶηἱεεεηε
3185 1223 3239 1262 se
3289 1207 3523 1276 precibus
3565 1209 3706 1264 illius
3746 1160 4022 1267 humiliter

2519 1291 2716 1328 eamme
2791 1291 2820 1327 α
2851 1287 2880 1326 .’

2527 1374 2549 1400 ε
2585 1362 2716 1415 Dum
2755 1360 2872 1432 [Ρη
2900 1363 3058 1432 sicut]
3089 1364 3342 1419 fetventis
3373 1363 3564 1420 Cancri
3600 1368 3784 1436 igneus
3822 1369 3905 1423 sol
3940 1371 4018 1425 si-

2452 1452 2550 1506 dus
2570 1453 2828 1516 ascendit,
2853 1462 2908 1505 et
2931 1453 3095 1507 nimio
3113 1455 3471 1524 diuturnoque
3511 1456 3688 1512 calore
3731 1459 3880 1512 arida
3919 1461 4021 1514 tel-

2450 1539 2533 1592 lus
2559 1541 2758 1594 imbres
2801 1551 3102 1609 exspectat;
3132 1542 3212 1596 sic
3240 1551 3366 1608 tua,
3411 1544 3571 1598 Pater
3601 1545 3818 1613 optime,
3851 1547 3907 1601 in
3940 1563 4024 1602 re-

2453 1628 2726 1698 frigerium
2776 1631 2952 1696 magni
3000 1633 3198 1684 amoris
3237 1632 3425 1686 sitiens
3461 1634 3514 1687 in
3544 1648 3662 1688 meo
3680 1645 3900 1703 pectore
3924 1652 4021 1690 vo-

2451 1718 2628 1771 luntas
2681 1725 2786 1772 tua:
2830 1719 3172 1783 beatitudinis
3232 1721 3323 1775 diu
3386 1723 3722 1778 desiderabat
3780 1723 4015 1779 litteras.

2451 1805 2645 1860 lterum
2675 1815 2830 1875 atque
2855 1808 3044 1862 iterum
3077 1825 3172 1878 per
3207 1810 3410 1879 singula
3451 1811 3703 1866 horarum
3742 1824 4018 1867 momenta

798 1896 970 1997 potest
1011 1929 1076 1982 de
1107 1929 1253 1982 arida
1287 1896 1462 1981 cordis
1487 1896 1591 1989 mei
1607 1896 1768 1982 caute
1804 1927 2002 1982 rivulos
2025 1896 2348 1991 vivi'fon-tis,
2383 1907 2428 1965 Β
2452 1903 2684 1997 ίῗδψξωθ
2720 1896 2821 1997 P°°
2850 1897 3178 1997 _r?v_°l_v_el_mﬁ
3217 1897 3492 1997 e“?3i“'}'j
3526 1898 4018 1997 Qufnd?_venie'_n

798 2026 853 2071 et
897 2019 950 2070 in
997 2018 1162 2091 vitam
1205 2016 1442 2070 salientis
1482 2017 1778 2085 producere
1820 2025 2111 2070 aeternam:
2153 2025 2352 2084 quanto

800 2108 970 2176 magis
1017 2106 1102 2177 [de
1161 2114 1336 2159 vestro
1379 2114 1596 2174 pectore
1639 2107 2096 2161 abundantissimo
2137 2106 2351 2160 ﬂumina

798 2193 1067 2248 Gehonica
1116 2192 1336 2247 ﬂuentia
1387 2191 1555 2259 (Cod.
1617 2193 1730 2247 Sal.
1787 2195 1853 2249 de
1895 2203 2074 2249 vestro
2123 2195 2354 2264 pectoris

798 2281 1253 2336 abundantissimo
1278 2280 1489 2335 ﬂumine
1511 2280 1740 2336 Geonica
1767 2281 1983 2353 ﬂuenta)
2013 2283 2032 2355 ]
2067 2299 2164 2354 per
2188 2294 2352 2339 totam

801 2369 1009 2425 Nilotici
1067 2370 1209 2423 ruris
1260 2369 1589 2423 latitudinem
1638 2371 1704 2423 ad
1751 2369 2113 2426 fecundandos
2157 2373 2354 2429 diversi

801 2459 1011 2526 generis
1037 2457 1195 2511 ﬂores
1221 2456 1513 2510 diﬂ'undere
1540 2457 1708 2510 valet?
1731 2456 1946 2524 Audiat,
1974 2460 2218 2526 obsecro,
2262 2477 2357 2530 per

802 2557 853 2601 te
874 2545 1140 2600 unanimis
1163 2553 1267 2620 tua:
1289 2545 1565 2601 eharitatis
1594 2545 1766 2614 filius,
1793 2549 1921 2617 quid
1959 2560 2177 2618 paterna
2221 2567 2356 2620 pra:-

801 2637 977 2688 ridcat
999 2636 1259 2705 agendum
1287 2636 1588 2704 prudentia.
1630 2636 1999 2693 Certissimum
2025 2640 2202 2709 itaque
2229 2656 2355 2695 con-

799 2726 977 2779 silium
1024 2725 1208 2780 salutis
1245 2741 1342 2795 per
1388 2741 1450 2780 os
1479 2725 1625 2781 illius
1657 2729 1861 2795 sperari
1887 2729 2064 2791 debet,
2091 2728 2242 2796 cujus
2261 2743 2355 2796 pe-

799 2814 965 2868 ctoris
1029 2812 1354 2881 septiformis
1395 2812 1706 2883 [Spiritusl
1767 2816 1978 2870 consilii
2033 2816 2356 2872 inhabitator

801 2899 965 2973 [esse]
992 2901 1338 2973 dignoscitur.

868 3053 1029 3109 Binas
1056 3062 1245 3109 vestra:
1274 3055 1581 3124 paternitati
1603 3055 1760 3125 paulo
1784 3065 1906 3110 ante
1935 3057 2104 3111 direxi
2133 3057 2352 3111 charm-

801 3147 903 3212 las,
933 3162 1092 3202 unam
1139 3161 1234 3216 per
1271 3155 1513 3201 sanetum
1557 3159 1582 3188 ι
1607 3147 1913 3217 episcopum
1951 3147 2301 3203 Histrienscm
2337 3161 2353 3200 :

2453 1985 2736 2040 desiderati
2763 1988 2864 2041 mei
2887 1988 3182 2043 dulcissimi
3208 1989 3422 2058 apices?
3454 1988 3676 2055 Quando
3694 1991 3908 2046 videam
3937 1994 4015 2046 si-

2451 2089 2556 2142 gna
2595 2075 2784 2130 salutis
2821 2077 3150 2132 dilectissimi
3194 2077 3339 2132 mei?
3396 2076 3620 2145 Quando
3661 2079 3793 2134 ibi
3841 2081 4014 2135 Auso-

2453 2164 2554 2217 nia:
2577 2165 2870 2219 nobilitatis
2894 2167 3083 2236 pagina
3113 2168 3280 2235 optati
3317 2167 3721 2236 prosperitatem
3765 2171 4017 2225 ostendet

2453 2252 2632 2316 amici,
2662 2261 2720 2307 nt
2748 2253 2949 2308 videam
2971 2255 3077 2326 4³1
3103 2253 3149 2309 si
3178 2255 3354 2325 aliqua
3392 2255 3666 2312 findet-aue
3702 2258 3756 2312 in
3795 2258 4016 2315 Christo

2453 2346 2700 2400 amicitias
2726 2346 2780 2400 in
2811 2347 2952 2400 illius
2986 2353 3205 2415 pectore
3244 2356 3458 2402 maneat
3497 2349 3794 2413 memoria;
3845 2349 3892 2403 si
3929 2349 4016 2402 ΑΙ-

2453 2431 2564 2484 bini
2590 2432 2671 2486 sui
2694 2447 2889 2486 nomen
2931 2434 3071 2502 style
3097 2433 3372 2487 eharitatis
3408 2433 3462 2486 in
3488 2433 3666 2488 cordis
3694 2449 3894 2489 arcano
3924 2451 4014 2489 re-

2453 2520 2722 2573 conditum
2751 2521 2966 2583 habeat,
2996 2521 3134 2574 sicut
3164 2513 3536 2576 suavissimum
3588 2521 3791 2576 Paulini
3834 2521 4017 2578 Patris

2454 2618 2671 2676 nomen,
2713 2615 2970 2676 perpetua
3019 2608 3336 2677 dilectione,
3378 2609 3434 2662 in
3478 2609 3641 2664 corde
3675 2609 3767 2663 lilii
3795 2612 4016 2666 etet-nia

2453 2695 2595 2764 viget
2617 2695 2812 2751 litteris
2841 2697 3189 2766 inscriptum?

2529 2784 2547 2822 ί
2578 2785 2715 2840 Ecce
2754 2785 2901 2838 venit
2923 2825 2939 2848 ,
2984 2800 3111 2840 ecce
3138 2787 3286 2840 venit
3303 2796 3537 2856 paterna:
3553 2788 3770 2858 pietatis
3790 2789 4011 2860 pagina,

2453 2891 2615 2945 quam
2640 2876 2729 2931 diu
2756 2875 3149 2939 desiderabam,
3187 2877 3333 2931 omni
3365 2877 3519 2932 melle
3543 2877 3720 2945 palato
3743 2892 3869 2932 meo
3890 2878 4014 2957 βαι-

2453 2967 2587 3031 cior,
2631 2965 2777 3020 omni
2823 2965 3022 3020 obrvso
3063 2965 3235 3019 oculis
3264 2964 3642 3020 bonorahilior.
3683 2960 3834 3020 [lane
3860 2965 4013 3022 hctus

2452 3054 2712 3107 ambabus
2751 3051 3078 3120 accipiebam
3122 3053 3388 3117 manibus,
3428 3043 3486 3107 et
3520 3060 3632 3109 toto
3647 3052 4013 3122 amplectebar

2451 3149 2684 3210 pectore,
2736 3155 3054 3209 suspensus,
3104 3142 3232 3211 quid
3273 3143 3404 3198 mihi
3451 3144 3517 3197 de
3565 3158 3684 3198 meo
3735 3143 4011 3199 nuntiaret

801 3237 960 3290 aliam
984 3250 1080 3304 per
1102 3235 1276 3288 virum
1308 3235 1658 3290 venerabilem
1681 3235 1932 3292 Aericum
1958 3237 2164 3291 ducem.
2194 3235 2212 3308 [
2236 3237 2264 3276 ιδ
2288 3237 2352 3291 Et
2374 3230 2426 3296 Ω
2451 3228 2708 3286 Paulino?
2733 3229 3037 3301 Solutisque
3061 3230 3280 3302 sigillis,
3314 3232 3483 3288 avidis
3518 3232 3792 3288 oculorum
3817 3234 4011 3290 obtutio

802 3322 1107 3377 utinamvel
1137 3323 1251 3378 habe
1282 3323 1437 3376 tertia
1466 3331 1736 3378 mereatur
1759 3323 1989 3393 aliquam
2015 3334 2204 3380 vestra:
2231 3326 2356 3380 bea-

803 3412 1043 3465 titudinis
1090 3411 1539 3485 exhortationem]
1584 3424 1852 3484 nespreta
1898 3415 2134 3470 charitas
2164 3414 2371 3486 [quar—~

804 3499 934 3572 tam]
966 3516 1154 3570 rugosa
1195 3501 1369 3557 fronte
1389 3543 1404 3564 ,
1447 3503 1531 3556 vel
1568 3504 1854 3572 queruloso
1879 3501 2102 3559 calamo
2133 3519 2356 3560 exarare

803 3588 1039 3655 incipiat.
1091 3588 1435 3657 Nequaquam
1480 3591 1533 3643 in
1576 3600 1919 3658 augmentum
1961 3592 2189 3649 tristitize
2225 3609 2358 3649 meae

805 3677 1002 3729 diutius
1025 3687 1219 3738 taceas,
1243 3678 1336 3732 sed
1362 3675 1503 3750 [per]
1526 3679 1771 3748 spiritum
1805 3681 2186 3738 consolationis
2207 3684 2298 3738 tibi
2325 3701 2355 3738 a

699 3807 703 3812 .
806 3765 914 3817 Deo
939 3767 1138 3829 datum,
1169 3765 1469 3835 frequentes
1511 3770 1642 3824 mihi
1687 3771 1864 3839 apices
1895 3771 2070 3828 facere
2103 3774 2358 3830 almitatis

801 3860 993 3906 vestra:
1019 3854 1398 3910 consolatiOnis
1430 3872 1535 3910 non
1566 3859 1822 3926 graveris,
1869 3867 1929 3914 ut
1956 3862 2062 3916 tuis
2086 3863 2242 3917 bonis
2265 3877 2356 3916 ex-

804 3939 1192 3995 hortationibus
1211 3952 1264 3995 et
1291 3943 1491 3996 sanctis
1513 3945 1844 4002 orationibus
1865 3947 2104 4015 adjutus,
2141 3951 2207 4004 ad
2235 3966 2358 4019 sup-

803 4026 1129 4094 plementum
1151 4029 1412 4083 mercedis
1435 4031 1531 4085 tibi
1559 4041 1845 4101 perpetuas,
1867 4035 2046 4089 divina
2067 4037 2360 4094 auxiliante

806 4116 1170 4171 misericordia
1192 4157 1207 4183 ,
1271 4118 1390 4174 vita:
1437 4129 1674 4176 aeternas
1705 4130 1881 4178 tecum
1927 4127 2193 4196 particeps
2238 4143 2357 4184 esse

806 4220 1032 4266 merear.

877 4385 898 4412 ε
928 4375 1140 4428 Floreat
1165 4378 1217 4429 in
1243 4389 1422 4434 vestro
1449 4382 1644 4438 divinis
1666 4394 1880 4453 pectore
1903 4388 2056 4441 donis
2158 4405 2161 4408 ·

945 4461 1166 4530 Semper
1190 4466 1243 4518 in
1277 4476 1530 4522 aeternum
1556 4472 1760 4539 sophia,
1791 4483 1973 4528 sancte
1999 4475 2176 4530 Pater.

876 4550 940 4603 Et
967 4551 1095 4604 mibi
1117 4564 1395 4609 conservet
1422 4555 1620 4611 Christi
1642 4559 1830 4614 dextra
1856 4563 2234 4634 omnipotentis
2296 4556 2299 4559 ’

861 4648 866 4651 ’
943 4640 1280 4706 Incolumem,
1307 4645 1510 4701 meritis
1535 4657 1724 4718 augeat
1746 4641 2001 4706 aetheriis.

831 4847 834 4850 .
871 4798 904 4834 ’³
946 4793 1250 4864 Episcopum
1313 4797 1670 4856 Histriemm.
1750 4803 1949 4857 Omnes
1998 4804 2356 4864 Aquileiensis

709 4901 712 4904 .
791 4862 1094 4941 provinciae
1133 4862 1370 4941 episcopi
1415 4868 1708 4941 antiquitus
1744 4871 1874 4923 dicti
1897 4879 2020 4941 sunt
2056 4862 2229 4941 huic
2249 4875 2357 4941 epi-

807 4932 972 5019 scopi,
989 4939 1046 5010 ut
1090 4939 1232 5019 patet
1269 4932 1613 5019 ex‘concilio_
1641 4937 2021 5019 Bouianosuh
2058 4932 2353 5019 Agathone.

806 4998 1633 5089 PBEBPEE'EI‘EE'FE‘stsiawb
1656 5007 1965 5089 ,ραιτίατομη
1993 4998 2284 5089 Αεθῖιιοιιε.
2303 4998 2358 5064 εί

807 5067 987 5122 caeteri
1037 5067 1538 5126 Mediterranearnm
1578 5067 1782 5128 sedium
1827 5091 1858 5130 e
1897 5067 2069 5145 iscopi
2100 5086 2358 5133 vocantur

811 5136 984 5204 {striae
1024 5137 1243 5204 episcopi
1285 5137 1519 5204 (Madris.
1573 5141 1704 5204 Opp.
1742 5143 1801 5198 S.
1840 5091 2066 5204 19ααὶηῂ
2111 5162 2165 5204 ι).
2206 5146 2354 5204 205).

811 5141 1242 5282 ἓξὲξεεῒῖᾖμ
1251 5141 1544 5282 alim;
1567 5141 2355 5282 Assanﬁi“i2'sgl’s£is’l

811 5282 902 5357 seu
932 5272 1807 5357 potiqshVeronensis‘episeopus',
1837 5281 1927 5357 qui
1952 5281 2054 5357 hoc
2067 5272 2214 5357 anno
2234 5272 2354 5357 cum

811 5339 1191 5428 [Adfui-noluit,
1205 5339 1560 5428 ut.colligitor
1583 5339 1896 5428 exepistoia
1926 5351 1992 5428 a_d
2017 5351 2260 5404 eumdem
2288 5351 2358 5404 26

811 5410 975 5474 (nunc
1002 5410 1112 5478 3|).
1151 5410 1224 5464 De
1251 5410 1442 5466 Aerico
1460 5413 1595 5467 duce
1619 5410 1725 5469 vid:
1752 5417 1910 5486 epist.
1945 5417 1996 5472 ι.

884 5497 910 5535 δ
945 5496 1088 5561 Hac.
1114 5502 1364 5556 mendosa
1391 5503 1445 5558 in
1472 5502 1629 5568 edit,
1666 5518 1733 5558 ex
1753 5521 1854 5561 ms.
1886 5508 2256 5564 restituuntur.

887 5599 909 5625 ε
950 5585 1011 5644 Hi
1043 5604 1228 5644 versus
1251 5592 1443 5647 desunt
1470 5594 1524 5648 in
1544 5592 1674 5649 Co'd.
1704 5593 1896 5650 Salisb.
1917 5606 1973 5652 et
1997 5597 2055 5653 S.
2095 5599 2269 5655 Emm.

882 5672 912 5756 ξ
950 5674 1513 5756 Edit.hQnercet.__6'3,_
1541 5680 1720 5756 Qanis.
1752 5676 1822 5738 68
1855 5680 2104 5756 (Froben.
2149 5687 2260 5756 30).
2301 5689 2358 5742 In

817 5740 932 5795 ανδ.
963 5759 1068 5797 ms:
1095 5740 1513 5815 sanet-GallonSi
1552 5740 1885 5806 desideratur
1916 5740 2126 5821 quidem
2157 5740 2358 5811 ’ίίιὶεειξίῐ

2454 3322 2557 3377 bus
2573 3335 2670 3391 per
2695 3321 2932 3392 singulas
2956 3322 3124 3392 lineas
3151 3323 3255 3377 iter
3272 3323 3475 3392 aperui,
3502 3323 4009 3396 desiderabilemque

2453 3419 2648 3480 optatae
2673 3410 2860 3466 salutis
2905 3411 3213 3482 sospitatem
3251 3411 3428 3466 Patris
3471 3425 3785 3481 agnoscens.
3829 3412 3882 3468 in
3907 3414 4011 3469 illis

2454 3512 2580 3551 mox
2627 3497 2850 3567 singulis
2892 3497 3193 3553 litterarum
3235 3499 3475 3569 apicibus
3523 3499 3703 3555 oscula
3752 3500 4009 3566 libaham.

2456 3596 2731 3657 totumque
2750 3603 2835 3643 me
2859 3588 2969 3644 Deo
2994 3589 3209 3645 Christo
3240 3590 3296 3647 in
3331 3590 3620 3660 gratiarum
3654 3589 3815 3647 eludi
3837 3593 4006 3648 actio-

2455 3694 2574 3744 nes,
2603 3680 2784 3735 dicens
2808 3696 2822 3732 :
2854 3679 3068 3733 Aeditui
3094 3696 3208 3734 auo
3235 3680 3384 3734 dabis
3405 3681 3653 3751 gaudium
3674 3690 3722 3736 et
3749 3680 4005 3752 latitia-3,

2455 3779 2502 3822 et
2539 3768 2868 3823 exsultabant
2910 3784 3029 3822 ossa
3073 3767 3346 3822 humilium
3387 3768 3557 3845 (Paul.
3585 3785 3640 3834 ι,
3673 3767 3781 3845 lli).
3818 3767 3888 3823 Et
3916 3773 4006 3839 qui

2457 3867 2583 3916 ante
2608 3857 2920 3913 humiliatus
2965 3857 3039 3912 fui
3070 3859 3124 3912 in
3149 3858 3364 3912 tristitia
3389 3898 3408 3922 ,
3447 3873 3587 3913 nunc
3607 3859 3870 3915 exaltatus
3889 3874 4007 3914 sum

2456 3947 2511 4001 in
2541 3947 2745 4001 laetitia.
2791 3946 2860 3999 Et
2892 3946 2941 3999 si
2971 3945 3104 4015 quid
3143 3947 3300 4014 pleno
3317 3948 3600 4002 charitatis
3616 3949 3792 4003 modio
3824 3964 4010 4021 super-

2456 4035 2578 4089 addi
2619 4035 2918 4104 potuisset,
2972 4028 3296 4092 cumularem
3332 4038 3512 4107 utique
3549 4039 3829 4108 pristinam
3875 4039 4004 4113 [ΑΙ.⁹

2455 4122 2714 4194 primam]
2744 4123 3041 4184 dilectionis
3074 4124 3456 4192 plenitudinem
3476 4168 3490 4190 ,
3514 4143 3662 4182 nova:
3687 4128 4005 4185 abundantia

2455 4211 2672 4265 laetitiae.
2713 4210 2868 4264 Novit
2895 4196 3104 4280 itaque,
3133 4212 3434 4282 quicunque
3457 4213 3707 4268 melliﬂuo
3728 4215 4006 4271 charitatis

2449 4296 2630 4364 jaculo
2654 4297 2870 4355 vulnera
2901 4298 3046 4351 omni
3087 4296 3208 4352 favo
3232 4299 3464 4354 dulciora
3500 4303 3555 4355 in
3582 4301 3742 4380 corde
3761 4301 4002 4373 accipiet,

2459 4402 2564 4442 non
2596 4401 2683 4440 me
2704 4387 2996 4439 autumnali
3032 4386 3227 4456 frigore
3252 4387 3526 4444 ﬂaccentia
3555 4392 3836 4448 verborum
3860 4393 4000 4458 folia,

2459 4474 2512 4528 in
2539 4473 2693 4541 hujus
2715 4476 2971 4530 chartulae
2996 4491 3318 4546 exaggerare
3343 4480 3600 4547 gremium
3631 4497 3645 4534 :
3677 4482 3863 4537 sedde
3887 4485 4002 4538 vivo

2379 4544 2434 4606 θ
2459 4567 2697 4627 veritatis
2723 4565 2894 4633 fonte,
2921 4568 2987 4622 ad
3015 4544 3315 4640 irrigandos
3340 4544 3480 4626 verat
3504 4570 3661 4627 ﬂorea
3685 4573 3997 4637 dilectionis.

2455 4658 2569 4712 hzee
2594 4674 2758 4728 prona
2799 4661 3032 4728 pectoris
3059 4662 3162 4716 mei
3207 4663 3422 4717 dextera
3457 4663 3702 4726 haurire,
3741 4673 4002 4731 quatenus

2494 4815 2586 4878 tio,
2630 4815 2722 4868 sed
2757 4830 2822 4867 ex
2851 4822 3100 4870 contextu
3149 4823 3355 4869 certum
3397 4823 3496 4880 est,
3544 4815 3760 4870 missam
3787 4832 3904 4872 esse
3935 4821 3998 4872 ad

2494 4829 2586 4878 no,
2630 4829 2722 4868 seu
2757 4830 2822 4867 ex
2851 4829 3100 4870 contextu
3149 4829 3355 4869 certum
3397 4830 3456 4868 es

2454 4829 2734 4936 Baulinnm
2761 4882 3169 4950 Aquileiensem.
3191 4881 3456 4950 Camsms.

2530 4961 2554 4988 ο
2592 4949 2729 5002 Dion
2769 4949 3006 5009 ferventis
3047 4949 3253 5004 Cancri.
3305 4949 3437 5006 Hinc
3480 4951 3677 5009 collittit
3700 4952 3770 5006 cl.
3811 4952 4000 5009 Hadri-

2457 5018 2569 5088 sius
2591 5018 2865 5086 epistolam
2887 5019 3140 5088 scriptam
3166 5027 3289 5088 post
3315 5020 3586 5074 dimidium
3607 5018 3757 5072 Iunii
3781 5024 3992 5078 mensis.

2540 5085 2664 5139 vero
2704 5099 2805 5168 ego
2849 5101 2955 5168 non
2996 5085 3322 5168 inagislindg
3345 5088 3536 5168 uitligo
3559 5101 3716 5157 quam
3737 5102 3804 5149 ex
3828 5091 3996 5145 verbis

2454 5154 2621 5216 hisce,
2653 5154 2845 5222 quibus
2872 5154 3110 5210 inferius
3131 5159 3242 5209 ait:
3273 5155 3428 5208 Novit
3463 5154 3637 5223 itaque
3661 5193 3677 5208 .
3705 5194 3722 5207 .
3751 5194 3766 5209 .
3799 5194 3812 5207 .
3843 5196 3857 5208 .
3897 5174 3994 5213 non

2455 5239 2536 5275 me
2555 5223 3352 5304 autemnolifrigorgﬂacunﬁia
3372 5223 3634 5304 pertersit?!
3660 5224 3789 5292 [alia
3819 5264 3834 5304 τ
3861 5264 3875 5278 .
3895 5266 3908 5278 .
3938 5267 3952 5279 .
3976 5269 3988 5280 .

2455 5305 2784 5360 exaggera",
2813 5291 2951 5360 ete_.,’
2969 5291 3219 5360 colligere
3262 5291 3390 5360 licet
3427 5291 3703 5360 epistolam
3747 5302 3994 5350 autumno

2457 5357 3174 5444 ξξεὲρξξξξξεεξξοὲβὲιξδὲο
3187 5358 3417 5444 inﬁt-i530,
3739 5365 3994 5444 φερετρε-

2457 5425 2575 5501 cuia
2601 5425 2761 5486 sicin;
2793 5427 3086 5501 neqne_hic
3109 5425 3424 5501 exprimitur
3447 5425 3659 5501 tempus
3677 5425 3990 5501 scriptionis.

2457 5492 3151 5616 :gopemlmaratim
3176 5492 3442 5551 'ferventis
3475 5492 3662 5550 Cancri
3689 5492 3992 5568 capi-imit!"

2458 5569 2618 5614 ardor
2642 5569 2891 5617 pectoris.

2534 5574 3042 5706 P32532319...
3072 5619 3450 5706 gmw.
3478 5647 3699 5706 nempe,
3718 5651 3838 5706 quc
3857 5636 3987 5706 desi-

2458 5697 2693 5770 deratur,
2733 5713 2895 5768 quam
2935 5699 3190 5770 Aletrinas
3208 5697 3340 5770 'post
3365 5710 3478 5754 tres
3502 5717 3532 5754 a
3557 5697 3618 5759 se
3635 5697 3788 5770 datis
3807 5704 3988 5770 episto-

2459 5763 2536 5817 las
2563 5763 2774 5820 demum
2799 5769 3041 5826 extorsit.
3077 5769 3193 5823 Vid.
3220 5763 3372 5836 Epist.
3398 5773 3629 5836 priorem
3655 5767 3798 5825 circa
3821 5763 3982 5830 linem.
