4232 6462
170 449 294 502 20!

1609 455 1960 513 EPISTULE
1970 499 1982 511 .

3298 459 3403 516 202

171 563 303 617 mei
335 561 510 630 magni
539 559 737 615 amoris
769 560 1096 619 stillicidium
1141 565 1243 618 tuis
1291 564 1621 620 infunderem
1665 570 1741 620 vi-
1769 576 1817 630 Α
1843 570 2168 622 ctationum?
2201 569 2296 623 L'bi
2337 570 2605 624 szecularis
2644 585 2848 641 pompa:
2879 573 3106 640 superba
3147 576 3402 631 ambitio?

169 652 458 706 secribus.

255 739 493 794 Plurima
521 738 652 792 mihi
695 738 761 793 de
802 740 1134 795 sanctissimo
1175 742 1250 795 tui
1287 745 1463 798 cordis
1489 747 1742 814 epithala-

166 830 320 894 mio,
352 827 566 883 rariﬂuo
594 836 806 883 nectare
831 830 1151 904 exundantia
1179 832 1443 899 protulisti
1467 835 1738 903 exempla;

163 925 241 970 ut
270 918 451 972 verius
494 917 888 971 Aristotelicum
941 918 1065 972 illud
1111 919 1162 971 in
1211 928 1261 972 te
1301 921 1507 974 videam
1534 922 1740 990 impleri

159 1009 521 1075 proverbium
538 1047 553 1072 ,
581 1008 672 1076 qui
697 1008 1031 1079 acutissimas
1056 1009 1573 1064 Perihermeniarum
1609 1015 1742 1066 scri-

157 1095 385 1161 ptitans
424 1095 925 1164 argumentationes,
963 1089 1157 1150 dicitur
1185 1097 1240 1149 in
1270 1107 1446 1151 mente
1476 1099 1738 1153 calamum

160 1183 424 1238 tinxisse.
466 1184 541 1237 Te
558 1197 687 1238 vero
729 1199 958 1254 agnosco
985 1186 1049 1238 de
1086 1194 1285 1241 mterno
1322 1188 1598 1242 eharitatis
1621 1191 1738 1242 the-

159 1288 344 1342 sauro
384 1273 662 1327 afﬂuenter
704 1289 841 1328 nova
881 1274 1122 1342 proferre
1167 1285 1222 1330 et
1250 1285 1451 1342 vetera,
1478 1280 1609 1333 etin
1636 1280 1739 1333 (ide

157 1337 1118 1431 fraterniamorispennamtinxisse
1139 1366 1374 1434 pietatis.
1418 1368 1587 1422 Tuum
1610 1384 1736 1423 vero

155 1449 576 1502 sanctissimum
624 1465 718 1503 cor
759 1458 900 1504 terra
945 1459 1027 1504 est
1053 1453 1499 1520 repromissionis,
1531 1456 1738 1523 sapien-

156 1538 264 1592 tiae
288 1538 443 1592 melle
470 1554 708 1602 manans,
757 1548 812 1593 et
833 1541 1161 1596 suavissima:
1202 1544 1478 1598 charitatis
1518 1546 1635 1599 luce
1657 1559 1735 1599 re-

150 1625 434 1690 dundans,
461 1627 514 1679 in
537 1641 640 1694 qua
661 1641 820 1681 verus
842 1637 897 1680 et
917 1628 1178 1697 gloriosus
1201 1630 1449 1685 Salomon
1477 1633 1730 1688 virtutum

151 1715 416 1784 gemmis,
441 1715 692 1784 templum
712 1715 946 1785 pulchra:
965 1717 1305 1775 habitationis
1332 1735 1442 1776 suae
1467 1722 1729 1790 majestati

151 1799 504 1870 construxit,
551 1821 656 1859 non
705 1806 952 1860 Chaldaea
999 1808 1211 1862 ﬂamma
1252 1812 1544 1879 periturum
1570 1853 1584 1877 ,
1634 1814 1772 1868 sed

1845 654 2028 709 Nonne
2054 657 2231 709 omnia
2281 658 2391 711 bzec
2436 658 2591 713 veluti
2637 663 2809 714 fumus
2843 665 3112 717 ventuosis
3139 667 3398 732 procella-

1843 757 1962 796 rum
2007 745 2058 797 in
2107 760 2283 798 aerem
2318 747 2570 814 dispersis
2599 750 2894 818 gurgitibus
2933 756 3289 808 evanescunt?
3334 757 3401 811 Et

1843 843 2042 900 quanto
2073 835 2189 903 plus
2214 836 2460 903 quislibet
2494 838 2607 892 haec
2648 855 2782 892 vana
2821 840 3150 895 delcctabilia
3183 859 3395 898 amave-

1843 923 1911 976 rit
1934 924 1984 976 in
2009 924 2222 987 mundo,
2257 935 2402 979 tanto
2444 928 2611 996 magis
2655 945 2716 982 ea
2743 970 2758 992 ,
2803 940 3000 985 :ctcrno
3049 944 3400 1001 pimscntatus

1835 1011 2021 1080 judici,
2048 1013 2169 1067 odio
2207 1014 2468 1069 habuerit.
2527 1018 2720 1072 Beatus
2759 1021 2847 1086 qui
2885 1022 3253 1074 necessitatem
3277 1039 3399 1076 ver-

1840 1100 1965 1153 terit
1991 1102 2043 1153 in
2064 1103 2390 1157 voluntatem
2421 1123 2433 1157 :
2465 1114 2518 1158 et
2546 1121 2606 1159 ea
2631 1107 2828 1162 Christi
2852 1125 3032 1163 amore
3052 1121 3398 1180 compunctus

1838 1187 2133 1242 voluntarie
2153 1192 2410 1256 amiserit,
2441 1209 2557 1261 qua:
2586 1195 2758 1249 debita
2797 1207 3014 1264 cogente
3039 1208 3210 1253 morte
3240 1201 3400 1255 amis-

1838 1291 1997 1330 surus
2023 1277 2144 1330 erit.

1908 1366 2030 1420 llmc
2060 1384 2190 1421 mea:
2217 1384 2426 1426 memor
2450 1375 2678 1428 miseria:
2705 1374 3020 1446 lacrymosis
3042 1364 3242 1433 dictavi
3268 1394 3396 1448 que-

1837 1455 1992 1519 relis;
2025 1472 2127 1510 non
2159 1469 2216 1511 ut
2250 1467 2320 1524 te,
2355 1448 2513 1528 'quod
2547 1478 2678 1530 opus
2704 1481 2807 1519 non
2843 1474 2956 1542 est,
2982 1483 3046 1520 ex
3072 1469 3206 1522 meis
3230 1470 3398 1524 corri-

1833 1559 1986 1612 geres
2016 1547 2196 1612 dictis;
2246 1550 2337 1603 sed
2381 1559 2439 1602 ut
2478 1567 2682 1606 mecum
2725 1569 2811 1607 me
2851 1568 2916 1606 ex
2960 1559 3091 1609 meis
3118 1557 3392 1626 plangeres

1832 1635 2202 1703 iniquitatibus
2239 1655 2254 1692 ;
2299 1651 2353 1694 et
2397 1652 2699 1710 pascentem
2745 1645 2798 1698 in
2847 1646 3060 1715 regione
3105 1648 3395 1717 longinqua

1830 1723 2052 1777 omniin
2083 1725 2415 1781 immunditie
2448 1745 2637 1797 porcos
2663 1734 2788 1799 tuis,
2814 1749 2847 1786 ο
2872 1737 3209 1791 sanctissime
3239 1737 3388 1805 adju-

1831 1805 1952 1864 tor!
2000 1813 2248 1880 precibus
2304 1817 2636 1882 sublevares,
2686 1831 2740 1876 et
2788 1823 2852 1877 ad
2893 1833 3128 1892 paterna:
3178 1828 3394 1896 pietatis

147 1902 368 1948 acterna
386 1909 522 1962 pace
545 1909 978 1962 permansurum;
1007 1897 1060 1950 in
1080 1913 1185 1966 quo
1209 1909 1391 1954 sancta
1420 1912 1721 1957 sanctorum
1751 1913 1798 1970 Β
1826 1901 2010 1968 epulas
2032 1903 2121 1956 diu
2162 1906 2427 1972 perditum
2471 1907 2601 1978 (AL,
2647 1912 3058 1985 periclitantem]
3107 1915 3391 1971 reduceres

147 1999 378 2038 summo
408 1991 461 2037 et
493 1998 618 2036 vero
651 1984 888 2051 pontiﬁci
924 1986 1019 2039 soli
1045 1986 1258 2042 Christo
1279 1991 1483 2058 pervia,
1511 2007 1617 2046 non
1641 2009 1726 2048 se-

148 2072 272 2126 mel
302 2073 354 2124 in
395 2086 535 2125 anno
583 2071 767 2142 (Hebr.
797 2089 873 2138 tx,
900 2074 1058 2144 3-7),
1110 2078 1201 2131 sed
1243 2094 1453 2147 semper
1496 2081 1550 2134 in
1577 2091 1734 2136 teter-

147 2175 313 2214 num.
352 2161 426 2214 lbi
469 2175 593 2216 arca
635 2163 930 2230 sapientim,
973 2172 1028 2217 et
1066 2165 1290 2219 duorum
1327 2169 1519 2222 tabula:
1567 2179 1724 2225 testa.

146 2260 485 2305 mentorum.
545 2251 610 2304 Et
639 2252 754 2305 haec
788 2255 966 2306 omnia
1002 2255 1259 2308 cherubin
1290 2258 1342 2310 in
1383 2258 1722 2314 multitudine

146 2335 347 2414 tegunt
381 2341 639 2396 scientiae.
691 2340 890 2395 Horum
939 2344 1120 2397 subter
1161 2343 1272 2398 alas
1304 2346 1482 2399 divina
1512 2347 1720 2416 pepulis

139 2430 372 2484 oracula
397 2431 742 2497 respondent,
781 2440 835 2484 et
869 2430 1084 2486 ﬂumina
1111 2435 1340 2488 viventis
1374 2451 1524 2504 aqum
1559 2438 1610 2490 in
1641 2452 1721 2491 sa-

144 2522 324 2575 lutem
374 2521 676 2576 sitientibus
721 2521 912 2575 salient
960 2530 1215 2577 aeternam
1264 2525 1456 2591 (Joan.
1498 2541 1568 2588 Iv,
1607 2526 1714 2594 14).

144 2608 274 2673 Quo
311 2609 400 2676 qui
427 2609 575 2672 sitit,
619 2608 684 2662 de
713 2609 878 2664 aridis
921 2618 1186 2665 terrarum
1217 2612 1528 2680 ignorantia:
1553 2626 1718 2682 parti-

142 2702 254 2753 bus
285 2700 486 2762 veniat,
512 2708 566 2752 et
586 2700 751 2753 bibat.

220 2793 360 2860 Quid
388 2796 441 2848 in
469 2803 576 2848 tam
600 2793 836 2849 afﬂuenti
867 2797 943 2850 tui
983 2798 1160 2852 cordis
1206 2800 1457 2854 thesauro
1493 2816 1599 2854 non
1637 2803 1714 2854 in-

139 2884 405 2936 venitur?
439 2883 593 2951 cujus
617 2885 889 2940 habitator
917 2887 1002 2941 ille
1028 2890 1334 2957 agnoscitur
1360 2906 1477 2944 esse
1496 2931 1510 2954 ,
1537 2892 1591 2944 in
1612 2910 1713 2960 quo

137 2981 266 3023 sunt
295 2987 470 3024 omnes
512 2973 741 3025 thesauri
781 2976 1047 3042 sapientiae
1092 2987 1140 3030 et
1181 2979 1408 3033 scientiw
1429 2981 1713 3034 absconditi

139 3059 370 3128 (Colosa.
390 3075 452 3124 ιι,
468 3060 549 3130 5);
576 3061 666 3128 qui
687 3061 840 3115 habet
868 3062 1066 3118 clavem
1085 3066 1266 3129 David,
1283 3069 1471 3137 aperit,
1490 3079 1544 3124 et
1557 3085 1711 3124 nemo

137 3148 374 3212 claudit;
401 3149 617 3213 claudit,
633 3158 687 3203 et
702 3165 857 3204 nemo
871 3153 1040 3220 aperit
1061 3156 1239 3224 (Apoc.
1259 3173 1341 3219 Ill,
1360 3157 1432 3227 7).
1448 3158 1577 3224 Quae
1597 3161 1712 3215 vult

1826 1987 1974 2056 (Luc.
2007 2005 2093 2053 xv,
2126 1991 2353 2062 15-15).
2395 1996 2632 2052 Adhzesit
2673 2001 2853 2068 itaque
2880 2004 3034 2057 oculo
3073 2007 3250 2060 cordis
3284 2006 3387 2059 mei

1821 2076 1994 2143 pulvis
2030 2080 2409 2148 cogitationum
2433 2086 2757 2156 iniquarum,
2791 2099 2847 2143 ut
2869 2107 3135 2146 summum
3161 2095 3390 2149 beatitu-

1822 2166 1963 2221 dinis
1991 2167 2186 2222 bonum
2212 2187 2311 2225 nec
2340 2175 2542 2239 videre,
2569 2193 2664 2232 nec
2693 2195 2873 2233 amare
2894 2183 3126 2250 perfecte
3155 2185 3402 2239 valeam.’

1822 2252 1877 2306 Si
1910 2255 2166 2320 viderem,
2200 2261 2384 2327 utique
2407 2278 2661 2318 amarem.
2703 2266 2806 2321 Sed
2843 2285 2871 2321 a
2909 2277 2988 2332 te,
3025 2272 3113 2338 qui
3140 2273 3387 2339 spiritum

1818 2345 1886 2398 ab
1908 2359 1971 2400 eo
1991 2348 2373 2406 consolationis
2395 2356 2644 2423 accepisti
2675 2358 2762 2424 qui
2799 2358 2909 2411 vult
2935 2375 3117 2414 omnes
3139 2363 3384 2418 homines

1819 2435 1993 2488 salvos
2030 2436 2142 2489 fieri
2175 2437 2227 2507 (Ι
2271 2439 2400 2494 Tim.
2447 2459 2505 2507 ll,
2538 2444 2614 2514 4),
2655 2447 2878 2501 assiduae
2911 2451 3169 2504 orationis
3196 2451 3384 2506 suffra-

1817 2523 1901 2590 gia
1933 2522 2112 2591 ﬂagito
2143 2543 2156 2577 :
2189 2536 2451 2594 quatenus
2479 2539 2692 2587 mternsc
2722 2536 2868 2602 pacis
2897 2537 3134 2592 medicus
3163 2539 3382 2608 collyrio

1775 2605 1782 2612 ’
1817 2626 1926 2663 sua:
1953 2613 2330 2669 misericordia:
2357 2618 2577 2688 inungat
2613 2624 2824 2676 oculum
2856 2664 2868 2686 ,
2913 2625 3110 2693 iniquis
3139 2628 3378 2683 obczcca-

1821 2708 1928 2752 tum
1955 2702 2362 2770 cupiditatibus;
2397 2715 2454 2760 ut
2483 2725 2665 2762 verum
2697 2721 2965 2780 perpetua,-
3006 2713 3256 2769 bonitatis
3299 2716 3382 2770 lu-

1816 2803 1936 2841 men
1961 2790 2142 2844 videre
2164 2793 2356 2857 valeat,
2388 2806 2441 2850 ct
2469 2812 2651 2852 amare
2673 2803 2814 2870 quod
2842 2803 3036 2857 videat.

1886 2875 2148 2943 Memento
2196 2883 2530 2939 mitissimam
2588 2888 2908 2946 Samaritani
2959 2906 3190 2950 mentem
3219 2911 3254 2963 ,'
3288 2901 3378 2966 qui

1813 2961 2147 3019 vulneratum
2196 2971 2447 3039 omnique
2494 2977 2740 3044 praesidio
2792 2979 3106 3038 destitutum
3153 2986 3270 3042 oleo
3323 3000 3378 3046 et

1811 3049 1937 3104 vino
1973 3052 2212 3119 fovebat,
2261 3059 2475 3126 pietatis
2521 3063 2683 3118 fascia
2719 3067 2936 3136 ligavit,
2989 3071 3182 3128 levavit
3217 3077 3270 3130 in'
3291 3091 3378 3145 ju-

1814 3150 2073 3208 mentum,
2095 3145 2244 3200 duxit
2272 3149 2325 3203 in
2359 3153 2645 3218 stabulum,
2673 3157 2806 3211 duos
2835 3175 2930 3229 pro
2949 3177 3013 3216 eo
3043 3163 3187 3219 dedit
3215 3167 3377 3222 dena-

134 3237 210 3289 ad
232 3236 532 3303 ρτοςεειυηι
566 3239 792 3293 auorum
824 3251 1094 3309 perpetua.
1126 3244 1327 3299 clavem
1369 3247 1703 3317 eloquentia},
1732 3235 1782 3298 ο
1813 3233 1940 3298 rios,
1967 3244 2024 3288 ut
2051 3248 2331 3294 curaretur
2366 3241 2513 3312 (Luc.
2546 3245 2619 3314 χ).
2651 3248 2785 3313 Quid
2816 3252 2916 3306 hac
2944 3254 3139 3320 pietate
3161 3257 3368 3314 mitius?

133 3325 426 3379 charitatis
455 3325 600 3380 clave
626 3329 815 3395 aperit,
847 3339 900 3382 et
929 3346 1046 3398 qua:
1076 3334 1186 3386 vult
1216 3335 1268 3388 in
1302 3350 1497 3392 arcano
1529 3348 1708 3405 pecto-

136 3414 218 3467 ris
238 3415 314 3467 tui
343 3415 614 3477 thesauro,
661 3415 808 3468 clave
850 3420 1122 3494 sapientia:
1155 3422 1370 3478 claudit.
1433 3426 1556 3480 Haec
1585 3442 1708 3481 san-

137 3502 383 3557 ctissima
425 3503 742 3558 somniantis
781 3504 945 3561 Jacob
987 3509 1128 3562 scala
1175 3510 1324 3581 (Cen.
1371 3529 1558 3578 xxviii,
1594 3518 1703 3584 l2),

48 3596 55 3600 ’
113 3612 239 3666 per
260 3613 422 3666 quam
469 3599 590 3653 coeli
631 3607 836 3653 secreta
865 3638 879 3663 ,
912 3602 1147 3678 septenis
1192 3605 1508 3670 spiritalium
1533 3608 1706 3660 chari-

135 3695 374 3739 smatum
402 3687 652 3756 gradibus
673 3728 687 3751 ,
732 3689 818 3757 pia
844 3699 1125 3759 penetrare
1141 3694 1275 3747 solet
1301 3696 1644 3766 intelligentia
1687 3717 1699 3749 ε

106 3783 193 3826 .et
225 3774 423 3827 iterum
448 3775 516 3828 ad
558 3775 964 3830 aedificationem
1007 3780 1228 3845 subjecti
1257 3783 1356 3835 sibi
1391 3785 1568 3852 populi
1595 3785 1704 3839 fra-

133 3863 279 3930 terni
308 3864 505 3918 amoris
523 3865 767 3932 passibus
796 3866 1086 3931 descendit,
1123 3877 1180 3922 ut
1203 3869 1296 3922 fiat
1321 3870 1506 3926 doctor
1528 3874 1701 3928 eccle-

134 3950 391 4004 siasticus
415 3951 607 4005 divina:
629 3953 1089 4022 contemplationis
1124 3971 1242 4010 cum
1272 3957 1433 4014 Maria
1461 3975 1698 4029 compos,

130 4043 188 4090 et
212 4036 408 4089 iterum
437 4052 558 4090 eum
583 4037 786 4091 Martha
809 4040 878 4093 ad
905 4041 1194 4096 Dominicm
1225 4059 1421 4100 mensa:
1449 4049 1701 4102 convivas

132 4125 335 4179 sedulze
361 4126 836 4182 administrationis
876 4128 1134 4184 sollicitus
1180 4131 1327 4201 (Luc.
1368 4149 1424 4198 χ,
1463 4136 1552 4199 59,
1583 4137 1695 4204 40).

133 4215 233 4269 His
256 4214 464 4268 duabus
492 4215 589 4268 alis
613 4215 920 4271 sanctorum
944 4219 1135 4273 animm
1161 4236 1281 4275 cum
1313 4239 1502 4293 magna
1528 4227 1693 4280 meri-

134 4311 314 4356 turum
347 4303 512 4374 gloria
534 4304 600 4357 ad
620 4304 852 4360 ccelestis
879 4308 1026 4375 regni
1049 4309 1428 4366 beatitudinem
1461 4317 1698 4382 quotidie

129 4389 414 4455 feruntur;
447 4392 529 4445 his
555 4393 716 4445 etiam
739 4394 917 4447 saeculi
937 4395 1091 4462 hujus
1108 4399 1434 4471 procellosus
1461 4405 1696 4472 gurgites

129 4493 324 4533 securo
367 4485 646 4532 transeunt
689 4481 918 4549 navigio,
962 4491 1017 4537 et
1063 4485 1127 4538 ad
1172 4496 1380 4555 portum
1424 4501 1696 4562 perpetua:

127 4566 328 4634 quietis
355 4579 474 4619 cum
496 4566 753 4630 virtutum
785 4569 1143 4625 mercimoniis
1173 4577 1502 4639 pervenient.

202 4655 310 4710 Sed
330 4668 538 4718 vereor,
570 4656 711 4724 quod
742 4657 860 4711 sine
893 4658 1125 4712 maximo
1169 4661 1346 4716 cordis
1373 4663 1557 4719 dolore
1584 4674 1689 4722 non

127 4745 273 4810 dico,
297 4757 384 4798 me
404 4744 627 4799 ulterius
650 4745 704 4799 in
727 4747 827 4801 hac
854 4747 960 4800 vita
991 4757 1092 4803 tua:
1119 4751 1460 4807 beatitudinis
1497 4753 1688 4819 faciem

129 4847 236 4886 non
262 4832 502 4885 visurum
522 4871 538 4895 ,
568 4833 692 4900 quia
723 4835 777 4888 in
823 4835 907 4890 via
943 4838 1218 4896 divisionis
1239 4841 1346 4896 iter
1368 4845 1574 4914 agimus
1615 4846 1690 4900 la-

129 4921 423 4975 boriosum.
484 4921 585 4976 Per
626 4922 818 4977 vallem
865 4924 1263 4994 lacrymabilem
1314 4932 1379 4987 ad
1425 4933 1683 4988 incertum

127 5023 479 5078 properamus
507 5009 696 5074 linem;
726 5018 780 5065 et
801 5011 910 5067 cito
945 5012 1151 5084 fragilis
1181 5033 1333 5082 caro,
1374 5024 1514 5078 unde
1549 5039 1689 5078 sum-

125 5111 217 5170 pta
243 5142 260 5167 ,
314 5108 614 5158 revertetur
656 5099 824 5171 (Psal.
867 5117 984 5166 ειη,
1026 5103 1116 5161 99)
1151 5123 1163 5157 :
1217 5117 1272 5161 et
1309 5113 1485 5166 omnis
1529 5115 1699 5168 deeor'

129 5189 288 5250 illius,
331 5187 444 5260 48
485 5197 671 5244 urente
710 5203 958 5257 percussa
1006 5193 1165 5248 vento
1201 5193 1321 5264 (Job
1372 5214 1542 5266 xxvii,
1572 5203 1684 5274 2st),

127 5274 408 5330 ﬂaccescet
435 5317 450 5340 ,
489 5285 545 5331 et
583 5277 675 5330 ibit
715 5279 867 5331 homo
908 5280 962 5332 in
1027 5297 1203 5336 omum
1241 5291 1542 5346 aternitatis
1578 5309 1687 5347 sua:

129 5360 325 5431 (Eccle.
373 5377 466 5424 ut,
498 5363 573 5432 5).
603 5365 670 5418 Et
704 5366 850 5421 circa
879 5381 998 5420 eum
1023 5371 1240 5425 stabunt
1271 5375 1322 5429 in
1346 5377 1518 5443 platea
1550 5378 1678 5449 [Al.,

125 5449 308 5522 domo]
347 5450 658 5518 plangentes
681 5495 696 5516 ,
738 5463 792 5510 et
832 5457 1050 5526 spiritus
1087 5470 1389 5518 revertetur
1425 5468 1491 5521 ad
1517 5468 1679 5523 Deum

125 5540 218 5606 qui
244 5537 390 5594 dalit
407 5537 576 5594 illum.
617 5541 716 5597 Ubi
755 5551 884 5600 tunc
914 5545 1174 5604 illecebrae
1210 5552 1503 5607 carnalium
1541 5555 1682 5611 dele-

199 5663 222 5735 f
255 5649 665 5735 Editnouercet.
695 5655 1022 5735 tl_5,Canis.
1055 5661 1131 5735 63Δ
1151 5661 1398 5735 (Froben.
1426 5660 1678 5735 36),'ubi-

125 5733 230 5797 que
259 5720 443 5773 mutila
469 5728 523 5772 et
568 5720 900 5790 imperfecta;
940 5728 1061 5783 data
1107 5720 1349 5787 fortassis
1385 5720 1674 5805 amiciti-li,

519 5810 786 5873 Ρηιιοι.
826 5815 896 5873 C.

1810 3323 1937 3390 quid
1984 3323 2084 3378 hoc
2135 3329 2376 3396 exemplo
2427 3333 2728 3388 salubrius?
2773 3337 2996 3393 Creator
3042 3344 3278 3396 omnium
3319 3344 3376 3397 in

1808 3413 2035 3479 pretium
2057 3416 2287 3482 scipsmn
2322 3419 2540 3474 tradidit
2584 3424 2885 3492 hominum,
2926 3438 2983 3483 ut
3006 3446 3098 3485 eos
3126 3432 3375 3488 liberaret

1808 3514 1942 3567 quos
1969 3503 2188 3556 creavit.
2229 3505 2425 3559 Fateor
2461 3526 2544 3563 me
2571 3527 2731 3566 mmm
2761 3531 2878 3569 esse
2905 3532 2967 3570 ex
2999 3519 3101 3572 illis
3122 3537 3255 3589 quos
3285 3538 3368 3575 re-

1807 3590 1988 3642 demit.
2033 3589 2134 3642 Sed
2165 3593 2289 3644 dum
2318 3595 2504 3649 alienae
2533 3601 2720 3654 avidus
2754 3603 3193 3669 pulchritudinis,
3235 3609 3372 3663 Cha-

1805 3676 2071 3728 nanitidas
2121 3693 2183 3730 ev
2227 3689 2448 3748 paterno
2499 3687 2842 3744 tabernaculo
2900 3695 3111 3760 perrexi
3167 3697 3370 3758 videro,

1805 3761 1911 3830 lupi
1935 3779 2019 3816 me
2046 3769 2331 3834 vespertini
2357 3771 2700 3838 invenerunt,
2751 3791 3072 3847 rapuerunt,
3105 3783 3369 3841 lacerave-

1803 3861 1946 3915 runt,
1981 3855 2314 3909 vulneratum
2343 3859 2757 3929 dereliquerunt.
2801 3867 3036 3924 Tandem
3062 3873 3363 3940 aliquando,

1803 3944 1978 4005 divina
2008 3946 2363 4013 prmveniente
2385 3951 2554 4016 gratia
2573 3991 2586 4014 ,
2627 3953 2678 4004 in
2706 3965 2901 4008 memet
2931 3974 3175 4014 reversus
3204 3963 3313 4017 dixi
3348 3984 3362 4018 ε

1787 4035 2028 4105 Surgam
2049 4045 2095 4089 et
2122 4038 2203 4091 ibo
2229 4039 2296 4090 ad
2319 4038 2528 4094 Patrem
2559 4059 2726 4096 meum
2754 4045 2901 4112 (Luc.
2929 4065 3015 4113 xv,
3050 4053 3154 4120 18),
3189 4062 3363 4123 teque,

1800 4124 2079 4179 mitissime
2106 4135 2305 4194 pastor,
2349 4128 2401 4181 in
2434 4130 2532 4184 hoc
2562 4132 2678 4194 iter,
2724 4137 2862 4188 sicut
2887 4139 3140 4205 pnedixi,
3179 4144 3364 4198 ducto—

1799 4223 1914 4264 rem
1939 4212 2187 4280 deposco.

1867 4302 2045 4358 Potuit
2068 4306 2228 4374 igitur
2252 4308 2390 4362 idem
2411 4309 2599 4365 Lazari
2631 4313 2835 4370 solvere
2862 4317 3088 4382 vincula,
3120 4320 3211 4390 qui
3238 4337 3360 4377 eum

1797 4392 1862 4446 de
1911 4404 2253 4449 monumento
2296 4400 2510 4466 prodire
2557 4399 2735 4468 jussit.
2805 4403 2907 4460 Sed
2947 4416 3005 4460 ιιι
3041 4417 3359 4475 potestatem

1797 4472 2033 4536 Solvendi
2062 4494 2276 4540 sanctos
2305 4488 2500 4543 habere
2529 4479 2776 4548 doctores
2805 4495 3221 4565 demonstraret,
3256 4501 3360 4556 cir-

1799 4573 2188 4628 cumstantibus
2243 4577 2379 4630 dixit
2428 4597 2439 4630 :
2503 4579 2698 4636 Solvite
2741 4601 2879 4648 eum,
2938 4597 2983 4640 et
3022 4590 3176 4643 sinite
3217 4593 3360 4648 abire

1795 4659 1972 4749 (Joan.
2008 4677 2084 4725 x1,
2115 4663 2225 4733 41).
2302 4656 2380 4719 Tu
2409 4683 2555 4734 vero,
2613 4675 2824 4742 egregie
2858 4685 3056 4744 pastor,
3091 4680 3233 4735 solve
3271 4682 3356 4749 ju-

1791 4748 1950 4802 bente
1975 4751 2082 4805 Deo
2131 4754 2433 4810 mortiferas
2481 4760 2609 4814 mibi
2653 4774 2992 4830 peccatorum
3023 4748 3358 4835 catenas,iut

1793 4837 1925 4891 liber
1952 4840 2178 4910 vitaeque
2203 4845 2440 4901 redditus
2467 4849 2605 4904 inter
2632 4854 2883 4909 convivas
2931 4852 3024 4912 Dei
3066 4857 3264 4913 ChriSti
3300 4863 3352 4914 in

1749 4955 1756 4963 -
1791 4934 2004 4982 aeterna:
2026 4929 2366 4988 beatitudinis
2385 4937 2554 5002 epulis
2577 4943 2888 4996 recumbere
2918 4959 3145 4998 merear.

2231 5019 2343 5090 49
2363 5035 2388 5061 ι
2413 5023 2740 5080 EPISTOLA
2767 5028 2898 5083 xu.

2175 5103 2241 5140 Αι)
2267 5105 2531 5146 Ρλυιιμυι
2556 5109 2947 5154 ΡΔΤΙῘΙΑΒΕΒΔῚ.

2311 5165 2494 5234 (Forte
2511 5184 2653 5226 anno
2676 5173 2820 5242 796.)

1788 5246 1884 5302 Sui
1911 5267 2477 5333 memorent-essefogat
2499 5259 2553 5333 in
2658 5264 2835 5315 missa.
2855 5263 2912 5318 S.
2933 5270 3122 5333 crucis,
3147 5282 3194 5323 et
3215 5272 3347 5326 alias

1856 5319 2104 5437 zeliquias
2128 5323 2224 5374 sibi
2260 5319 2407 5376 mitti"
2417 5329 2573 5393 petit;
2601 5330 2839 5382 hortatur
2868 5335 2936 5386 ad
2964 5319 3189 5390 laborem

1893 5399 2148 5437 tcattoms.

1893 5399 2148 5442 τεαιιοηη.

1856 5475 2076 5532 Paulino
2103 5481 2436 5538 sanctissimo
2465 5487 2783 5554 patriarcha:
2812 5491 3024 5548 humilis
3070 5494 3225 5550 levita
3254 5499 3345 5554 Al-

1781 5569 1972 5625 cuinus
1995 5569 2239 5626 salutem.

1783 5689 1888 5762 quo
1915 5673 2169 5762 Paulinus
2192 5680 2257 5762 ad
2288 5681 2554 5762 Evangelii
2578 5690 3005 5754 praedicationem
3029 5694 3164 5762 apud
3197 5693 3340 5749 iiun-

1784 5758 1880 5796 uos
1911 5747 2145 5799 animum
2174 5747 2382 5815 adjecit.

2944 5854 2980 5904 ’7
