4232 6440
687 469 792 522 '203

1569 469 1626 524 Β.
1667 470 1729 525 F.
1762 472 1987 551 Ιδῌῖῐῦιῐ
2025 474 2158 530 εῐίυ
2192 472 2465 529 ALCUINI
2503 471 2779 527 OPERUM
2819 472 2997 528 PARS
3037 447 3113 528 l.’

3812 479 3921 532 9.οι

759 571 1016 625 Abscntia
1051 572 1296 642 corporis
1335 585 1443 627 non
1479 583 1692 656 oportet
1726 576 2076 666 ditectionem
2117 581 2254 635 divi-
2279 589 2328 647 Α
2388 578 2391 581 ’
2423 573 2635 666 nimiam
2675 586 2992 665 exactionem
3037 585 3355 666 decimarum
3399 589 3750 657 reprehendit;
3780 593 3922 666 datr!

689 665 839 728 dere,
860 663 989 734 quia
1018 663 1262 718 amicitia
1291 679 1410 735 qum
1425 665 1603 720 deseri
1623 663 1813 736 potest
1819 684 2100 740 nunquam
2124 686 2253 726 vera

687 757 811 811 fuit.
838 757 912 810 Ex
957 770 1068 824 quo
1111 766 1163 809 te
1215 757 1480 823 sciebam,
1523 758 1840 814 dulcissime
1869 760 2062 827 amice,
2103 746 2254 817 sem-

685 863 781 917 per
809 847 1084 912 amabam,
1109 855 1163 901 ct
1191 847 1394 918 pepigit
1424 863 1520 902 cor
1548 863 1727 904 meum
1777 849 1957 905 foedus
1995 854 2252 907 amicitiai

689 943 839 998 cordi
867 951 981 1001 tuo.
1015 943 1082 998 Et
1113 943 1192 998 sic
1224 957 1420 998 nomen
1453 942 1669 999 Paulini
1707 946 1834 1010 mei,
1877 961 1985 1000 non
2017 947 2072 1001 in
2100 962 2250 1012 cera,

686 1052 806 1104 mue
839 1035 1008 1092 deleri
1024 1043 1226 1107 potest,
1250 1035 1466 1106 scripsi.
1491 1037 1589 1104 Ne,
1606 1052 1809 1106 quaeso,
1825 1037 2172 1094 obliviscaris
2194 1039 2249 1095 in

693 1118 799 1172 tuis
820 1118 1015 1172 sanctis
1036 1116 1368 1172 orationibus
1392 1130 1584 1168 nomen
1611 1115 1768 1168 amici
1794 1116 1871 1167 tui
1909 1113 2085 1169 Albini
2112 1132 2125 1168 :
2162 1115 2255 1168 sed

691 1204 745 1258 in
787 1205 963 1273 aliquo
1006 1203 1278 1258 memoria:
1321 1202 1700 1272 gazophylacio
1739 1202 1966 1257 reconde
2004 1202 2161 1266 illud,
2203 1211 2257 1257 et

691 1293 869 1362 profer
892 1309 955 1347 eo
980 1301 1224 1362 tempore
1249 1299 1567 1361 opportuno,
1597 1303 1622 1331 ι
1647 1307 1750 1360 quo
1775 1290 1973 1360 panem
1990 1301 2046 1348 et
2069 1294 2252 1348 vinum

692 1381 745 1433 in
776 1379 1126 1433 substantiam
1156 1379 1400 1447 corporis
1427 1386 1481 1431 et
1519 1379 1794 1448 sanguinis
1833 1379 2034 1436 Christi
2063 1397 2255 1437 conse«

692 1468 946 1521 oraveris.
992 1502 1021 1525 κ
2087 1541 2094 1544 _

763 1557 860 1609 Diu
901 1555 1202 1611 dilectionis
1229 1563 1332 1610 tua:
1359 1558 1664 1624 exspectavi
1702 1559 1985 1626 promissa,
2015 1561 2118 1616 hoc
2149 1571 2252 1628 est,

688 1643 910 1698 viviﬁcte
937 1645 1136 1709 crucis,
1158 1644 1242 1714 vel
1280 1644 1506 1698 aliarum
1549 1645 1891 1714 reliquiarum
1935 1651 2250 1718 patrocinia.

689 1729 806 1788 Noli
840 1747 942 1798 me,
989 1735 1232 1798 obsecro,
1276 1742 1446 1819 tanto!
1475 1721 1724 1789 fraudare
1772 1753 2020 1804 munere;
2055 1753 2156 1813 nec
2202 1749 2254 1795 te

693 1825 1045 1877 veritatis.....
1075 1823 1208 1879 Nolo
1233 1822 1677 1895 longinquitatem
1705 1827 1804 1880 viae
1833 1831 2088 1884 causeris.
2116 1830 2254 1884 Cha-

690 1915 821 1968 ritas
867 1929 1068 1982 pennas
1117 1915 1185 1968 ad
1239 1917 1525 1970 volantium
1590 1917 1853 1981 inveniet,
1897 1935 1988 1972 nec
2030 1922 2250 1988 ﬂumina
2285 1916 2327 1975 Β

691 2006 904 2058 obruent
928 2004 1072 2056 illam
1094 2003 1267 2076 (Cant.
1285 2021 1402 2070 vm,
1421 2006 1495 2072 7).
1516 2004 1794 2062 Sufﬁciunt
1817 2009 1914 2063 ala:
1939 2010 2059 2064 ﬁdei
2082 2011 2136 2064 in
2158 2027 2254 2084 pa-

692 2094 819 2146 latio
841 2093 1003 2161 regis,
1043 2094 1234 2162 quibus
1266 2110 1366 2148 nec
1391 2095 1638 2150 voluntas
1663 2098 1811 2150 deest
1845 2098 1899 2150 in
1928 2100 2255 2167 accipiendo,

695 2196 793 2235 nec
816 2181 944 2235 ﬁdes
968 2181 1022 2234 in
1049 2180 1335 2235 reddendo.
1361 2181 1418 2236 Si
1443 2184 1569 2250 quid
1595 2193 1775 2238 nostra
1801 2186 1992 2253 petitio
2007 2188 2144 2254 apud
2164 2203 2258 2242 vos

693 2270 884 2334 valeat,
914 2277 969 2324 et
999 2279 1087 2323 tua
1117 2284 1327 2338 semper
1349 2271 1416 2324 ad
1446 2271 1611 2325 Deum
1645 2273 1815 2328 valeat
1849 2261 2054 2342 petitio,
2086 2279 2177 2346 qui
2206 2287 2258 2333 te

695 2362 749 2414 iu
778 2369 886 2414 tam
928 2358 1141 2415 sublimi
1184 2362 1370 2415 statuit
1395 2363 1589 2431 gradu,
1625 2363 1717 2417 ubi
1755 2363 1994 2431 ejusdem
2022 2357 2116 2419 Dei
2155 2367 2258 2419 Do-

696 2448 823 2501 mini
847 2449 1014 2502 nostri
1044 2447 1170 2502 Jesu
1199 2447 1398 2502 Christi
1423 2449 1707 2505 eﬁ‘ectus...
1719 2490 1756 2504 ..
1915 2455 1928 2466 ’

765 2539 895 2592 Vide
924 2552 1084 2608 quam
1114 2538 1342 2593 sublime
1372 2548 1452 2593 est
1479 2540 1580 2594 hoc
1609 2556 1823 2596 nomen.
1849 2542 2120 2598 Contende
2149 2559 2260 2612 me—
2321 2576 2332 2586 ι

673 2627 817 2685 ritis
851 2641 968 2681 esse
1015 2627 1157 2696 quod
1205 2627 1418 2682 nomine
1457 2629 1687 2684 vocaris.
1726 2628 1928 2696 Clama,
1969 2647 2030 2684 ne
2074 2648 2256 2697 cesses,

696 2715 867 2770 exaltu
891 2717 1040 2786 quasi
1077 2716 1200 2769 tuba
1227 2732 1395 2770 uocem
1423 2726 1565 2770 tuam
1590 2719 1722 2789 (Isa.
1747 2736 1906 2785 Lvnt,
1935 2718 2008 2792 l).
2035 2720 2117 2774 Sit
2144 2729 2269 2791 gut-'

696 2815 785 2857 tur
827 2811 977 2857 tuum
1017 2805 1146 2858 tuba
1190 2804 1305 2858 Dei.
1347 2805 1588 2860 Prwdica
1632 2810 1942 2878 importune,
1980 2821 2262 2880 opportune

697 2891 786 2962 (II
817 2891 949 2944 Tim.
977 2908 1048 2957 iv,
1076 2892 1152 2964 2).
1190 2893 1269 2946 Tu
1307 2893 1475 2963 gallus
1517 2895 1570 2947 in
1615 2898 2012 2964 praedicatione,
2052 2901 2262 2954 succin-

698 2989 815 3032 ctus
838 2979 890 3032 in
917 2980 1182 3034 castitate.
1212 2981 1290 3035 Tu
1317 2983 1457 3036 aries
1482 2983 1534 3035 in
1559 2985 1784 3039 veritate
1811 2985 2154 3054 fortissimus,
2174 2990 2263 3044 cui

696 3067 873 3122 nullus
913 3083 1097 3137 regum
1128 3069 1378 3124 resistere
1419 3071 1617 3138 poterit
1663 3070 1851 3142 (Prov.
1879 3091 2005 3140 xxx,
2033 3077 2121 3141 50,
2143 3078 2256 3148 51).

699 3158 779 3213 Tu
819 3159 1033 3212 lucerna
1062 3175 1224 3229 super
1250 3160 1625 3215 candelabrum
1653 3163 1706 3220 in
1735 3163 1893 3217 domo
1923 3165 2018 3218 Dei
2044 3166 2256 3236 (Matth.

697 3249 880 3318 γ,15).
907 3250 1018 3303 Tua
1049 3251 1229 3320 lingua
1256 3252 1449 3306 malum
1480 3253 1677 3307 claudit
1702 3262 1756 3306 et
1783 3256 1954 3324 aperit
1976 3255 2156 3328 (Apoc.
2178 3265 2261 3322 ιιι,
2287 3242 2355 3304 0

701 3337 775 3408 7).
799 3337 1000 3406 Aperit,
1009 3339 1242 3408 primum
1269 3353 1366 3409 per
1389 3341 1784 3409 prmdicationis
1808 3343 2157 3398 devotionem.
2181 3345 2267 3398 Ad

701 3429 1002 3499 exemplum
1022 3429 1221 3483 Christi
1247 3444 1483 3496 recurre,
1505 3431 1597 3499 qui
1622 3447 1717 3500 per
1739 3432 2000 3503 ςὶνὶῑεησξε,
2025 3433 2260 3519 “ﬂeui;

701 3537 876 3586 vicos,
902 3520 1077 3586 villas,
1106 3521 1520 3588 evangelizando
1563 3521 1666 3574 iter
1709 3522 1901 3589 agebat
1947 3522 2160 3590 (Matth.
2187 3540 2262 3587 ις,

701 3610 792 3678 55)
823 3627 834 3662 ;
862 3609 1026 3663 etiam
1049 3615 1104 3663 et
1133 3609 1317 3667 domos
1344 3608 1746 3678 publicanorum
1778 3607 1858 3662 vel
1901 3597 2262 3678 peccatorum,
2306 3625 2309 3628 '

699 3705 920 3766 propter
967 3697 1297 3750 occasionem
1351 3696 1776 3764 praedicationis,
1820 3711 1926 3750 non
1989 3699 2268 3762 abhorruit

703 3787 903 3841 intrare
946 3784 1094 3857 (Luc.
1126 3801 1178 3850 v,
1206 3784 1318 3855 29).
1367 3783 1502 3854 Spes
1546 3786 1751 3854 praemii
1795 3785 2043 3840 solatium
2083 3794 2153 3840 sit
2190 3788 2266 3841 la-

702 3882 870 3936 boris.
1214 3906 1218 3911 ·
2075 3894 2081 3899 ’

773 3946 910 4036 Quid
959 3971 1096 4025 facio
1143 3938 1407 4039 insipiens
1453 3942 1552 4038 ego
1605 3977 1793 4024 contra
1843 3967 2268 4038 philosophicum
2311 3980 2316 3985 ·

703 4062 1068 4130 proverbium,
1097 4061 1242 4130 ligna
1280 4061 1336 4113 in
1379 4060 1565 4113 silvam
1609 4059 1809 4123 ferens,
1847 4059 2129 4113 stillicidiis
2167 4058 2267 4114 ﬁu-

707 4151 852 4206 mina
878 4149 1139 4218 irrigans?
1173 4146 1442 4202 Modulum
1467 4163 1645 4202 meum
1675 4147 1838 4200 extuli
1868 4147 2070 4217 ﬁgurae.
2103 4147 2268 4203 Obsc-

705 4256 798 4295 cro
838 4253 933 4308 per
959 4237 1075 4306 ejus
1104 4229 1359 4301 amorem,
1390 4237 1481 4306 qui
1507 4237 1612 4291 duo
1654 4237 1858 4290 minuta
1903 4235 2075 4291 vidum
2116 4239 2268 4294 donis

707 4327 928 4382 divitum
975 4325 1295 4393 prreferebat
1340 4323 1671 4395 (Harant,
1713 4323 1810 4388 42,
1854 4324 1973 4395 45).
2025 4325 2268 4381 Charitas

707 4414 885 4468 omnia
929 4413 1144 4477 suﬁ‘ert,
1186 4414 1240 4465 in
1286 4427 1388 4480 qua
1442 4413 1534 4480 qui
1578 4420 1788 4476 manet,
1830 4413 1882 4464 in
1934 4413 2043 4467 Deo
2090 4424 2271 4467 manet

710 4500 772 4569 (1
797 4499 916 4552 Cor.
959 4515 1087 4563 xm,
1130 4499 1216 4570 7),
1257 4499 1380 4567 quia
1427 4498 1568 4550 Deus
1615 4481 1853 4552 Charitas
1894 4507 1974 4552 est
2016 4499 2068 4570 (I
2107 4493 2264 4553 John.

711 4606 782 4654 w’
815 4590 922 4659 Μ’
1145 4659 1250 4728 50
1275 4659 1302 4698 δ
1332 4656 1659 4711 EPISTOLA
1688 4656 1841 4709 XLII.
1941 4624 1949 4629 ’

1241 4744 1316 4780 λι)
1348 4741 1736 4779 ΙΕΟΕΝΓΒΙΟΠἈ.

1310 4796 1485 4863 (Anno
1516 4795 1678 4861 796?)

717 4888 790 4941 De
829 4886 1037 4948 ordine,
1068 4895 1112 4938 et
1149 4886 1301 4938 modo
1330 4883 1648 4953 praedicandi
1678 4883 1880 4944 edocet;
1912 4885 2183 4934 avaritiam
2223 4892 2271 4934 et

784 5030 809 5057 α
841 5015 954 5082 Quo
1001 5029 1182 5083 partem
1220 5022 1272 5083 et
1317 5015 1489 5066 uinum
1532 5015 1588 5065 in
1632 5013 1791 5083 subst.
1837 5029 1977 5083 corp.
2020 5023 2066 5063 et
2118 5029 2265 5083 sang.

715 5087 905 5143 Christi
947 5081 1171 5136 co'nsecr.
1220 5081 1425 5135 lllustre
1460 5097 1592 5135 sane
1638 5081 2001 5135 testimonium
2036 5096 2133 5148 pro
2172 5081 2268 5134 do-

716 5164 890 5226 gmate
959 5150 1567 5226 transsubslantiationis
1622 5165 1686 5204 eo
1751 5160 1985 5226 tempore
2048 5150 2266 5226 credito.

723 5216 746 5273 ἶ
769 5224 892 5276 Haec
914 5229 1116 5283 nostra,
1144 5219 1256 5271 hzec
1284 5217 1546 5284 majorum
1567 5216 1872 5273 nostrorum
1905 5218 2035 5270 fides
2062 5216 2157 5284 (ait
2186 5234 2271 5272 ce-

718 5291 1030 5345 leberrimus
1057 5287 1391 5342 hlabillonius
1413 5288 1467 5354 in
1490 5287 1608 5340 libr.
1631 5289 1697 5341 de
1720 5287 1957 5354 Liturgia
1978 5286 2269 5349 Gallicana,

719 5375 836 5429 pag.
863 5355 972 5476 95),
997 5372 1155 5423 quam
1180 5358 1381 5430 utinam
1408 5353 1603 5408 fratres
1627 5356 1795 5412 nostri
1823 5353 1997 5410 aversi
2019 5354 2130 5420 jam
2159 5361 2273 5407 tau-

721 5430 839 5476 dem
867 5441 931 5476 ve
987 5440 1106 5476 sero
1142 5433 1460 5476 aanoscant:
1489 5438 1660 5476 neque
1690 5441 1786 5476 nos
1823 5423 2049 5476 amnlius
2079 5437 2267 5476 provo-

721 5423 839 5482 dem
867 5423 950 5478 vel
987 5440 1120 5495 sero
1142 5426 1460 5495 agnoscant;
1489 5438 1660 5495 neque
1690 5441 1786 5478 nos
1823 5423 2049 5495 amplius
2079 5437 2267 5495 provo-

720 5505 842 5550 cent
882 5495 949 5547 ad
977 5491 1217 5546 ﬁctitiam
1243 5495 1386 5546 illam
1412 5491 1765 5556 novationem,
1793 5507 1953 5559 quam
1983 5491 2270 5559 Paschasio

720 5565 986 5617 Radberto
1017 5570 1233 5615 auctore
1274 5562 1467 5615 saeculo
1507 5576 1562 5613 ix
1588 5550 1870 5628 contigisse
1897 5550 2265 5614 criminantur.

723 5633 886 5686 Unius
935 5631 1142 5685 Alcuini
1183 5632 1490 5691 auctoritas,
1536 5637 1645 5681 tam
1685 5628 1835 5681 clara
1868 5637 1923 5682 et
1965 5627 2266 5692 manifesta,

716 5701 856 5759 hanc
875 5699 1292 5754 controversiam
1330 5698 1581 5751 dirimere
1617 5697 1920 5750 deberet....
1949 5708 2003 5749 et
2029 5698 2118 5764 qui
2160 5707 2269 5750 tam
2298 5695 2308 5704 ’

609 5835 614 5839 ι
716 5769 1010 5840 perspicuis
1054 5768 1230 5824 verbis
1276 5766 1505 5820 detrahit
1536 5767 1720 5831 ﬁdem,
1766 5766 1810 5818 is
1855 5782 1959 5820 non
2011 5766 2264 5829 veritatis,

2424 651 2612 704 multos
2631 669 2769 727 esse,
2791 654 2894 727 qui
2906 655 3184 727 sacerdotii
3208 656 3427 727 honores
3445 651 3704 724 quierunt,
3725 651 3922 727 gradus

2420 730 2612 798 rero_et
2642 721 2984 798 ministerium
3009 722 3236 798 fugiunt.
3260 721 3506 798 Car-plum
3539 721 3919 798 rogarivcupit,

2420 798 2476 840 ut
2503 787 2679 868 plures
2705 790 2978 843 mittantur
3003 787 3121 866 boni
3147 793 3370 860 operarii
3395 794 3451 846 in
3473 787 3706 847 messem.

2420 863 2781 932 Dilectissimo
2822 878 2873 932 in
2899 863 3100 933 Christi
3124 880 3386 935 charitate
3413 882 3586 936 amico
3624 892 3681 938 et
3727 886 3928 955 regalis

2349 964 2590 1039 palatii;c
2619 967 2866 1021 archario
2908 966 3234 1036 Megenfrido
3262 969 3483 1026 Flaccus
3523 971 3749 1028 Albinus
3793 990 3924 1043 per-

2346 1065 2524 1126 petua:
2550 1053 2828 1128 sospitatis
2849 1059 3117 1117 salutem.
3563 1104 3567 1109 .
3755 1105 3758 1108 .

2422 1144 2570 1208 Solet
2598 1148 2779 1216 itaque
2815 1138 3057 1202 chartula
3080 1150 3360 1205 charitatis
3379 1152 3587 1209 calamo
3622 1156 3927 1224 perscripta

2352 1234 2491 1288 inter
2537 1235 2793 1290 amicalcs
2841 1251 3064 1291 currere
3106 1253 3395 1307 personas,
3437 1249 3496 1294 ut
3544 1241 3792 1298 ardorem
3839 1247 3930 1299 sui

2350 1324 2580 1392 pectoris
2610 1325 2805 1380 litteris
2831 1324 3086 1381 fraternis
3112 1331 3357 1384 ostendat
3380 1331 3669 1395 obtutibus,
3695 1343 3752 1386 et
3779 1337 3930 1402 quod

2352 1413 2496 1467 intus
2524 1413 2654 1468 latet
2677 1415 2731 1468 in
2753 1416 2952 1492 animo,
2983 1415 3127 1471 foras
3151 1419 3396 1474 videatur
3422 1423 3474 1475 in
3509 1423 3745 1491 scriptis.
3773 1425 3934 1480 Unde

2353 1516 2454 1569 ego
2478 1502 2550 1555 tui
2583 1517 2809 1568 memor,
2835 1504 3009 1559 amice
3036 1506 3371 1574 charissime,
3401 1509 3496 1565 tibi
3527 1512 3624 1567 hos
3651 1521 3755 1568 tua:
3783 1515 3934 1569 salu-

2353 1591 2443 1654 tis,
2485 1592 2594 1646 imo
2615 1600 2671 1646 et
2698 1593 3012 1659 multorum,
3039 1595 3430 1654 admonitorios
3470 1601 3705 1671 dirigere
3737 1605 3931 1657 curavi

2354 1680 2553 1748 apices.
2595 1679 2705 1735 Nec
2736 1695 2822 1735 me
2859 1682 3188 1752 superﬂuum
3230 1686 3284 1739 in
3313 1687 3399 1741 his
3436 1688 3630 1745 litteris
3662 1693 3928 1756 aestimes,

2354 1772 2449 1825 sed
2499 1771 2782 1836 devotum;
2820 1772 3134 1843 desiderans
3183 1785 3501 1846 utmmque,
3543 1787 3598 1834 et
3642 1785 3931 1848 pnesentis

2354 1861 2476 1914 vitae
2501 1863 2913 1930 prosperitatem
2933 1871 2988 1917 et
3013 1862 3242 1920 futurae:
3273 1877 3536 1934 quatenus
3563 1870 3615 1923 in
3642 1871 3745 1925 ista
3785 1881 3931 1928 tem-
3983 1921 3987 1934 .

2355 1950 2523 2018 porali
2553 1950 2782 2006 feliciter
2817 1952 2987 2016 vivas,
3013 1963 3068 2006 et
3092 1952 3148 2006 in
3172 1953 3262 2007 illa
3301 1966 3500 2010 aeterna
3540 1957 3694 2012 beate
3733 1941 3932 2029 regnes

2358 2055 2478 2093 cum
2501 2039 2738 2097 Christo.
2909 2075 2916 2082 .
3664 2092 3667 2095 _

2428 2131 2886 2186 Considerandum
2927 2146 3056 2187 vero
3088 2143 3173 2188 est
3208 2135 3612 2204 diligentissime
3637 2139 3782 2212 omni
3826 2140 3928 2193 bo-

2358 2223 2486 2276 mini
2533 2221 2661 2292 quid
2710 2223 2892 2294 fugere
2941 2224 3160 2288 debeat,
3197 2235 3254 2291 et
3291 2227 3418 2295 quid
3449 2229 3617 2296 sequi.
3661 2228 3791 2294 Qum
3819 2231 3931 2284 duo

2357 2312 2636 2367 Psalmista
2665 2329 2771 2368 uno
2803 2314 3119 2370 brevissimo
3147 2316 3412 2370 versiculo
3438 2319 3672 2372 ostendit
3699 2319 3888 2372 dicens
3913 2335 3928 2371 :

2358 2401 2562 2456 Diserte
2587 2419 2619 2454 a
2650 2403 2812 2466 malo,
2836 2413 2884 2456 et
2915 2404 2999 2472 fac
3029 2405 3219 2457 bonum
3249 2405 3420 2475 (Psal.
3448 2422 3642 2471 XXIIII,
3671 2407 3781 2476 15).
3810 2407 3932 2462 Non

2356 2489 2552 2545 suﬁicit
2579 2491 2750 2546 solum
2792 2493 3082 2568 mala'non
3120 2492 3318 2558 facere,
3361 2495 3462 2547 nisi
3487 2503 3543 2548 et
3564 2495 3702 2549 bona
3742 2491 3929 2557 ﬁciat,

2357 2587 2611 2633 aeternam
2658 2580 2896 2648 cupienti
2940 2581 3214 2649 possidere
3255 2582 3500 2650 gloriam.
3529 2583 3679 2637 Unde
3716 2593 3772 2637 et
3814 2585 3932 2652 ipsa

2359 2668 2567 2723 Veritas
2591 2668 2644 2721 in
2677 2668 2968 2738 Evangelio
2996 2670 3206 2723 cuidam
3232 2683 3290 2729 se
3318 2671 3669 2741 interroganti
3705 2687 3932 2740 respon-

2362 2757 2440 2809 dit
2463 2774 2475 2808 :
2507 2755 2566 2810 Si
2592 2757 2670 2828 vis.
2691 2758 2848 2809 uitam
2873 2757 3096 2825 ingredi,
3115 2757 3269 2811 'serva
3300 2759 3548 2815 mandata
3577 2759 3790 2830 (Matth.
3812 2777 3930 2825 nx,

2363 2843 2473 2913 17).
2505 2842 2610 2897 Sed
2641 2843 2927 2912 unicuique
2953 2846 3280 2913 pensandum
3312 2855 3397 2900 est
3420 2847 3474 2900 in
3502 2863 3608 2916 quo
3631 2848 3797 2916 gradu
3822 2856 3934 2902 sta-

2359 2931 2550 2984 tuisset
2576 2946 2698 2985 eum
2733 2931 2895 2998 Deus,
2932 2941 2988 2986 et
3019 2947 3126 3000 quo
3165 2933 3367 2987 talento
3391 2934 3616 2989 ditasset
3642 2951 3786 2989 cum.
3813 2935 3933 2992 Non

2360 3020 2502 3074 enim
2528 3019 2657 3074 solis
2695 3021 2961 3090 episcopis
2995 3021 3083 3076 vel
3106 3012 3434 3100 presbyteris
3472 3027 3752 3094 pecuniam
3778 3043 3933 3081 suam

2362 3111 2580 3168 tradidit
2611 3112 2866 3188 Dominus
2905 3113 2972 3166 ad
3003 3113 3480 3184 multiplicandum,
3521 3118 3615 3172 sed
3652 3118 3800 3171 omni
3827 3119 3933 3173 ’di-

2359 3201 2556 3269 gnitati
2598 3208 2652 3254 et
2680 3191 2870 3271 gradui
2913 3201 3128 3276 talenta
3151 3204 3304 3258 bona:
3337 3206 3662 3273 operationis
3690 3206 3932 3272 tradidit,

2363 3299 2420 3342 ut
2450 3289 2626 3342 datam
2650 3290 2752 3344 sibi
2777 3291 3003 3360 gratiam
3033 3289 3260 3362 ﬁdeliter
3296 3293 3671 3350 administrare
3694 3297 3932 3363 studeat,

2362 3386 2415 3431 et
2441 3378 2713 3446 conservis
2736 3377 2850 3431 suis
2870 3391 3094 3454 erogare
3119 3382 3424 3436 contendat.
3447 3383 3598 3439 Alius
3622 3394 3706 3439 est
3734 3387 3827 3454 qui
3854 3396 3936 3440 ta-

2363 3465 2563 3518 lentum
2590 3460 2984 3534 przndicationis
3011 3468 3237 3537 accipit,
3279 3470 3418 3524 alius
3454 3473 3752 3541 sapientiae;
3797 3475 3936 3529 alius

2365 3553 2692 3618 divitiarum,
2711 3553 2848 3608 alius
2873 3550 3157 3625 cujuslibet
3175 3558 3683 3624 administrationis;
3712 3562 3932 3628 quidam

2351 3641 2503 3710 forte
2535 3644 2759 3712 alicujus
2797 3645 3011 3701 artiﬁcii
3045 3647 3240 3724 donttm
3264 3664 3298 3702 a
3321 3650 3431 3714 Deo
3469 3652 3660 3705 horum
3689 3654 3933 3708 omnium

2363 3733 2625 3802 bonorum
2661 3733 3048 3802 dispensatore.
3073 3733 3138 3788 Et
3185 3736 3241 3790 in
3284 3736 3370 3791 his
3413 3738 3660 3793 omnibus
3701 3738 3834 3796 ﬁdes
3877 3751 3932 3794 et

2365 3819 2576 3874 devotio
2603 3820 2891 3888 spectanda
2917 3821 3598 3903 est,,ut'ﬁdeliter}aboret,
3625 3834 3680 3880 et
3705 3827 3935 3882 viriliter

2366 3909 2448 3962 sui
2477 3908 2678 3963 domini
2709 3909 2992 3979 pecuniam
3019 3909 3374 3986 multiplicare
3408 3919 3636 3981 satagat,
3664 3921 3930 3980 quatenus

2368 4001 2774 4055 desiderabilem
2815 4016 3000 4055 vocem
3038 4002 3222 4056 audire
3254 4012 3525 4058 mereatur
3550 4021 3562 4055 :
3591 4004 3757 4073 Euge,
3793 4023 3934 4061 serre

2369 4089 2496 4142 bone
2528 4097 2576 4143 et
2601 4088 2791 4158 ﬁdelis,
2819 4090 2943 4158 quia
2970 4106 3126 4158 super
3164 4082 3331 4160 pauca
3369 4091 3523 4160 fuisti
3553 4092 3743 4160 ﬁdelis,
3774 4111 3935 4163 supra

2367 4178 2531 4233 multa
2570 4188 2619 4231 te
2657 4179 2999 4243 constituam;
3038 4178 3179 4240 intra
3217 4179 3274 4232 in
3308 4179 3557 4248 gaudium
3614 4181 3812 4236 domini
3858 4185 3935 4236 tui

2372 4264 2584 4334 (Matth.
2613 4280 2740 4329 xxv,
2762 4265 2875 4334 2i).
3097 4313 3104 4340 ς
3798 4287 3813 4296 ·
3994 4311 3999 4329 ν,

2437 4354 2542 4421 Qui
2585 4347 2711 4424 vcro
2737 4355 3020 4422 pecuniam
3061 4355 3452 4426 prmdicationis
3477 4358 3778 4426 accipiunt,
3809 4351 3931 4412 dili-

2369 4449 2556 4509 genter
2579 4441 2923 4495 considerare
2948 4442 3140 4496 debent
3161 4442 3290 4510 quid
3317 4443 3511 4512 cuique
3535 4455 3795 4513 congruat
3818 4445 3934 4500 loco

2372 4526 2453 4579 vel
2487 4527 2739 4595 tempori;
2769 4529 2931 4580 etiam
2963 4535 3019 4581 et
3061 4541 3168 4596 quo
3192 4530 3396 4602 ordine
3430 4533 3735 4600 prtedicatio
3774 4533 3931 4589 Chri-

2374 4616 2662 4670 stianitatis
2693 4617 2994 4686 incipienda
3019 4618 3088 4672 sit
3116 4619 3200 4673 vel
3225 4620 3563 4689 perﬁcienda.
3593 4621 3737 4686 Nam
3755 4623 3934 4678 Domi-

2376 4723 2474 4760 nus
2513 4715 2694 4761 noster
2732 4703 2886 4762 Jesus
2915 4707 3162 4763 Christus
3187 4723 3310 4763 cum
3353 4710 3619 4778 triumpho
3659 4710 3844 4780 gloriae
3869 4713 3948 4768 ad.

2335 4807 2350 4816 '
2375 4811 2653 4871 paternam
2695 4803 2911 4856 rediens
2937 4802 3118 4856 sedem
3159 4801 3413 4868 apostolis
3440 4803 3550 4856 suis
3583 4806 3835 4872 praecepit
3856 4805 3934 4859 di-

2378 4907 2504 4947 cens
2528 4911 2540 4944 :
2571 4891 2673 4958 Ite,
2702 4893 2876 4944 docete
2903 4907 3077 4944 omnes
3097 4901 3288 4960 gentes,
3315 4893 3629 4961 baptizantes
3659 4908 3744 4947 eos
3765 4895 3820 4948 in
3845 4911 3933 4948 no-

2379 5020 2470 5072 sed
2498 5017 2871 5082 contentionis,
2899 5019 2992 5072 sed
3025 5019 3246 5083 erroris,
3269 5020 3370 5074 sed
3397 5020 3705 5096 schismatis
3727 5029 3933 5077 amator

2374 5095 2519 5141 est.)
2999 5142 3002 5144 γ
3085 5131 3092 5136 .
3783 5119 3788 5124 -
3881 5135 3886 5138 .

2445 5159 2471 5196 δ
2512 5158 2650 5211 Edit.
2674 5157 2921 5226 Quercet.
2949 5156 3049 5212 105
3075 5169 3277 5226 gms.
3311 5155 3559 5226 (Froben.
3588 5155 3706 5226 59.).

2448 5221 2762 5294 crArchario
2810 5221 3155 5294 Megenfriaro'.
3199 5221 3346 5294 Alias
3379 5225 3541 5277 etiam
3577 5221 3931 5294 Maqenfridus

2374 5303 2428 5346 et
2473 5290 3201 5362 Maganfredusinomina’tur
3227 5293 3330 5345 dux
3361 5294 3628 5362 exercitus
3677 5290 3928 5348 Saionici

2376 5363 2430 5415 in
2459 5361 2793 5430 expeditione
2842 5361 3084 5430 Hunnica
3105 5362 3232 5414 anni
3255 5362 3382 5415 79L
3430 5361 3563 5414 Vide
3599 5371 3813 5428 poetam
3837 5363 3930 5416 Sa-

2374 5429 2590 5491 xonem,
2617 5437 2670 5482 et
2707 5429 2992 5495 Eginhardi
3038 5429 3231 5495 Annal.
3271 5431 3340 5483 ad
3390 5443 3512 5482 eum
3563 5443 3779 5483 annum.
3837 5430 3931 5485 Hic

2376 5490 2778 5568 Meginfridum'
2798 5499 2939 5568 regis
2985 5490 3375 5568 cubicularium
3427 5505 3599 5568 vocat.
3649 5498 3931 5568 Archarius

2374 5565 2501 5636 ergo
2526 5565 2885 5620 cubicularius
2911 5574 3011 5630 est,
3029 5578 3140 5636 seu,
3162 5574 3229 5636 ut
3257 5567 3412 5633 paulo
3433 5565 3658 5621 inferius
3679 5567 3933 5620 Alcuinus

2375 5634 2616 5701 pluribus
2661 5636 2891 5714 esplicat
2911 5635 3123 5696 verbis,-
3135 5634 3460 5714 dispensator
3477 5636 3870 5714 thesaurorum,
3884 5646 3928 5714 et

2375 5714 2573 5776 seratur
2585 5702 2950 5776 consiliorum;
2996 5703 3154 5776 quasi
3165 5732 3172 5736 ι
3200 5702 3420 5760 intimus
3443 5703 3795 5759 consiliarius.
3815 5704 3928 5758 Vid.

2377 5769 2564 5842 Cangii
2588 5772 2783 5838 Gloss,
2810 5786 2940 5826 voce
2973 5769 3237 5829 A'rcarius.
