4232 6456
150 602 249 657 205

1580 586 1935 643 EPISTOL/E
1946 625 1959 638 .

3274 586 3377 641 906

146 713 278 764 mine
304 708 497 773 Patris,
527 716 575 760 et
602 706 752 771 Filii,
779 716 826 759 et
872 706 1099 774 Spiritus
1126 704 1311 756 sancti.
1347 702 1593 753 [lucentes
1621 716 1706 751 eos
1737 705 1783 761 Λ
1811 695 1933 748 dem
1990 696 2272 762 aliquando
2339 695 2583 748 doctores
2635 694 2753 748 ﬁdei
2809 696 3115 763 apostolicis
3182 702 3377 753 eruditi

146 818 343 857 servare
354 802 528 855 omnia
537 815 853 870 quwcunque
866 796 1106 849 mandavi
1129 794 1264 847 vobis
1282 792 1493 862 (.llattli.
1513 805 1700 852 xxviii,

144 893 229 957 l9,
252 891 360 960 20).
387 904 412 932 α
436 891 618 945 Primo
664 890 797 943 ﬁdes
828 887 1066 953 docenda
1109 894 1212 947 est,
1242 893 1295 937 et
1331 884 1407 936 sic
1456 880 1705 948 baptismi

140 980 478 1049 percipienda
536 987 661 1033 sunt
726 985 1080 1032 sacramenta.
1135 974 1334 1027 Deinde
1401 970 1706 1039 evangelica

137 1077 399 1138 praecepta
430 1067 682 1121 tradenda
712 1073 853 1120 sunt.
879 1065 950 1118 At
986 1064 1031 1117 si
1062 1062 1263 1131 aliquid
1307 1062 1496 1114 horum
1545 1058 1706 1109 trium

138 1158 328 1223 deerit,
366 1158 594 1212 salutem
619 1158 811 1210 animae
850 1172 960 1211 sua:
986 1154 1199 1207 auditor
1228 1152 1425 1205 habere
1465 1165 1569 1203 non
1615 1162 1708 1216 po-

136 1250 282 1303 terit.
310 1249 467 1303 Fides
487 1264 717 1317 quoque,
743 1248 881 1301 sicut
905 1253 1122 1299 sanctus
1146 1242 1220 1297 ait
1246 1242 1596 1311 Augustinus,
1622 1255 1708 1293 res

133 1347 218 1392 est
245 1337 566 1402 voluntaria,
590 1352 695 1389 non
729 1335 1051 1389 necessaria.
1080 1331 1291 1384 Attrahi
1323 1330 1517 1399 poterit
1545 1329 1707 1381 homo

134 1428 186 1480 in
218 1427 398 1493 ﬁdem,
430 1443 537 1481 non
575 1426 713 1495 cogi.
740 1424 866 1493 Cogi
898 1423 1099 1491 poteris
1140 1421 1208 1474 ad
1233 1420 1577 1487 baptismum,
1614 1417 1707 1471 sed

134 1532 243 1571 non
288 1516 499 1586 proﬁcit
540 1514 683 1568 ﬁdei.
714 1513 825 1566 Nisi
855 1511 1115 1565 infantilis
1139 1518 1293 1573 mtas,
1321 1508 1545 1561 aliorum
1576 1521 1703 1576 pec-

132 1605 271 1658 catis
307 1604 563 1666 obnoxia,
606 1603 833 1656 aliorum
874 1598 1210 1654 confessione
1252 1597 1445 1651 salvari
1486 1594 1702 1666 poterit.

129 1693 390 1766 Perfecta:
427 1694 601 1747 aetatis
627 1694 711 1747 vir
737 1707 834 1761 pro
864 1704 922 1743 se
967 1690 1305 1757 respondeat,
1342 1687 1470 1755 quid
1500 1685 1702 1747 credat,

129 1796 224 1839 aut
252 1783 377 1853 quid
414 1784 612 1851 cupiat.
637 1783 705 1835 Et
730 1782 776 1835 si
804 1780 1066 1834 fallaciter
1102 1779 1258 1831 ﬁdem
1287 1775 1585 1845 proﬁtetur,
1616 1789 1707 1828 ve-

131 1877 330 1929 raciter
356 1874 586 1927 salutem
628 1888 734 1925 non
775 1870 1012 1924 habebit.
1048 1868 1198 1922 Unde
1236 1877 1290 1921 et
1328 1866 1705 1939 praedicatores

126 1980 461 2037 paganorum
492 1964 745 2033 pupulum
776 1960 1014 2031 paciﬁcis
1056 1960 1233 2013 verbis
1275 1967 1330 2012 et
1356 1957 1705 2027 prudentibus

1813 784 2002 854 [sitppL
2060 783 2361 854 exemplis].
2408 782 2527 836 Sint
2554 784 2955 852 pra'dicatores,
2985 802 3089 840 non
3124 788 3382 855 prmdatn-

1810 890 1913 926 res.
1952 874 2233 927 Conﬁdant
2269 874 2321 926 in
2362 874 2505 927 illius
2535 874 2747 942 pietate,
2788 875 2879 942 qui
2903 876 3011 928 ait:
3062 876 3237 929 Nolite
3259 895 3382 947 por-

1808 974 1919 1015 tare
1940 964 2226 1026 sacculum,
2252 972 2341 1015 aut
2366 980 2543 1031 peram
2572 963 2721 1033 (Luc.
2754 980 2807 1027 χ,
2836 965 2912 1033 4),
2955 972 3010 1018 et
3029 958 3222 1020 caetera
3266 984 3387 1036 qum

1809 1062 2124 1121 sequuntur.
2160 1053 2227 1107 Et
2243 1053 2309 1106 de
2337 1068 2443 1121 quo
2468 1054 2725 1121 propheta
2757 1053 2969 1121 inquit:
2995 1054 3097 1119 Qui
3121 1073 3385 1126 nunquam

1808 1140 2116 1212 derelinquit
2143 1153 2408 1212 sperantes
2434 1143 2487 1195 in
2516 1159 2570 1195 sc
2599 1142 2759 1211 (Dan.
2784 1158 2907 1205 xm,
2929 1142 3043 1213 60).

1878 1245 2003 1299 llaec
2024 1254 2147 1309 ture,
2171 1245 2472 1298 venerande
2493 1243 2685 1307 antice,
2720 1245 2908 1312 scripsi
2937 1243 3228 1308 dilectioni,
3250 1262 3383 1314 qna-

1809 1342 1964 1387 tenus
2013 1334 2120 1388 tuis
2162 1333 2442 1403 proﬁciant
2474 1333 2945 1399 admonitionibus,
2986 1336 3077 1403 qui
3111 1352 3141 1387 a
3170 1345 3221 1389 te
3252 1351 3383 1389 con-

1808 1425 1985 1478 silium
2024 1425 2210 1479 audire
2252 1424 2579 1478 desiderant.
2624 1423 2720 1477 Sat
2756 1426 2898 1478 enim
2927 1426 3042 1479 hsce
3093 1426 3271 1478 omnia
3292 1441 3383 1494 op.

1810 1513 1940 1566 time
1979 1514 2129 1567 novit
2148 1512 2372 1567 dilectus
2400 1529 2553 1566 meus
2577 1513 2759 1575 David,
2803 1515 2888 1567 cui
2920 1515 3061 1568 Deus
3088 1522 3143 1568 ct
3175 1514 3385 1582 sapien-

1810 1602 1938 1655 tiam
1966 1601 2132 1665 dedit,
2173 1610 2227 1655 et
2251 1604 2443 1655 bonam
2493 1596 2823 1654 voluntatem
2858 1617 2872 1654 :
2902 1612 2956 1656 et
2976 1604 3237 1672 plurimos
3257 1619 3384 1657 con-

1808 1694 1968 1747 vertit
1995 1692 2216 1762 populos
2275 1693 2342 1747 ad
2367 1692 2680 1745 charitatcm
2703 1690 2900 1745 Christi
2929 1703 2982 1746 et
3020 1694 3249 1746 laudem.
3284 1694 3383 1748 Cui

1807 1783 1983 1836 omnis
2008 1783 2220 1835 bonitas
2242 1790 2295 1835 et
2323 1782 2559 1849 potentia
2588 1781 2655 1833 ad
2680 1780 3119 1835 benefacicndum
3168 1782 3379 1835 suﬁieit.

1809 1872 1920 1925 Nisi
1960 1888 2126 1925 unum
2176 1872 2544 1925 tantummodo
2571 1869 2663 1941 [Ρ.
2698 1871 2866 1939 suppl.
2897 1872 3133 1943 deﬁcit?]
3163 1882 3382 1940 propter

1810 1968 2049 2029 tempora
2089 1961 2387 2029 periculosa
2415 1960 2575 2029 hujus
2614 1958 2818 2023 smerdi,
2856 1962 2998 2027 quod
3027 1961 3262 2014 rariores
3289 1962 3380 2014 ha-

127 2025 293 2111 lidem
335 2025 527 2109 docere
561 2025 792 2107 debent:
822 2050 979 2105 Novit
1008 2050 1266 2103 Dominus
1293 2025 1384 2116 qui
1425 2048 1532 2107 sint
1559 2045 1702 2113 ejus;
1738 2025 1783 2084 Β
1812 2025 2222 2119 bet—adjutores
2274 2053 2326 2104 in
2347 2025 2512 2121 opere
2569 2054 2779 2108 Domini
2803 2025 2967 2121 quam
3016 2066 3235 2105 necesse
3290 2053 3378 2105 sit.

124 2155 181 2199 et
229 2160 453 2214 quorum
479 2158 574 2197 eor
597 2142 730 2205 vult,
766 2142 967 2209 aperit,
996 2149 1055 2193 ut
1086 2138 1381 2208 intelligant
1410 2151 1528 2205 qua:
1556 2152 1586 2188 a
1613 2136 1707 2191 dos

123 2243 279 2288 ctore
322 2234 588 2287 dicantur.
618 2231 725 2285 Sed
753 2238 806 2284 et
837 2238 957 2298 post
988 2229 1109 2281 ﬁdei
1144 2236 1197 2281 et
1227 2227 1477 2295 baptismi
1522 2239 1707 2294 perce-

125 2324 371 2392 ptionem
398 2322 641 2376 molliora
662 2327 927 2388 praecepta
957 2317 1343 2371 inﬁrmioribus
1366 2316 1559 2368 animis
1583 2323 1709 2367 sum

123 2415 437 2483 prmbenda.
464 2411 599 2466 Nam
625 2420 679 2465 et
710 2411 985 2480 apostolus
1027 2408 1224 2462 Paulus
1249 2405 1470 2460 novella:
1494 2405 1710 2459 Galata-

127 2514 253 2558 rum
301 2500 760 2574 [Corinthiorum]
792 2500 936 2570 genti
981 2497 1224 2552 scribens
1270 2497 1384 2549 ait:
1419 2494 1524 2547 Lac
1568 2495 1707 2547 vobis

121 2597 251 2661 dedi
283 2604 491 2665 potum,
524 2610 627 2646 non
669 2592 893 2645 solidum
937 2591 1107 2643 cibum
1156 2588 1205 2659 (1
1231 2587 1351 2642 Cor.
1382 2603 1441 2641 tu
1462 2627 1476 2653 ,
1499 2586 1575 2658 ἃ).
1613 2585 1709 2640 So-

124 2691 271 2747 lidus
296 2702 441 2743 ivero
484 2686 636 2740 cibus
675 2684 914 2738 virorum
948 2690 1030 2734 est
1075 2679 1320 2743 fortium;
1354 2679 1406 2731 id
1436 2686 1545 2742 est,
1574 2692 1709 2746 pne-

123 2786 285 2847 cepta
318 2776 519 2844 majora
549 2775 762 2828 illorum
800 2780 944 2837 sunt,
975 2772 1066 2840 qui
1094 2771 1260 2823 multo
1293 2778 1531 2842 tempore
1557 2781 1710 2821 exer-

123 2868 324 2920 citatos
353 2865 555 2918 habent
581 2876 770 2917 sensus
800 2862 852 2914 in
882 2861 999 2931 lege
1028 2859 1128 2930 51
1174 2860 1402 2913 Domini.
1440 2859 1505 2912 Et
1544 2858 1707 2912 veluti

125 2957 211 3011 lae
240 2954 417 3024 fragili
442 2953 688 3022 congruit
712 2951 878 3014 aetati,
906 2950 981 3002 ita
1018 2949 1265 3003 suaviora
1294 2955 1561 3016 przeccpta
1589 2947 1707 3000 rudi

124 3045 327 3113 populo
350 3044 408 3096 in
434 3042 695 3112 principio
718 3040 839 3113 ﬁdei
871 3038 1128 3107 tradenda
1156 3048 1299 3093 sunt.

199 3130 369 3200 Igitur
401 3139 452 3183 et
478 3130 531 3182 in
576 3129 801 3182 Actibus
835 3128 1195 3195 apostolorum
1222 3126 1375 3199 (Cap.
1410 3144 1499 3193 xv,
1537 3128 1593 3199 9.)
1626 3130 1704 3183 le-

125 3226 308 3294 gimus
346 3221 571 3276 Paulum
607 3228 662 3274 et
686 3218 1021 3273 ‘Barnabam‘
1048 3220 1473 3289 Hierosolymam
1518 3236 1707 3275 ascen-

126 3314 278 3367 disse
313 3311 383 3363 ad
431 3309 688 3364 Jacobum
714 3316 768 3363 et
809 3297 1033 3366 exteras
1060 3309 1350 3376 apostolos,
1406 3325 1568 3377 super
1606 3311 1708 3363 hac

127 3403 458 3475 quaestione,
488 3400 753 3469 quomodo
775 3398 1022 3468 gentibus
1049 3398 1341 3467 praedicare
1368 3398 1710 3452 debuissent?

129 3499 207 3552 At
251 3496 329 3551 illi
356 3493 767 3565 praescribentes
788 3491 1025 3545 unanimi
1048 3490 1272 3544 consilio
1298 3498 1601 3544 statuerunt
1652 3496 1711 3544 ut

128 3591 211 3645 nil
235 3588 495 3643 molestia:
520 3586 707 3655 legalis
752 3584 1122 3681 imponerptur
1174 3582 1475 3636 cervicibus
1500 3596 1708 3644 eorum,

130 3680 230 3735 sed
260 3689 471 3735 tantum
498 3688 559 3733 ut
595 3679 931 3733 abstinerent
969 3676 1026 3747 se
1066 3693 1096 3741 a
1124 3676 1499 3753 fornicatione,
1526 3692 1558 3747 a
1590 3693 1714 3730 san—

52 3772 55 3775 ’
117 3772 318 3840 .guine,
347 3754 696 3831 suffocatione
715 3778 769 3825 et
798 3769 1101 3851 simulacris
1126 3768 1313 3839 (Ibid,
1337 3786 1476 3851 vers.
1492 3770 1578 3831 28,
1595 3769 1710 3838 29).

132 3862 250 3915 lmo
283 3869 340 3916 et
368 3861 704 3930 ipse-Paulus
740 3861 1061 3932 pratdicator
1090 3861 1339 3928 gentibus
1386 3861 1714 3929 gloriabatur

134 3966 198 4005 se
238 3968 308 4006 ex
357 3951 540 4007 labore
575 3966 831 4007 manuum
864 3966 1081 4004 suarum
1116 3950 1313 4003 vivere.
1353 3949 1442 4003 Ait
1470 3951 1613 4003 enim
1660 3952 1713 4005 in

134 4048 372 4116 quadam
423 4046 658 4114 Epistola
706 4047 785 4099 sic
821 4043 977 4102 :;.Vos
1016 4046 1157 4098 scitis
1196 4045 1334 4114 quod
1377 4045 1502 4097 milii
1544 4056 1591 4098 et
1634 4047 1713 4100 liis

133 4138 227 4205 qui
250 4150 454 4188 mecum
504 4142 623 4187 sunt
671 4150 856 4187 manus
904 4134 1018 4187 ista:
1054 4134 1497 4195 ministraverunt,
1547 4135 1715 4186 necui

136 4236 368 4279 uestrum
423 4224 626 4278 molesti
679 4240 905 4278 essemus
928 4223 1066 4293 (Act.
1119 4238 1211 4285 xx,
1239 4222 1347 4286 34;
1384 4220 1445 4273 11
1476 4222 1710 4285 Tliessal.

135 4333 220 4380 ιιι,
246 4315 325 4387 8).
380 4311 447 4367 Et
468 4315 637 4375 item;
665 4312 854 4365 Melius
882 4321 955 4364 est
988 4311 1113 4363 mihi
1134 4311 1283 4372 mori,
1312 4327 1468 4379 quam
1523 4320 1578 4362 ut
1603 4310 1715 4379 glo-

137 4407 276 4458 riam
311 4419 481 4456 meam
524 4396 639 4471 quis
669 4408 895 4455 evacuet.
941 4399 1070 4464 Quae
1122 4409 1195 4452 est
1237 4398 1405 4469 gloria
1460 4398 1613 4451 mea?
1659 4408 1715 4450 ut

138 4494 487 4565 Euangelium
508 4494 618 4546 sine
645 4501 852 4562 sumptu
881 4507 1133 4559 exponam
1158 4489 1209 4560 (1
1240 4489 1361 4542 Cor.
1396 4506 1471 4552 ix,
1504 4489 1709 4559 15-18).

139 4583 254 4639 Hoc
291 4582 438 4636 enim
465 4588 644 4634 tantus
664 4588 719 4634 et
737 4596 769 4634 a
788 4580 897 4633 Deo
926 4580 1226 4648 specialiter
1252 4579 1456 4632 electus
1478 4580 1715 4648 gentium

136 4672 470 4745 prsidicator
505 4670 634 4738 egit,
689 4676 748 4721 ut
802 4684 1015 4723 omnem
1068 4668 1326 4722 radicitus
1375 4668 1714 4723 occasionem

139 4758 387 4813 avaritias
408 4755 848 4825 prmdicatoribus
872 4756 1209 4809 abscinderet
1241 4772 1255 4808 :
1282 4764 1545 4824 quatenus
1592 4758 1715 4831 nul:

141 4830 249 4912 ius,
291 4844 533 4914 qualibet
585 4843 879 4911 cupiditate
922 4844 1152 4907 illectus,
1220 4845 1312 4898 sed
1363 4845 1476 4899 sola
1516 4830 1717 4900 Christi

141 4935 413 4990 eharitate
437 4933 768 4988 confortatus
792 4936 1015 4989 verbum
1046 4936 1141 4990 Dei
1170 4936 1522 5005 praedicaret.
1581 4939 1720 4992 sicut

143 5028 261 5097 ipse
290 5026 347 5079 in
371 5024 660 5095 Evangelio
677 5026 790 5080 suis
813 5027 1127 5096 pnecipiens
1147 5029 1422 5099 discipulis
1442 5030 1517 5083 ait
1541 5045 1554 5084 :
1586 5029 1720 5084 Gra-

142 5116 210 5168 tis
236 5114 529 5183 accepistis,
544 5115 708 5182 gratis
737 5114 858 5166 date
886 5113 1099 5183 (Matth.
1134 5133 1188 5182 x,
1216 5120 1292 5185 8).

216 5202 278 5257 Si
317 5210 468 5255 tanta
500 5202 757 5256 instantia
802 5217 964 5257 suave
1019 5205 1220 5260 Christi
1249 5207 1438 5276 jugum
1486 5220 1542 5263 et
1582 5226 1721 5265 onus

144 5293 265 5361 ejus
293 5292 413 5347 leve
439 5292 728 5346 durissimo
755 5291 1027 5347 Saxonum
1072 5296 1267 5364 populo
1315 5300 1716 5366 praadicaretur,

141 5393 353 5453 quanta
368 5385 699 5439 decimarum
718 5383 973 5449 redditio,
982 5386 1065 5441 vel
1078 5387 1260 5456 legalis
1274 5405 1371 5457 pro
1390 5393 1722 5458 parvissimis

146 5472 482 5542 quibuslibet
517 5474 688 5543 culpis
719 5473 878 5528 edicti
908 5477 1199 5532 necessitas
1222 5472 1555 5547 exigebatur,
1583 5480 1722 5535 forte

146 5559 495 5630 baptismatis
531 5570 871 5617 sacramenta
891 5577 999 5617 non
1032 5565 1402 5621 abhorrerent.
1446 5566 1568 5622 Sint
1605 5578 1722 5623 tan-

222 5741 252 5770 ι
288 5728 475 5797 Primo
496 5730 626 5797 ﬁdes
662 5732 895 5787 docenda
919 5742 1015 5787 est.
1066 5732 1267 5787 Eadem
1315 5736 1503 5790 scribit
1534 5689 1724 5793 Ἀιεέιιί-

150 5814 256 5877 aus
278 5798 349 5851 ad
364 5796 618 5877 Car_o_tulm
671 5801 917 5877 Magpum
947 5804 1117 5877 epist._
1139 5803 1211 5877 ss
1242 5809 1408 5873 (nunc
1434 5806 1545 5877 35),
1584 5816 1638 5861 et
1658 5810 1726 5865 ad

149 5870 428 5939 Anionem
456 5869 519 5939 51
553 5867 717 5937 (nunc
742 5867 853 5939 56);
893 5867 1035 5928 anno
1061 5873 1181 5927 796.

224 5940 253 5978 δ
294 5937 606 6009 Legettdum
645 5945 774 6007 puto
807 5937 819 5991 ἑ
849 5938 1048 5995 Privati
1087 5959 1201 5997 vero
1228 5953 1348 5997 sunt
1391 5947 1638 6013 potestate
1660 5948 1725 6001 li-

1810 2139 1994 2193 Nullus
2032 2148 2211 2193 tamen
2262 2140 2315 2193 in
2363 2142 2563 2195 mundo
2593 2142 2862 2204 meliores,
2913 2149 2971 2195 ut
3002 2143 3179 2204 credo,
3225 2143 3387 2196 habit

1808 2246 1969 2298 quam
1994 2230 2100 2283 illc.
2132 2228 2241 2284 llos
2293 2230 2525 2293 erudiat,
2557 2231 2842 2284 admoneat
2871 2239 2923 2284 ct
2951 2231 3159 2293 doceat,
3198 2246 3389 2285 secun-

1809 2322 1936 2375 dum
1965 2320 2284 2388 sapientiam
2332 2320 2435 2373 sibi
2486 2335 2516 2373 a
2560 2320 2669 2374 Deo
2704 2321 2906 2374 datam.
2968 2320 3034 2373 Et
3070 2329 3144 2383 tu,
3193 2319 3391 2375 ﬁdelis-

1809 2410 1943 2463 sime
1965 2409 2305 2476 dispensator
2325 2410 2698 2463 thesaurorum
2727 2418 2781 2462 et
2806 2418 3017 2463 serator
3039 2410 3383 2464 consiliorum

1808 2509 1864 2554 et
1897 2498 2113 2567 adjutor
2160 2499 2401 2561 devotus,
2453 2499 2680 2553 viriliter
2728 2498 2811 2552 fac
2854 2499 3181 2553 voluntatem
3226 2501 3386 2553 illius.

1808 2589 1938 2644 Esto
1964 2590 2017 2642 in
2044 2589 2269 2643 consilio
2303 2589 2483 2642 suavis
2509 2598 2562 2641 et
2593 2589 2646 2642 in
2685 2604 2847 2659 opere
2886 2596 3157 2652 strenuus,
3205 2589 3390 2663 pacili-

1808 2694 1904 2734 cus
1936 2681 1990 2733 in
2021 2681 2201 2744 domo,
2247 2681 2480 2748 prudens
2503 2681 2556 2733 in
2592 2680 2968 2749 legationibus,
3008 2681 3127 2748 pius
3171 2681 3224 2732 in
3261 2695 3388 2748 pau-

1808 2784 1964 2839 peres
1985 2776 2038 2822 et
2069 2770 2317 2833 miseros,
2338 2768 2524 2837 justus
2560 2770 2613 2822 in
2646 2770 2885 2838 judiciis,
2944 2769 3125 2838 largus
3163 2770 3215 2822 in
3245 2770 3386 2822 elec-

1811 2861 2083 2931 mosynis;
2142 2868 2201 2915 ut
2224 2874 2291 2914 ex
2346 2860 2734 2930 temporalibus
2774 2860 2976 2915 divitiis
3016 2860 3123 2915 tuis
3162 2868 3393 2915 aeternas

1809 2950 1906 3005 tibi
1932 2950 2193 3005 merearis
2214 2950 2269 3003 in
2293 2948 2464 3004 cozlis.

1876 3052 2066 3115 Adhuc
2092 3075 2178 3115 me
2203 3060 2419 3114 dilectio
2447 3060 2628 3114 dilecti
2660 3060 2765 3115 mei
2793 3061 2978 3125 David,
3006 3069 3059 3114 et
3086 3060 3390 3119 sollicitudo

1808 3150 2000 3205 salutis
2030 3148 2342 3212 multorum,
2365 3149 2511 3218 cogit
2539 3148 2631 3201 tibi
2658 3149 2908 3211 Suadere,
2956 3164 3075 3217 quae
3103 3150 3251 3202 utilia
3275 3149 3388 3204 scio

1810 3254 1993 3293 coram
2020 3238 2130 3293 Deo
2157 3246 2211 3291 et
2243 3238 2470 3291 honesta
2509 3238 2692 3291 coram
2718 3238 2933 3291 sarculo.
2988 3237 3121 3291 Nam
3172 3238 3391 3305 quidam

1735 3354 1781 3413 ρ
1812 3332 2120 3384 sacerdotes
2152 3328 2375 3392 Christi,
2409 3329 2503 3397 qui
2537 3327 2738 3382 habent
2776 3329 3059 3396 parochias
3082 3338 3137 3383 et
3160 3330 3392 3419 hunogcs

1811 3421 2015 3485 saeculi,
2055 3428 2109 3473 et
2132 3420 2335 3489 gradus
2373 3420 2658 3473 ministerii
2682 3434 2790 3475 non
2815 3421 3003 3474 volunt
3034 3422 3233 3476 habere
3264 3440 3276 3474 :
3305 3422 3388 3474 vi-

1810 3511 1969 3565 detur
2006 3510 2135 3563 mihi
2164 3510 2377 3573 melius,
2436 3518 2496 3562 ut
2540 3509 2752 3578 plenam
2791 3510 3021 3563 habeant
3051 3512 3387 3565 benedictio-

1811 3616 1934 3655 nem
1971 3609 2026 3654 et
2048 3600 2261 3669 plenam
2296 3599 2602 3653 mercedem
2643 3598 2783 3667 apud
2830 3598 3018 3651 Deum.
3065 3597 3216 3651 Nunc
3261 3613 3391 3652 vero

1816 3689 1955 3742 alius
1985 3688 2193 3742 laborat
2225 3703 2327 3755 pro
2380 3685 2628 3753 mercede
2671 3695 2952 3754 perpetua,
2993 3686 3068 3739 illi
3127 3703 3256 3740 vero
3295 3702 3394 3756 pro

1814 3776 2059 3830 saeculari
2101 3777 2325 3829 honore.
2356 3776 2385 3814 1»
2423 3774 2626 3828 Privati
2659 3790 2789 3829 vero
2836 3784 2980 3840 sunt,
3017 3784 3077 3829 ut
3102 3792 3224 3830 cum
3263 3792 3395 3851 pace

1814 3866 2009 3919 dicam.
2038 3864 2369 3919 Potestatem’
2398 3864 2595 3932 ligandi
2632 3872 2688 3919 et
2717 3856 2983 3928 solvendi,
3026 3866 3169 3933 quod
3209 3852 3398 3918 claris-

1814 3954 2011 4008 simum
2037 3963 2121 4007 est
2155 3955 2210 4006 in
2232 3953 2473 4007 Ecclesia
2501 3953 2700 4007 Christi
2732 3955 2952 4017 donum,
2979 3954 3226 4009 Christus
3247 3956 3394 4010 dedit

1814 4043 2088 4111 apostolis,
2127 4050 2183 4097 et
2207 4057 2307 4111 per
2335 4057 2429 4096 eos
2451 4043 2852 4097 successoribus
2890 4043 3020 4097 suis.
3052 4043 3158 4097 Nec
3197 4060 3302 4098 non
3340 4054 3396 4098 et

1815 4133 2096 4196 Eeelesiis,
2126 4148 2247 4201 qua:
2273 4147 2378 4185 non
2404 4132 2603 4185 habent
2626 4140 2890 4199 pastores,
2927 4132 3287 4200 periculosum
3313 4141 3396 4195 est

1814 4238 2027 4292 gregem
2066 4222 2268 4277 Christi
2297 4222 2499 4288 absque
2538 4229 2759 4288 pastore
2782 4222 2873 4274 diu
2899 4237 3137 4275 manere.
3184 4222 3396 4273 lntrant

1816 4314 1924 4383 lupi
1949 4328 2186 4382 rapaces,
2237 4313 2334 4366 sed
2358 4326 2465 4365 non
2487 4309 2571 4363 est
2599 4311 2689 4378 qui
2734 4312 2914 4379 exigat
2940 4325 3051 4363 eos.
3084 4310 3248 4364 Sedet
3279 4311 3389 4363 sola

1814 4411 1868 4456 et
1892 4402 2049 4456 vidua
2075 4402 2292 4455 domina
2332 4402 2569 4470 gentium
2617 4410 2671 4454 et
2703 4416 2809 4455 non
2836 4410 2920 4454 est
2962 4402 3053 4468 qui
3083 4401 3394 4455 consoletur

1815 4508 1933 4546 eam
1981 4491 2196 4561 (Thren.
2253 4508 2292 4555 ι,
2324 4492 2374 4555 1,
2400 4491 2477 4561 2).
2536 4491 2676 4545 Dicit
2700 4500 2755 4545 et
2782 4492 2895 4561 ipsa
2925 4493 3135 4546 Veritas
3163 4507 3176 4544 :
3212 4491 3394 4546 Messis

1815 4580 2021 4650 quidem
2044 4580 2228 4645 multa,
2253 4580 2473 4650 operarii
2492 4590 2664 4646 awm
2693 4582 2880 4649 pauci;
2925 4591 3100 4649 rogate
3125 4582 3393 4633 dominum

1747 4674 2016 4751 Dmessis,
2062 4684 2116 4726 ut
2145 4674 2313 4725 mittat
2355 4674 2619 4740 operarios
2674 4675 2729 4726 in
2785 4690 2999 4726 messem
3054 4682 3205 4727 sitam
3233 4673 3388 4741 (Luc.

1819 4778 1872 4825 χ,
1904 4762 1980 4830 2).
2004 4761 2071 4813 Et
2098 4776 2199 4829 ego
2226 4761 2343 4823 tibi,
2377 4761 2695 4815 charissime
2721 4763 2911 4826 amice,
2944 4764 3136 4817 messis
3177 4765 3395 4831 quidem

1819 4850 1983 4903 multa
2022 4857 2106 4903 est
2151 4850 2204 4901 in
2248 4849 2448 4917 populo
2499 4848 2827 4914 Christiano,
2879 4852 2972 4905 sed
3028 4868 3133 4905 non
3188 4854 3390 4906 suntin

1818 4939 2137 5007 quibusdam
2160 4938 2293 4992 locis
2323 4952 2607 4993 messores.
2666 4940 2747 4992 Tu
2796 4955 2923 4994 vero
2951 4956 3078 5010 roga
3115 4932 3393 4995 dominum

1818 5029 2030 5092 messis,
2056 5026 2109 5082 id
2138 5037 2240 5091 est,
2274 5028 2439 5081 David
2474 5044 2650 5081 meum
2676 5029 2949 5091 dilectum,
2976 5038 3035 5083 ut
3064 5032 3242 5083 mittat
3261 5046 3392 5098 ope-

1740 5126 1741 5129 ‘
1821 5118 1996 5174 rarios
2018 5119 2070 5173 in
2098 5133 2326 5172 messem
2356 5132 2537 5180 suam;
2571 5126 2835 5184 quatenus
2860 5117 2965 5171 illis
2986 5118 3132 5172 dicat
3157 5126 3397 5186 rogatus,

1820 5210 1959 5264 sicut
2009 5225 2138 5263 suus
2164 5208 2414 5276 proprius
2450 5216 2724 5275 protector
2764 5216 2818 5261 et
2844 5204 3069 5271 unicus,
3109 5219 3163 5262 et
3188 5219 3400 5273 amator

1820 5299 2067 5353 Christus
2088 5298 2229 5351 Deus
2254 5297 2389 5351 dixit
2416 5296 2693 5365 discipulis
2715 5297 2819 5367 52
2856 5299 2969 5351 suis
2993 5316 3004 5349 :
3037 5298 3139 5361 Ite,
3164 5315 3278 5352 ecce
3304 5318 3401 5369 ego

1820 5392 1966 5443 mitto
1994 5406 2078 5443 vos
2100 5388 2248 5458 (Luc.
2280 5404 2333 5451 ι,
2371 5386 2449 5456 5).
2486 5387 2602 5456 Ipse
2627 5374 2976 5443 est'dominus
2998 5388 3187 5449 vinem,
3215 5389 3397 5442 mittat

1822 5481 2097 5550 operarios
2154 5480 2207 5531 in
2260 5477 2469 5530 vineam
2504 5493 2657 5532 suam
2712 5485 2766 5531 et
2787 5473 2930 5531 dicat
2956 5496 2967 5529 :
2996 5477 3072 5532 Ite
3110 5488 3163 5531 et
3213 5494 3310 5532 vos
3338 5481 3394 5533 in

1822 5570 2034 5623 vineam
2079 5581 2254 5622 meam
2298 5574 2353 5619 et
2380 5567 2522 5636 quod
2539 5567 2741 5635 justum
2768 5566 2951 5633 fuerit,
2994 5567 3269 5635 accipietis
3297 5582 3395 5636 pro

1822 5739 1981 5812 gandi
2000 5747 2047 5792 et
2074 5737 2321 5812 solvendi,
2346 5740 2484 5812 quod
2507 5740 2856 5812 clarissimum
2886 5744 2941 5796 in
2982 5741 3213 5812 Ecclesia
3245 5742 3396 5797 Chri-

1823 5807 1913 5891 sti“
1938 5807 2135 5891 donum
2164 5807 2399 5863 Christus
2425 5809 2566 5891 dedit
2580 5811 2855 5891 apostolis,
2898 5820 3003 5865 etc.
3037 5807 3213 5865 Locus
3238 5822 3390 5891 nota-

1822 5878 1948 5930 bilis
1994 5886 2181 5951 ωριτε
2235 5878 2702 5951 commendatitios
2759 5883 3057 5951 episcopos,
3106 5883 3389 5951 parochos,

1770 6028 1773 6029 γ
1823 5949 2085 6017 etc.,‘qui
2128 5947 2359 6004 honores
2393 5947 2653 6017 ambiunt,
2702 5947 3058 6007 ministerium
3097 5947 3389 6023 refugiunt.
