4232 6452
688 514 787 568 207

1547 499 1607 552 Β.
1647 497 1708 550 F.
1747 493 1964 548 ALBINI
2004 489 2132 544 εει]
2174 483 2446 540 ALCUINI
2479 476 2754 536 OPERUM
2795 473 2968 528 PARS
3003 473 3044 528 1.

3811 463 3923 516 9.08

689 625 869 676 labore
893 617 1060 672 vineae
1087 626 1215 668 meae
1247 598 1458 680 (Matth.
1503 623 1591 671 xx,
1628 605 1680 670 ιι,
1706 605 1782 672 7).
1817 603 1932 670 Ipse
1961 598 2077 670 [F.,
2113 596 2236 666 ipsi]
2267 599 2311 656 Α
2338 608 2370 645 a
2396 592 2503 644 Deo
2529 587 2892 658 commissum,
2922 583 3190 652 corrigere
3237 578 3471 641 studeas,
3513 583 3569 629 et
3592 574 3923 644 ignorantiae

689 718 772 764 est
795 714 1032 776 potestas
1055 710 1108 757 et
1138 697 1463 768 dispensatio
1496 696 1661 748 vineae
1699 690 1916 755 Christi,

692 798 970 851 etesiarum
1000 791 1117 846 Dei.
1148 789 1294 842 Illius
1344 794 1426 839 est
1463 785 1578 838 laus
1621 790 1675 836 et
1723 779 1915 851 gloria,
1957 785 2012 830 et
2044 786 2250 828 merces

691 898 910 951 aeterna,
939 892 1000 938 ut
1025 884 1162 937 bene
1201 878 1535 938 ordinentur,
1582 881 1650 942 et
1670 877 1941 941 regantur,
1981 875 2035 922 et
2067 871 2249 933 pasto-

1962 661 2017 741 id
2043 661 2250 751 est—Ec:-
2350 679 2586 734 tenebris
2605 675 2695 730 diu
2738 675 2943 728 animas
2963 671 3270 725 obczcatas-
3306 666 3372 719 ad
3395 666 3574 718 lumen
3621 676 3762 716 verae
3794 661 3923 715 fidei

2356 768 2619 824 deducere
2650 762 2882 818 coneris.
2926 759 3207 828 Nunquam
3259 754 3474 826 eptimis
3523 751 3922 827 voluntatibus.

2351 857 2437 911 vel
2475 855 2632 910 bonis
2653 851 2932 907 conatibus
2954 845 3314 904 remuneratio
3357 843 3532 898 divina
3582 839 3754 893 deerit
3784 858 3796 892 :
3824 841 3924 893 sed

695 995 783 1033 res
805 928 1055 1036 habeant,
1098 977 1325 1040 quantos
1352 928 1591 1020 invenire
1628 928 1835 1031 possint
1863 928 1937 1021 I,'
1975 928 2165 1024 dignos
2198 958 2252 1004 et
2352 948 2442 1016 qui
2467 945 2586 1014 plus
2634 943 2842 996 laborat
2886 940 2939 992 in
2995 937 3268 991 voluntate
3318 933 3434 996 Dei,
3485 931 3603 1000 plus
3653 928 3927 982 mercedis

2449 1038 2458 1040 ‘
2504 1036 2515 1040 ‘
2598 1034 2610 1040 ‘
2866 1029 2903 1040 ’λ
2943 1029 2956 1039 ⁸
3007 1027 3050 1040 κ·
3297 1023 3313 1040 ι
3372 1021 3448 1040 εν-
3496 1021 3612 1040 -.ξ-μ
3663 1016 3927 1040 -.-ι--ε.-..

694 1068 803 1120 Deo
836 1060 1142 1134 placabiles.
1190 1056 1277 1109 Ille
1300 1061 1384 1108 est
1436 1053 1490 1104 in
1543 1052 1644 1104 hoc
1690 1061 1876 1116 regno,
1925 1043 2017 1112 qui
2066 1044 2254 1114 omnes

695 1130 986 1224 pradicare
1012 1154 1202 1219 potest,
1225 1152 1279 1200 et
1302 1143 1367 1198 de
1397 1142 1642 1196 omnibus
1671 1135 1922 1192 Ecclesiis
1952 1130 2252 1186 mercedem

697 1219 895 1299 habere
916 1248 970 1295 et
992 1235 1417 1293 benedictionem
1454 1231 1507 1284 in
1529 1226 1742 1290 saeculo,
1764 1233 1820 1278 et
1841 1231 2095 1277 aeternam
2135 1219 2257 1271 bea-

699 1333 980 1388 titudinem
1015 1336 1070 1383 et
1117 1327 1331 1380 beatam
1381 1319 1756 1395 aeternitatem
1781 1328 1902 1368 cum
1938 1309 2152 1364 Christo
2203 1313 2258 1360 et

699 1423 901 1482 sanctis
922 1419 1058 1487 ejus.

1177 1506 1207 1546 δ
1245 1497 1575 1558 EPISTOLA
1609 1493 1786 1548 XLIII.

1178 1610 1244 1648 AD
1279 1602 1521 1646 (ιλιιοιωί
1560 1597 1794 1638 IAGNUI.

1316 1680 1490 1752 (Auno
1519 1674 1667 1744 796.)

707 1789 986 1860 Significat
1008 1800 1159 1839 suum
1197 1780 1446 1860 gaudium
1486 1763 2264 1860 obprosperita'tem“ﬁgienda

779 1836 1084 1911 sua
1111 1836 1605 1921 provehendaupetit
1634 1836 1700 1921 ear:
1727 1839 1938 1921 Anglia.
1963 1836 2119 1921 libros
2147 1849 2266 1921 κίοι

2355 1036 2575 1104 recipiet
2597 1034 2650 1088 in
2677 1046 2842 1100 regno
2866 1029 2987 1082 Dei.
3007 1027 3241 1095 Tempus
3297 1021 3456 1090 hujus
3496 1021 3617 1074 vitae
3663 1016 3928 1072 velociter

2356 1126 2543 1189 currit,
2571 1123 2729 1192 fugit,
2777 1131 2832 1176 et
2866 1135 2972 1174 non
3008 1117 3290 1172 revertitur
3327 1113 3458 1185 [Al.,
3501 1107 3771 1192 respicit];
3815 1105 3928 1176 53

2357 1188 2654 1269 ineﬂ'abilis
2665 1225 2791 1266 vero
2815 1209 2910 1264 Dei
2942 1209 3113 1278 pietas
3134 1206 3366 1259 humano
3384 1188 3706 1272 praevidebat
3732 1194 3928 1267 generi

2357 1302 2593 1356 breviter
2627 1299 2892 1362 laberare,
2914 1308 2969 1351 et
3008 1293 3329 1349 aeternaliter
3353 1287 3617 1346 coronari.
3648 1285 3772 1339 ideo
3801 1298 3933 1354 pre-

2361 1391 2495 1444 tiosa
2525 1389 2720 1445 debent
2746 1401 2864 1440 esse
2891 1385 3045 1439 nobis
3097 1389 3355 1449 tempora,
3388 1392 3455 1432 ne
3505 1376 3790 1446 perdamus
3828 1386 3935 1440 per

2361 1479 2739 1550 negligentiam
2783 1476 2926 1545 quod
2970 1489 3066 1542 per
3113 1473 3267 1525 bonae
3316 1470 3441 1523 vitae
3466 1465 3782 1546 exercitium
3829 1461 3935 1515 ha-

2361 1542 2489 1624 bere
2508 1542 2957 1638 poterimuslAlg
2980 1556 3335 1630 potuerimus]
3359 1542 3636 1610 aeternum.
3680 1550 3790 1604 Nec
3811 1557 3934 1602 tan-

2367 1671 2482 1716 tum
2534 1657 2757 1725 diligere
2801 1651 2999 1721 aliquid
3049 1649 3342 1719 poterimus
3363 1647 3418 1700 in
3459 1653 3622 1706 terra,
3670 1646 3934 1710 quantum

2364 1748 2522 1802 beata
2548 1743 2815 1798 amabitur
2845 1739 3056 1806 requies
3073 1738 3130 1790 in
3154 1735 3290 1791 caelo
3321 1749 3336 1787 :
3362 1748 3520 1802 quam
3557 1731 3648 1800 qui
3675 1739 3804 1783 tunc
3834 1729 3935 1781 ha-

2366 1835 2494 1888 bere
2541 1829 2905 1899 concupiscat,
2943 1825 3099 1879 bonis
3145 1837 3284 1876 nunc
3331 1821 3583 1891 operibus
3628 1815 3935 1886 promereri

776 1902 1253 1999 ᾇῇᾶἓοῦᾶίίῇίῴ
1273 1916 1436 1999 “mia.
1452 1902 1692 1999 ίίίῆζίὲἷίί
1719 1902 1938 1962 "dum
1961 1920 1978 1958 ³
2000 1905 2119 1956 huic
2141 1902 2269 1956 πάθ’
2298 1939 2345 1999 Β
2369 1919 2673 1978 contendat.
2720 1915 2979 1971 Omnibus
3023 1914 3200 1980 itaque
3223 1909 3576 1966 communiter
3612 1906 3761 1976 regni
3812 1920 3932 1962 ca:-

780 1980 1025 2047 le'scentes
1049 1987 1232 2058 palatii
1258 1983 1437 2038 suadet
1463 1980 1661 2034 addici.

779 2101 1004 2157 Domino
1027 2097 1270 2168 piissimo
1284 2101 1337 2148 et
1353 2078 1794 2160 praestantissimo
1821 2093 1876 2140 et
1898 2084 2043 2138 omni
2067 2083 2269 2136 honore

709 2166 1215 2262 dignissimo'David
1237 2181 1346 2250 regi
1371 2178 1596 2232 Flaccus
1633 2174 1856 2228 Albinus
1883 2185 2021 2224 vera:
2047 2166 2272 2224 beatitu-

710 2281 848 2336 dinis
874 2285 1128 2332 aeternam
1157 2273 1212 2325 in
1232 2270 1447 2325 Christo
1462 2265 1708 2320 salutem.

782 2369 1012 2424 Dulcedo
1049 2373 1247 2420 sanctae
1278 2360 1578 2418 dilectionis
1604 2365 1797 2413 vestrae
1825 2356 2074 2410 omnibus
2101 2353 2270 2415 horis,

711 2461 872 2514 etiam
896 2465 950 2510 et
976 2454 1276 2515 momentis,
1324 2451 1631 2504 aviditatem
1675 2446 1904 2515 pectoris
1953 2443 2057 2495 mei
2103 2442 2272 2494 abun-

715 2550 903 2600 danter
929 2542 1131 2608 reilcit;
1187 2549 1241 2595 et
1269 2539 1476 2594 decoris
1501 2537 1664 2590 vestri
1692 2534 1874 2596 facies,
1901 2545 2060 2600 quam
2085 2529 2276 2598 saepius

716 2631 1020 2686 amabiliter
1039 2628 1374 2683 considerare
1399 2625 1654 2687 solebam,
1686 2630 1824 2676 totas
1851 2619 2118 2673 memoriae
2145 2631 2277 2670 meae

723 2735 883 2774 venas
906 2733 1028 2772 cum
1057 2731 1246 2785 magna
1266 2713 1597 2782 iucunditate
1624 2708 2047 2764 desiderabilitcr
2071 2705 2284 2773 implet,—

715 2821 771 2865 et
805 2811 954 2879 quasi
983 2808 1270 2861 multarum
1294 2806 1349 2858 in
1375 2806 1534 2858 corde
1586 2801 1890 2856 divitiarum
1919 2799 2147 2867 species,
2180 2812 2276 2850 ve-
2317 2810 2321 2815 ’

717 2909 843 2953 stra:
893 2897 1148 2950 bonitatis
1188 2908 1383 2948 nomen
1413 2900 1467 2946 et
1499 2900 1746 2959 aspectus
1775 2889 2100 2942 reconditur.
2132 2887 2279 2940 ideo

721 3001 911 3056 magna
954 2984 1085 3038 mihi
1116 2993 1196 3038 est
1230 2982 1557 3051 iucunditas,
1581 2989 1773 3034 vestrae
1809 2977 2127 3032 dulcissimae
2153 2991 2278 3044 pro-

721 3073 993 3146 speritatis
1046 3072 1230 3126 audire
1278 3071 1537 3132 laetitiam,
1571 3068 1638 3123 ad
1667 3082 1825 3135 quam
1868 3067 2029 3120 etiam
2080 3079 2280 3134 cogno-

723 3163 971 3220 scendam
1011 3162 1154 3214 hunc
1189 3171 1210 3198 ο
1240 3158 1614 3230 puerulum,ut
1644 3155 1814 3217 scitis,
1839 3153 2123 3224 parvitatis
2151 3165 2284 3205 meae

2371 2010 2522 2066 lestis
2562 2007 2726 2077 janua
2765 2004 3026 2074 patescit;
3072 2002 3166 2055 sed
3209 2001 3312 2054 illis
3357 1999 3557 2053 intrare
3603 1996 3939 2056 conceditur,

2370 2101 2460 2169 qui
2502 2113 2623 2152 cum
2655 2094 2932 2164 multiplici
2977 2090 3234 2146 bonitatis
3274 2087 3451 2142 fructu
3494 2086 3562 2141 ad
3605 2100 3728 2148 eam
3752 2085 3938 2139 venire

2372 2186 2644 2241 festinant.
3426 2240 3429 2241 ν
3618 2229 3624 2233 .

2439 2277 2551 2345 Ego
2579 2287 2706 2328 vero
2739 2269 2962 2325 Flaccus
2986 2275 3163 2322 vester
3188 2265 3478 2321 secundum
3504 2262 3940 2318 exhortationem

2337 2351 2344 2359 ’
2372 2377 2430 2422 et
2454 2368 2649 2421 bonam
2678 2360 3002 2415 voluntatem
3027 2365 3282 2420 vestram,
3311 2354 3431 2408 aliis
3456 2367 3551 2422 per
3593 2360 3732 2406 tecta
3763 2349 3944 2403 sancti

2374 2454 2588 2509 Martini
2633 2454 2938 2506 sanctarum
2981 2445 3137 2499 mella
3183 2443 3587 2513 Scripturarum
3631 2440 3946 2494 ministrare

2375 2554 2560 2613 satago
2583 2558 2597 2607 ;
2639 2539 2772 2594 alios
2799 2545 2977 2590 vetere
3005 2535 3340 2602 antiquarum
3369 2530 3766 2600 disciplinarum
3791 2541 3947 2581 mero

2376 2633 2641 2689 inebriare
2669 2627 2885 2691 studeo;
2925 2623 3060 2678 alios
3087 2622 3448 2691 grammaticae
3475 2618 3786 2673 subtilitatis
3811 2631 3943 2670 enu-

2379 2721 2509 2774 trire
2552 2716 2725 2786 pomis
2771 2713 3058 2781 incipiam;
3099 2709 3357 2779 quosdam
3401 2708 3670 2763 stellarum
3720 2707 3942 2767 ordine,

2378 2827 2475 2866 ceu
2503 2810 2646 2879 picto
2675 2803 2958 2875 cujuslibet
2996 2817 3202 2870 magna:
3236 2801 3425 2854 domus
3453 2799 3713 2861 culmine,
3734 2796 3942 2849 illumi-

2380 2916 2507 2956 nare
2532 2893 2978 2968 gestio.'Plurima
3005 2889 3251 2960 plurimis
3283 2888 3461 2943 factus
3487 2887 3540 2958 (Ι
3567 2886 3688 2940 Cor.
3715 2901 3769 2939 Ix
3789 2925 3804 2949 ,
3831 2884 3944 2955 22),

2378 2997 2438 3044 ut
2467 2987 2727 3059 plurimos
2761 2984 2830 3037 ad
2864 2980 3160 3050 profectum
3207 2987 3406 3032 sancta:
3453 2976 3547 3030 Dei
3587 2976 3861 3039 Ecclesiae,
3891 2984 3946 3029 et

2380 3079 2448 3132 ad
2484 3077 2730 3130 decorem
2757 3069 3052 3139 imperialis
3093 3068 3244 3138 regni
3283 3069 3446 3123 vestri
3471 3066 3748 3132 erudiam,
3782 3080 3852 3120 ne
3879 3067 3945 3119 sit

2382 3182 2549 3224 vacua
2580 3165 2672 3218 Dei
2701 3159 3082 3229 omnipotentis
3105 3160 3160 3212 in
3186 3174 3271 3213 me
3294 3159 3465 3229 gratia
3492 3157 3542 3229 (Ι
3573 3156 3697 3211 Cor.
3719 3172 3813 3222 xv,
3838 3156 3948 3226 10),

723 3253 1046 3308 clientellum
1085 3247 1219 3319 [AL,
1245 3244 1577 3315 clientulum]
1600 3244 1770 3298 direxi
1796 3261 1808 3296 :
1834 3240 2280 3311 quatenusinsa—
2303 3259 2350 3322 ο
2381 3269 2480 3312 nec
2522 3262 2716 3309 παι-ω
2755 3249 3011 3318 bonitatis
3053 3248 3268 3317 ιειι-είιίο
3312 3248 3506 3302 inanis.
3545 3245 3650 3302 Sed
3693 3261 3761 3301 ει
3796 3254 3948 3315 pane

723 3345 832 3396 luto
853 3339 1193 3395 sublimitatis
1218 3343 1430 3398 vestrae,
1479 3335 1531 3389 in
1561 3335 1852 3404 gratiarum
1874 3332 2172 3387 actionibus
2193 3331 2284 3386 ιω.

727 3442 814 3486 tus
854 3429 1149 3484 collaudem
1196 3424 1620 3478 misericordiam
1679 3422 1891 3476 Domini
1935 3419 2108 3473 nostri
2158 3418 2284 3485 Jesu

723 3519 944 3574 Christi.
991 3517 1105 3572 Non
1153 3517 1324 3571 solum
1370 3530 1469 3583 ego
1510 3513 1727 3566 ultimus
1773 3513 2016 3566 servulus
2045 3512 2287 3566 Salvato-

727 3609 804 3661 ris
830 3607 1019 3670 nostri,
1067 3605 1399 3674 congaudere
1439 3603 1605 3656 debeo
1647 3601 1983 3669 pro'speritati
2007 3609 2062 3656 et
2083 3601 2288 3655 exalta-

731 3696 864 3752 tioni
893 3694 1206 3749 clarissima:
1248 3690 1528 3760 potestatis
1565 3697 1755 3743 vestrae
1787 3707 1799 3741 :
1829 3690 1924 3743 sed
1962 3699 2071 3744 tota
2108 3696 2294 3744 sancta

734 3787 832 3841 Dei
880 3783 1120 3838 Ecclesia
1161 3781 1411 3835 unanimo
1453 3779 1730 3833 charitatis
1783 3787 2045 3833 concentu
2094 3779 2293 3849 gratias

734 3889 894 3943 agere
933 3873 1160 3926 Domino
1207 3871 1317 3925 Deo
1360 3855 1707 3937 omnipotenti
1761 3869 1991 3932 debebit,
2038 3871 2127 3937 qui
2184 3877 2293 3923 tam

735 3965 904 4032 pium,
929 3962 1244 4029 prudentem
1272 3968 1326 4014 et
1356 3961 1582 4028 justum,
1611 3958 1696 4012 his
1716 3958 2017 4010 novissimis
2039 3958 2218 4011 mundi
2242 3966 2317 4020 et,

734 4051 1201 4124 periculosissimis
1246 4048 1573 4116 temporibus
1595 4045 1787 4117 populo
1819 4045 2123 4101 Christiano
2168 4061 2292 4115 per-

737 4145 956 4215 donavit
1001 4139 1419 4196 clementissimo
1453 4152 1676 4191 munere
1725 4145 1989 4190 rectorem
2018 4144 2180 4204 atque
2205 4136 2299 4190 de—
2319 4183 2331 4194 .

738 4231 1004 4286 fensorem
1024 4247 1036 4282 :
1058 4228 1146 4297 qui
1168 4241 1332 4295 prava
1356 4225 1646 4294 corrigere,
1673 4232 1727 4276 et
1754 4230 1897 4278 recta
1923 4223 2294 4288 corroborare,

739 4328 794 4374 ct
816 4328 998 4373 sancta
1025 4318 1310 4371 sublimare
1334 4317 1480 4370 omni
1523 4315 1818 4370 intentione
1845 4315 2076 4379 studeat,
2114 4321 2168 4367 et
2203 4328 2300 4366 no-

742 4421 862 4464 men
893 4405 1102 4459 Domini
1127 4404 1221 4457 Dei
1248 4404 1444 4458 excelsi
1485 4419 1582 4472 per
1609 4403 1774 4467 multa
1819 4412 2084 4457 terrarum
2128 4403 2299 4472 spatia

741 4496 964 4550 dilatare
999 4496 1244 4566 gaudeat,
1301 4501 1355 4546 ct
1382 4491 1655 4546 catholicae
1685 4490 1806 4544 ﬁdei
1833 4491 2010 4544 lumen
2047 4492 2101 4544 in
2125 4500 2302 4545 extre-

2382 3347 2578 3401 desunt
2621 3340 2752 3418 mihi
2789 3337 3005 3394 servulo
3029 3348 3215 3392 vestra
3235 3337 3614 3407 exquisitiores
3636 3336 3951 3391 eruditionis

2384 3431 2716 3490 scholasticae
2741 3427 2926 3493 libelli,
2967 3441 3102 3495 quos
3133 3425 3294 3480 habui
3336 3426 3389 3479 iu
3419 3426 3591 3494 patria
3632 3440 3731 3495 per
3755 3425 3953 3480 bonam

2386 3527 2442 3584 et
2468 3517 2863 3574 devotissimam
2881 3514 2908 3554 (ι
2941 3513 3183 3584 magistri
3207 3512 3312 3568 mei
3335 3513 3668 3578 industriam,
3689 3512 3776 3567 vel
3793 3512 3951 3566 etiam

2389 3610 2496 3665 mei
2524 3608 2690 3676 ipsius
2715 3605 3138 3674 qualemcunque
3173 3605 3441 3659 sudorem.
3469 3603 3590 3658 Ida)
3617 3604 3737 3658 haec
3763 3613 3952 3658 vestrae

2390 3698 2720 3755 excellentiae
2749 3695 2901 3759 dico,
2947 3708 3016 3749 ne
3058 3692 3196 3748 forte
3230 3701 3408 3750 vestro
3431 3694 3640 3764 placeat
3670 3695 3836 3750 totius
3864 3711 3952 3750 sae

2390 3792 2604 3860 picntiae
2628 3785 3120 3844 desiderantissimo
3139 3785 3382 3849 consilio,
3398 3795 3457 3840 ut
3478 3785 3684 3855 aliquos
3695 3801 3761 3840 ex
3777 3787 3952 3854 pueris

2393 3882 2590 3938 nostris
2615 3865 2906 3942 remittam,
2928 3877 3022 3946 qui
3044 3875 3312 3952 excipiant
3331 3871 3455 3930 inde
3479 3873 3632 3928 nobis
3652 3876 3953 3928 necessaria

2393 3982 2634 4036 quaeque,
2662 3974 2717 4019 et
2742 3964 3001 4018 revehant
3027 3961 3081 4015 in
3122 3961 3404 4016 Franciam
3443 3960 3602 4015 ﬂores
3625 3960 3915 4015 Britanniae
3938 3979 3954 4014 :

2395 4063 2577 4108 utnon
2598 4053 2668 4106 sit
2690 4049 3056 4105 tantummodo
3081 4049 3136 4102 in
3159 4048 3424 4102 Euborica
3444 4050 3634 4103 hortus
3651 4048 3955 4112 conclusus,

2396 4145 2489 4199 sed
2531 4143 2586 4197 in
2617 4142 2883 4197 Turonica
2922 4139 3505 4209 emissiones'paradisi
3541 4155 3661 4194 cum
3684 4154 3956 4208 pomorum

2398 4229 2680 4294 fructibus,
2710 4236 2770 4283 ut
2803 4229 3024 4282 veniens
3052 4226 3248 4281 Auster
3287 4225 3537 4296 perﬂaret
3566 4227 3751 4281 hortos
3783 4225 3956 4296 Ligeri

2363 4343 2366 4346 ~
2399 4318 2649 4401 fluminis,
2677 4325 2732 4370 et
2755 4315 2922 4370 fluant
2946 4325 3184 4378 aromata
3215 4315 3374 4380 illius,
3405 4323 3459 4370 et
3500 4311 3809 4370 novissime
3834 4315 3953 4379 ﬁat,

2399 4410 2540 4481 quod
2563 4408 2807 4477 sequitur
2840 4407 2894 4460 in
2927 4405 3167 4468 Cantieo,
3194 4404 3335 4460 unde
3373 4405 3475 4458 hoc
3515 4404 3781 4473 assumpsi
3806 4419 3957 4472 para-

2400 4502 2578 4568 digma
2605 4517 2619 4554 :
2661 4496 2844 4551 Veniat
2865 4495 3082 4549 dilectus
3119 4511 3262 4548 meus
3289 4495 3346 4548 in
3371 4494 3576 4546 hortum
3609 4509 3780 4557 suam,
3805 4503 3853 4546 et
3875 4510 3950 4546 co-

742 4585 840 4639 mis
868 4585 1050 4639 mundi
1101 4583 1345 4654 partibus
1381 4581 1663 4635 incendere
1715 4588 1955 4634 conetur.
1988 4579 2112 4636 Haec
2135 4587 2236 4645 est,
2269 4595 2302 4634 o
2327 4593 2379 4651 ι)
2401 4591 2575 4647 Mdu;
2603 4592 2828 4660 [ηεσιαηι
2852 4603 3122 4658 pomum".
3154 4603 3387 4641 συοηυη,
3417 4587 3484 4640 Et
3501 4587 3644 4640 dicat
3663 4584 3957 4642 adolescen.

742 4675 1048 4729 dulcissime
1087 4673 1268 4736 David,
1316 4672 1504 4742 gloria,
1550 4671 1670 4724 laus
1689 4678 1743 4723 et
1776 4684 1982 4724 merces
2007 4677 2096 4723 tua
2143 4669 2196 4722 in
2210 4668 2300 4736 ju-

744 4761 882 4813 dicio
910 4761 1013 4814 diei
1058 4761 1257 4831 magni,
1307 4767 1361 4814 et
1381 4759 1433 4811 in
1453 4766 1709 4827 perpetuo
1733 4766 2040 4812 sanctorum
2085 4772 2302 4813 consor-

747 4848 851 4912 tio;
904 4856 963 4900 ut
992 4847 1392 4916 diligentissime
1412 4847 1688 4917 pupulum,
1737 4845 2067 4900 excellentia:
2109 4855 2303 4904 vestrae

815 4992 844 5020 ι
875 4979 1374 5047 Locuscorruptus.

807 5047 845 5129 ,δ
873 5045 1287 5129 Edit._Quercet.
1321 5050 1375 5129 1.ἱ
1400 5047 1577 5129 Canis.
1606 5049 1640 5103 3
1668 5047 1918 5119 (Froben.
1947 5047 2056 5129 $8):
2091 5047 2300 5129 scripta

749 5117 913 5187 fuisse
936 5117 1145 5187 videtur
1169 5131 1287 5187 non
1308 5117 1418 5187 diu
1449 5117 1726 5187 postquam
1757 5117 2090 5187 monasterio
2132 5119 2300 5187 Turo-

644 5246 649 5251 κ
749 5186 902 5239 nensi
949 5186 1119 5240 sancti
1168 5184 1377 5239 Martini
1413 5184 1601 5255 abbas'
1632 5185 2050 5255 pmefectus,ibi
2096 5185 2302 5242 scholas

754 5256 980 5322 aperuit,
1009 5256 1150 5308 circa
1185 5269 1380 5307 annum
1411 5253 1528 5322 796.
1561 5247 1710 5320 Quod
1751 5255 1872 5308 inde
1917 5247 2137 5322 colligo,
2182 5257 2304 5322 quia

754 5321 880 5373 dum
907 5323 1043 5375 hanc
1071 5325 1346 5391 epistolam
1373 5321 1648 5391 scriberet,
1677 5324 1909 5377 nondum
1929 5321 2174 5390 provisus
2196 5321 2306 5376 fue-

755 5397 840 5442 rat
866 5389 1180 5444 necessariis
1209 5393 1274 5444 ad
1303 5389 1596 5444 docendum
1624 5392 1791 5446 libris.

827 5457 1186 5538 c‘APaerulu‘m.
1217 5458 1349 5538 Quis
1379 5459 1499 5538 ille?
1519 5458 1817 5538 _Cand_id_tts_
1843 5459 2106 5522 fortassis,
2151 5474 2311 5528 quem

759 5525 1026 5595 multnties
1049 5529 1322 5581 mittendis
1347 5527 1583 5595 epistolis
1607 5527 1864 5595 adhibuit.

781 5593 855 5673 nd
898 5593 1210 5673 Haecnpaulo
1255 5593 1407 5673 aliter
1449 5599 1576 5673 citat
1619 5594 1932 5673 Wilhclmus
1973 5596 2308 5673 Malmesbur.

759 5661 851 5715 lib.
869 5663 995 5741 Lde
1019 5661 1164 5741 σείει.
1194 5664 1662 5741 τθελᾼηειηρξψ.
1689 5664 1743 5722 5,
1767 5673 1820 5717 ct
1847 5663 1936 5741 lib.
1953 5681 2024 5741 _m
2045 5666 2111 5741 _de
2139 5665 2313 5741 (lestis

760 5729 987 5811 pontifha
1021 5733 1205 5811 innate
1233 5729 1357 5811 mihi
1385 5729 2088 5811 exquisitioreseruditionis
2113 5735 2316 5787 schola-

760 5800 907 5854 sticae
935 5800 1156 5865 libellos,
1193 5801 1374 5869 quales
1402 5802 1452 5854 in
1482 5805 1651 5871 patria
1686 5801 1875 5866 habui,
1920 5816 2014 5871 per
2041 5803 2236 5857 bonam
2258 5811 2313 5859 et

2408 4683 2531 4738 tulis
2557 4683 2666 4737 suis
2689 4699 2702 4735 :
2731 4679 2992 4734 Comedite
3026 4679 3182 4732 amici
3205 4679 3340 4744 mei,
3373 4678 3525 4732 bibite
3545 4687 3592 4732 et
3615 4676 3955 4738 inebriamini,

2355 4798 2372 4807 ~
2407 4771 2718 4825 citatissimi.
2751 4769 2863 4838 Ego
2895 4769 3114 4831 dormio,
3137 4776 3185 4820 et
3206 4783 3297 4820 cor
3317 4782 3487 4821 meum
3506 4764 3682 4836 vigilat
3709 4764 3878 4836 (Cant.
3903 4781 3953 4830 v,

2411 4859 2462 4923 l,
2486 4857 2562 4928 2).
2592 4857 2684 4912 Vel
2707 4855 2836 4909 illud
2862 4855 3258 4909 exhortativum
3296 4855 3364 4908 ad
3401 4855 3715 4923 sapientiam
3757 4855 3966 4930 diseem

2409 4987 2802 5067 devotissima‘m
2827 4985 3087 5067 magistri-
3102 4985 3206 5038 mei
3227 4985 3448 5066 .Egberti
3475 4984 3855 5064 archiepiscopi
3878 4986 3954 5038 in-

2409 5057 2689 5118 dustriam.
2730 5055 2796 5108 Et
2837 5055 2881 5108 si
2921 5055 3095 5123 placet
3130 5055 3400 5123 sapientiae
3443 5063 3652 5118 vestrae,
3700 5056 3952 5108 remittam

2408 5127 2616 5194 aliquos
2644 5139 2707 5206 ex
2737 5125 2918 5206 pueris
2944 5123 3160 5206 nostris,
3182 5125 3279 5206 qui
3306 5125 3574 5206 excipiant
3601 5124 3957 5206 indagamus

2409 5191 2710 5272 necessaria
2721 5191 3084 5272 {etrevehant
3104 5194 3158 5272 in
3182 5191 3465 5272 grauiam.
3484 5194 3644 5247 ﬂores
3659 5191 3953 5272 Britanniae,

2410 5272 2465 5318 et
2489 5278 2594 5316 non
2618 5262 2688 5315 sit
2716 5264 3078 5316 tantummodo
3108 5263 3160 5314 in
3187 5261 3426 5314 Eboraco
3452 5261 3640 5314 hortus
3662 5260 3948 5323 conclusus.

2413 5331 2506 5409 sed
2528 5330 2772 5409 etiamin
2797 5329 3064 5408 Turonica
3091 5329 3405 5409 emissiones
3439 5329 3690 5409 paradisi.
3723 5347 3747 5409 ξ
3773 5325 3847 5382 Ex

2414 5401 2520 5454 duo
2546 5398 2878 5478 colligimus:
2913 5399 3162 5478 primum,
3204 5396 3482 5478 Alcuinum
3531 5397 3750 5478 Eboraci
3795 5396 3951 5451 studia

2412 5484 2507 5548 sua
2529 5466 2823 5548 confecisse
2847 5482 2862 5529 ;
2899 5466 3484 5548 alterum.ve_ro_multp
3507 5466 3821 5548 evidentius,
3855 5480 3951 5548 non

2413 5536 2636 5616 Lutetiae
2658 5535 2983 5616 Parisiorum
3008 5545 3101 5616 aut
3129 5535 3481 5616 inFuldensi
3498 5537 3830 5616 monasterio,
3868 5534 3951 5588 sed

2412 5606 2468 5685 in
2494 5606 2711 5660 civitate
2739 5605 3011 5685 Turonum
3038 5604 3103 5658 ad
3126 5603 3370 5685 ‘higerim
3408 5604 3643 5685 scholam
3671 5617 3816 5684 suam
3840 5616 3944 5680 ere;

2414 5675 2576 5796 ξξὶεὲξ,
2601 5673 2990 5796 ggqiegeinde
3011 5669 3323 5744 prodierunt
3345 5680 3422 5730 tot
3435 5673 3547 5730 .viri
3575 5673 3810 5731 doctrina

2415 5758 2564 5812 gues.
2602 5757 2862 5797 mssast.
