4232 6414
137 396 247 451 299

1594 392 1943 451 ΕΡΙΞΤΟῘΑΕ
1956 435 1967 449 .

3266 405 3371 459 210

139 510 266 562 dam
287 507 435 561 Isaiae
461 510 730 577 prophetae
757 507 982 579 elogium
1009 527 1020 562 :
1062 509 1248 563 Omnes
1286 508 1511 562 sitientes
1541 507 1700 561 venite
1733 510 1777 567 Λ
1804 521 1955 559 suam
1980 505 2215 563 honestis
2239 510 2442 563 artibus
2462 510 2847 573 instruxerunt;
2870 510 2997 565 etin
3023 510 3138 581 lege
3161 511 3381 569 Domini

140 598 212 650 ad
242 614 405 666 aquas
425 613 443 650 :
477 607 524 650 et
565 599 653 668 qui
690 615 791 651 non
841 598 1036 651 habetis
1068 608 1333 667 argentum
1354 638 1367 661 ,
1400 605 1700 665 properate,

137 686 314 749 emite,
342 694 387 738 et
415 686 702 739 comedite:
752 684 945 749 Venite,
974 687 1140 749 emite,
1180 687 1369 755 absque
1398 692 1628 754 argento,
1659 691 1705 734 et

139 774 336 843 absque
369 772 477 827 ulla
512 775 909 828 commutatione
934 776 1107 829 vinum
1135 786 1182 829 et
1209 775 1290 828 lac
1319 775 1451 843 (lsa.
1482 789 1569 836 LV,
1602 773 1673 841 1).

216 863 345 917 Hinc
391 870 515 917 sunt
562 878 679 931 qua:
728 870 905 917 vestra
955 863 1287 917 nobilissima
1337 864 1561 917 intentio
1604 878 1710 915 non

139 950 374 1018 ignorat,
404 949 667 1018 quomodo
686 965 782 1018 per
806 965 991 1005 omnes
1019 959 1215 1005 sanctae
1247 950 1536 1019 Scriptura:
1564 950 1709 1018 pagi—

139 1052 247 1091 nas
274 1037 620 1092 exhortamur
642 1040 711 1091 ad
750 1040 1065 1106 sapientiam
1102 1039 1427 1093 discendam.
1475 1037 1558 1091 Nil
1592 1053 1710 1093 esse

139 1126 211 1179 ad
252 1127 461 1181 beatam
506 1127 670 1180 vitam
718 1127 1000 1182 sublimius
1052 1128 1463 1196 adipiscendam,
1514 1128 1589 1181 nil
1643 1127 1711 1181 ad

138 1216 465 1271 exercitium
485 1215 784 1283 jucundius,
823 1219 897 1271 nil
922 1226 1108 1273 contra
1136 1220 1261 1273 vitia
1303 1218 1510 1282 fortius,
1557 1219 1631 1272 nil
1659 1220 1710 1272 in

139 1307 292 1359 omni
318 1306 572 1374 dignitate
606 1307 960 1373 laudabilius;
1001 1310 1162 1363 etiam
1198 1320 1251 1362 et
1284 1310 1571 1363 secundum
1597 1309 1713 1377 phi-

138 1393 490 1462 losophorum
516 1394 656 1448 dicta
685 1396 759 1448 nil
779 1397 847 1449 ad
876 1398 1166 1466 regendum
1190 1397 1441 1467 populum
1468 1412 1715 1451 necessa-

141 1484 283 1547 rius,
315 1485 389 1537 nil
423 1486 489 1540 ad
531 1487 953 1554 componendam
984 1487 1035 1539 in
1075 1488 1303 1555 optimos
1345 1502 1521 1541 mores
1540 1487 1713 1539 vitam

140 1573 360 1636 melius,
391 1588 550 1642 quam
587 1575 862 1642 sapientia:
888 1575 1068 1639 decus,
1097 1585 1153 1629 et
1180 1577 1471 1645 disciplinae
1511 1576 1626 1629 laus
1663 1583 1718 1628 et

141 1650 465 1717 eruditionis
501 1662 753 1718 etlicacia.
788 1665 937 1721 Unde
974 1675 1029 1721 et
1055 1669 1119 1722 de
1148 1668 1306 1723 laude
1334 1670 1475 1723 illius
1504 1670 1717 1738 sapien-

140 1752 387 1805 tissimus
413 1753 678 1808 exclamat
712 1755 854 1826 (AL,
894 1758 1174 1830 explanat]
1204 1760 1453 1813 Salomon
1482 1779 1493 1812 :
1532 1758 1720 1813 Melior

141 1848 221 1891 est
244 1840 498 1907 sapientia
524 1844 721 1895 cunctis
745 1846 1128 1912 pretiosissimis
1143 1828 1173 1911 ,θ
1198 1856 1246 1900 et
1272 1864 1420 1901 omne
1446 1849 1713 1901 desidera-
1744 1828 1791 1885 Β

144 1926 250 1980 bile
293 1928 341 1981 ei
381 1944 483 2005 non
518 1939 681 1998 potest
724 1935 1035 2000 comparari.
1074 1934 1201 1987 Haec
1234 1945 1307 1989 est
1344 1952 1460 2005 qua
1496 1935 1713 1989 humiles
1746 1944 1747 1947 “

145 2014 366 2079 exultat,
381 2033 497 2086 qua:
516 2018 757 2072 sublimes
777 2021 1021 2089 honorat.
1036 2022 1137 2075 Per
1158 2023 1302 2077 illam
1321 2040 1460 2094 reges
1479 2034 1714 2093 regnant,

145 2114 199 2159 et
228 2104 396 2175 legum
418 2107 705 2161 conditores
724 2110 874 2177 justa
896 2110 1194 2165 decernunt.
1227 2112 1330 2166 Per
1350 2112 1495 2166 illam
1520 2114 1715 2183 princi-

146 2214 239 2267 pes
272 2199 523 2267 imperant
569 2209 615 2253 et
656 2209 882 2268 potentes
919 2201 1198 2256 decernunt
1236 2202 1521 2273 justitiam.
1570 2203 1718 2256 Beati

146 2286 244 2354 qui
278 2286 574 2339 custodiunt
599 2288 706 2341 vias
732 2288 865 2357 ejus,
893 2298 939 2341 et
976 2290 1108 2342 beati
1136 2292 1223 2360 qui
1252 2289 1462 2361 vigilant
1487 2290 1555 2343 ad
1585 2290 1720 2359 fores

145 2375 297 2429 illius
322 2377 553 2445 quotidie
588 2376 767 2447 (Prov.
810 2394 938 2441 vni,
978 2379 1037 2431 11
1072 2377 1255 2449 seqq.).
1286 2372 1369 2432 Ad
1411 2380 1548 2433 hanc
1574 2379 1721 2432 omni

148 2463 333 2516 studio
355 2463 659 2518 discendam
682 2473 735 2518 et
755 2465 1063 2531 quotidiana
1076 2466 1331 2519 exercitio
1348 2466 1722 2533 possidendam

78 2610 85 2620 ,
147 2552 473 2615 exhortare,
524 2552 717 2608 domne
762 2569 885 2619 rex,
922 2554 1149 2624 juvenes
1174 2570 1413 2625 quosque
1440 2556 1494 2610 in
1524 2556 1721 2625 palatio

146 2640 483 2696 excellentia:
512 2651 721 2708 νοείτω,
752 2654 1015 2714 quatenus
1060 2646 1113 2700 in
1144 2661 1206 2702 ea
1243 2647 1524 2716 proﬁciant
1567 2654 1723 2702 aetate

148 2730 382 2796 ﬂorida,
435 2740 494 2786 ut
544 2732 611 2786 ad
656 2734 913 2789 honorem
938 2736 1187 2790 canitiem
1236 2752 1385 2791 suam
1431 2737 1724 2805 perducere

148 2823 300 2891 digni
329 2824 656 2887 habeantur,
697 2834 750 2879 et
791 2841 887 2895 per
911 2841 1029 2879 eam
1057 2825 1122 2879 ad
1156 2835 1467 2893 perpetuam
1511 2822 1722 2878 valeant

148 2912 433 2980 pervenire
453 2912 853 2968 beatitudinem.
883 2916 994 2984 Ego
1018 2930 1163 2983 vero,
1190 2918 1480 2971 secundum
1508 2916 1721 2970 modum

150 3000 407 3070 ingenioli
434 3002 556 3065 mei,
582 3003 719 3071 apud
747 3019 928 3059 servos
949 3012 1158 3059 vestros
1185 3006 1238 3060 in
1268 3007 1351 3061 his
1375 3006 1619 3076 partibus
1641 3020 1725 3061 sc-

150 3092 361 3145 minare
392 3092 663 3161 sapientiae
682 3108 845 3162 grana
868 3109 1056 3163 segnes
1082 3096 1209 3168 (AL,
1242 3096 1441 3167 segnis]
1470 3112 1575 3150 non
1602 3111 1719 3159 ero,

156 3196 369 3235 memor
407 3181 548 3236 illius
582 3184 894 3238 sententias:
928 3184 1085 3239 Mane
1124 3187 1320 3239 semina
1350 3202 1520 3238 semen
1552 3195 1717 3247 tuum,

151 3277 202 3321 et
247 3285 450 3337 vespere
500 3287 602 3324 non
634 3281 788 3325 cesset
831 3288 1015 3325 manus
1060 3282 1188 3336 tua;
1225 3274 1347 3341 quia
1389 3274 1551 3326 nescis
1598 3274 1722 3343 quid

151 3363 321 3430 magis
356 3362 575 3423 oriatur,
606 3362 701 3415 hoc
722 3378 791 3413 an
821 3362 971 3414 illud.
1002 3362 1069 3414 Et
1102 3364 1145 3414 si
1168 3372 1384 3433 utraque
1405 3364 1579 3429 simul,
1616 3381 1724 3419 me-

153 3450 255 3503 lius
281 3459 358 3502 est
386 3448 581 3519 (Eccle.
614 3465 685 3512 x1,
715 3449 789 3519 6).

227 3550 253 3577 ι
290 3537 446 3590 Mane
480 3536 609 3607 [Αι.,
643 3536 825 3609 Multa]
849 3536 1158 3593 ﬂorentibus
1182 3554 1279 3608 per
1303 3548 1509 3595 aetatem
1536 3540 1727 3595 studiis

154 3628 416 3681 seminavi
433 3628 485 3680 in
504 3628 795 3684 Britannia.
820 3628 973 3699 Nunc
984 3645 1109 3685 vero
1130 3631 1447 3701 frigescente
1471 3632 1726 3700 sanguine

154 3717 312 3787 quasi
343 3731 564 3785 vespere
593 3717 646 3770 in
672 3716 897 3771 Francia
920 3719 1184 3772 seminare
1218 3721 1519 3771 non'cesso.
1565 3718 1723 3771 Utra-

157 3822 262 3875 que
289 3806 454 3871 enim,
483 3806 575 3860 Dei
601 3807 772 3876 gratia
798 3808 1046 3871 donante,
1074 3807 1205 3860 oriri
1229 3814 1437 3873 optans.
1470 3804 1594 3859 Mihi
1624 3804 1723 3859 fra-

156 3907 247 3952 cto
273 3912 499 3965 corpore
527 3896 717 3951 solatio
760 3905 843 3951 est
883 3898 1144 3950 sententia
1192 3897 1359 3951 sancti
1394 3896 1721 3967 Hieronymi,

158 3984 251 4053 qui
275 3986 351 4037 ait
372 3984 425 4037 in
447 3984 668 4051 epistola
686 3984 876 4054 (Epist.
898 3984 986 4055 52)
1004 3986 1071 4039 ad
1090 3985 1470 4055 Nepotianum:
1492 4006 1511 4038 ‹
1531 3986 1725 4042 Omnes

156 4087 298 4143 pene
325 4070 431 4143 54
456 4072 680 4126 virtutes
706 4074 945 4141 corporis
989 4083 1261 4129 mutantur
1290 4077 1343 4129 in
1379 4078 1592 4133 senibus
1618 4118 1630 4141 ,
1673 4084 1727 4132 et

158 4171 438 4217 crescente
468 4161 579 4216 sola
607 4163 864 4232 sapientia
889 4163 1203 4218 decrescunt
1226 4174 1439 4223 czetera.
1472 4186 1491 4219 ι
1518 4167 1584 4219 Ει
1608 4174 1725 4235 post

158 4249 436 4319 paululum
463 4268 475 4303 :
518 4268 537 4302 ‹
568 4249 823 4306 Senectus
839 4266 967 4308 vero
988 4267 1173 4308 eorum
1195 4255 1285 4324 qui
1314 4255 1723 4312 adolescentiam

233 4416 260 4443 ι
293 4402 450 4478 itane
480 4398 494 4456 ζ
619 4443 633 4457 .
672 4407 919 4478 seminavi
960 4408 1014 4478 in
1045 4407 1341 4478 Britannia.
1390 4408 1515 4462 Inde
1558 4408 1721 4478 aliqui

159 4472 507 4542 concludunt,
536 4472 817 4542 Alcuinum
856 4476 1147 4542 praecipuas
1173 4476 1569 4529 Britanniarum
1602 4465 1725 4532 aca-
1750 4465 1803 4527 Ι)

160 4539 752 4613 demiasperlustrasse.
769 4539 969 4613 Ferunt
990 4539 1221 4613 Ainnales
1239 4544 1720 4613 Cantabrigienses,

161 4611 221 4664 in
248 4622 311 4677 ea
335 4609 611 4677 academia
637 4616 757 4677 post
781 4609 974 4663 Bedam
1006 4610 1250 4665 docuisse
1287 4609 1590 4667 Alcuinum.
1622 4609 1726 4670 Sed

161 4675 299 4732 nihil
324 4675 500 4730 obstat
521 4675 823 4745 quo—minus
864 4678 1087 4733 Eboraci
1113 4695 1420 4743 remanens,
1468 4682 1521 4735 in
1559 4691 1726 4738 totam

159 4744 411 4812 Angliam
436 4744 691 4800 doctrinm
721 4747 890 4803 lucem
918 4748 1179 4802 eﬁ‘uderit.
1210 4749 1286 4803 Ex
1315 4765 1378 4805 eo
1406 4751 1521 4806 loco
1541 4754 1729 4812 proba-

162 4823 254 4885 tur
280 4814 597 4885 evidentius,
627 4831 807 4871 senem
839 4816 1003 4885 fuisse
1025 4817 1327 4885 Alcuinum,
1358 4835 1479 4874 cum
1509 4814 1729 4875 Turoni-

162 4823 254 4867 tur
280 4818 597 4879 evidentius,
627 4831 807 4871 senem
839 4818 892 4871 fu
919 4833 1003 4872 sse
1025 4818 1327 4885 Alcuinum,
1358 4835 1479 4874 cum
1509 4818 1669 4875 Turor

160 4882 268 4938 bus
294 4883 531 4938 scholam
561 4888 749 4940 erexit.
779 4818 1038 5008 Βλεὲιςε.
1422 4939 1429 4945 .
1666 4958 1669 4961 δ

238 4952 267 4992 1³
297 4952 437 5007 Edit.
470 4952 718 5008 Ouercct.
751 4955 838 5008 93.
868 4955 906 5008 C
945 4955 1067 5008 nisii
1090 4955 1158 5008 47
1187 4954 1437 5008 (Froben.
1464 4957 1577 5008 59).

238 4952 267 4992 δ
297 4952 449 5025 ﬁdit.
470 4952 718 5025 Quercct.
751 4952 1067 5025 93LCanisii
1090 4955 1158 5008 47
1187 4954 1437 5025 (Froben.
1464 4957 1577 5025 39).

239 5032 264 5061 α
298 5019 483 5076 Flavio
510 5022 775 5076 Damoeta.
821 5022 1009 5076 Fuisse
1051 5019 1208 5078 hunc'
1230 5024 1404 5076 virum
1448 5019 1727 5086 illustrem,

164 5090 313 5172 domi
339 5090 646 5172 militiaique
670 5097 1140 5172 strenuum,.patlet
1169 5106 1242 5172 ex.
1262 5091 1361 5172 hac
1386 5098 1442 5172 et
1485 5094 1728 5172 sequenti

164 5158 419 5226 epistola,
441 5159 533 5238 ubi
550 5158 787 5238 .buncin
810 5158 1045 5239 exercitu
1060 5158 1247 5219 .Caroli
1274 5158 1466 5229 Magni,
1495 5158 1729 5241 Saxones

164 5226 510 5297 debellatum,
542 5241 651 5297 j_ur|
677 5227 901 5297 dicundo
943 5226 1105 5283 fuisse
1138 5228 1447 5297 pmfectum
1474 5229 1637 5297 liquet
1663 5246 1730 5283 ex

166 5245 510 5305 concitatum,
542 5245 651 5293 λιιι-ι
677 5245 901 5280 uicunoo
943 5245 1105 5283 tuisse
1138 5245 1447 5297 praelectum
1474 5245 1637 5309 liquet
1663 5246 1730 5283 ex

166 5294 253 5347 his
275 5294 453 5348 verbis
480 5313 493 5347 :
548 5294 969 5375 [universarum
1016 5298 1198 5352 auditu
1224 5314 1501 5353 causarum
1519 5300 1733 5367 Iustitia

164 5378 370 5431 semper
397 5372 595 5443 resonet
618 5364 672 5443 in
696 5380 803 5417 ore.
834 5364 1014 5420 CANIS.
1520 5364 1533 5367 ⁷

207 5430 266 5512 ’ἀ
294 5431 373 5484 De
397 5441 602 5512 itinere_
622 5433 919 5512 mulionem.
966 5434 1227 5512 Saxones,
1248 5443 1332 5512 _ut
1560 5435 1635 5512 ld_
1655 5437 1734 5512 fa-

169 5508 317 5589 stum
344 5500 1050 5589 censet_Mabil[lgnius.anno
1080 5504 1199 5589 795.
1247 5503 1733 5589 Pmplawtgpinio

170 5570 345 5649 Pagii,
377 5570 489 5639 qui,
530 5585 678 5624 num.
704 5570 794 5635 2%,
829 5573 1062 5641 epistolae
1107 5573 1230 5625 huic
1263 5570 1459 5627 annum
1506 5570 1606 5628 796
1648 5590 1732 5629 as-

172 5648 416 5763 as."
438 5718 586 5764 tuum
615 5708 946 5779 confusione.
982 5708 1233 5767 Hortatur
1255 5711 1476 5768 militem
1506 5721 1565 5769 ut
1610 5724 1732 5768 ante

1782 5554 1791 5563 ,
1832 5518 1906 5572 sis
1934 5516 2162 5587 colligit,
2206 5518 2409 5587 Vicum_
2438 5516 2530 5587 seu

1805 596 2042 650 meditati
2071 605 2194 650 sunt
2221 597 2305 651 die
2330 614 2393 651 ac
2418 607 2592 661 nocte,
2620 598 2864 653 aetatem
2887 598 3113 663 doetior,
3139 617 3240 656 usu
3276 606 3383 657 tris-

1806 684 1941 747 tior,
1974 699 2225 754 processu
2255 685 2510 753 temporis
2538 686 2865 753 sapientior;
2898 696 2952 739 et
2976 696 3216 742 veterum
3255 699 3391 744 stur

1809 772 2016 825 diorum
2040 771 2373 826 dulcissimos
2400 771 2605 829 fruetus
2646 774 2817 827 metit.
2855 793 2874 826 ι
2909 776 2966 829 In
2998 791 3103 845 qua
3128 775 3399 845 epistola,”
3458 814 3460 819 ι

1808 862 1874 915 de
1914 861 2188 929 sapientia:
2217 860 2391 927 laude,
2416 871 2469 917 et
2494 871 2734 917 veterum
2770 865 2960 921 studiis
3001 867 3151 936 plura
3178 875 3371 935 potest,
3396 912 3401 916 .
3430 914 3435 919 .

1808 952 1893 1004 cui
1916 950 2196 1018 placuerit,
2236 951 2429 1020 legere,
2457 960 2511 1005 et
2538 952 2832 1021 intelligere
2870 964 3130 1024 quantum
3167 964 3403 1010 veteres-

1810 1041 1863 1093 in
1893 1040 2082 1094 decore
2115 1040 2387 1109 sapientia:
2414 1040 2605 1107 ﬂorere
2650 1042 2984 1097 studuerunt.
3021 1043 3078 1097 ln
3108 1044 3248 1098 hanc
3274 1058 3362 1097 veo

1810 1136 1976 1181 stram
2000 1128 2108 1182 Deo
2132 1120 2434 1192 amabilem,
2459 1137 2513 1182 et
2536 1129 2657 1183 vita:
2683 1129 3001 1184 laudabilem
3028 1145 3237 1199 semper
3258 1146 3381 1199 pro-

1812 1216 1971 1271 ﬁcere
1993 1224 2047 1270 et
2076 1216 2305 1285 gaudere
2334 1217 2523 1286 agnovi
2563 1217 2921 1287 diligentiam;
2970 1228 3023 1273 et
3049 1220 3377 1278 nobilitatem

1812 1307 2083 1363 saacularis
2127 1308 2387 1378 prosapiae
2437 1307 2639 1376 majore
2684 1309 2877 1362 mentis
2904 1309 3181 1365 nobilitate
3217 1324 3375 1365 exor-

1812 1411 1962 1449 nare.
1989 1396 2045 1450 ln
2071 1411 2175 1464 qua
2204 1397 2464 1451 Dominus
2489 1404 2673 1451 noster
2706 1394 2861 1451 Iesus
2883 1395 3149 1461 Christus,
3179 1398 3270 1466 qui
3298 1404 3403 1451 est:

1813 1484 1984 1538 virtus
2007 1492 2061 1537 et
2086 1484 2346 1552 sapientia
2372 1484 2487 1550 Dei,
2515 1493 2569 1540 te
2597 1486 2880 1551 custodiat,
2913 1493 2965 1540 et
2994 1485 3208 1549 exaltet,
3232 1493 3285 1541 et
3311 1487 3379 1539 ad

1815 1572 2037 1640 gloriam
2075 1571 2245 1626 beata:
2281 1578 2336 1625 et
2374 1579 2655 1640 perpetua!
2686 1569 2909 1627 visionis
2951 1588 3058 1627 suae
3101 1572 3382 1641 pervenire

1819 1662 1999 1717 faciat.

2303 1726 2333 1769 δ
2354 1730 2678 1786 EPISTOLA
2719 1731 2897 1785 XLIV.

2193 1840 2271 1877 AD
2324 1838 2671 1877 DAMOETA!
2731 1837 2995 1876 ιἰιιυιι.

2420 1892 2591 1961 (Anno
2619 1890 2765 1961 796.)

1819 1979 2076 2047 Prospera
2116 1988 2355 2046 precatur
2381 1980 2522 2047 eunti
2554 1980 2607 2031 in
2644 1980 2872 2045 hostem,
2915 1991 2959 2033 et
2998 1980 3061 2034 de
3098 1981 3382 2033 amicorum

2385 2045 2521 2099 dolet
2546 2046 2799 2100 absentia.

1886 2134 2108 2189 Flaccus
2131 2134 2355 2187 Albinus
2386 2144 2407 2171 ο
2440 2133 2619 2195 Flavio
2650 2134 2905 2189 Damtetze
2933 2134 3039 2189 lilio
3071 2135 3383 2189 charissimo

1820 2226 2065 2280 salutem.

1893 2318 2018 2371 Tum
2042 2317 2346 2386 congaudeo
2376 2316 2666 2382 dilectioni,
2694 2325 2745 2372 et
2772 2324 3035 2387 prmstatae
3073 2315 3381 2387 [praestitis]

1822 2404 1942 2459 ﬁdei
1969 2404 2343 2474 congratulor:
2379 2405 2503 2474 quia
2532 2421 2743 2475 semper
2769 2407 2963 2475 ubique
2991 2414 3043 2461 te
3066 2406 3273 2460 ﬁdelem
3304 2405 3384 2457 in-

1820 2495 1938 2553 veni
1964 2534 1979 2559 ,
2022 2502 2077 2547 et
2105 2493 2419 2548 benevolum
2449 2510 2571 2564 erga
2612 2510 2695 2549 me
2733 2496 2943 2565 agnovi,
2973 2497 3111 2550 sicut
3138 2484 3305 2549 ﬁlium
3332 2494 3385 2547 in

1821 2593 2030 2654 patrem
2054 2598 2068 2637 :
2109 2598 2209 2639 nec
2236 2584 2393 2639 aliter
2419 2584 2613 2649 inveni,
2645 2585 2747 2638 nisi
2774 2592 2832 2637 ut
2858 2585 3103 2639 voluntas
3133 2593 3221 2638 tua
3248 2596 3385 2636 sem-

1819 2690 1918 2746 per
1948 2689 2121 2729 meam
2161 2675 2443 2729 subsecuta
2490 2680 2570 2728 est
2612 2674 2960 2733 voluntatem.
3006 2673 3129 2729 Ideo
3172 2671 3384 2725 taedium

1820 2766 1982 2819 habet
2007 2765 2217 2819 animus
2242 2779 2393 2818 meus
2421 2764 2486 2817 de
2514 2765 2750 2818 absentia
2779 2762 2928 2817 faciei
2958 2771 3091 2818 tuae:
3127 2770 3302 2814 tamen
3334 2760 3387 2813 in

1822 2849 2085 2905 charitate
2128 2849 2306 2903 cordis
2336 2848 2440 2901 mei
2489 2857 2540 2901 te
2582 2863 2791 2916 semper
2830 2854 3145 2917 praesentem
3175 2846 3384 2910 habeo,

1822 2937 2094 3006 Deumque
2120 2950 2217 3004 pro
2245 2944 2330 2989 tua
2361 2935 2617 3003 deprecor
2657 2936 3031 3004 prosperitate,
3067 2946 3124 2988 ut
3169 2942 3222 2989 te
3256 2934 3387 2990 mihi

1824 3028 1877 3081 in
1906 3026 2179 3097 gaudium,
2208 3025 2408 3095 tibique
2440 3025 2537 3093 ipsi
2562 3026 2614 3079 in
2644 3026 2869 3080 salutem
2900 3024 3150 3096 longaevis
3172 3038 3386 3078 conscr-

1748 3144 1793 3203 ϐ
1827 3131 1956 3171 vare
1984 3116 2227 3185 dignetur
2256 3116 2600 3185 temporibus.
2636 3114 2742 3169 Sed
2771 3115 2921 3170 valde
2964 3112 3220 3169 sollicitus
3266 3127 3387 3166 sum

1824 3206 1848 3245 δ
1878 3207 1942 3260 de
1966 3207 2157 3260 itinere
2186 3215 2290 3260 tuae
2315 3206 2658 3275 profectionis
2683 3207 2735 3260 in
2763 3208 2990 3272 hostem,
3010 3206 3133 3275 quia
3158 3205 3387 3276 plurima

1827 3294 1997 3349 solent
2034 3296 2090 3347 in
2132 3294 2325 3349 talibus
2350 3295 2561 3348 evenire
2601 3296 2833 3364 pericula
2861 3298 3038 3351 rebus.
3072 3295 3272 3349 Tamen
3297 3293 3387 3362 qui

1818 3380 2081 3449 justitiam
2101 3382 2261 3435 habet
2290 3380 2449 3435 eundi
2471 3390 2523 3448 et
2542 3396 2639 3450 pro
2662 3382 2770 3437 Deo
2796 3383 3120 3446 decertandi,
3138 3382 3383 3457 ﬁduciam

1824 3483 2001 3545 potest
2026 3475 2226 3528 habere
2256 3475 2320 3529 de
2345 3474 2541 3528 auxilio
2570 3476 2726 3539 illius,
2759 3491 2856 3545 pro
2879 3476 3030 3545 cujus
3057 3488 3237 3529 amore
3263 3481 3383 3526 tan—

1829 3573 1937 3617 tum
1976 3562 2155 3615 subire
2202 3561 2435 3615 laborem
2490 3578 2595 3616 non
2644 3562 2911 3618 formidat.
2960 3563 3039 3616 Tu
3080 3575 3206 3615 vero
3235 3570 3258 3597 °
3290 3558 3388 3612 iter

1826 3660 1975 3704 tuum
2000 3648 2333 3717 confessione
2360 3646 2693 3713 confirmare,
2723 3650 3074 3718 eleemosynis
3109 3648 3385 3708 roborarc,
3421 3682 3429 3691 .

1825 3738 2156 3793 orationibus
2184 3752 2457 3792 servorum
2484 3738 2575 3791 Dei
2601 3739 2831 3806 undique
2856 3738 3065 3791 munire
3085 3741 3384 3790 memento:

1826 3835 1884 3881 ut
1913 3825 2133 3896 angelus
2160 3826 2369 3881 Domini
2403 3832 2456 3879 te
2484 3826 2624 3879 inter
2650 3826 2825 3879 omnia
2853 3825 3076 3879 adversa
3103 3832 3314 3881 tueatur
3333 3836 3387 3882 et

1825 3916 2138 3979 comitetur,
2182 3901 2443 3984 quatenus
2484 3929 2602 3969 cum
2637 3914 2925 3970 securitate
2964 3912 3128 3968 vadas
3170 3922 3224 3970 et
3266 3932 3392 3972 cum

1825 4020 1955 4075 pace
1983 4004 2289 4058 revertaris.

1896 4093 1998 4163 55
2026 4094 2135 4160 Ego
2164 4109 2313 4162 pene,
2342 4094 2493 4161 quasi
2516 4094 2733 4147 orbatus
2760 4092 2903 4157 ﬁliis,
2949 4100 3197 4146 remaneo
3219 4090 3394 4146 domi-

1824 4180 2062 4234 Dammta
2086 4179 2395 4257 Saxopiam,
2419 4180 2679 4234 Homerus
2700 4179 2930 4240 Italiam.
2958 4178 2977 4216 τ
2992 4176 3259 4234 Candidus
3278 4178 3389 4231 Bri-

1825 4269 2061 4325 tanniam
2088 4270 2331 4336 recessit,
2361 4268 2618 4323 Martinus
2662 4270 2686 4307 ⁸
2712 4268 2767 4322 in
2798 4268 2953 4324 Vicos
2979 4268 3117 4338 apud
3147 4266 3204 4321 S.
3232 4264 3390 4320 Jodo-

1824 4421 2065 4491 praelium
2078 4422 2449 4477 sacramentali
2477 4422 2805 4491 confessione
2817 4420 3251 4491 peccataexpiet,
3273 4418 3387 4475 lau-

1826 4487 1950 4545 dato
1979 4491 2170 4569 priscis
2194 4492 2448 4568 militibus
2474 4504 2641 4553 more,
2664 4490 2753 4607 qui
2785 4487 2836 4542 et
2864 4490 3003 4556 apud
3032 4487 3387 4550 Normannos,

1828 4562 1893 4607 de
1917 4559 2110 4607 artibus
2139 4556 2353 4607 Wilhel.
2382 4556 2650 4607 Malmesb.
2703 4556 2773 4607 Ib.
2802 4571 2884 4607 ιιι.
2911 4556 3040 4607 Rea.
3063 4554 3243 4607 ΑιιαΙ..
3274 4562 3386 4607 tota

1828 4562 1893 4613 de
1917 4554 2110 4624 quibus
2139 4556 2353 4625 _Wilhel.
2382 4556 2650 4609 Malmesb.
2681 4554 2773 4609 lib.
2802 4554 3040 4625 utfReg.
3063 4554 3243 4625 Angl.,
3274 4562 3386 4625 tota

1826 4623 1986 4681 nocte
2031 4623 2351 4679 confessioni
2398 4632 2738 4693 peccatorum
2783 4623 3050 4693 vacantes,
3103 4623 3257 4679 mane
3284 4624 3391 4679 Do-

1827 4693 2023 4749 minico
2046 4708 2271 4761 corpore
2298 4692 2793 4758 communicarunt;
2841 4692 3044 4761 pedites
3080 4707 3203 4747 cum
3230 4708 3387 4747 arcu-

1790 4789 1793 4792 -
1825 4765 1925 4844 bus
1955 4771 2009 4844 et
2033 4763 2399 4844 sangi‘ttisz‘etc.
2429 4762 2607 4842 Csms.

1902 4830 1921 4889 ί
1951 4827 2217 4886 Candidus
2241 4831 2585 4886 Britanniam.
2617 4828 2768 4883 Hunc
2788 4827 3388 4885 Candidum'Lindisfar-

1828 4901 2008 4969 nensis
2030 4901 2291 4969 Ecclesiae,
2317 4899 2629 4969 alumnum,_
2650 4896 2923 4969 Higebaldi
2958 4898 3190 4969 episcopi
3224 4896 3384 4969 disci-

1826 4968 2012 5043 pulum
2040 4969 2168 5043 facit
2206 4968 2466 5043 Le_land_us
2494 4967 2559 5021 de
2598 4963 2797 5036 Seript.
2828 4963 3220 5043 Britannﬁcapo.
3252 4963 3387 5043 .i00,

1827 5029 1881 5106 ᾖ).
1914 5039 2035 5102 155,
2074 5038 2167 5106 ubi
2202 5035 2367 5106 refert
2391 5029 2745 5106 fragmentum
2792 5036 3023 5106 epistola;-
3061 5029 3265 5106 A_lcuini
3310 5032 3383 5106 ad

1829 5099 2075 5161 cumdem
2121 5099 2501 5175 Higebaldum,‘
2534 5119 2639 5173 quo
2666 5099 2975 5175 Candidum
3007 5099 3387 5175 tacitostttdio

1831 5177 2058 5244 repetit;
2100 5166 2239 5242 quo'd
2271 5172 2387 5226 vid.
2407 5166 2569 5243 supra
2595 5174 2749 5244 epist.
2791 5173 2825 5226 8
2858 5172 3020 5241 (nunc
3058 5168 3133 5239 9),
3167 5169 3233 5221 ad
3257 5166 3385 5223 Lin-

1830 5244 2214 5299 disfarnenses.

1906 5315 1931 5352 ⁸
1958 5312 2025 5366 1η
2064 5310 2209 5379 Vicos
2234 5310 2385 5379 apud
2401 5309 2467 5365 S.
2490 5310 2767 5379 Indorum.
2792 5308 2867 5379 De
2896 5304 3113 5379 cella_S'.
3138 5304 3323 5379 _Jodo_ci
3354 5321 3382 5357 a

1832 5380 2020 5435 Carolo
2052 5378 2241 5433 mllata
2267 5373 2522 5445 "Alcuino,
2561 5378 2681 5433 alibi
2722 5377 2968 5431 diximus.
3018 5376 3096 5429 Ex
3138 5376 3240 5430 hoc
3266 5373 3383 5429 loco
3432 5418 3433 5421 η

1832 5448 2075 5519 Baluzius
2102 5447 2159 5519 in
2182 5455 2291 5519 not.
2339 5450 2406 5504 ad
2429 5446 2669 5519 epist._H
2700 5445 2834 5519 Lupi
2865 5445 3072 5519 abbatis
3095 5445 3383 5501 Ferraren-

2573 5514 2956 5580 Quentavicum
2993 5515 3131 5571 idem
3169 5527 3285 5569 esse
3320 5528 3383 5565 ac

1834 5582 2214 5643 monasterium
2268 5588 2325 5642 S.
2381 5583 2558 5640 Iodoci
2590 5623 2603 5649 ,
2656 5582 2847 5653 vulgo,
2916 5582 3385 5641 Saint-Josse-sur-

1832 5668 1960 5706 mer.
