4232 6436
683 335 779 387 2H

683 531 988 603 depreceris
1032 530 1409 593 clementiam,
1460 527 1655 581 obnixe
1700 527 1900 594 ﬂagito.
1959 527 2031 579 De
2062 524 2265 593 Mopso,

682 624 774 692 qui
803 622 944 692 apud
974 620 1033 674 S.
1063 620 1376 682 Martinam,
1421 619 1560 672 sicut
1586 617 1806 679 audisti,
1833 615 2134 669 infirmatus
2162 624 2266 677 est,

681 713 815 767 nihil
854 712 997 765 aliud
1039 711 1219 765 audivi
1267 717 1516 771 certum;
1556 723 1653 761 nec
1691 715 1744 761 te
1786 708 2045 767 abeunte,
2077 706 2270 758 missos

680 804 824 857 illius
859 803 986 856 vidi.
1037 800 1142 854 Sed
1168 813 1304 869 pene
1334 799 1551 853 tristitia
1588 806 1732 851 totus
1772 797 2056 864 absorptns
2098 793 2171 848 fui
2216 795 2270 848 in

680 906 705 932 ι
739 893 848 946 filia
874 907 1014 954 mea,
1064 905 1182 959 qua:
1213 897 1325 942 tres
1359 889 1474 947 dies
1500 902 1634 957 pene
1665 886 1950 955 desperata
1988 883 2124 947 fuit;
2176 885 2269 938 sed

679 983 862 1046 modo,
910 982 1141 1035 donante
1169 979 1346 1033 divina
1375 978 1768 1040 misericordia,
1799 987 1896 1046 per
1938 989 2128 1044 preces
2147 989 2270 1028 ser-

681 1057 872 1124 vorum
903 1068 997 1122 Dei
1033 1076 1088 1122 et
1137 1060 1598 1136 elecmosynarum
1645 1065 1949 1134 largitatem
1984 1065 2118 1118 bene
2142 1079 2269 1118 con-

680 1160 836 1216 solati
864 1173 1050 1212 sumus
1091 1157 1145 1210 in
1165 1158 1406 1226 ea,.quia
1449 1157 1586 1210 bene
1630 1164 1944 1224 recuperata
1983 1164 2088 1207 est.
2133 1154 2269 1207 Ecce

681 1250 930 1319 qualibus
977 1256 1130 1317 pater
1159 1256 1282 1301 tuus
1325 1249 1560 1315 agitatus
1600 1256 1684 1301 est
1716 1246 2006 1300 ﬂuctibus!
2051 1245 2159 1307 Tu,
2195 1244 2267 1296 ﬂli

681 1337 1002 1394 charissime
1025 1376 1038 1399 .
1067 1323 1071 1328 ’
1100 1351 1220 1390 cum
1293 1345 1397 1389 tum
1450 1335 1764 1388 reverentiae
1812 1333 2268 1386 commilitonibus

678 1444 778 1499 pro
811 1443 877 1481 eo
914 1427 1244 1480 intercedere
1285 1435 1490 1494 satage,
1535 1433 1800 1493 quatenus
1825 1425 2052 1493 Spiritus
2079 1439 2268 1478 conso-

681 1517 898 1571 lationis
927 1517 1026 1569 hos
1049 1513 1164 1580 ejus
1194 1514 1360 1568 animi
1405 1523 1583 1568 motus
1617 1513 1906 1580 tranquilla
1948 1527 2079 1582 pace
2117 1527 2265 1565 eom-

678 1619 885 1674 ponere
918 1603 1207 1674 dignetur;
1243 1613 1297 1656 et
1345 1603 1508 1656 David
1553 1602 1810 1656 dilectum
1842 1619 2036 1665 suum,
2084 1612 2138 1656 et
2176 1619 2270 1656 vos

681 1712 872 1750 omnes
926 1696 1160 1748 victores
1207 1709 1329 1748 cum
1385 1694 1579 1763 galtslio
1629 1693 1850 1748 reducat
1909 1693 1961 1745 in
2016 1693 2263 1760 patriam.

1548 329 1604 381 l5.
1646 327 1707 381 F.
1748 325 1971 380 ALBINI
2011 323 2140 380 SEU
2181 322 2453 378 ALCUINI
2491 319 2771 377 OPERUM
2811 318 2990 374 PARS
3029 317 3066 370 Ι.
3092 319 3129 374 ’.

682 459 806 498 cum
854 440 1098 494 inﬁrmus
1129 438 1404 500 remansit,
1456 418 1553 505 pro
1591 436 1745 504 cujus
1775 437 2038 499 sanitate,
2087 444 2147 487 ut
2173 433 2266 486 Dei
2295 446 2345 502 Α

3842 314 3946 368 ΞΙΞ

2856 462 2880 488 ε
2908 447 3239 504 EPISTOLA
3279 447 3458 502 XLVI.

2961 621 3027 658 AD
3056 618 3355 659 DANCE'I‘AI.

2369 736 2581 809 Gratias
2608 739 2841 809 agitpro
2885 711 3060 799 dono;
3095 737 3337 809 Itortatur
3380 736 3450 809 ad
3466 737 3734 809 justitiam
3770 741 3953 809 cuique

2527 807 2819 875 faciendam
2844 823 2862 870 ;
2895 816 3048 876 atque
3073 807 3229 859 amici
3255 807 3484 876 suspirat
3506 807 3802 862 adventum.

2445 961 2462 999 ι
2493 960 2676 1013 Flavio
2712 959 2971 1012 Damnata:
3011 959 3127 1012 viro
3169 957 3470 1012 clarissimo
3494 957 3783 1026 plurimam
3809 956 3954 1012 Αιδίῆ

2369 1068 2472 1105 nus
2493 1059 2768 1119 perpetuae
2799 1049 2951 1118 pacis
2974 1048 3223 1102 salutem.

2440 1165 2514 1218 De
2536 1171 2715 1218 vestra
2739 1163 2893 1218 valde
2923 1163 3132 1234 gaudeo
3158 1163 3533 1231 prosperitate,
3563 1161 3708 1217 etde
3735 1179 3956 1219 munere

2369 1255 2651 1310 charitatis
2691 1238 2911 1308 γρειηῖ
2927 1252 3152 1307 multum
3184 1253 3400 1321 gavisus
3447 1269 3603 1316 sum,
3658 1262 3738 1308 tot
3794 1269 3953 1323 agens

2369 1349 2570 1416 gratias
2600 1355 2733 1416 quot
2755 1345 2945 1400 dentes
2979 1345 3032 1398 in
3061 1346 3200 1399 dono
3229 1345 3526 1398 nmneravi.
3563 1347 3588 1384 8
3617 1344 3810 1397 Mirum
3840 1345 3955 1397 ani-

2369 1439 2495 1501 mal,
2547 1438 2650 1491 duo
2679 1437 2883 1490 habens
2909 1436 3081 1505 capita
3108 1443 3162 1487 et
3191 1436 3378 1490 dentes
3414 1450 3481 1489 1.x
3501 1475 3515 1498 ,
3551 1450 3659 1488 non
3702 1433 3955 1502 elephan-

2369 1529 2495 1580 tinze
2524 1526 2930 1595 magnitudinis,
2978 1526 3071 1580 sed
3105 1526 3355 1579 ehumea:
3383 1525 3820 1594 pulchritudinis.
3850 1524 3954 1578 Nec

2369 1633 2469 1687 ego
2521 1617 2680 1700 hujus
2719 1617 2904 1670 bestia:
2951 1617 3173 1670 territus
3210 1617 3436 1671 horrore
3460 1657 3474 1682 ,
3526 1618 3620 1672 sed
3662 1618 3955 1672 delectatus

2371 1712 2608 1773 aspectu.
2649 1703 2760 1757 Nec
2785 1718 2869 1757 me
2895 1703 3263 1758 frendentibus
3292 1704 3380 1758 illa
3408 1705 3679 1760 morderet
3709 1707 3954 1761 dentibus

682 1785 921 1840 (Eternaa
947 1784 1134 1854 patria:
1168 1784 1339 1837 civem
1371 1791 1422 1836 te
1450 1782 1610 1836 faciat
1656 1781 1836 1835 divina
1864 1779 2164 1841 clementia,
2193 1779 2267 1833 di-
2299 1781 2342 1840 Β
2375 1795 2544 1858 timui,
2596 1795 2689 1850 sed
2716 1794 2910 1849 blanda
2941 1795 3246 1850 adumione
3273 1796 3467 1865 capitis
3491 1797 3597 1850 mei
3623 1796 3840 1864 phum,
3862 1813 3949 1850 ω,

684 1877 975 1931 lectissime
1007 1876 1100 1929 fili.
1136 1944 1138 1947 ι

1181 2031 1206 2068 ι»
1249 2026 1579 2082 EPISTOLA
1615 2026 1771 2079 XLV.

689 2159 711 2187 τ
755 2163 821 2200 AD
875 2157 1136 2198 ηιευη-ωι
1197 2154 1644 2193 ARCIIIEPISCOPI'SI
1697 2152 1949 2192 HAGENSIS
1999 2149 2269 2190 CIVITATIS

1134 2225 1482 2265 (lOGNOilENTO
1527 2223 1824 2265 υΔΜαὶτΛὶΙ.

689 2347 766 2400 De
806 2345 1038 2398 absentia
1092 2342 1378 2395 amicorum
1425 2340 1696 2400 tristatur;
1748 2347 1796 2390 et
1841 2337 1909 2389 ad
1957 2345 2269 2390 (etet-norum

727 2418 730 2419 ⁷
1069 2409 1072 2411 “
1215 2425 1443 2462 lunarem
1474 2408 1732 2460 hortatur.

744 2569 1129 2626 Probatissimo
1156 2565 1330 2620 amico
1353 2566 1610 2619 Dammlze
1634 2562 1860 2618 Albinus
1891 2561 2138 2615 salutem.

758 2659 994 2712 Nimium
1025 2656 1154 2710 mihi
1198 2655 1415 2724 longum
1444 2653 1656 2705 videtur
1698 2658 1940 2717 tempus,
1990 2649 2133 2716 quod
2171 2655 2274 2701 tua:

693 2749 992 2807 dilectionis
1020 2747 1212 2802 faciem
1237 2760 1343 2799 non
1369 2743 1496 2806 vidi,
1524 2743 1687 2795 verba
1714 2756 1820 2795 non
1843 2739 2042 2793 audivi.
2072 2738 2140 2792 Et
2161 2746 2276 2792 tan-

695 2854 809 2897 tum
831 2857 896 2895 ex
925 2839 1210 2910 praesentia
1233 2836 1307 2890 tui
1330 2834 1597 2905 gaudebat
1621 2832 1852 2896 animus,
1885 2839 2146 2899 quantum
2171 2828 2196 2867 ἀ
2222 2829 2276 2882 in

693 2930 935 2988 absentia
966 2927 1337 2983 contristatur.
1388 2921 1526 2988 Quid
1549 2921 1710 2976 faciet
1733 2935 1906 2984 mens,
1939 2919 2043 2971 nisi
2075 2918 2270 2986 lugeat,

693 3025 820 3079 dum
845 3035 1044 3090 paucos
1063 3019 1226 3073 habet
1262 3013 1498 3070 amicos?
1518 3013 1660 3066 Proh
1688 3011 1876 3066 dolor!
1911 3008 2005 3063 sed
2031 3008 2107 3062 illi
2137 3022 2278 3061 sem-

2369 1887 2526 1954 pillos
2553 1886 2738 1940 adrisi.
2792 1886 2902 1940 Nec
2938 1885 3276 1941 ferocitatem
3306 1887 3359 1940 in
3406 1888 3654 1941 dentibus
3693 1887 3950 1946 intellexi.

2370 1980 2463 2033 sed
2485 1976 2804 2034 charitatem
2836 1978 2892 2030 in
2917 1977 3160 2031 mittente
3187 1977 3371 2041 dilexi,
3398 1993 3558 2046 quam
3585 1993 3801 2048 semper
3825 1978 3949 2034 ﬁde-

2369 2066 2493 2120 liter
2515 2068 2567 2120 in
2603 2067 2695 2120 illo
2721 2067 2962 2135 probavi.
3003 2065 3107 2122 Sed
3133 2076 3393 2136 quantum
3423 2067 3628 2136 gaudeo
3664 2069 3717 2122 in
3753 2069 3955 2123 amoris

2371 2157 2672 2220 dulcedine,
2717 2165 2922 2211 tantum
2945 2156 3099 2212 doleo
3127 2158 3154 2197 h
3183 2158 3236 2210 in
3258 2158 3511 2212 absentiae
3546 2157 3950 2228 longinquitate.

2371 2245 2671 2299 Noluissem
2706 2253 2860 2299 tanto
2883 2255 3124 2313 tempore
3168 2246 3237 2298 ab
3266 2245 3494 2299 invicem
3522 2247 3783 2314 separari,
3825 2263 3956 2314 quos

2372 2334 2612 2404 ejusdem
2642 2333 2922 2387 charitatis
2942 2332 3249 2387 dulcissima
3272 2333 3527 2401 colligant
3553 2333 3785 2386 vincula.
3823 2333 3956 2399 Quid

2373 2426 2588 2489 faciam,
2618 2424 2718 2478 nisi
2747 2423 3001 2492 lacrymis
3030 2438 3226 2491 sequar
3249 2421 3687 2487 amicum,donec
3702 2423 3956 2484 reveniat,

2376 2529 2535 2584 quem
2570 2514 2784 2567 animus
2811 2522 2961 2582 optat
2997 2514 3197 2568 habere
3226 2523 3567 2581 przesentem.

2447 2624 2493 2680 Ο
2523 2625 2597 2679 fili
2626 2625 2943 2679 eharissimc
2969 2627 3004 2678 !'
3034 2625 3174 2678 inter
3202 2625 3578 2693 occupationes
3626 2627 3808 2681 saeculi
3853 2642 3957 2680 nou

2377 2717 2697 2773 obliviscare
2743 2716 2860 2781 tui;
2919 2716 3013 2770 sed
3056 2716 3184 2770 dum
3234 2731 3430 2784 corpus
3478 2716 3651 2785 epulis
3697 2718 3958 2787 pascitur,

2379 2807 2556 2858 anima
2585 2805 2940 2874 eleemosynis
2966 2805 3259 2859 reliciatur.
3289 2805 3355 2858 Et
3380 2805 3507 2859 dum
3541 2805 3766 2877 fatigata
3787 2823 3851 2863 ex
3881 2809 3963 2862 iti-

2378 2910 2509 2949 nere
2531 2895 2770 2948 membra
2797 2895 2977 2963 quiete
3016 2896 3403 2962 rel'ocillantur,
3445 2913 3597 2953 mens
3624 2899 3679 2953 in
3702 2901 3814 2955 Deo
3835 2917 3928 2955 ora
3947 2931 3960 2940 -

2382 2971 2616 3040 tionibus
2646 2987 2968 3040 roboretur:
3017 2988 3154 3040 etin
3196 2989 3527 3044 diversarum
3571 2990 3755 3043 auditu
3777 3007 3965 3044 causa-

694 3076 792 3182 per
815 3076 992 3181 (pene)
1041 3109 1312 3162 absentes.
1359 3105 1560 3157 Tamen
1608 3102 1751 3171 quod
1780 3101 1933 3154 valeo
1961 3097 2175 3160 faciam,
2223 3105 2346 3177 te-c
2381 3094 2499 3182 ιςξιηι
2517 3076 2728 3182 ξιεῑίῑίεὶ
2760 3093 2973 3181 ξεηιρθν
2999 3080 3290 3182 resonet?"
3315 3093 3429 3182 (γε,
3466 3089 3519 3133 et
3537 3095 3602 3133 ex
3632 3081 3823 3135 intimo
3844 3098 3966 3136 cor-

694 3213 1000 3256 memorans
1034 3196 1174 3265 apud
1199 3193 1502 3255 Dominum,
1550 3190 1647 3244 tibi
1672 3203 1926 3258 prospera
1970 3202 2184 3257 semper
2209 3186 2270 3239 il-

694 3296 800 3350 llus
835 3291 1131 3348 concedere
1176 3287 1518 3343 clementiam
1561 3285 1892 3353 deprecans,
1944 3275 2098 3343 cujus
2143 3274 2271 3329 dile-

695 3387 873 3441 ctione
903 3393 1055 3437 tuum
1087 3394 1298 3447 semper
1328 3376 1607 3446 impleatur
1631 3380 1845 3442 peetus.
1866 3368 1960 3443 liae
1981 3373 2108 3420 sunt
2135 3379 2275 3417 verte

698 3474 915 3537 divitiae,
955 3485 1074 3540 quae
1105 3481 1376 3537 nunquam
1405 3463 1679 3532 decipiunt
1712 3460 2015 3519 habentem,
2048 3455 2155 3525 56
2180 3467 2278 3506 nec

698 3567 754 3620 in
778 3565 892 3634 ipsa
924 3569 1097 3616 morte
1138 3559 1462 3612 amittuntur
1484 3596 1502 3623 ι
1543 3555 1636 3609 sed
1678 3553 1798 3622 plus
1820 3549 2127 3612 abundant,
2153 3547 2278 3601 dum

696 3653 938 3710 cernitur
973 3651 1115 3720 quod
1159 3655 1388 3702 amatur.
1435 3645 1592 3714 lnter_
1627 3640 1941 3712 temporalia
1987 3646 2040 3692 et
2080 3644 2280 3691 aeterna

699 3749 804 3801 hoc
844 3745 1068 3799 interest
1101 3739 1267 3812 [quod
1304 3733 1618 3806 temporale]
1663 3732 1861 3802 aliquid
1888 3730 2008 3799 plus
2045 3728 2284 3796 diligitur

702 3844 991 3904 antequam
1040 3833 1324 3893 habeatur,
1374 3826 1586 3880 vilescit
1630 3831 1807 3877 autem
1834 3816 2278 3875 cum‘advenerit.

705 3923 989 3980 Eternum
1031 3929 1212 3975 autem
1247 3917 1524 3973 ardentius
1561 3913 1800 3984 diligitur
1837 3911 2085 3979 adeptum
2122 3923 2282 3977 quam

700 4015 1080 4071 desideratum.
1108 4012 1232 4067 Ideo
1256 4011 1375 4081 plus
1396 4023 1636 4063 amemus
1658 4015 1857 4061 :eterna
1888 4019 2049 4074 quam
2075 4012 2282 4072 tempo-

704 4109 858 4172 ralia,
901 4116 960 4160 ut
993 4105 1046 4158 in
1092 4103 1390 4157 :nternitate
1431 4101 1588 4154 beate
1617 4105 1672 4152 et
1711 4096 1941 4149 feliciter
1967 4094 2146 4146 vivere
2173 4106 2284 4144 me-

707 4212 940 4254 reamur.
979 4193 1165 4249 V'aleto
1199 4192 1252 4246 in
1277 4188 1489 4246 saecula.
1863 4202 1911 4254 δ

2378 3170 2462 3224 dis
2487 3168 2680 3223 affectu
2704 3170 3022 3224 miserorum
3047 3171 3302 3238 procedat
3331 3169 3443 3241 [Ah
3460 3211 3475 3234 ,
3508 3172 3809 3243 proveniat]
3837 3189 3965 3228 con—

2374 3262 2588 3326 solatio,
2633 3271 2687 3314 et
2712 3277 2833 3330 spes
2857 3262 3128 3331 aequitatis
3151 3277 3258 3340 non
3295 3261 3443 3316 fallat
3464 3263 3827 3340 advenientes,
3864 3280 3965 3318 nec

2374 3353 2590 3423 pietatis
2619 3354 2796 3408 desint
2834 3353 3086 3423 suffragia
3115 3338 3547 3422 cenfugientihus
3582 3338 3650 3408 ad
3677 3369 3794 3418 vos,
3840 3354 3962 3421 quia

2376 3444 2550 3513 pietas
2578 3445 2630 3498 in
2660 3459 2923 3512 pauperes
2965 3454 3113 3514 gesta
3142 3453 3344 3499 aeterna
3388 3453 3766 3500 remuneratur
3791 3447 3964 3500 beati-

2380 3535 2584 3590 tudine.
2615 3535 2758 3600 Haac,
2786 3535 2860 3590 fili
2886 3536 2976 3599 mi,
3007 3535 3210 3590 faciens
3233 3533 3426 3589 ﬂoreas
3452 3535 3505 3588 in
3533 3536 3681 3589 omni
3703 3537 3963 3590 virtutum

2381 3627 2592 3692 decore,
2642 3635 2696 3681 et
2735 3636 2807 3692 te,
2843 3643 3164 3697 quocunque
3210 3628 3413 3691 vadas,
3462 3627 3638 3680 divina
3675 3629 3966 3682 comitetur

2379 3717 2666 3785 protectio,
2717 3726 3042 3787 euntemque
3073 3719 3270 3786 ubique
3299 3717 3528 3772 deducat
3571 3731 3850 3785 prospere,
3901 3732 3965 3770 ac

2384 3806 2695 3859 redeuntem
2735 3821 2857 3860 cum
2910 3806 3056 3860 omni
3107 3805 3472 3874 prosperitate
3526 3803 3686 3857 citius
3743 3805 3964 3857 reducat

2383 3894 2450 3948 ad
2489 3909 2607 3958 nos,
2639 3901 2699 3946 ut
2725 3893 2950 3963 gaudeat
2985 3909 3137 3947 amor
3170 3892 3341 3962 patris
3370 3892 3424 3945 in
3455 3891 3594 3955 filio,
3634 3899 3689 3945 et
3716 3892 3964 3946 laudetur

2383 3984 2524 4038 Deus
2551 3983 2766 4053 ubique,
2808 3983 2897 4052 qui
2928 3999 3054 4037 suos
3090 3981 3555 4036 famulossibimet
3577 3981 3808 4035 invicem
3834 3997 3965 4051 pne-

2384 4075 2619 4128 sentabit
2641 4082 2881 4128 ovantes.
2930 4074 3144 4143 Vigeas,
3172 4072 3373 4136 valeas,
3418 4078 3471 4125 et
3498 4069 3719 4136 ﬂoreas,
3765 4071 3966 4124 dulcis-

2385 4165 2519 4217 sime
2544 4165 2812 4220 Damceta.

780 4467 804 4496 ι
834 4453 975 4508 Filia
1001 4467 1134 4505 mea.
1175 4449 1428 4526 Quaenam
1458 4447 1572 4526 haec
1594 4485 1607 4508 ,
1653 4457 1756 4526 pro
1789 4441 1942 4526 cujus
1977 4440 2276 4526 valetudine

2463 4463 2486 4489 ο
2519 4452 2660 4506 Edit.
2692 4449 2943 4516 Quercet.
2974 4446 3062 4512 68,
3091 4445 3272 4502 Canis.
3303 4445 3366 4500 4'1
3406 4443 3659 4517 (Froben.
3691 4443 3805 4511 il).

713 4535 790 4605 ιρι
816 4537 1025 4593 preces.
1049 4509 2071 4605 ιριρῦεεωρεῑηιδεέτέξξιὲξεὲξίείξξιίέρί
2097 4509 2284 4605 Α.Ἳέἑὲ

712 4583 1059 4666 ὠρέγεηεεέε
1083 4583 1622 4666 Liutgardeingaroli
1645 4583 1821 4666 Magni
1850 4596 2094 4647 uxorem,
2126 4593 2288 4649 quam

717 4655 1397 4733 alibi_ﬁ_l_iam.suam'vocat
1418 4655 1707 4733 élcuinu‘sl.‘
1722 4655 1903 4733 titius:

785 4731 813 4770 δ
836 4728 975 4783 Edit.
1015 4727 1264 4793 Quercet.
1292 4725 1383 4786 Η,
1430 4722 1610 4777 Canis.
1641 4721 1711 4775 50
1744 4720 1998 4790 (Froben.
2025 4718 2136 4789 ιο).
2167 4716 2290 4773 Col-

713 4801 823 4856 lata
850 4814 972 4853 cum
995 4797 1116 4851 cod.
1141 4810 1244 4848 ms.
1275 4792 1472 4848 Salisb.
2210 4855 2215 4856 ί

769 4809 823 4855 ta
850 4814 972 4853 cum
995 4809 1116 4851 eoa.
1141 4810 1244 4848 ms.
1275 4809 1472 4848 baltsn.

792 4881 823 4948 ε.
841 4867 997 4948 Apud
1035 4865 1330 4948 βξιηὲἑίυιην
1358 4871 1412 4917 ει
1439 4861 1492 4948 ie
1505 4857 1875 4948 §i‘i§!’:_992-
1907 4854 2288 4948 ‘1??“.El!§-‘.‘l'

719 4924 983 5014 scriptio}
1015 4934 1095 5014 Ad
1131 4924 1405 5014 Riculfit‘m‘
1426 4930 1897 5014 archiepiscopum,
1920 4924 2289 5014 egtcL‘Quelee:

719 4994 878 5076 tantis
906 5001 1134 5076 illam_in
1156 4994 1866 5076 codz'Petavinojepei-em
1886 5012 1916 5076 ;_
1939 4994 2072 5076 nihil
2108 5001 2289 5074 tamen

717 5075 928 5145 probat,
951 5075 1028 5150 ait
1052 5069 1366 5150 Basnag'ius,
1391 5069 1546 5150 illum
1569 5065 2061 5150 Damoetamofuisse
2082 5065 2292 5150 episeo:

720 5137 1060 5215 'pumg;_quin
1097 5143 1203 5215 imo
1229 5137 1315 5215 :e;
1359 5137 1581 5215 epistola
1629 5137 1894 5215 supe_riori
1941 5142 1998 5188 et
2043 5137 2287 5214 sequenti

720 5201 977 5294 conﬁcias
1017 5212 1195 5294 potqu
1223 5201 1585 5289 fuisse'virum
1612 5201 1948 5267 szeéularem,
1970 5202 2071 5294 qui
2091 5201 2190 5294 jujs.
2209 5201 2291 5254 in-

721 5271 1043 5406 ger-{milites
1068 5282 1120 5334 in
1164 5278 1396 5334 Saxonia
1438 5289 1645 5331 summa
1684 5289 1808 5328 cum
1843 5271 2099 5343 aequitate
2141 5271 2286 5324 dice-

758 5367 787 5405 a
819 5390 833 5403 .

758 5367 833 5405 al.

787 5420 814 5459 d
852 5419 913 5459 1η
943 5420 1172 5459 ιιιυηιὶη
1201 5418 1558 5459 rosus-istan"-
1598 5412 1726 5459 Hm
1764 5419 1820 5459 et
1847 5410 2124 5459 sentientis
2160 5423 2288 5459 con-

787 5420 814 5459 d
847 5419 914 5474 In
942 5420 1173 5474 absentia
1201 5418 1559 5483 contristatur.
1598 5412 1726 5467 Haac
1764 5419 1820 5467 et
1847 5412 2124 5480 sequentia
2160 5423 2288 5463 con-

722 5489 946 5568 cordant
963 5504 1084 5568 sse
1103 5488 1262 5568 eris?
1285 5485 1475 5568 νῐίοτίι
1507 5484 1598 5568 ξεδὲ
1623 5480 2289 5568 ωηῖιυξῐίέυξλιιξίξίὲἒεεξεέ

721 5557 1086 5635 prbatusﬂliis
1109 5550 1251 5635 domi
1277 5550 1423 5635 solus
1446 5553 1665 5608 relictus
1689 5550 1779 5635 sit,
1807 5557 1868 5631 ut
1892 5550 2038 5635 adeo
2054 5550 2194 5635 idem
2220 5550 2291 5635 sit

721 5626 808 5681 hic
827 5635 880 5680 et
909 5627 994 5681 ille
1015 5628 1276 5690 Damoeta,
1303 5625 1385 5679 vir
1409 5635 1600 5691 nempe
1625 5623 1914 5686 szecularis,
1943 5634 2047 5673 non
2077 5623 2290 5685 episco-

725 5710 840 5764 pus.
1402 5742 1408 5748 .
1638 5709 1640 5718 π

2464 4541 2483 4578 ί
2523 4540 2646 4593 Viro
2691 4538 3000 4593 clarissimo.
3050 4536 3176 4591 Ila-c
3217 4535 3380 4590 verba
3424 4543 3484 4588 et
3519 4545 3638 4600 qua:
3665 4540 3964 4598 sequuntur

2389 4610 2612 4690 deerant
2637 4611 2689 4664 in
2711 4609 2832 4664 cod.
2867 4605 3294 4662 Sanct-Gallensi
3322 4603 3462 4674 apud
3479 4600 3786 4656 Canisium-

2462 4699 2566 4769 57
2597 4702 2622 4739 ε
2648 4697 2844 4769 Mirum
2862 4694 3084 4749 animal.
3114 4696 3192 4769 ita
3210 4693 3379 4769 iocari
3401 4691 3489 4745 hic
3510 4689 3709 4769 placuit
3734 4688 3962 4769 Alcuino

2392 4759 2777 4838 de'p'ectinea
2813 4767 3054 4838 Damceta
3083 4764 3186 4819 sibi
3212 4759 3436 4838 donato,
3477 4761 3620 4830 quod
3646 4768 3810 4838 caput
3851 4759 3962 4838 ani-

2393 4828 2549 4895 malis
2591 4835 2931 4906 praaferebat.
2979 4833 3096 4906 Huc
3137 4833 3386 4906 pertinet
3421 4828 3637 4885 carmen
3684 4828 3960 4906 219_e_dit.

2393 4897 2669 4987 Qu_eree't.,
2698 4897 2862 4987 quod
2900 4919 3024 4987 cum
3069 4897 3172 4959 hac
3197 4902 3422 4969 epistola
3454 4913 3752 4954 connexum
3799 4897 3961 4950 fuisse

2393 4980 2629 5042 videtur,
2658 4985 2713 5030 et
2739 4980 2813 5030 ita
2839 4983 2995 5029 sonat
3020 4991 3033 5026 :

2518 5089 2681 5138 Bestia
2703 5101 2810 5137 nam
2832 5087 3002 5141 subito,
3018 5089 3206 5133 nostrss
3231 5081 3546 5144 subrepserst
3566 5077 3700 5127 aedes

2516 5149 2573 5199 In
2590 5161 2682 5210 qus
2707 5182 2720 5196 .
2748 5185 2761 5198 .
2791 5146 2921 5210 ,_fuit
2935 5143 3379 5210 csplturnmirands
3396 5143 3622 5210 duorum,
3724 5198 3729 5203 _

2519 5204 2639 5267 Qum
2663 5207 2853 5256 maxilla
2877 5204 3038 5254 tamen
3067 5204 3248 5267 pariter
3267 5206 3716 5267 eoujunxerstpna,

2518 5259 2605 5320 liis
2627 5272 2781 5318 ternis
2802 5268 2971 5315 decies
2993 5259 3080 5314 sed
3102 5264 3334 5314 dentibus
3353 5259 3536 5311 horruit
3554 5259 3651 5308 itls.

2514 5331 2634 5380 Esca
2664 5329 2752 5378 fuit
2775 5339 3004 5390 crescens
3025 5325 3204 5390 illis‘de
3225 5334 3430 5385 corpore
3451 5323 3595 5390 vivo,

2407 5432 2414 5436 .
2517 5392 2621 5442 Nec
2641 5403 2776 5451 caro,
2797 5401 2888 5451 nec
2903 5387 3088 5447 fruges,
3112 5385 3298 5451 fructus
3313 5381 3534 5451 necvins
3554 5381 3807 5430 hibentnm

2514 5440 3163 5510 Dentibus'edebst,'pstulo
3185 5459 3279 5514 non
3299 5440 3579 5514 tabuitore.
3604 5508 3616 5514 _
3651 5501 3683 5514 υ

2518 5515 2642 5574 Scis,
2669 5501 2888 5563 Damoeta~
2910 5501 3067 5566 meus.
3089 5519 3199 5569 qua
3214 5508 3280 5554 sit
3301 5505 3404 5557 hac
3423 5503 3578 5552 bestia
3603 5501 3740 5570 talis.

2467 5616 2492 5653 ιι
2525 5613 2590 5666 In
2618 5612 2864 5666 absentiae
2891 5607 3282 5687 longinquitate.
3314 5604 3370 5688 in
3400 5603 3736 5729 exgeditione
3770 5611 3956 5668 nempe

2467 5683 2682 5729 .mnica.
2723 5682 2789 5729 de
2816 5693 2923 5729 nua
2952 5690 3199 5729 sumam
3237 5675 3404 5729 Emst.
3432 5675 3467 5729 ὅ
3527 5673 3690 5729 (nunc
3711 5669 3825 5729 μ).

2380 5683 2682 5746 Saxonica,
2723 5682 2789 5735 de
2816 5684 2923 5748 qua
2952 5669 3199 5745 sapt-ain
3237 5675 3404 5744 Epist.
3432 5669 3502 5730 39
3527 5669 3825 5743 (annon).
