4232 6420
333 375 450 430 9.Ιῦ

826 508 849 536 ⁸
879 496 1209 556 Ειηετοω
1247 502 1451 558 XLVII.

694 579 762 618 Αι)
794 566 1013 623 born!
1052 585 1224 626 ascen
1263 590 1588 629 ueneronuu.
1647 628 1649 634 .

938 637 1114 708 (Anno
1151 642 1302 712 796.)

327 712 568 773 Nuntiat
606 719 852 778 Carolum
882 731 1018 796 genti
1061 729 1606 789 Northanumbrorum
1631 739 1822 792 iratum
1855 740 1916 793 ob

805 809 977 851 necem
1003 801 1134 869 regis
1161 799 1447 855 Ethelredi.

406 876 556 933 Sciat
590 887 895 941 veneranda
937 889 1156 946 dilectio
1187 901 1368 947 vestra
1396 897 1538 963 quod
1566 893 1795 952 domnus
1824 914 1916 954 rex

320 963 562 1022 Carolus
590 973 895 1029 amabiliter
917 985 970 1031 et
1001 979 1230 1055 ﬁdeliter
1257 998 1398 1051 saepe
1423 985 1634 1040 locutus
1672 995 1757 1039 est
1800 1002 1913 1042 me-

318 1069 457 1108 cum
483 1059 548 1112 de
571 1059 737 1122 vobis,
769 1073 826 1117 et
846 1063 899 1118 in
931 1082 996 1120 eo
1014 1067 1224 1125 habetis
1250 1071 1622 1127 ﬁdelissimum
1649 1075 1906 1129 amicum.

316 1142 455 1200 Ideo
479 1156 533 1200 et
554 1160 744 1206 vestra:
766 1153 1040 1210 dilectioni
1071 1157 1231 1228 digna
1262 1161 1447 1231 dirigit
1468 1165 1700 1217 "munera
1728 1172 1783 1218 et
1817 1180 1912 1233 per

316 1231 663 1302 episcopales
677 1239 832 1294 sedes
849 1242 998 1310 regni
1017 1247 1201 1298 vestri.
1219 1245 1481 1302 Similiter
1499 1250 1783 1306 Ethelredo
1799 1231 1908 1322 regi

311 1332 377 1374 et
393 1323 462 1374 ad
477 1336 603 1377 suas
615 1326 990 1395 episcoporum
1005 1331 1161 1387 sedes
1188 1346 1210 1372 ε
1243 1335 1380 1389 dona
1405 1337 1620 1391 direxit.
1639 1338 1743 1394 Sed
1768 1342 1872 1394 heu
1891 1344 1902 1393 ε

310 1412 463 1479 proh
483 1413 636 1468 dolor
651 1418 662 1468 !
678 1417 832 1472 donis
844 1420 982 1474 datis
993 1422 1047 1475 et
1061 1423 1299 1490 epistolis
1315 1426 1368 1478 in
1391 1429 1901 1496 manusﬂmissorum,

310 1507 636 1572 supervenit
652 1508 1030 1579 tristislegatio
1053 1527 1150 1580 per
1172 1516 1384 1579 missos,
1413 1517 1504 1584 qui
1520 1518 1586 1572 de
1609 1517 1789 1574 Seotia
1809 1536 1904 1589 per

309 1605 424 1645 vos
457 1596 658 1648 reversi
686 1606 834 1662 sunt,
860 1599 926 1652 de
956 1600 1274 1657 inﬁdelitate
1311 1606 1487 1674 gentis
1511 1615 1566 1660 et
1590 1605 1616 1644 ά
1651 1622 1782 1660 nece
1819 1624 1901 1662 re-

307 1681 425 1749 gis.
468 1681 544 1736 Ita
577 1684 822 1753 Carolus,
855 1699 1086 1746 retracta
1115 1694 1375 1748 donorum
1402 1694 1670 1766 largitate,
1696 1698 1750 1750 in
1781 1706 1898 1751 tan-

308 1777 436 1824 tum
466 1773 636 1828 iratus
664 1785 746 1830 est
771 1789 958 1832 contra
983 1790 1197 1851 gentem
1225 1784 1394 1850 illam,
1427 1795 1485 1839 ut
1511 1787 1606 1851 ait,
1631 1788 1892 1855 perﬁdam

305 1869 366 1914 et
386 1875 736 1929 «perversam,
783 1877 838 1921 et
881 1870 1202 1926 homicidam
1251 1874 1591 1930 dominorum
1641 1893 1890 1942 suorum,

303 1948 559 2017 pejo'rem
585 1947 703 2008 eam
728 1959 952 2025 paganis
994 1961 1348 2019 existimans:
1377 1974 1432 2019 et
1459 1966 1562 2019 nisi
1589 1981 1690 2034 ego
1727 1968 1894 2020 inter-

301 2052 504 2120 cessor
544 2055 719 2096 essem
746 2060 844 2112 pro
871 2062 954 2111 ea,
988 2041 1248 2117 quidquid
1289 2051 1370 2104 eis
1414 2052 1559 2126 boni
1582 2055 1896 2110 abstrahere

303 2117 584 2195 potuiSset
606 2138 661 2185 et
691 2134 1165 2202 mali'machinari,
1193 2137 1305 2205 jam
1333 2122 1567 2194 fecisset.

773 2234 795 2262 θ
825 2224 1159 2281 EPISTOLA
1196 2227 1422 2283 XLVIII.

669 2307 736 2346 AD
775 2309 945 2348 OFFAI
986 2311 1158 2351 REGE!
1199 2313 1526 2353 IERCIOBUI.

302 2373 376 2428 In
420 2378 649 2443 patriam
701 2379 718 2449 (
738 2381 1020 2460 ᾼιιριίαιη)
1066 2387 1249 2460 reverti
1294 2386 1470 2460 volens
1509 2390 1790 2443 retrahitur
1826 2392 1888 2444 ob

648 2453 880 2516 perjuria
905 2462 954 2504 et
973 2455 1310 2507 vastationem
1335 2458 1518 2524 gentis.

378 2535 494 2603 Ego
523 2545 745 2603 paratus
770 2555 916 2593 eram
944 2557 1065 2594 cum
1095 2545 1407 2600 muneribus
1445 2535 1622 2603 Caroli
1649 2551 1791 2616 regis
1821 2554 1888 2607 ad

296 2637 405 2678 vos
435 2613 640 2688 venire,
671 2635 724 2680 et
753 2629 820 2681 ad
863 2631 1094 2702 patriam
1126 2637 1353 2700 reverti;
1378 2625 1480 2691 (sed
1523 2639 1713 2694 melius
1755 2643 1885 2696 mihi

297 2715 484 2768 visum
519 2725 603 2771 est
641 2728 858 2787 propter
890 2736 1074 2788 pacem
1111 2726 1285 2790 gentis
1329 2741 1462 2780 mete
1491 2729 1543 2780 in
1569 2733 1881 2800 peregrina-

297 2805 456 2866 tione
501 2820 802 2874 remanere,
855 2812 1098 2865 nesciens
1128 2813 1255 2881 quid
1291 2813 1534 2868 fecissem
1584 2819 1725 2872 inter
1765 2835 1879 2885 eos,

296 2891 448 2946 inter
473 2909 607 2961 quos
632 2897 806 2951 nullus
831 2915 1052 2956 securus
1072 2917 1208 2964 esse,
1242 2904 1325 2958 vel
1352 2905 1404 2958 in
1431 2905 1633 2961 salubri
1657 2911 1880 2966 consilio

294 2982 567 3049 proﬁcere
589 2994 782 3052 potest.
814 2989 984 3044 Eccef
1010 2991 1123 3045 loca
1149 3003 1331 3048 sancta
1347 3012 1377 3048 a
1397 2999 1620 3066 paganis
1640 3009 1845 3055 vastata
1861 3043 1874 3064 ,

296 3071 492 3125 altaria
513 3072 764 3142 periuriis
785 3075 1002 3144 foedata,
1018 3084 1341 3136 monasteria
1358 3085 1636 3140 adulteriis
1656 3089 1871 3156 violata,

296 3170 446 3218 terra
473 3167 732 3233 sanguine
758 3167 1096 3223 dominorum
1119 3180 1173 3225 et
1192 3172 1492 3240 principum
1510 3174 1726 3228 fmdata.
1771 3224 1776 3231 .

784 3281 808 3316 8
838 3279 1169 3335 EPISTOLA
1208 3282 1367 3336 XLIX
1379 3323 1390 3335 .

620 3362 686 3398 an
725 3349 750 3386 ιι
789 3364 958 3402 orru
996 3365 1168 3404 nactast
1209 3369 1533 3408 ueneronuu.

864 3418 1038 3486 (Anno
1062 3419 1314 3490 incerto.)

293 3500 627 3587 Disfipitlunt
646 3505 714 3587 ad
737 3507 1190 3587 petitionem-regis
1212 3510 1263 3562 in
1281 3512 1521 3587 Angliam
1541 3519 1768 3578 remittit,
1785 3521 1873 3587 qui

367 3569 439 3622 ibi
469 3571 525 3622 in
550 3569 747 3626 scholis
766 3574 966 3627 doceat.
1003 3569 1260 3629 Hortatur
1282 3580 1351 3631 ad
1362 3569 1540 3650 regias
1569 3569 1798 3639 virtutes.

365 3658 597 3715 Domino
621 3663 1066 3719 excellentissimo
1091 3662 1277 3720 Oll'auo
1301 3669 1436 3736 regi,
1473 3671 1687 3726 humilis
1710 3674 1868 3728 levita

292 3749 556 3805 Alcuinus
582 3752 826 3808 salutem.
1064 3756 1076 3760 ’

361 3892 390 3958 ξι
577 3891 633 3936 et
656 3899 908 3969 sequens_
930 3885 1287 3969 fragmentum
1319 3891 1576 3969 ejusdem,
1594 3963 1605 3969 _
1626 3903 1684 3947 ut
1705 3904 1863 3969 puto,

287 3950 552 4030 epistolae,
586 3950 830 4008 recenset
860 3950 1134 4011 Malmésb.
1163 3959 1255 4012 lib.
1279 3975 1294 4013 ι
1318 3950 1450 4030 Ιὶθε.
1472 3950 1650 4032 Angl.,
1674 3950 1790 4033 cap.
1809 3950 1860 4020 3:

288 4015 345 4068 In
362 4017 505 4090 edit.
536 4019 812 4090 Quercet.,
836 4038 891 4090 p.
917 4023 1050 4078 1667
1075 4036 1129 4079 et
1153 4027 1309 4080 1668.

362 4086 392 4124 1»
414 4087 497 4161 Ad
524 4087 699 4161 Offam
741 4086 930 4161 regem,
972 4101 1076 4147 etc.
1125 4095 1250 4149 Fuit
1274 4096 1389 4151 Oﬁ'a
1419 4113 1513 4152 rex
1544 4098 1875 4157 Mercierum
1905 4124 1913 4134 υ

285 4158 739 4230 potentissimus,
767 4158 1094 4230 regnumque
1123 4167 1292 4218 tenuit
1334 4167 1401 4219 ab
1440 4182 1580 4224 anno
1622 4171 1724 4224 756
1775 4189 1862 4226 us—

285 4240 395 4307 que
417 4226 485 4307 ad
507 4242 705 4282 annum
731 4226 972 4307 7963190
991 4226 1126 4287 obiit
1148 4249 1221 4288 vn
1247 4235 1363 4288 Kal.
1387 4237 1550 4307 Aug.,
1586 4248 1644 4292 ut
1674 4242 1860 4294 scribit

334 4296 630 4368 ovedenus,
658 4314 778 4368 pag.
809 4296 933 4354 ιοῧ.

358 4376 381 4402 ο
407 4363 1056 4444 DonadirﬁexitLngenam
1076 4372 1165 4426 illa
1179 4375 1317 4428 dona
1334 4374 1548 4444 fuerint,
1565 4391 1856 4444 cognosces

281 4448 350 4486 ex
378 4433 604 4514 epistola
633 4436 808 4520 Caroli
828 4433 1035 4520 Magni
1060 4443 1126 4520 ad
1157 4445 1415 4520 eumdem
1439 4433 1608 4497 Ot'l'am
1631 4433 1849 4520 “regem,

281 4503 513 4592 quan'rin
528 4506 816 4587 appendice
827 4503 1220 4592 eahibebimus',
1233 4513 1361 4592 edit.
1377 4511 1683 4592 Quercet._p.
1695 4503 1848 4592 lu6_70.'
1883 4531 1932 4592 υ

350 4571 377 4609 ἀ
413 4571 490 4650 _l)e
514 4571 633 4627 nece
664 4577 818 4644 regis.
865 4578 1136 4650 Ethelredi
1163 4571 1421 4650 nimirum
1451 4583 1592 4650 regis
1621 4571 1852 4641 Northa¥

280 4642 652 4722 numbgorurn,
700 4642 858 4713 quem
899 4648 980 4722 sui
1010 4648 1394 4722 interfecerunt
1438 4642 1539 4722 xlv
1563 4651 1680 4705 Kal.
1731 4656 1849 4711 Maii

278 4726 428 4794 anno
451 4711 574 4794 79.6.
609 4711 891 4794 Dataergo
917 4718 1032 4772 hinc
1051 4718 1273 4787 epistola
1299 4725 1421 4787 post
1441 4719 1582 4773 diem
1607 4723 1673 4777 18
1696 4724 1852 4794 Apri-

279 4779 611 4854 lisgjusdem
639 4785 786 4854 anni.
824 4779 851 4786 ⁷
1009 4830 1016 4854 ι

404 4850 463 4917 8
495 4860 518 4887 ο
700 4853 926 4928 alterum
974 4849 1332 4928 ftagmentum
1374 4865 1456 4913 est
1493 4859 1732 4928 epistolae
1780 4866 1847 4920 ad

276 4918 457 4996 Otfaru
475 4918 831 4996 anhlalmesb.
874 4924 977 4977 loc.
1017 4918 1119 4993 icit.
1150 4928 1395 4993 relatum,
1429 4918 1557 4981 edii.
1592 4918 1840 4996 Quercet.

276 5003 402 5096 pag.
436 4987 591 5042 l667.
948 5053 952 5056 _
1025 4987 1030 4993 ’
1336 5067 1340 5072 ἱ
1380 4987 1392 4993 ⁷
1602 4987 1636 4996 ”

347 5056 814 5148 12555935.“?
833 5064 1070 5148 cetera
1097 5073 1319 5148 ιξαὲςιαν
1345 5075 1452 5148 es:
1477 5064 1645 5148 Alanis
1667 5070 1840 5148 ,ειίεηί-

276 5142 398 5180 rum
433 5129 814 5196 superioribus.
833 5129 966 5187 Vide
988 5133 1146 5200 epist.
1164 5134 1197 5187 8
1211 5134 1374 5202 (nunc
1393 5135 1448 5204 9)
1463 5133 1532 5187 ad
1543 5133 1843 5192 Lindisfar-

277 5210 498 5255 censes.
523 5205 579 5250 et
597 5208 901 5255 sequentes.

277 5210 498 5260 censes,
523 5210 579 5250 et
597 5210 901 5267 sequentes.

291 5333 306 5346 _
349 5261 543 5346 ξ
571 5265 821 5332 Queroet.
844 5270 912 5346 βε
935 5285 1000 5324 ex
1028 5285 1128 5346 ms.
1153 5271 1403 5341 (Froben.
1431 5273 1542 5346 44).
1565 5275 1681 5342 Quo
1702 5289 1842 5329 anno

276 5333 401 5410 data
426 5333 498 5385 sit
530 5334 819 5410 incertum,
828 5333 1171 5410 jungendam‘
1189 5351 1366 5396 tamen
1395 5333 1674 5400 commode
1717 5360 1841 5399 ceno

275 5401 503 5479 animus;
514 5403 644 5458 aliis
661 5408 727 5460 ad
750 5401 920 5479 Off-am
937 5401 1209 5479 Epistolis.

225 5482 244 5537 φ
277 5543 309 5547 _
346 5469 622 5547 |I_0/Ia_i_ro_
647 5479 771 5544 regi.
823 5469 1043 5533 Oﬁ‘anus
1086 5487 1141 5532 et
1183 5478 1299 5534 Oﬂ‘a
1335 5481 1473 5535 idem
1519 5497 1735 5547 nomen,
1781 5493 1839 5540 ut

273 5541 416 5623 gada
439 5548 494 5593 et
514 5539 778 5623 Bedanus,
808 5547 1069 5623 Columba
1089 5556 1144 5623 et
1169 5548 1548 5615 Columbanus,
1578 5539 1757 5623 Thega
1785 5565 1839 5609 et

277 5613 581 5690 Tbeganus.
609 5609 723 5665 Non
744 5629 957 5690 possum
979 5619 1108 5690 mihi
1132 5627 1428 5688 temperan
1446 5609 1573 5690 quin
1601 5609 1838 5678 hoculoco

271 5681 607 5762 {eruditorum
643 5681 961 5762 .curiositati
1001 5681 1284 5762 exhibeam
1326 5681 1600 5762 numinum
1643 5708 1832 5762 argen-

273 5754 417 5808 teum
467 5751 808 5810 rarissimum
852 5757 993 5823 regis
1038 5755 1188 5828 Offae,
1238 5760 1306 5818 ab
1334 5761 1486 5828 annis
1530 5751 1736 5831 aliquoi
1780 5764 1835 5819 iu
1886 5777 1888 5780 '

1783 397 2136 454 El’lS'l‘OLzE
2146 441 2158 454 .

1940 516 1990 570 Δ
2089 516 2343 572 Fideliter
2396 523 2650 578 voluntati
2699 533 2802 580 tua:
2847 543 3054 597 semper
3083 529 3293 597 placere
3339 538 3571 600 cupiens,

3473 419 3575 474 2M
3637 377 3644 386 ’

2021 607 2163 663 hunc
2192 626 2368 665 meum
2413 615 2787 669 charissimum
2816 618 2979 671 tilium
3007 622 3073 674 ad
3101 636 3195 674 vos
3221 624 3400 676 remisi
3441 625 3576 678 sicut

2017 699 2219 765 petisti,
2245 700 2537 778 deprecans
2567 713 2625 757 ut
2653 721 2774 760 eum
2806 709 3096 764 honoriﬁce
3122 711 3381 775 habeatis,
3408 715 3576 768 donec

2018 792 2084 843 ad
2124 806 2238 856 vos,
2269 796 2479 847 volente
2507 794 2633 857 Deo,
2675 798 2884 851 veniam
2919 814 2932 851 :
2978 816 3078 854 nec
3101 816 3222 854 eum
3249 803 3407 856 sinite
3441 804 3574 856 otio—

2017 893 2133 934 sum
2174 895 2368 952 vagare
2393 925 2406 947 ,
2466 901 2565 939 nec
2603 887 2846 941 ebrietati
2884 890 3115 956 servire;
3161 893 3252 946 sed
3291 894 3575 962 prazvidete

2016 970 2064 1026 ei
2117 974 2436 1044 discipulos,
2493 984 2546 1028 et
2590 979 2957 1045 praacipientcs
3011 983 3320 1050 praecipite,
3363 993 3419 1037 ut
3456 985 3574 1038 dili-

2013 1069 2200 1128 genter
2249 1063 2455 1117 doceat.
2509 1063 2633 1118 Scio
2683 1067 2826 1133 quod
2869 1066 3002 1120 bene
3067 1069 3224 1130 dicit,
3273 1080 3327 1123 et
3370 1071 3571 1125 utinam

2011 1148 2146 1203 bene
2162 1152 2409 1219 proﬁciat
2436 1156 2447 1206 !
2473 1155 2596 1221 quia
2619 1155 2994 1223 discipulorum
3019 1173 3258 1230 meorum
3279 1150 3570 1233 profectus,

2013 1256 2217 1297 merces
2264 1252 2346 1297 est
2378 1247 2508 1298 mihi
2553 1249 2693 1314 apud
2739 1247 2925 1301 Deum.
2951 1249 3016 1302 Et
3038 1251 3192 1305 valde
3217 1253 3346 1306 mihi
3376 1254 3570 1322 placet,

2009 1333 2150 1399 quo-.l
2183 1341 2384 1393 tantam
2413 1335 2622 1390 habetis
2650 1338 2997 1393 intentionem
3029 1341 3288 1406 lectionis,
3318 1353 3377 1397 ut
3397 1345 3569 1398 lumen

2008 1421 2279 1487 sapientia:
2303 1424 2477 1478 luceat
2505 1427 2558 1478 in
2599 1441 2761 1496 regno
2787 1437 2986 1492 vestro,
3021 1431 3160 1499 quod
3197 1433 3376 1488 multis
3413 1436 3570 1490 modo

2005 1514 2364 1583 exstinguitur
2389 1518 2442 1569 in
2472 1518 2620 1572 locis.
2650 1521 2755 1574 Vos
2775 1522 2906 1575 estis
2929 1521 3091 1577 decus
3111 1524 3418 1590 Britannize,
3444 1529 3565 1582 tuba

2002 1604 2414 1670 przedicationis,
2459 1608 2664 1676 gladius
2688 1620 2872 1663 contra
2913 1613 3114 1678 hostes,
3147 1628 3352 1670 scutum
3382 1627 3566 1674 contra

2003 1691 2263 1746 inimicos.
2311 1693 2513 1772 liabete
2547 1697 2712 1752 Deum
2758 1715 2968 1768 semper
2994 1713 3118 1758 ante
3156 1707 3362 1772 oculos,
3409 1707 3566 1763 facite

1991 1777 2279 1845 justitiam,
2308 1769 2485 1838 amate
2528 1787 2948 1842 misericordiam
2973 1804 2986 1842 :
3011 1792 3133 1859 quia
3166 1795 3255 1861 qui
3299 1769 3560 1864 ignoscit,

1997 1869 2291 1939 ignoscitur
2324 1875 2371 1926 ei
2401 1873 2613 1942 (Matth.
2641 1893 2712 1939 vr,
2762 1876 2870 1948 l4).
2907 1879 3105 1936 Discite
3144 1883 3366 1953 diligere
3412 1902 3561 1939 man-

1995 1957 2118 2010 data
2146 1959 2240 2012 Dei
2263 1961 2482 2035 Christi,
2508 1971 2566 2015 ut
2594 1965 2898 2021 benedictio
2922 1968 3065 2023 illius
3086 1971 3138 2023 in
3159 1973 3564 2029 omni'bonitate

1994 2054 2048 2100 et
2068 2050 2422 2131 prosperitate
2433 2066 2529 2106 vos
2549 2060 2864 2123 vestrosque
2890 2067 3108 2126 nepotes
3127 2073 3486 2131 consequatur
3509 2065 3560 2118 in

1993 2124 2272 2192 :eternum.
2305 2139 2492 2195 Divina
2521 2151 2573 2196 te
2617 2152 2877 2221 tuumque
2924 2163 3148 2218 regnum
3182 2153 3398 2208 cmlesti
3426 2157 3559 2210 bene

1991 2225 2222 2283 dictione
2251 2231 2536 2285 comitetur
2563 2234 2754 2303 gratia,
2785 2235 2999 2290 domine
3023 2239 3484 2297 excellentissime.

2335 2336 2352 2358 ’
2431 2347 2538 2416 59
2581 2351 2597 2387 ί
2645 2348 2971 2406 EPISTOLA
3010 2353 3070 2408 L.

2289 2431 2356 2468 AD
2385 2431 2683 2472 ECGFRIDUI
2713 2434 2885 2475 REGEH
2921 2438 3245 2479 IXEBCIORUM.

2411 2505 2737 2562 Exhortatur
2768 2512 2837 2563 ad
2873 2515 3129 2567 virtutem.

2059 2591 2627 2664 Nobilissimojuvenii
2666 2599 2915 2670 Ecgfrido
2952 2603 3168 2660 humilis
3195 2605 3352 2660 levita
3373 2608 3550 2664 Alcui-

1987 2694 2089 2734 nus
2129 2682 2378 2737 salutem.

2054 2768 2187 2846 Quia
2215 2773 2449 2828 sciebam
2479 2785 2531 2830 te
2555 2777 2707 2832 bona:
2743 2781 2936 2835 indolis
2963 2789 3016 2836 et
3053 2798 3274 2838 summa:
3293 2785 3550 2840 nobilita-

1983 2856 2052 2909 tis
2073 2858 2462 2915 adolescentem
2476 2858 3196 2939 exhortatoriasprzesumps'i
3218 2875 3310 2927 tibi
3325 2876 3551 2945 dirigere

1983 2943 2204 3000 litteras.
2252 2947 2367 3003 Non
2393 2952 2533 3019 quod
2587 2954 2681 3007 tibi
2710 2956 2910 3024 aliquid
2934 2958 3118 3012 desita
3145 2943 3550 3029 sapientissimis

1982 3042 2035 3088 et
2059 3037 2274 3106 optimis
2301 3042 2614 3106 parentibus
2656 3045 3031 3101 admonitionis
3050 3051 3382 3117 necessaria,
3412 3069 3544 3122 quo-

1901 3172 1945 3232 c
1983 3140 2102 3179 rum
2130 3127 2709 3214 honestatisqexempla
2745 3137 2938 3206 populo
2964 3140 3376 3206 praedicamenta
3425 3152 3546 3196 sunt

1978 3213 2195 3278 salutis;
2220 3218 2312 3270 sed
2339 3227 2397 3270 ut
2423 3211 2555 3286 mem
2576 3221 2876 3277 dilectionis
2904 3225 2956 3278 in
2987 3233 3038 3279 te
3063 3228 3399 3282 ostenderem
3422 3231 3544 3284 fidet

1974 3299 2199 3365 litatem,
2239 3293 2458 3372 capiens
2484 3316 2537 3360 te
2561 3305 2821 3376 proﬁcere
2835 3313 2887 3365 in
2919 3314 3048 3378 Deo,
3073 3316 3435 3389 virtutumque
3456 3319 3547 3374 lio-

1975 3393 2122 3448 ribus
2173 3396 2374 3460 ornari,
2399 3404 2452 3450 et
2487 3400 2696 3477 cunctis
2720 3400 3011 3470 Anglorum
3059 3406 3267 3473 populis
3293 3410 3544 3477 prodesse

1973 3483 2027 3537 in
2055 3487 2427 3554 prosperitate.
2477 3475 2798 3560 Eccexquam
2821 3494 3167 3550 nobilissimis
3195 3475 3352 3553 natus
3376 3515 3432 3559 es
3455 3516 3543 3569 pr.—

1976 3576 2234 3652 rentibus,
2264 3594 2422 3646 quam
2452 3597 2640 3652 magna
2667 3585 2934 3639 enutritus
2961 3602 3108 3640 cura.
3165 3587 3281 3643 Noli
3304 3593 3544 3646 moribus

1970 3679 2089 3717 esse
2112 3648 2361 3732 degener,
2398 3670 2489 3737 qui
2519 3669 2797 3727 nativitatb
2826 3690 3114 3744 generosus
3139 3679 3343 3733 existis.
3389 3681 3540 3734 Disce

1971 3752 2249 3824 diligenter
2272 3755 2483 3813 illorum
2506 3761 2768 3831 exempla,
2794 3767 3004 3832 a“~patre
3026 3767 3418 3834 auctoritatem,
3455 3771 3477 3808 ιι
3509 3787 3537 3822 a

1967 3891 2125 3964 horto
2151 3901 2332 3964 nostro
2378 3894 2628 3948 abbatiali
2657 3905 2946 3964 repertum,
2983 3906 3036 3952 et
3065 3899 3116 3952 in
3144 3913 3262 3954 meo
3287 3916 3530 3956 nummo-

1966 3960 2530 4036 plglacioservatum.
2577 3960 2760 4036 Nullus
2785 3960 2968 4022 dubito
3019 3969 3150 4036 quin
3186 3970 3272 4024 hic
3298 3968 3534 4035 eiusdem

1966 3976 2037 4027 pn
2061 3976 2212 4014 'tacm
2239 3976 2530 4017 servatum.
2577 3976 2760 4020 Nullus
2785 3976 2968 4022 dubito
3019 3976 3150 4036 quin
3186 3976 3272 4024 hic
3298 3976 3534 4035 eiusdem

1965 3976 2260 4106 pilicregis
2289 4033 2504 4106 bustum
2523 4035 2857 4106 exhibeatur,
2894 4039 2958 4091 ad
2983 4053 3140 4106 quem
3156 4037 3411 4094 Alcuinus
3438 4039 3535 4096 has

1964 4097 2258 4171 familiares
2285 4103 2499 4168 scripsit
2527 4105 2796 4171 epistolas.
2817 4097 2952 4171 Quid
2977 4097 3257 4166 sibivelint
3281 4109 3531 4164 litteraein

1962 4168 2167 4247 postica
2193 4177 2346 4237 parte
2371 4168 2574 4247 nummi
2601 4168 3052 4247 excuszefaliasve
3073 4177 3138 4247 ad
3160 4179 3360 4247 nummi
3379 4179 3533 4247 hujus

1963 4244 2056 4315 aut
2086 4237 2161 4290 rei
2186 4240 2497 4315 monetariae
2521 4237 3003 4315 Anglorummedii
3029 4245 3128 4299 aevi
3155 4246 3415 4315 majorem
3440 4237 3533 4304 nu-

1962 4305 2137 4359 titiam
2161 4308 2504 4375 pertinentia,
2530 4305 2721 4365 eruditi
2749 4313 2992 4368 Britanni
3018 4305 3328 4372 decernant.

2966 4434 2999 4453 7'17
3028 4454 3049 4484 ς

2314 4678 2321 4701 ”
2374 4683 2655 4797 (iisab—:73:
2858 4629 3216 4796 id

2022 4868 2040 4918 ,i
2070 4867 2210 4922 Edit.
2235 4867 2483 4934 Quercet.
2519 4869 2586 4922 48
2612 4886 2672 4925 ex
2691 4886 2788 4924 ms.
2815 4871 3002 4926 collata
3026 4888 3145 4927 cum
3174 4877 3290 4932 cod.
3322 4878 3512 4935 Salis'e.

1977 4934 2206 4987 Froben.
2235 4938 2344 4987 45L
2830 4965 2834 4972 ·

2021 4938 2206 4992 roben.
2235 4938 2344 4992 45).
2830 4965 2834 4972 ·

1951 4935 2206 5004 (Froben.
2235 4938 2344 5009 45).
2830 4965 2834 4972 α

2087 5006 2356 5082 Ecgfrido.
2415 5007 2717 5082 Filio_(_)lfae
2761 5013 2901 5080 regis
2931 5010 3263 5082 Merciorum,
3309 5016 3377 5068 de
3410 5030 3514 5082 quo

1949 5073 2207 5130 Alferdus'
2233 5077 2300 5129 ad
2329 5091 2526 5129 annum
2553 5078 2676 5143 787,
2718 5073 2864 5133 num.
2901 5081 2996 5134 56:
3046 5101 3063 5131 ι
3100 5073 3294 5134 Eodem
3349 5073 3509 5143 anno.

1948 5145 2283 5217 quo‘babita
2331 5145 2384 5198 in
2411 5140 2622 5199 Merciis
2664 5140 2922 5217 synodus.
2976 5149 3088 5203 Otl'a
3140 5149 3302 5201 filium
3355 5140 3510 5206 suum

1949 5211 2259 5298 chfridum
2284 5228 2464 5283 regem
2491 5211 2735 5298 coronari
2777 5217 2959 5281 voluit,
2989 5226 3269 5298 praesente,
3297 5222 3508 5287 opinor,

1948 5280 2166 5335 Patrum
2196 5280 2487 5357 coniectu;
2523 5292 2588 5337 .ut
2610 5285 2841 5340 disceret
2862 5280 3080 5357 parente
3095 5286 3215 5339 vivo
3239 5280 3506 5357 sceptrum

1949 5359 2201 5406 tractare.
2241 5371 2258 5402 ι
2305 5349 2568 5420 Scriptam
2587 5367 2704 5409 esse
2717 5349 3140 5422 hancepistolam
3167 5366 3290 5410 ante
3304 5349 3506 5414 obitum

1945 5428 2248 5492 parentum,
2279 5427 2560 5492 contextus
2580 5422 2842 5492 loquitur;
2874 5438 2980 5490 quo
2993 5438 3119 5478 vero
3143 5441 3306 5490 anno,
3335 5428 3507 5483 incer‘

1946 5487 2078 5560 tum.
2144 5487 2414 5542 Successit
2459 5492 2599 5560 patri
2629 5487 2684 5545 iit
2704 5487 2924 5560 regnum
2947 5507 3088 5546 anno
3115 5492 3216 5548 796
3241 5487 3300 5549 et
3317 5498 3504 5553 eodem

1941 5559 2100 5610 etiam
2151 5571 2302 5610 anno
2346 5577 2363 5610 ι
2407 5559 2545 5614 εεὲγδ
2591 5575 2736 5620 mors
2774 5559 3059 5616 vernantis
3095 5564 3269 5618 aetatis
3317 5566 3503 5621 florem

1941 5624 2189 5688 messuit;
2231 5641 2353 5700 nam
2379 5629 2566 5700 quinto
2589 5629 2657 5700 ab
2694 5629 2827 5700 in_i_to_
2869 5631 3181 5700 magistratu
3202 5650 3383 5692 mense
3411 5653 3503 5690 na-

1942 5703 2072 5750 tura:
2093 5697 2430 5764 concessit.)
2467 5705 2522 5764 ut
2544 5698 2703 5764 habet
2731 5697 3004 5754 Malmesb.

2009 5763 2037 5803 ι
2072 5762 2315 5837 Αφπιαινε
2336 5762 2596 5836 pietatem.
2627 5785 2646 5822 t
2675 5766 2799 5825 limo
2817 5773 3171 5832 communiter
3199 5773 3496 5831 Zuendrida
