4232 6436
724 442 828 496 9.13

1581 431 1636 484 ιι.
1681 432 1740 484 ι’.
1783 430 2000 483 suam
2041 427 2165 484 sm:
2211 423 2481 480 ALCL’N
2519 419 2798 478 OPERL'M
2825 397 3012 478 rans
3047 417 3089 474 ι.

3834 375 3933 466 an:

719 559 890 610 matre
916 550 1185 617 pietatem.
1261 545 1342 595 Ab
1393 541 1478 593 ille
1514 553 1696 607 regere
1733 539 1983 606 populum
2010 537 2283 606 perjusti-
2310 529 2360 594 Λ
2386 533 2542 586 factis
2555 531 2745 586 offerre
2759 530 3024 592 voluisset,
3056 529 3276 582 haberet
3299 526 3937 581 convenientesinterces-

722 640 870 699 tiam,
901 637 967 690 ab
994 635 1095 688 ista
1124 629 1355 697 compati
1378 627 1587 681 miseris
1615 641 1708 694 per
1733 626 2189 688 miscricordiam;
2215 623 2281 675 ab

721 737 945 794 utroque
957 721 1272 778 Christianae
1295 717 1567 787 religionis
1590 716 1946 776 devotionem,
1981 713 2284 766 orationum

721 815 1052 876 instantiam,
1084 810 1543 877 eleemosynarum
1569 805 1888 874 largitatem,
1914 811 1966 856 et
1991 802 2153 856 totius
2166 801 2285 852 vita:

721 905 1084 960 sobrietatem.
1129 899 1209 952 Tu
1233 897 1454 952 baculus
1481 894 1770 950 senectutis
1797 893 2006 946 illorum
2026 900 2160 950 esto,
2192 890 2286 941 hu-

722 993 918 1046 militer
941 991 1152 1042 illorum
1174 985 1428 1041 obedicns
1450 983 1756 1052 prmceptis;
1799 990 2061 1050 quatenus
2078 979 2287 1030 illorum

724 1092 775 1134 te
805 1079 1100 1135 benedictio
1137 1081 1496 1143 consequatur
1527 1074 1578 1127 in
1632 1081 1909 1126 mtcrnum.
1969 1068 2102 1121 Nam
2136 1066 2287 1133 juxta

725 1168 1086 1228 Salomoncm,
1108 1161 1409 1218 benedictio
1434 1168 1720 1229 parentum
1735 1155 2082 1210 ﬁliosexaltat
2097 1153 2284 1222 (Ecrli.

721 1275 803 1321 Ill,
842 1259 946 1328 ll).
996 1256 1125 1310 Item
1161 1254 1300 1308 idem
1324 1253 1429 1304 ait:
1471 1249 1635 1302 Filius
1667 1250 1871 1328 sapiens
1902 1245 2067 1316 gloria
2096 1254 2167 1297 est
2194 1261 2288 1311 pa-

720 1349 816 1402 tris
861 1322 1040 1416 (Prov.
1069 1359 1122 1406 ι,
1157 1341 1230 1411 ~l).
1297 1338 1412 1392 Noli
1450 1337 1674 1391 luxurite
1712 1322 1954 1390 subditus
1987 1347 2105 1386 esse
2137 1373 2150 1395 ,
2199 1332 2290 1384 sed

722 1439 858 1492 Deo:
889 1437 1013 1504 quia
1040 1442 1245 1487 castum
1272 1445 1464 1499 corpus
1477 1438 1529 1482 et
1555 1429 1785 1481 animam
1815 1425 1958 1478 vitiis
1984 1440 2087 1478 non
2115 1438 2293 1475 macu-

726 1534 888 1578 latam
925 1524 1156 1600 Spiritus
1186 1521 1448 1574 inhabitat
1471 1526 1706 1571 sanctus.
1742 1514 1855 1567 Non
1880 1514 2032 1567 decet
2060 1521 2110 1565 te
2141 1511 2296 1564 rusti-

723 1632 846 1669 cum
869 1630 986 1669 esse
1024 1615 1282 1674 moribus,
1311 1610 1394 1662 vel
1424 1606 1602 1661 verbis
1629 1606 1987 1667 lasciviosum,
2019 1603 2108 1671 qui
2137 1610 2296 1654 natus

723 1721 783 1758 es
813 1705 867 1757 in
917 1703 1052 1758 solio
1083 1701 1250 1768 regni.
1317 1697 1689 1766 Temperantia
1719 1706 1773 1749 et
1795 1695 2046 1748 honestas
2080 1692 2201 1744 vita:
2247 1699 2296 1740 te

731 1795 1012 1848 amabilem
1044 1803 1095 1847 et
1121 1791 1437 1846 laudabilem
1469 1788 1676 1842 cunctis
1703 1786 1895 1840 etliciet
1922 1783 2150 1852 populis.
2215 1780 2297 1832 ln-

2345 645 2352 647 ‘
2385 623 2562 676 siones
2583 637 2692 675 suae
2716 619 2990 673 voluntati.
3029 618 3276 670 Arbitror
3301 631 3394 671 vos
3415 615 3602 669 melius
3618 616 3733 668 haec
3761 613 3938 666 omnia

2385 710 2467 763 vel
2500 710 2550 763 in
2573 707 2922 762 sacramentis
2954 707 3148 761 vestris
3173 705 3495 774 conscripta,
3528 703 3610 757 vel
3637 703 3690 756 in
3717 716 3937 756 consue-

2389 800 2569 853 tudine
2589 799 2895 866 quotidiana
2926 797 3140 850 habere.
3192 797 3389 850 Tamen
3416 809 3482 848 ne
3517 792 3827 847 inobediens
3847 805 3936 844 vc-

2388 898 2512 941 sine
2537 903 2706 941 essem
2733 887 3022 949 dilectioni,
3056 886 3264 954 scripsi,
3299 884 3440 954 quod
3459 898 3552 936 nos
3583 883 3634 934 in
3651 889 3940 935 consuetu--

2388 978 2511 1031 dine
2536 979 2811 1040 habemus,
2845 985 2899 1030 et
2922 977 3070 1031 vobis
3095 977 3386 1046 proficuum
3415 990 3532 1029 esse
3550 973 3752 1041 putavi,
3789 972 3944 1024 obse~

2390 1084 2546 1122 erans
2577 1079 2633 1121 ut
2659 1070 2761 1122 mei
2783 1069 3012 1122 nominis
3034 1069 3343 1121 memoriam
3375 1066 3634 1128 habeatis,
3683 1062 3768 1116 vel
3806 1063 3947 1114 inter

2391 1156 2507 1217 has,
2539 1155 2621 1208 vel
2645 1156 2782 1208 inter
2815 1155 2946 1210 alias
2970 1163 3159 1209 vestrre
3183 1154 3481 1208 sanctitatis
3512 1151 3945 1206 intercessiones.

2395 1242 2462 1296 l’t
2490 1258 2613 1296 vere
2653 1243 2842 1306 fateor,
2898 1244 3119 1297 multam
3161 1245 3330 1298 habeo
3380 1242 3626 1296 fiduciam
3670 1241 3724 1294 in
3757 1240 3951 1293 vestris

2393 1334 2593 1387 sanctis
2627 1334 2960 1398 orationibus
2983 1335 3049 1388 ad
3089 1333 3494 1402 promerendam
3531 1330 3948 1385 misericordiam

2395 1423 2602 1476 Domini
2617 1425 2783 1478 nostri
2797 1423 2922 1478 Jesu
2935 1423 3156 1488 Christi,
3171 1425 3262 1492 qui
3276 1439 3369 1477 vos
3384 1422 3644 1476 custodiat
3659 1429 3714 1473 et
3740 1421 3794 1473 in
3808 1421 3952 1472 omni

2394 1513 2632 1565 bonitate
2653 1511 2912 1580 prolicere
2941 1511 3122 1574 faciat,
3161 1520 3215 1566 et
3264 1511 3530 1564 orationes
3555 1515 3762 1560 vestras
3789 1521 3954 1559 exau-

2396 1601 2509 1654 dire
2544 1600 2793 1668 dignetur
2819 1601 2900 1653 vel
2929 1615 3026 1668 pro
3067 1601 3308 1653 vivorum
3352 1597 3540 1660 salute,
3580 1595 3658 1649 vel
3711 1608 3810 1662 pro
3839 1608 3953 1646 mo-

2399 1691 2648 1743 rientium
2677 1690 2941 1758 profectu.
2998 1691 3096 1745 Vos
3123 1705 3269 1753 vero,
3304 1689 3402 1742 viri
3424 1687 3643 1740 fratres!
3675 1685 3724 1737 in
3751 1684 3958 1736 unitate

2399 1783 2678 1836 charitatis
2705 1783 2930 1837 firmiter
2954 1790 3280 1850 permanete,
3331 1788 3385 1834 et
3410 1780 3464 1832 in
3490 1775 3804 1832 humilitatis
3830 1774 3957 1828 obe-

730 1887 847 1954 cipe
883 1887 1021 1940 bona
1079 1882 1374 1952 promereri
1410 1878 1838 1940 conversatione,
1893 1877 2058 1930 Deum
2105 1873 2300 1941 ubique
2331 1863 2374 1923 Β
2402 1871 2600 1925 dientia
2627 1871 2851 1926 solerter
2877 1872 3129 1926 assistite.
3153 1871 3255 1925 lste
3278 1878 3362 1924 est
3381 1870 3549 1923 honor
3572 1873 3747 1920 vester
3775 1878 3957 1918 coram

730 1977 926 2030 habere
948 1981 1328 2041 protectorem.
1383 1969 1460 2022 Ex
1483 1969 1620 2021 illius
1642 1968 1782 2020 enim
1816 1963 2181 2020 misericordia
2211 1971 2300 2014 tua

729 2065 974 2118 consistit
999 2054 1346 2131 prosperitas.
1395 2058 1452 2112 Si
1481 2059 1627 2112 illum
1663 2066 1774 2112 toto
1823 2055 1987 2110 corde
2016 2051 2299 2112 amaveris,

729 2163 784 2206 et
807 2153 946 2206 illius
972 2159 1079 2205 tota
1110 2150 1398 2204 intentione
1427 2148 1650 2214 teipsum
1677 2144 1979 2199 subdideris
2019 2139 2300 2201 voluntati,

730 2242 987 2296 exaltabit
1001 2249 1052 2294 te
1069 2241 1122 2294 in
1136 2255 1297 2306 regno
1314 2237 1580 2306 praesenti,
1612 2245 1664 2288 et
1678 2235 1742 2311 in
1767 2233 1947 2287 futuro
1969 2231 2189 2300 gloriam
2207 2229 2301 2282 tibi

734 2331 986 2386 concedet
1012 2330 1405 2397 sempiternam.
1465 2327 1651 2379 Divina
1686 2334 1736 2378 te
1778 2325 1832 2378 in
1867 2322 2014 2379 omni
2064 2321 2302 2374 bonitate

732 2421 902 2488 pictas
924 2420 1110 2475 llorcrc
1137 2418 1316 2480 faciat,
1345 2415 1414 2468 ﬁli
1440 2415 1783 2468 charissime!

1257 2541 1280 2568 ο
1319 2524 1648 2580 Εριδτοω
1688 2523 1772 2576 LI.

1147 2617 1211 2653 AD
1253 2612 1522 2651 MONACIIOS
1553 2608 1894 2648 VEDASTINOS.

1225 2689 1403 2758 (Circa
1431 2702 1630 2739 annum
1659 2684 1806 2752 796.)

745 2785 932 2841 Versus
957 2794 1002 2837 et
1027 2779 1210 2835 missas
1235 2778 1431 2846 aliquot
1452 2776 1640 2832 mittit;
1676 2773 1885 2846 illorum
1913 2787 1965 2846 se
1987 2768 2304 2822 orationibus

841 2851 1180 2911 commendat,
1225 2859 1271 2900 et
1300 2840 1367 2899 ad
1395 2847 1604 2898 virtutes
1634 2843 1900 2912 religiosas
1939 2840 2198 2892 hortatur.

805 2958 1142 3016 Charissimis
1170 2958 1222 3010 in
1256 2955 1468 3010 Christo
1499 2952 1758 3006 fratribus
1788 2950 2006 3004 humilis
2029 2948 2187 3001 levita
2214 2946 2306 3000 Al—

736 3055 896 3107 binus
912 3050 1159 3104 salutem.

809 3141 960 3194 Sieut
995 3137 1194 3192 domini
1217 3134 1444 3196 abbatis,
1479 3144 1763 3201 vestraque
1785 3130 2101 3184 suavissima
2130 3126 2306 3181 chari-

739 3241 820 3284 tas
844 3229 1202 3288 demandavit,
1237 3227 1263 3264 b
1293 3239 1478 3277 versus
1498 3238 1594 3290 per
1645 3221 1881 3291 singulos
1927 3219 2110 3272 titulos
2138 3216 2308 3271 eccle-

739 3321 939 3372 siarum
976 3325 1030 3370 et
1058 3315 1247 3369 altaria
1271 3311 1475 3379 singula
1508 3310 1848 3372 dictavimus,
1885 3317 1936 3362 et
1957 3307 2172 3360 utinam
2200 3313 2308 3357 tam

739 3405 1122 3461 rationabiliter
1151 3418 1310 3470 quam
1335 3402 1598 3465 libenter;
1634 3399 1758 3467 quia
1795 3408 1986 3451 vestra:
2010 3393 2310 3450 sanctitatis

735 3499 904 3566 iussio
931 3496 1202 3565 compellit
1229 3494 1394 3547 citato
1418 3493 1617 3544 dictare
1647 3481 1912 3551 sermone;
1940 3499 2116 3546 tamen
2134 3494 2308 3538 vestra

740 3591 912 3662 pietas
925 3587 1194 3647 defendat,
1209 3580 1337 3652 qua:
1359 3590 1540 3636 nostra
1566 3580 1837 3634 humilitas
1862 3577 2172 3631 obedienter
2189 3590 2312 3629 exa-

743 3679 898 3732 ravit.
943 3688 963 3715 ε
999 3677 1187 3728 Missas
1218 3687 1428 3742 quoque
1455 3671 1739 3740 aliquasde
1765 3679 1948 3722 nostro
1979 3668 2072 3720 tuli
2099 3665 2311 3720 Missale

743 3770 809 3822 ad
836 3766 946 3838 60
975 3765 1287 3834 quotidiana
1317 3770 1369 3816 et
1399 3760 1778 3815 ecclesiastica:
1805 3757 2204 3812 consuetudinis
2225 3755 2308 3809 of-

742 3862 880 3916 lieia.
932 3859 1112 3913 Primo
1138 3858 1190 3909 in
1215 3857 1416 3910 honore
1445 3869 1667 3907 summa:
1703 3849 2003 3909 Trinitatis,
2027 3849 2216 3901 deinde
2244 3847 2310 3900 ad

743 3957 1048 4005 sanctorum
1081 3944 1488 3998 intercessiones
1515 3938 1924 4008 deprceaudas,‘
1953 3931 2113 3988 etiam
2140 3943 2192 3987 et
2220 3949 2313 3986 an-

687 4086 690 4088 η
741 4041 980 4111 gelorum
995 4035 1246 4106 suffragia
1260 4031 1597 4103 postulanda,
1624 4045 1740 4098 qure
1758 4029 1981 4083 multum
2009 4025 2314 4082 necessaria

743 4138 866 4184 sunt
919 4129 973 4182 in
1026 4128 1128 4181 hac
1167 4123 1598 4195 peregrinatione
1652 4119 2036 4174 laborantibus.
2120 4116 2312 4170 Postea

744 4228 941 4274 sancta:
963 4216 1052 4270 Dei
1079 4213 1353 4284 genitricis
1375 4226 1688 4279 semperque
1714 4209 1936 4278 virginis
1961 4207 2141 4261 Mariae
2189 4208 2318 4260 mis-

745 4325 858 4363 sam
879 4305 1338 4377 superaddidimus
1361 4318 1457 4371 per
1484 4303 1596 4356 dies
1609 4301 1832 4369 aliquot,
1854 4300 1896 4353 si
1921 4299 2005 4354 cui
2030 4298 2312 4368 placuerit,

744 4396 1160 4458 decantandam;
1193 4409 1290 4449 nec
1316 4409 1421 4447 non
1447 4401 1500 4445 et
1527 4391 1696 4446 sancti
1712 4391 1928 4444 Vedasti
1955 4388 2129 4442 Patris
2155 4387 2317 4442 vestri

745 4496 798 4541 et
824 4486 849 4526 ἀ
881 4484 1199 4554 protectoris
1221 4481 1388 4536 nostri
1435 4481 1756 4534 dictavimus
1774 4479 2014 4539 missam,
2054 4485 2317 4544 quatenus

747 4575 887 4630 illius
910 4572 1188 4626 familiaris
1210 4569 1488 4624 advocatio
1511 4569 1890 4636 sempiternum
1916 4567 2028 4620 suis
2054 4564 2318 4618 famulam

746 4668 888 4721 tibus
916 4665 1127 4720 afferret
1156 4662 1422 4718 solatium.
1463 4661 1566 4714 Pro
1602 4659 1836 4728 peccatis
1867 4671 2079 4727 quoque
2101 4665 2153 4711 et
2178 4656 2317 4710 elee-

749 4771 1024 4826 mosynam
1040 4753 1354 4809 facientibus
1381 4750 1718 4817 adjunximus
1737 4750 2030 4812 orationes,
2055 4755 2318 4815 quatenus

749 4847 793 4900 si
824 4846 942 4915 quis
972 4844 1052 4897 vel
1073 4857 1171 4912 pro
1200 4843 1310 4896 suis
1336 4840 1674 4908 negligentiis
1690 4838 1772 4890 vel
1797 4851 1894 4906 pro
1907 4836 2130 4889 aliorum
2158 4837 2320 4890 bene-

751 4961 817 5012 ab
839 4954 1146 5010 auctoribus
1168 4951 1482 5020 appellatur,
1502 4944 2319 5020 quze,‘si_Mat_thzeumParisien-

748 5042 860 5081 sem
877 5025 1142 5085 audimus,
1163 5013 1354 5076 Carolo
1371 5013 1559 5088 Magno
1583 5017 1753 5071 affinis
1777 5014 1894 5078 fuit,
1927 5013 2152 5088 etD_rida
2171 5015 2320 5088 prius

751 5095 912 5158 dicta,
958 5107 1116 5161 quam
1131 5082 1546 5161 inBritanniam
1572 5088 1824 5140 venisset.
1845 5125 1874 5161 _.
1905 5125 1918 5138 .
1949 5124 1961 5136 .
2014 5082 2119 5137 Sed
2147 5082 2320 5161 pietas

750 5162 866 5231 ejus
893 5153 1008 5215 erat
1028 5159 1241 5231 generis
1263 5157 1532 5231 feminini,
1580 5156 1951 5231 et-potentiam
1979 5161 2139 5231 nacta
2159 5153 2316 5231 dege-

754 5221 960 5286 n'eravit
989 5221 1167 5283 statim
1186 5229 1239 5280 in
1261 5227 1336 5291 id,
1358 5227 1500 5294 quod
1522 5221 1768 5293 impietas
1794 5225 2010 5278 dicitur.
2052 5242 2069 5274 ι
2111 5221 2316 5276 Alford.

753 5301 854 5355 loc.
877 5299 968 5354 cit.
1003 5314 1148 5350 num.
1177 5296 1266 5351 ‘58.
1717 5304 1750 5351 θη

821 5381 847 5410 ι
889 5367 1042 5422 Edita
1078 5382 1107 5420 a
1137 5366 1371 5419 Martene
1397 5374 1450 5417 et
1473 5364 1720 5418 Durando
1748 5371 1877 5417 tom.
1899 5362 1940 5416 1.
1970 5362 2088 5414 Vet.
2119 5359 2316 5426 Seript.

755 5450 808 5494 et
834 5438 975 5492 Men.
995 5435 1155 5503 ampl.
1187 5435 1304 5488 ωιι.
1335 5451 1456 5503 pag.
1488 5434 1678 5503 49-517,
1697 5450 1762 5503 ex
1789 5431 2190 5503 ms.\jed_astin_o
2217 5427 2320 5503 8(ξο

757 5521 1035 5561 annorum.
1088 5497 1220 5558 Data
1242 5497 1383 5557 circa
1408 5497 1606 5558 annum
1645 5502 1748 5556 796
1775 5517 1882 5570 quo
1909 5500 2059 5555 Rado
2109 5497 2322 5570 abbatia

758 5575 1173 5699 ls-‘aneti5\(l)edasti
1201 5574 1429 5629 donatus
1450 5582 1552 5628 est.
1586 5565 1912 5626 Mabill.’lib..
1937 5586 2062 5625 ιιιί
2080 5610 2094 5634 ,
2124 5565 2319 5622 Annal.

795 5665 904 5698 um.
1014 5683 1027 5697 .

831 5714 856 5753 δ
905 5713 1111 5768 Versus.
1143 5714 1370 5768 Exstant
1397 5712 1452 5766 hi
1478 5726 1664 5765 versus
1687 5719 1818 5765 tom.
1842 5706 1952 5770 li,a
1979 5722 2124 5760 num.
2143 5703 2320 5759 Η-ϐϐ.

831 5782 850 5812 ⁸
899 5782 1103 5838 Missas.
1142 5784 1382 5854 intelligo
1409 5781 1627 5839 Librum
1655 5780 2158 5839 Sacramentorum;
2185 5773 2322 5829 infra

2387 1963 2736 2026 hominibus;
2764 1962 2862 2016 ista
2889 1969 2972 2016 est
2993 1963 3077 2014 via
3107 1970 3284 2016 vestra
3304 1959 3370 2013 ad
3391 1971 3609 2026 regnum
3633 1954 3746 2012 Dei.
3795 1953 3852 2006 in
3882 1951 3960 2005 his

2401 2051 2543 2102 enim
2577 2049 2876 2103 mercedem
2898 2064 2926 2101 a
2955 2043 3063 2103 De'o
3089 2064 3306 2116 sperare
3332 2046 3565 2108 debetis;
3609 2043 3675 2097 ad
3696 2045 3794 2097 hos
3818 2040 3957 2095 enim

2401 2139 2768 2194 sanctissimos
2789 2139 3050 2202 tramites,
3079 2139 3319 2193 seniores
3339 2137 3426 2206 qui
3449 2141 3589 2199 sunt,
3613 2132 3856 2202 iuniores
3870 2130 3961 2184 de-

2401 2230 2616 2282 ducant.
2692 2229 2957 2298 Corripite
2995 2244 3087 2283 eos
3108 2229 3162 2282 in
3189 2227 3378 2296 spiritu
3423 2221 3868 2283 mansuetudinis,
3915 2227 3967 2272 et

2392 2321 2538 2373 bona
2559 2319 2664 2372 illis
2712 2319 2944 2386 praebete
2973 2318 3234 2386 exempla,
3281 2324 3340 2370 ut
3383 2315 3576 2368 vestris
3607 2310 3968 2366 sanctissimis

2401 2409 2641 2478 vestigiis
2664 2409 2984 2462 inhaerentes
3012 2407 3471 2462 vitam.vobiscum
3499 2406 3552 2458 in
3585 2403 3800 2458 Christo
3826 2415 3969 2454 sem-

2402 2499 2666 2568 piternam
2691 2498 2888 2553 habere
2912 2508 3238 2553 mereantur.
3292 2497 3552 2551 Saeculum
3577 2493 3718 2564 quod
3762 2489 3971 2560 sprevi-

2403 2591 2518 2652 stis,
2552 2589 2716 2644 nolite
2736 2604 2998 2657 quzerere,
3038 2588 3231 2656 srcpius
3251 2602 3371 2641 cum
3383 2585 3649 2654 Propheta
3673 2582 3971 2636 decantan-

2404 2691 2514 2735 tes:
2556 2680 2762 2733 Inclina
2797 2697 2886 2733 cor
2908 2695 3077 2734 meum
3105 2680 3161 2732 in
3206 2677 3496 2731 testimonia
3541 2685 3651 2736 tua,
3691 2683 3736 2725 et
3783 2686 3888 2722 non
3921 2670 3975 2720 in

2405 2769 2678 2822 avaritiam
2709 2767 2879 2837 (Psal.
2919 2783 3103 2832 cxvm,
3148 2766 3259 2836 56).
3321 2766 3488 2820 Radix
3543 2763 3685 2816 enim
3731 2759 3973 2813 omnium

2407 2858 2665 2912 malorum
2698 2859 2958 2926 cupiditas
2996 2866 3095 2912 est.
3165 2856 3351 2910 Melius
3379 2861 3460 2908 est
3499 2851 3640 2906 enim
3667 2849 3835 2902 Deum
3883 2848 3980 2901 ha-

2405 2949 2531 3002 bere
2561 2949 2612 3002 in
2638 2949 2820 3011 corde,
2863 2963 3022 3016 quam
3058 2961 3304 3000 nummos
3328 2946 3379 2998 in
3407 2941 3636 2998 sacculo.
3705 2937 3980 2993 Lectionis

2407 3051 2576 3089 sacra:
2601 3035 2775 3089 studia
2799 3037 2939 3090 inter
2975 3036 3183 3090 labores
3204 3033 3518 3090 obedientite
3536 3039 3726 3085 vestrae
3755 3027 3985 3096 diligen-

2411 3127 2616 3180 tissime
2640 3136 2905 3190 exercete,
2934 3128 3006 3181 ita
3029 3127 3178 3180 utvel
3203 3140 3359 3195 opus,
3385 3124 3466 3178 vel
3491 3121 3699 3177 libellus
3724 3119 3779 3173 in
3807 3115 3984 3171 mani-

2412 3217 2511 3272 bus
2538 3233 2747 3285 semper
2776 3218 3018 3272 videatur
3058 3216 3269 3278 vestris,
3321 3214 3444 3282 quia
3484 3213 3538 3265 in
3583 3210 3733 3264 libris
3779 3206 3984 3262 sanctis

2410 3311 2550 3363 Deus
2574 3308 2811 3376 loquitur
2840 3307 2906 3360 ad
2951 3306 3240 3368 hominem,
3297 3312 3350 3356 et
3394 3302 3447 3355 in
3496 3298 3828 3355 orationibus
3869 3297 3985 3351 suis

2411 3400 2569 3453 homo
2612 3398 2848 3467 loquitur
2895 3397 2961 3450 ad
2988 3396 3176 3450 Deum.
3251 3393 3389 3458 Quid
3441 3390 3646 3446 dulcius
3676 3389 3834 3442 debet
3863 3401 3985 3441 esse

2409 3503 2569 3560 quam
2595 3488 2760 3542 Deum
2787 3485 2972 3540 audire
2994 3484 3333 3555 loquentem?
3391 3481 3446 3534 In
3471 3482 3556 3535 his
3581 3479 3721 3534 enim
3751 3487 3807 3533 et
3838 3475 3983 3530 sola-

2410 3581 2484 3632 tia
2526 3586 2798 3647 peccator,
2857 3585 2910 3632 ct
2934 3576 3124 3645 gaudia
3155 3573 3464 3629 benefactor
3511 3569 3764 3624 inveniet.
3832 3567 3987 3621 Sicut

2411 3669 2497 3722 lux
2525 3668 2758 3722 lzetilicat
2779 3666 2983 3729 oculos,
3011 3664 3084 3717 ita
3105 3648 3265 3717 l'eetio
3285 3661 3466 3715 corda.
3529 3656 3839 3713 Custodiam
3870 3655 3984 3708 oris

2410 3756 2694 3824 diligenter
2717 3755 3028 3808 observate:
3077 3750 3240 3805 verba
3281 3761 3400 3817 quae
3451 3747 3518 3801 ad
3569 3743 3986 3801 tediiicationenr

2411 3844 2748 3896 audientibus
2777 3840 2976 3894 faciant
3001 3853 3209 3908 semper
3222 3835 3476 3905 proferte,
3498 3835 3622 3903 quia
3642 3833 3870 3885 aliorum
3898 3844 3986 3882 sa-

2414 3932 2492 3986 lus
2509 3941 2686 3987 vestra
2711 3940 2794 3986 est
2810 3929 3110 3984 retributio.
3135 3927 3277 3981 Laus
3300 3925 3508 3981 Domini
3535 3937 3744 3991 semper
3758 3927 3915 3975 son-2t
3931 3920 3987 3970 in

2412 4037 2505 4075 ore
2536 4030 2716 4076 vestro
2764 4021 2974 4076 dicente
3001 4019 3297 4088 Propheta:
3354 4015 3666 4071 Benedictum
3699 4011 3986 4066 Dominum

2414 4115 2465 4166 in
2492 4113 2631 4165 omni
2653 4121 2898 4181 tempore,
2921 4126 3119 4179 semper
3147 4109 3262 4163 laus
3283 4110 3337 4163 in
3360 4107 3472 4176 ejus
3504 4107 3560 4158 in
3577 4117 3788 4157 oremeo
3811 4099 3985 4169 (Pani.

2415 4220 2608 4268 xum,
2637 4202 2713 4271 2).
2776 4201 2844 4254 Et
2881 4201 3075 4254 iterum
3113 4218 3126 4252 :
3163 4197 3496 4266 Sacriﬁcium
3535 4192 3706 4246 laudis
3733 4187 3989 4254 honoriﬁ-

2417 4294 2572 4356 cabit,
2595 4291 2703 4344 illic
2724 4290 2844 4353 iter,
2871 4306 2972 4358 quo
3003 4288 3268 4342 ostendam
3307 4286 3386 4339 illi
3421 4283 3650 4338 salutare
3674 4279 3772 4333 Dei
3813 4275 3983 4347 (Psal.

2419 4399 2564 4446 XLIX,
2589 4381 2702 4450 23).
2742 4379 2979 4434 Necdum
2995 4378 3149 4441 mihi,
3177 4375 3477 4432 charissimi
3506 4371 3730 4434 fratres,
3751 4365 3991 4424 occurrit

2423 4481 2631 4538 tempus
2674 4467 2911 4522 dictandi
2951 4478 2974 4506 ο
3024 4464 3358 4521 homiliarem
3414 4459 3850 4517 admonitionem.
3897 4455 3989 4509 sed

2421 4560 2530 4612 vita
2556 4558 2773 4622 comite,
2797 4550 3003 4626 Spiritu
3024 4562 3207 4610 sancto
3235 4554 3547 4624 inspirante,
3563 4565 3668 4604 non
3688 4562 3783 4603 ero
3807 4547 3989 4599 imme-

2418 4668 2538 4708 mor
2566 4650 2840 4720 petitionis
2859 4657 3053 4703 vestra:
3081 4655 3137 4701 et
3174 4643 3544 4715 promissionis
3571 4653 3723 4698 meae.
3798 4635 3986 4689 Divina

2417 4757 2514 4796 vos
2541 4739 2826 4795 clementia
2856 4738 2911 4791 in
2945 4736 3091 4792 omni
3120 4735 3360 4789 bonitate
3405 4731 3594 4784 florere
3629 4733 3684 4781 et
3725 4723 3988 4794 prolicere

2419 4827 2604 4892 faciat,
2631 4826 2826 4880 fratres
2857 4822 3180 4878 charissimi.
3229 4820 3399 4873 Amen
3439 4815 3489 4870 εἰ

2421 4950 2552 4994 tom.
2579 4937 2624 4992 li
2656 4936 2747 4992 ubi
2780 4935 2947 4990 etiam
2968 4933 3078 4987 vid.
3106 4930 3362 5001 proaviam
3392 4925 3832 5001 admonitionem:

2489 4991 2527 5047 tl
2558 4991 2873 5061 Protectoris
2897 5004 3080 5056 nostri.
3109 4991 3373 5064 'Aleuinus
3402 5001 3502 5052 hoc
3523 5012 3590 5051 ex
3620 4995 3737 5064 loco
3769 4991 3992 5064 allectus

2419 5059 2655 5133 maxime
2690 5075 2856 5129 fuisse
2899 5073 3111 5127 videtur
3147 5059 3334 5124 sancto
3351 5068 3596 5128 Vedasto,
3627 5061 3779 5128 cuius
3811 5059 3984 5133 Vitam

2421 5127 2706 5203 Eii'iiif'ati
2722 5127 3055 5214 petitionem
3076 5139 3356 5214 ___Radonis
3410 5135 3635 5214 abbatis.
3676 5127 3992 5214 conscripsit

2421 5200 2565 5271 iii-ch
2595 5200 2792 5269 annuin
2823 5211 2924 5266 796
2953 5208 3152 5264 Mahill.
3176 5209 3388 5263 loe.eit.
3437 5205 3552 5269 Quo
3567 5200 3727 5271 etiam
3757 5205 3991 5271 tempore

2421 5266 2696 5355 probabile
2713 5266 2818 5346 εει,
2847 5278 3172 5355 eum_titulos
3199 5279 3253 5332 in
3274 5266 3497 5331 ecclesia
3507 5267 3780 5325 vedastina
3803 5266 3990 5320 inscri-

2422 5347 2623 5411 bendas
2648 5352 2900 5406 dictasse.
2942 5347 3223 5411 Μᾼιιτειιε.

2498 5402 2907 5474 rgat—uiliorem
2938 5407 3363 5470 admonitionem.
3405 5407 3731 5465 Promissum
3753 5402 3992 5474 implevit

2422 5472 2679 5548 Alcuinus
2704 5472 2760 5544 in
2792 5487 3050 5550 Homilia,
3094 5501 3188 5540 seu
3213 5475 3675 5550 adhortationead
3706 5472 3990 5550 imitandae

2422 5541 2649 5617 viain};
2658 5541 2837 5614 sancti
2850 5541 3096 5620 ivedasti,
3124 5567 3287 5624 quam
3308 5551 3554 5624 dabimus
3579 5545 3720 5601 infra
3743 5541 3988 5624 suolooo:

2501 5612 2843 5690 finiendiee.
2891 5639 3000 5696 quo
3028 5612 3292 5696 ususuest
3329 5619 3588 5696 Martene,
3632 5612 3991 5696 sequebapggg

2423 5676 2617 5755 τετειὶὲ
2634 5676 2700 5751 i'n'
2711 5676 3153 5751 ἓὲὧὶεεῆἶαιῐὲῐί
3172 5676 3390 5748 Vedasti
3413 5676 3727 5752 scribendi,"
3744 5678 3837 5752 qui
3863 5676 3988 5734 edili

2427 5776 2550 5824 sunt
2580 5777 2707 5824 tom.
2736 5765 2800 5834 ll,
2838 5778 2985 5821 num.
3017 5763 3100 5817 41.
