4232 6446
717 369 818 421 ‘Zl9

1581 362 1637 414 ιι.
1685 363 1744 414 r.
1787 359 2008 416 ALBINI
2053 359 2183 416 seu
2223 359 2494 414 arcum
2535 358 2813 413 amantur
2854 357 3028 412 rans
3065 357 3106 414 ι.
3199 341 3203 345 ’

715 461 857 511 beati
889 455 1177 524 Leodcgari
1210 453 1444 522 episcopi
1484 451 1592 504 Deo
1627 454 2005 512 scrvicntitns,
2038 451 2292 504 Aleuinns
2321 456 2370 510 Α

716 547 966 600 salutem.

784 636 923 692 Olim
955 649 979 675 ι
1013 635 1255 704 magistri
1295 633 1398 686 mci
1443 633 1663 700 vestigia
1699 640 1914 684 secutus
1953 639 2143 683 vestra:
2168 643 2295 682 con-

712 728 1044 798 gregationis
1091 725 1411 779 laudabilem
1455 724 1915 778 conversationem
1960 722 2203 774 videbam
2242 731 2296 773 et

714 820 988 879 amabam,
1021 831 1212 884 meque
1254 817 1423 883 ipsum
1463 816 1602 867 inter
1631 829 1725 866 vos
1754 827 1872 865 esse
1901 810 2292 871 desiderabam,

713 911 867 978 quasi
897 923 1037 962 unus
1059 923 1123 960 ex
1151 906 1323 959 vobis.
1357 905 1508 959 Unde
1544 903 1820 971 deprecor,
1847 900 2150 954 charissimi
2185 898 2292 952 fra-

713 1000 852 1053 tres!
895 1000 1128 1052 vestram
1160 996 1456 1065 piissimam
1503 994 1963 1056 dilectionem,'nt
2004 992 2295 1060 dignemini

715 1106 802 1144 tne
844 1091 900 1143 in
951 1089 1155 1143 sanctis
1194 1088 1526 1157 orationibus
1571 1087 1767 1140 vestris
1809 1085 2029 1138 fratrem
2071 1085 2293 1147 habere,

607 1243 625 1259 .
712 1181 869 1250 quasi
897 1194 1061 1235 unum
1089 1195 1155 1233 ex
1184 1178 1356 1238 vobis,
1387 1187 1446 1230 ιιι
1473 1185 1663 1231 vestrae
1699 1176 1997 1245 sanctitatis
2033 1176 2294 1230 interces-

713 1277 864 1328 sione
888 1279 1231 1342 peccatorum
1261 1285 1502 1325 meorum
1533 1286 1744 1324 merear
1770 1287 1800 1324 a
1829 1271 1939 1323 Deo
1965 1258 2092 1322 Jcsn
2131 1269 2312 1322 indnl-‘

712 1366 948 1433 gentiam
975 1365 1234 1433 accipere,
1267 1364 1358 1431 qui
1387 1371 1471 1416 est
1496 1362 1642 1415 salus
1665 1369 1722 1415 et
1750 1361 2026 1414 beatitudo
2058 1361 2296 1413 onmimn

713 1458 766 1510 in
800 1471 859 1510 se
895 1457 1258 1525 sperantinm;
1291 1469 1452 1523 quem
1490 1469 1587 1507 vos
1629 1454 1682 1507 in
1712 1462 1896 1507 sancta
1930 1454 2182 1521 religione
2216 1468 2298 1506 re-

709 1550 917 1617 gularis
955 1549 1080 1601 vit-.e
1125 1561 1340 1614 semper
1383 1547 1670 1609 honorate,
1709 1555 1766 1598 et
1802 1553 1992 1606 amate,
2035 1555 2297 1612 quatenus

711 1643 927 1711 dignam
963 1640 1016 1692 in
1048 1640 1216 1700 vobis,
1247 1639 1386 1691 sicut
1409 1639 1709 1692 certissime
1739 1625 2027 1701 credinnis,
2064 1636 2297 1689 mansio-

711 1747 835 1785 nem
860 1732 961 1784 sibi
986 1729 1242 1783 inveniat.
1268 1728 1405 1794 Quid
1447 1728 1520 1782 illi
1542 1728 1942 1798 congregationi
1971 1727 2295 1795 prosperita-

3871 362 3979 417 220

2469 451 2617 519 Rogo
2655 466 2748 503 vos
2787 466 2884 516 per
2920 449 3202 503 charitatis
3237 448 3412 508 fidem,
3457 457 3514 502 ut
3547 451 3775 503 fideliter
3806 463 3854 504 et
3896 474 3951 507 ιιι

2397 539 2607 605 picnter
2638 539 2688 591 in
2718 539 2978 592 electione
3011 540 3279 608 pontificis
3307 540 3534 605 faciatis,
3563 544 3607 594 si
3638 560 3862 599 necesse
3889 550 3978 609 sit,

2396 629 2708 682 electionem
2747 629 2861 681 fieri
2896 641 2915 667 ε
2943 639 3227 698 antequam
3259 631 3488 684 veniam.
3519 631 3715 686 ltermn
3749 635 3978 689 itermn-

2395 734 2500 786 que
2527 719 2765 773 obtestor
2785 735 2879 772 vos
2898 733 2994 787 per
3013 735 3207 772 nomen
3235 719 3447 772 Domini
3472 722 3642 774 nostri
3672 720 3800 775 Jesn
3826 725 3977 777 Chri-

2396 807 2486 866 sti,
2537 813 2594 857 ut
2635 807 2935 859 nullatenus
2983 806 3212 873 aliquem
3259 806 3448 860 sinatis
3492 822 3589 876 per
3625 812 3975 865 simoniacam

2396 895 2642 949 lneresim
2665 897 3030 965 episcopatum
3057 897 3354 964 acquirere,
3387 898 3509 965 quia
3547 901 3770 954 omnino
3801 904 3975 969 perdi-

2398 985 2473 1037 tio
2511 985 2684 1052 gentis
2728 993 2829 1048 est,
2877 985 2921 1038 si
2971 985 3080 1040 fiet.
3115 985 3181 1038 Et
3227 995 3309 1040 est
3351 988 3570 1042 lueresis
3600 992 3866 1057 pessima,
3913 995 3974 1047 si-

2399 1075 2638 1128 moniaca
2663 1075 2928 1138 videlicet,
2953 1092 3113 1144 quam
3144 1085 3360 1130 sanctus
3398 1078 3584 1132 Petrus
3613 1090 3825 1135 πιθηιο
3854 1098 3974 1136 ana-

2399 1164 2629 1217 themate
2655 1163 2926 1218 damnavit
2953 1165 3089 1235 (Αει.
3116 1180 3233 1225 vni,
3264 1163 3343 1230 Li,
3369 1165 3456 1228 20,
3480 1168 3632 1236 ιιι-(1.).
3665 1169 3769 1233 Qui
3800 1173 3977 1223 vendit

2398 1257 2792 1324 episcopatum,
2837 1259 3025 1324 aurum
3068 1255 3323 1322 accipiet,
3377 1255 3469 1310 sed
3512 1265 3566 1310 et
3614 1273 3842 1328 regnum
3888 1261 3974 1312 Dei

2398 1362 2462 1414 pc
2471 1346 2577 1397 rdet
2590 1384 2604 1397 .

2469 1437 2754 1503 llucusque
2783 1445 2964 1490 sancta
2993 1437 3348 1491 Eboracensis
3378 1437 3602 1491 ecclesia
3635 1439 3688 1490 in
3715 1438 3977 1492 electione

2399 1543 2492 1580 sua
2530 1527 2781 1581 inviolata
2811 1530 3123 1598 permansit.
3162 1528 3347 1583 Videte
3385 1544 3452 1583 ne
3481 1530 3534 1582 in
3561 1529 3751 1584 diebus
3786 1541 3977 1584 vestris

2373 1619 2712 1680 .maculctur.
2747 1618 2800 1672 Si
2841 1618 2953 1681 illa,
2983 1618 3124 1686 quod
3167 1619 3326 1682 absit,
3365 1620 3743 1674 auctoritatem
3777 1621 3979 1673 amittit

2397 1707 2831 1769 ecclesiasticam,
2859 1708 3022 1760 timeo
3051 1721 3117 1761 ne
3148 1723 3240 1761 vos
3274 1723 3495 1777 regnum
3529 1709 3791 1762 amittatis
3817 1718 3976 1763 mter.

711 1822 784 1876 tis
809 1821 995 1874 deesse
1016 1820 1236 1889 poterit,
1259 1819 1349 1872 ubi
1377 1819 1463 1872 ille
1499 1827 1581 1872 est
1615 1789 1675 1871 ili
1700 1789 1894 1881 medio,
1921 1789 2010 1885 qui
2043 1789 2118 1869 ait
2147 1835 2158 1868 :
2193 1816 2292 1869 Ubi
2329 1789 2369 1848 Β
2397 1814 2440 1850 ¹¹¹

2397 1813 2545 1850 num.
2573 1797 2738 1850 Judas
2765 1799 2998 1851 vendidit
3030 1813 3306 1866 sponsum,
3333 1799 3386 1852 id
3421 1807 3521 1862 est,
3549 1797 3849 1852 Christum.
3878 1800 3973 1865 Qui

711 1921 830 1964 sunt
855 1913 960 1963 duo
987 1909 1062 1963 rel
1090 1920 1193 1962 tres
1221 1910 1516 1979 congregati
1543 1909 1596 1962 in
1621 1912 1828 1962 nomine
1851 1926 1980 1973 meo,
2006 1909 2075 1961 ibi
2103 1926 2216 1962 sum
2240 1909 2296 1961 in

711 2002 882 2055 medio
911 2017 1088 2055 eorum
1115 2000 1329 2071 (Matth.
1357 2017 1546 2074 xxvnt,
1578 2000 1692 2068 '20).

784 2091 980 2147 Pacem
1007 2105 1219 2159 semper
1248 2091 1440 2143 habete
1475 2105 1658 2143 veram
1695 2089 1748 2141 in
1774 2090 2034 2143 charitate
2075 2098 2290 2152 sancta;

709 2194 764 2236 et
802 2182 1162 2236 obedientiam
1205 2181 1808 2248 sine_murmnratione,
1852 2189 1906 2234 et
1943 2181 2294 2233 humilitatem

713 2275 829 2325 sine
855 2271 1216 2334 simulatione,
1246 2286 1364 2338 qnze
1400 2279 1522 2324 sunt
1558 2273 1792 2324 maxime
1822 2271 2148 2324 monachicae
2173 2271 2297 2323 vitae

712 2364 960 2428 virtutes,
984 2373 1038 2416 ct
1069 2362 1292 2430 Spiritui
1327 2371 1516 2416 sancto
1555 2363 1812 2416 amabiles
1851 2363 1916 2415 ad
1949 2361 2297 2414 habitandum

714 2459 767 2511 in
794 2460 874 2510 eis
912 2473 924 2508 :
956 2463 1117 2524 atque
1154 2454 1364 2508 erudite
1405 2468 1600 2522 pueros
1639 2463 1694 2507 et
1741 2453 2163 2506 adolescentulos
2209 2468 2298 2506 ve-

711 2559 876 2613 stros,
904 2563 1024 2602 cum
1059 2548 1202 2600 omni
1234 2547 1528 2616 diligentia,
1561 2547 1611 2599 in
1639 2547 1887 2600 castitate
1913 2553 1967 2599 et
1993 2545 2294 2608 sanctitate,

713 2652 769 2694 et
788 2639 1068 2708 disciplina
1090 2638 1475 2700 ecclesiastica,
1493 2645 1550 2689 ut
1572 2637 1715 2706 digni
1741 2637 2040 2690 habeantur
2062 2644 2298 2688 vestrum

714 2739 836 2799 post
864 2745 959 2784 vos
986 2736 1166 2781 tenere
1195 2728 1389 2788 locum,
1423 2736 1479 2780 et
1504 2743 1601 2798 pro
1628 2728 1780 2788 vobis
1814 2728 2010 2780 sanctis
2043 2726 2301 2781 orationi-

715 2822 838 2885 bus,
867 2820 1081 2889 Deoquc
1107 2818 1526 2888 acccptabilibns
1555 2818 1769 2872 assidua
1799 2817 2183 2871 consuetudine
2222 2816 2303 2869 in-

716 2909 1012 2964 tercedere.
1092 2934 1095 2936 ·
1251 2925 1255 2929 '

791 3001 1047 3054 Dominus
1081 3000 1217 3053 Deus
1241 3000 1332 3069 qni
1361 3015 1454 3054 vos
1496 2999 1546 3052 in
1581 2998 1720 3052 ovile
1754 2996 2057 3052 sanctitatis
2082 3010 2302 3064 congre-

717 3091 884 3162 gavit,
923 3091 1036 3159 ipse
1071 3105 1350 3161 nnmcrnm
1386 3098 1625 3143 vestrum
1660 3104 1856 3156 augere
1894 3088 2161 3154 dignetur,
2191 3093 2244 3137 et
2271 3099 2300 3136 a

717 3183 924 3236 deni-is
947 3181 1046 3233 sibi
1075 3180 1125 3232 in
1156 3180 1242 3232 die
1272 3180 1455 3248 jndicii
1495 3188 1639 3232 stare
1669 3179 1944 3240 concedat,
1976 3178 2042 3231 ad
2081 3177 2299 3230 audien-

717 3273 841 3324 dam
889 3269 1172 3322 amabilem
1221 3269 1560 3330 sententiam,
1610 3284 1714 3336 qua
1763 3268 2002 3322 dicturus
2039 3269 2144 3322 erit
2178 3283 2301 3321 san-

717 3362 823 3415 ctis
865 3361 977 3414 suis
1019 3377 1030 3411 :
1080 3357 1256 3412 Venite
1293 3359 1541 3412 benedicti
1579 3359 1756 3412 Patris
1786 3360 2184 3426 mei,,perripite
2222 3374 2302 3410 re-

718 3469 898 3522 gnum,
946 3451 1084 3520 quod
1139 3451 1276 3505 vobis
1337 3461 1580 3520 paratam
1627 3462 1701 3504 est
1760 3452 1823 3504 ab
1875 3453 2072 3521 origine
2119 3452 2300 3506 mundi

723 3543 937 3610 (.llatth.
970 3560 1095 3607 xxv,
1125 3543 1248 3650 Si);
1288 3611 1615 3666 EPISTOLA
1665 3611 1776 3663 LIV
1891 3625 1894 3628 .

944 3697 1012 3735 AD
1049 3697 1439 3736 BILECTISSIMOS
1477 3694 1663 3735 Αιιιεοε
1701 3694 2076 3733 ΕηΟΙιΧΕΕΧΞΕΞ.

1087 3751 1263 3821 (Αιιιιο
1289 3752 1410 3816 796,
1442 3766 1626 3804 mense
1653 3749 1938 3818 Augusto.)

727 3842 1002 3905 Hortatur,
1043 3852 1097 3894 ut
1136 3843 1190 3895 in
1231 3842 1488 3920 electione.
1503 3841 1725 3909 episcopi
1762 3841 2100 3892 simoniacam
2135 3839 2301 3893 labem

1413 3919 1616 3962 evitent.

795 4004 1168 4058 Dilectissimis
1201 4003 1391 4057 amicis
1421 4001 1668 4056 salutem.

796 4135 820 4161 α
852 4121 989 4197 Olim
1018 4118 1254 4197 magistri
1275 4116 1607 4197 nteiyestigia
1631 4125 1856 4197 secutus.
1877 4114 2301 4197 Duoiélcuititts

726 4190 952 4248 Eboraci
983 4183 1269 4256 magistros
1311 4183 1843 4256 habuit,’Eghertnm
1884 4193 1937 4256 et
1975 4183 2299 4256 xElhertth,

745 4271 884 4316 trout
930 4259 982 4312 in
1021 4253 1334 4327 praefatione
1372 4253 1617 4327 generali
1650 4254 2056 4327 declaravitnns.
2098 4253 2302 4327 De_Eg-

745 4282 884 4316 if'Olll
930 4282 982 4312 Ill
1022 4282 1334 4327 pl'acltltluuc
1372 4282 1607 4324 δυιιυιίιιι
1650 4282 2056 4307 ucuuruvuuua.
2098 4282 2172 4310 uc
2201 4282 2301 4322 [ιδ-

723 4282 879 4388 lierto
907 4346 1010 4382 non
1041 4335 1251 4381 constat
1273 4323 1414 4394 quod
1443 4325 1730 4392 aliquando
1762 4325 1813 4378 in
1847 4323 2072 4382 Galliam
2105 4324 2187 4377 vel
2212 4323 2301 4377 Al-

726 4401 942 4462 satiam,
970 4397 1059 4450 ubi
1089 4393 1431 4448 Morhacense
1466 4393 1850 4446 monasterium
1879 4395 2040 4447 situm
2077 4403 2179 4458 est,
2211 4409 2299 4447 ve-

2330 3118 2377 3180 C

2393 1899 2570 1941 autem
2615 1889 2797 1941 vendit
2839 1903 3106 1956 sponsam,
3151 1889 3202 1942 id
3237 1897 3338 1951 est,
3380 1888 3699 1952 Ecclesiam,
3735 1889 3972 1958 ejusdem

2394 1977 2638 2030 criminis
2674 1992 2799 2030 reus
2831 1986 2913 2030 est
2942 1992 2956 2029 :
2988 1977 3113 2045 quia
3153 1976 3400 2030 Christus
3431 1984 3487 2030 et
3531 1976 3769 2030 Ecclesia
3811 1993 3971 2030 unum

2395 2083 2590 2136 corpus
2614 2076 2759 2132 sunt,
2785 2068 3039 2137 Apostolo
3069 2076 3202 2122 teste
3241 2067 3452 2138 (Ephes.
3487 2083 3542 2130 v,
3571 2068 3684 2137 25).
3720 2068 3976 2122 Venditor

2396 2177 2522 2215 vero
2549 2175 2767 2214 necesse
2810 2168 2894 2214 est
2933 2169 3087 2214 extra
3131 2159 3426 2213 Ecclesiam
3467 2158 3571 2220 sit;
3611 2166 3666 2211 at
3705 2158 3796 2226 qui
3824 2166 3973 2210 extra

2396 2251 2688 2305 Ecclesiam
2719 2259 2820 2312 cst,
2852 2250 2940 2304 ubi
2971 2246 3096 2312 erit,
3126 2248 3226 2300 nisi
3254 2263 3378 2301 cum
3421 2247 3633 2300 diabolo
3681 2247 3734 2298 in
3774 2257 3973 2300 aeterna

2395 2339 2725 2408 perditione?
2753 2337 2926 2391 Nolite
2956 2345 3192 2392 metuere
3219 2337 3498 2389 veritatem
3531 2337 3683 2389 vobis
3708 2337 3973 2390 dicentem

2397 2432 2630 2485 audisse.
2655 2429 2766 2483 Hoc
2789 2430 2932 2483 enim
2955 2428 3094 2497 quod
3121 2429 3259 2490 dico,
3280 2427 3403 2481 libri
3425 2427 3626 2496 Spiritu
3650 2435 3844 2480 sancto
3864 2442 3975 2494 pro-

2398 2521 2488 2574 lati
2522 2529 2808 2573 testantur.
2853 2518 2991 2588 Opto
3031 2519 3175 2572 cnim
3213 2532 3306 2570 vos
3345 2517 3714 2571 immaculatos
3753 2518 3807 2570 in
3848 2533 3974 2570 con-

2399 2618 2582 2678 spectu
2610 2609 2702 2661 Dei
2731 2624 2870 2668 esse,
2900 2608 3024 2661 etin
3046 2607 3147 2660 hoc
3170 2607 3364 2660 saeculo
3392 2607 3621 2667 feliciter
3645 2622 3896 2674 regnare,
3926 2614 3980 2658 et

2401 2700 2452 2752 in
2480 2710 2738 2767 perpetuo
2765 2698 2995 2766 gaudere
3021 2713 3142 2751 cum
3169 2697 3403 2752 Christo.
3429 2698 3601 2750 Vivite
3619 2704 3674 2749 et
3704 2695 3880 2749 valete
3905 2696 3978 2749 fe—

2401 2790 2530 2844 lices
2553 2790 2604 2842 in
2631 2789 2865 2842 Christo.

2821 2895 2930 2966 33
2985 2894 3010 2932 «ι
3052 2893 3378 2949 EPISTOLA
3413 2892 3523 2947 Lv.

2993 3003 3060 3040 AD
3107 3001 3380 3048 ρυειιολιι.

2757 3097 2933 3166 (Anno
2955 3096 3077 3159 796,
3117 3111 3300 3149 mense
3333 3095 3618 3166 Angusto.)

2401 3207 2567 3277 Rogat
2599 3217 2653 3278 ut
2706 3207 2997 3278 ecclesiam,
3053 3205 3177 3278 dum
3206 3221 3368 3278 novus
3406 3198 3679 3278 episcopus.
3702 3207 3969 3278 eligendus

2466 3273 2559 3336 est,
2593 3276 2656 3327 ab
2701 3276 2838 3345 omni
2888 3273 3126 3326 violentia
3181 3274 3446 3342 defendat,
3486 3273 3694 3345 diesque
3748 3273 3970 3332 (Eternos

2468 3346 2523 3397 in
2550 3354 2716 3397 mente
2745 3343 2952 3396 habent.

2468 3456 2695 3510 Domino
2740 3455 2979 3510 omnium
3034 3455 3390 3512 dilectissimo
3425 3465 3681 3511 aeternam
3734 3459 3788 3512 in
3817 3459 3959 3514 Chri-

2400 3555 2484 3600 sto
2523 3546 2773 3599 salutem.

2470 3633 2705 3688 Audiens
2748 3634 2816 3688 ab
2867 3645 2890 3673 ε
2943 3633 3220 3689 Eanbaldo
3275 3633 3473 3690 famulo
3532 3647 3714 3692 vestro
3769 3649 3969 3708 optata:

2399 3728 2774 3799 prosperitatis
2824 3735 3016 3782 vestra
3056 3728 3392 3796 sospitatem,
3431 3726 3581 3782 valde
3609 3744 3695 3782 me
3721 3732 3962 3797 gavisam

2400 3821 2609 3886 fateor;
2650 3821 2772 3894 quia
2801 3821 3038 3900 charitas
3079 3827 3136 3874 et
3163 3820 3293 3873 ﬁdes
3327 3835 3446 3888 quae
3485 3819 3611 3874 olim
3651 3820 3704 3878 in
3750 3830 3970 3889 pectore

2401 3921 2585 3966 nostro
2613 3911 2856 3965 habitare
2883 3911 3064 3980 coepit,
3119 3925 3394 3979 nunquam
3446 3911 3697 3964 recedere
3740 3914 3960 3980 poterit.

2403 4001 2470 4054 Et
2485 4008 2688 4070 quanto
2710 3999 2830 4069 plus
2847 4007 3054 4070 tempus
3077 3999 3525 4055 remunerationis
3550 4001 3962 4070 appropinquat,

2400 4112 2466 4166 ad
2507 4111 2680 4180 ipsum
2726 4111 2963 4181 directus
3004 4110 3198 4166 fuerat.
3238 4131 3263 4181 i
3298 4111 3374 4164 De
3404 4112 3503 4165 hoc
3539 4127 3750 4181 quoque
3780 4115 3970 4167 itinere

2401 4179 2541 4236 ante
2563 4195 2761 4234 annum
2796 4180 2900 4234 780
2942 4190 3207 4249 suscepto,
3255 4179 3966 4249 intelligendnm'existimo.

2401 4249 2543 4320 quod
2563 4250 2630 4303 de
2649 4249 3028 4320 seipso_narrat
3044 4249 3301 4320 Alcuinus
3326 4250 3377 4302 in
3393 4249 3654 4320 epist._l0l
3670 4291 3684 4310 ,
3700 4265 3758 4303 se
3781 4267 3969 4320 nempe

2401 4317 2793 4374 adolescentem
2823 4317 3045 4373 Romam
3073 4319 3393 4386 perrexisse,
3434 4327 3488 4371 et
3523 4318 3822 4386 aliquanlos
3861 4317 3970 4376 dies

2403 4392 2455 4468 i_n
2482 4389 2642 4468 Dapia
2670 4387 2833 4468 regali
2856 4388 3070 4468 civitate
3093 4387 3447 4468 demoratam,
3475 4387 3820 4458 disputationi
3847 4390 3969 4445 Julii

729 4453 897 4532 inerit;
930 4453 1012 4520 'de
1059 4464 1303 4517 JElberto
1343 4478 1487 4522 vero,
1528 4461 1618 4530 Qui
1665 4461 1743 4532 ab
1780 4462 2009 4532 Egberto
2051 4453 2301 4532 episcopo
2326 4453 2379 4511 1)
2402 4453 2574 4532 Judaei
2596 4453 2903 4532 cumnPetro
2929 4457 3184 4532 magistro
3208 4456 3532 4532 interfuisse.

727 4531 1067 4595 antecessore
1091 4551 1188 4588 suo
1208 4534 1406 4588 scholis
1427 4531 1850 4585 Eboracensibus
1872 4531 2152 4600 praefectus
2178 4531 2298 4596 fuit,

728 4617 979 4666 narratur
1005 4605 1146 4674 quod
1172 4603 1448 4672 amplioris
1479 4601 1733 4656 doctrinm
1754 4602 1952 4674 avidus
1980 4611 2191 4674 exteras
2221 4615 2306 4674 re-

730 4681 916 4748 giones
941 4671 1179 4730 scientia:
1211 4671 1813 4748 amore__peragravcrit,
1840 4671 1886 4724 si
1913 4673 2041 4740 quid
2066 4671 2203 4725 forte
2239 4671 2303 4723 li-

729 4740 972 4808 brorum,
996 4751 1089 4796 aut
1107 4757 1255 4796 nova:
1275 4740 1591 4795 eruditionis
1620 4740 1880 4808 inveniret
1902 4749 1957 4794 et
1977 4749 2302 4808 reportaret;

732 4807 965 4873 Romam,
984 4827 1197 4882 quoque
1223 4811 1493 4880 profectus
1516 4824 1546 4860 a
1583 4807 1796 4878 regibus
1822 4807 2149 4882 summisque
2177 4811 2308 4865 viris

732 4883 1028 4943 honorifice
1052 4881 1324 4950 aeceptns,
1347 4888 1403 4934 et
1426 4886 1632 4950 tantum
1662 4892 1766 4950 non
1795 4881 2176 4950 retentusfuit,
2199 4889 2303 4934 etc.

734 4953 935 5010 Mabill.
969 4953 1063 5006 lib.
1103 4945 1228 5004 xxiv
1268 4948 1486 5012 Annal.,
1507 4962 1630 5017 pag.
1662 4945 1787 5017 2H,
1816 4962 1962 5001 num.
1996 4946 2080 5001 12.
2105 4948 2306 5004 Auctor

736 5037 970 5095 quoque
991 5018 1252 5095 poematis
1281 5019 1355 5072 De
1382 5015 1644 5095 episcopis
1670 5015 2118 5095 Eboracensibus,
2149 5033 2307 5086 quem

739 5083 912 5151 ibsum
945 5083 1229 5145 Alcuinum
1255 5102 1373 5142 esse
1408 5083 1694 5151 credimus,
1725 5101 1866 5140 vers.
1899 5083 2055 5150 1525,
2083 5083 2311 5141 testatur

789 5161 1024 5215 lcuinmn
1049 5158 1189 5229 patri
1215 5173 1279 5214 ac
1303 5157 1561 5226 magistro
1583 5172 1680 5212 suo
1706 5155 1952 5211 Elberto
1978 5171 2191 5224 semper
2217 5157 2305 5211 ad-

742 5231 967 5286 hazsisse
1003 5246 1018 5282 :

930 5338 1150 5388 Tradidit
1172 5343 1244 5387 ast
1266 5337 1342 5385 alii
1363 5335 1538 5385 cbaras
1558 5347 1708 5396 super
1727 5334 1888 5384 ornnia
1907 5344 2051 5395 gazas

925 5399 1180 5451 Librorum
1203 5407 1334 5460 nato,
1356 5399 1485 5448 Patri
1507 5399 1590 5459 qui
1605 5409 1801 5459 seraper
1819 5397 2044 5446 adnuit.

815 5503 1052 5573 Credam
1076 5501 1240 5573 igitur
1272 5495 1560 5573 _Alcuinum
1602 5505 1727 5550 tunc
1761 5512 1971 5573 quoque
2000 5494 2312 5573 magistrum

747 5587 904 5628 suum
924 5572 978 5626 in
1000 5567 1191 5627 itinére
1213 5569 1378 5624 fuisse
1398 5570 1739 5626 comitatum;
1759 5577 1814 5621 et
1830 5568 2013 5620 eadem
2035 5567 2315 5626 occasione

749 5640 804 5693 in
842 5641 1083 5696 notitiam
1112 5641 1320 5695 venisse
1355 5637 1531 5694 Caroli
1563 5638 1765 5706 Magni,
1794 5655 1810 5686 ι
1856 5635 1962 5705 qui,
2003 5643 2140 5706 teste
2182 5636 2315 5690 Viue

751 5710 1031 5781 scriptore,
1081 5713 1299 5767 neverat
1346 5723 1485 5770 enni,
1536 5705 1818 5776 quia’oli‘m
1858 5725 1885 5758 a
1928 5705 2181 5774 magistro
2218 5721 2315 5762 suo

2475 4527 2676 4596 byEdit.
2709 4527 2958 4592 Quercet.
2985 4526 3054 4582 88
3084 4541 3150 4580 ex
3177 4542 3279 4580 ms.
3308 4526 3556 4596 (Froben.
3589 4526 3701 4594 48.)
3732 4527 3861 4581 Data
3891 4540 3970 4582 est

2407 4599 2470 4650 ad
2499 4595 2692 4651 fratres
2714 4597 3069 4651 Eboracensis
3089 4595 3348 4659 ecclesiae,
3374 4603 3499 4650 tunc
3521 4603 3732 4659 pastore
3758 4613 3855 4650 suo
3884 4614 3969 4652 va-

2405 4667 2596 4737 cantis,
2637 4681 2828 4733 nempe
2852 4680 2998 4737 anno
3021 4665 3122 4737 796
3145 4679 3252 4732 quo
3277 4664 3636 4737 lv-Kal.__Aug.
3673 4666 3804 4737 obiit
3834 4667 3971 4721 Ean-

2405 4735 2595 4857 blglgdus
2633 4737 2833 4871 se)nior,
2873 4736 2958 4788 cui
2979 4733 3162 4800 iunior
3187 4734 3445 4788 successit
3469 4733 3732 4804 (Itogerus
3769 4736 3964 4792 Hoved.

2534 4819 2718 4856 anno.

2445 4818 2511 4857 00
2534 4818 2718 4857 8000).

2481 4883 2503 4910 ο
2534 4873 2820 4940 Antequam
2862 4871 3081 4943 migrat.
3129 4871 3362 4943 Vocatus
3399 4889 3528 4943 ergo
3566 4872 3821 4928 Alcninus
3849 4884 3969 4933 tan-

2408 4956 2567 5009 quam
2614 4939 2912 4996 membrum
2954 4939 3095 4994 illius’
3143 4942 3402 5005 ecclesiae,
3446 4939 3504 4994 tit
3541 4957 3691 4995 nova:
3724 4943 3975 5001 clectioni

2408 5011 2638 5074 adesset,
2675 5011 2769 5067 sed
2813 5010 3112 5079 prohibitus
3143 5018 3228 5065 est
3261 5025 3330 5065 ne
3366 5011 3589 5079 veniret,
3619 5011 3694 5079 ob,
3727 5014 3966 5067 morbum

2408 5079 2652 5160 fabrilem
2684 5089 2740 5133 et
2769 5078 2912 5160 regis
2951 5094 3156 5137 moram
3199 5081 3255 5133 in
3302 5078 3556 5144 Saxonia,
3590 5086 3649 5131 ιιι
3685 5078 3873 5150 legitur
3915 5086 3966 5139 in

2408 5149 2711 5298 935%?
2709 5157 2956 5298 611%..
2985 5217 3077 5298 se,
3099 5174 3295 5298 aliis;
3308 5216 3378 5298 so
3402 5214 3794 5298 tempests).
3822 5220 3966 5298 Scri-

2414 5295 2503 5355 pta
2529 5288 2597 5340 ad
2623 5289 2872 5350 amicum,
2899 5287 3231 5356 episcopum
3265 5283 3423 5356 forte;
3447 5295 3550 5356 aut
3585 5283 3847 5356 potestate
3872 5293 3966 5344 an-

2413 5354 2518 5424 qua
2558 5354 3132 5435 srecnlari_pol_lentem,
3188 5354 3280 5435 qui
3536 5354 3847 5412 electionem
3875 5376 3965 5432 no-

2416 5439 2536 5508 vam
2592 5425 2827 5508 episcopi
2867 5425 3247 5508 (Eboracensis
3285 5425 3458 5496 puto,)
3513 5435 3699 5480 contra
3755 5427 3960 5482 omnem

2415 5493 2725 5551 violentiam
2751 5493 2910 5549 tueri.

2491 5574 2515 5603 ο
2553 5564 2629 5617 Ab
2661 5564 2954 5620 Eanbaldo.
2991 5563 3090 5618 llic
3108 5563 3408 5619 Eanbaldns
3433 5564 3571 5618 idem
3605 5562 3844 5621 fortassis
3861 5575 3958 5628 est,

2419 5648 2578 5715 quem
2595 5634 3024 5715 _Epist.‘7.(-nunc
3041 5631 3096 5701 6)
3129 5641 3287 5715 vocat
3320 5634 3712 5715 presbyterum,
3727 5649 3790 5714 ac
3810 5636 3959 5701 paulo

2423 5712 2542 5772 post
2562 5704 2761 5760 electus
2786 5703 2887 5759 fuit
2915 5702 3196 5774 episcopus
3229 5702 3582 5762 Eboracensis
3600 5703 3858 5759 ecclesiae.
