  <div class='ocr_page' id='page_1' title='image "/cluster/home/n/w/nwhite01/storage/ocr_20150623/99-100/uc1.31175006946845/758.png"; bbox 0 0 4232 6426; ppageno 0'>
   <div class='ocr_carea' id='block_1_1' title="bbox 119 341 242 405">
    <p class='ocr_par' dir='ltr' id='par_1_1' title="bbox 119 341 242 405">
     <span class='ocr_line' id='line_1_1' title="bbox 119 341 242 405; baseline -0.008 0"><span class='ocrx_word' id='word_1_1' title='bbox 119 341 242 405; x_wconf 69' lang='lat'><strong>‘22!</strong></span> 
     </span>
    </p>
   </div>
   <div class='ocr_carea' id='block_1_2' title="bbox 1589 355 1969 411">
    <p class='ocr_par' dir='ltr' id='par_1_2' title="bbox 1589 355 1969 411">
     <span class='ocr_line' id='line_1_2' title="bbox 1589 355 1969 411; baseline 0.003 -1"><span class='ocrx_word' id='word_1_2' title='bbox 1589 355 1941 411; x_wconf 71' lang='lat' dir='ltr'><strong>EPISTULA:</strong></span> <span class='ocrx_word' id='word_1_3' title='bbox 1955 398 1969 411; x_wconf 94' lang='lat'><strong>.</strong></span> 
     </span>
    </p>
   </div>
   <div class='ocr_carea' id='block_1_3' title="bbox 3203 355 3373 425">
    <p class='ocr_par' dir='ltr' id='par_1_3' title="bbox 3203 355 3373 425">
     <span class='ocr_line' id='line_1_3' title="bbox 3203 355 3373 425; baseline 0 -1"><span class='ocrx_word' id='word_1_4' title='bbox 3203 355 3373 425; x_wconf 22' lang='lat'><strong>.922</strong></span> 
     </span>
    </p>
   </div>
   <div class='ocr_carea' id='block_1_4' title="bbox 125 460 3371 552">
    <p class='ocr_par' dir='ltr' id='par_1_4' title="bbox 125 460 3371 552">
     <span class='ocr_line' id='line_1_4' title="bbox 125 460 3371 552; baseline 0.006 -35"><span class='ocrx_word' id='word_1_5' title='bbox 125 471 299 517; x_wconf 82' lang='lat' dir='ltr'><strong>tanto</strong></span> <span class='ocrx_word' id='word_1_6' title='bbox 323 460 494 532; x_wconf 80' lang='lat' dir='ltr'><strong>magis</strong></span> <span class='ocrx_word' id='word_1_7' title='bbox 521 460 805 516; x_wconf 80' lang='lat' dir='ltr'><strong>observare</strong></span> <span class='ocrx_word' id='word_1_8' title='bbox 852 461 1100 517; x_wconf 81' lang='lat' dir='ltr'><strong>debebit:</strong></span> <span class='ocrx_word' id='word_1_9' title='bbox 1134 470 1191 516; x_wconf 93' lang='lat' dir='ltr'><strong>ut</strong></span> <span class='ocrx_word' id='word_1_10' title='bbox 1216 463 1306 533; x_wconf 87' lang='lat' dir='ltr'><strong>qui</strong></span> <span class='ocrx_word' id='word_1_11' title='bbox 1341 464 1489 534; x_wconf 89' lang='lat' dir='ltr'><strong>prius</strong></span> <span class='ocrx_word' id='word_1_12' title='bbox 1524 473 1699 519; x_wconf 77' lang='lat' dir='ltr'><strong>trans-</strong></span> <span class='ocrx_word' id='word_1_13' title='bbox 1726 470 1775 526; x_wconf 77' lang='grc' dir='ltr'><strong>Α</strong></span> <span class='ocrx_word' id='word_1_14' title='bbox 1803 466 1895 520; x_wconf 78' lang='lat' dir='ltr'><strong>lilii</strong></span> <span class='ocrx_word' id='word_1_15' title='bbox 1926 469 2030 522; x_wconf 89' lang='lat' dir='ltr'><strong>mei</strong></span> <span class='ocrx_word' id='word_1_16' title='bbox 2055 469 2354 525; x_wconf 86' lang='lat' dir='ltr'><strong>cbarissimi</strong></span> <span class='ocrx_word' id='word_1_17' title='bbox 2378 473 2704 529; x_wconf 80' lang='lat' dir='ltr'><strong>exaltatione</strong></span> <span class='ocrx_word' id='word_1_18' title='bbox 2727 477 3036 547; x_wconf 82' lang='lat' dir='ltr'><strong>gauderem,</strong></span> <span class='ocrx_word' id='word_1_19' title='bbox 3059 489 3113 533; x_wconf 91' lang='lat' dir='ltr'><strong>et</strong></span> <span class='ocrx_word' id='word_1_20' title='bbox 3135 483 3371 552; x_wconf 80' lang='lat' dir='ltr'><strong>aliquem</strong></span> 
     </span>
    </p>
   </div>
   <div class='ocr_carea' id='block_1_5' title="bbox 119 540 1701 622">
    <p class='ocr_par' dir='ltr' id='par_1_5' title="bbox 119 540 1701 622">
     <span class='ocr_line' id='line_1_5' title="bbox 119 540 1701 622; baseline 0.003 -18"><span class='ocrx_word' id='word_1_21' title='bbox 119 540 270 607; x_wconf 63' lang='lat' dir='ltr'><strong>ierit</strong></span> <span class='ocrx_word' id='word_1_22' title='bbox 290 567 319 605; x_wconf 94' lang='lat' dir='ltr'><strong>a</strong></span> <span class='ocrx_word' id='word_1_23' title='bbox 348 551 562 615; x_wconf 69' lang='lat' dir='ltr'><strong>saeculo,</strong></span> <span class='ocrx_word' id='word_1_24' title='bbox 600 552 832 607; x_wconf 89' lang='lat' dir='ltr'><strong>amicum</strong></span> <span class='ocrx_word' id='word_1_25' title='bbox 857 553 955 607; x_wconf 84' lang='lat' dir='ltr'><strong>sibi</strong></span> <span class='ocrx_word' id='word_1_26' title='bbox 983 553 1180 607; x_wconf 90' lang='lat' dir='ltr'><strong>sentiat</strong></span> <span class='ocrx_word' id='word_1_27' title='bbox 1213 554 1492 622; x_wconf 81' lang='lat' dir='ltr'><strong>reliquisse</strong></span> <span class='ocrx_word' id='word_1_28' title='bbox 1519 556 1573 608; x_wconf 91' lang='lat' dir='ltr'><strong>in</strong></span> <span class='ocrx_word' id='word_1_29' title='bbox 1600 571 1701 608; x_wconf 83' lang='lat' dir='ltr'><strong>sae-</strong></span> 
     </span>
    </p>
   </div>
   <div class='ocr_carea' id='block_1_6' title="bbox 120 629 1703 696">
    <p class='ocr_par' dir='ltr' id='par_1_6' title="bbox 120 629 1703 696">
     <span class='ocr_line' id='line_1_6' title="bbox 120 629 1703 696; baseline 0 0"><span class='ocrx_word' id='word_1_30' title='bbox 120 640 282 696; x_wconf 72' lang='lat' dir='ltr'><strong>cuio.</strong></span> <span class='ocrx_word' id='word_1_31' title='bbox 315 639 396 695; x_wconf 75' lang='lat' dir='ltr'><strong>Me</strong></span> <span class='ocrx_word' id='word_1_32' title='bbox 417 656 545 696; x_wconf 88' lang='lat' dir='ltr'><strong>vero</strong></span> <span class='ocrx_word' id='word_1_33' title='bbox 569 640 736 695; x_wconf 83' lang='lat' dir='ltr'><strong>ﬁlium</strong></span> <span class='ocrx_word' id='word_1_34' title='bbox 761 649 912 696; x_wconf 91' lang='lat' dir='ltr'><strong>tuum</strong></span> <span class='ocrx_word' id='word_1_35' title='bbox 936 629 1164 696; x_wconf 77' lang='lat' dir='ltr'><strong>febrium</strong></span> <span class='ocrx_word' id='word_1_36' title='bbox 1193 642 1459 696; x_wconf 77' lang='lat' dir='ltr'><strong>acerbitas</strong></span> <span class='ocrx_word' id='word_1_37' title='bbox 1481 650 1538 696; x_wconf 82' lang='lat' dir='ltr'><strong>et</strong></span> <span class='ocrx_word' id='word_1_38' title='bbox 1561 654 1584 680; x_wconf 80' lang='grc' dir='ltr'><strong>ιι</strong></span> <span class='ocrx_word' id='word_1_39' title='bbox 1616 657 1703 696; x_wconf 91' lang='lat' dir='ltr'><strong>re-</strong></span> 
     </span>
    </p>
   </div>
   <div class='ocr_carea' id='block_1_7' title="bbox 116 729 1704 801">
    <p class='ocr_par' dir='ltr' id='par_1_7' title="bbox 116 729 1704 801">
     <span class='ocr_line' id='line_1_7' title="bbox 116 729 1704 801; baseline 0 -15"><span class='ocrx_word' id='word_1_40' title='bbox 116 731 214 801; x_wconf 71' lang='lat' dir='ltr'><strong>gis</strong></span> <span class='ocrx_word' id='word_1_41' title='bbox 246 731 481 787; x_wconf 83' lang='lat' dir='ltr'><strong>tardatio</strong></span> <span class='ocrx_word' id='word_1_42' title='bbox 507 731 562 785; x_wconf 91' lang='lat' dir='ltr'><strong>in</strong></span> <span class='ocrx_word' id='word_1_43' title='bbox 597 729 832 785; x_wconf 87' lang='lat' dir='ltr'><strong>Saxonia</strong></span> <span class='ocrx_word' id='word_1_44' title='bbox 887 731 1128 794; x_wconf 84' lang='lat' dir='ltr'><strong>retinuit,</strong></span> <span class='ocrx_word' id='word_1_45' title='bbox 1179 739 1240 784; x_wconf 89' lang='lat' dir='ltr'><strong>ut</strong></span> <span class='ocrx_word' id='word_1_46' title='bbox 1267 731 1335 784; x_wconf 88' lang='lat' dir='ltr'><strong>ad</strong></span> <span class='ocrx_word' id='word_1_47' title='bbox 1381 747 1475 784; x_wconf 91' lang='lat' dir='ltr'><strong>vos</strong></span> <span class='ocrx_word' id='word_1_48' title='bbox 1519 731 1704 786; x_wconf 90' lang='lat' dir='ltr'><strong>venire</strong></span> 
     </span>
    </p>
   </div>
   <div class='ocr_carea' id='block_1_8' title="bbox 114 818 1703 890">
    <p class='ocr_par' dir='ltr' id='par_1_8' title="bbox 114 818 1703 890">
     <span class='ocr_line' id='line_1_8' title="bbox 114 818 1703 890; baseline -0.001 -15"><span class='ocrx_word' id='word_1_49' title='bbox 114 833 243 875; x_wconf 87' lang='lat' dir='ltr'><strong>non</strong></span> <span class='ocrx_word' id='word_1_50' title='bbox 271 821 557 890; x_wconf 92' lang='lat' dir='ltr'><strong>potuerim,</strong></span> <span class='ocrx_word' id='word_1_51' title='bbox 586 819 726 875; x_wconf 83' lang='lat' dir='ltr'><strong>sicut</strong></span> <span class='ocrx_word' id='word_1_52' title='bbox 763 819 1079 874; x_wconf 84' lang='lat' dir='ltr'><strong>desideravi.</strong></span> <span class='ocrx_word' id='word_1_53' title='bbox 1137 818 1408 873; x_wconf 90' lang='lat' dir='ltr'><strong>Concedat</strong></span> <span class='ocrx_word' id='word_1_54' title='bbox 1437 821 1567 873; x_wconf 89' lang='lat' dir='ltr'><strong>mihi</strong></span> <span class='ocrx_word' id='word_1_55' title='bbox 1595 820 1703 874; x_wconf 81' lang='lat' dir='ltr'><strong>cle-</strong></span> 
     </span>
    </p>
   </div>
   <div class='ocr_carea' id='block_1_9' title="bbox 115 906 1700 976">
    <p class='ocr_par' dir='ltr' id='par_1_9' title="bbox 115 906 1700 976">
     <span class='ocr_line' id='line_1_9' title="bbox 115 906 1700 976; baseline 0 -12"><span class='ocrx_word' id='word_1_56' title='bbox 115 910 353 965; x_wconf 82' lang='lat' dir='ltr'><strong>mentia</strong></span> <span class='ocrx_word' id='word_1_57' title='bbox 388 911 567 966; x_wconf 87' lang='lat' dir='ltr'><strong>divina</strong></span> <span class='ocrx_word' id='word_1_58' title='bbox 596 910 790 965; x_wconf 83' lang='lat' dir='ltr'><strong>faciem</strong></span> <span class='ocrx_word' id='word_1_59' title='bbox 830 919 975 964; x_wconf 88' lang='lat' dir='ltr'><strong>tuam</strong></span> <span class='ocrx_word' id='word_1_60' title='bbox 1002 911 1056 964; x_wconf 92' lang='lat' dir='ltr'><strong>in</strong></span> <span class='ocrx_word' id='word_1_61' title='bbox 1084 906 1266 966; x_wconf 68' lang='lat' dir='ltr'><strong>laetitia</strong></span> <span class='ocrx_word' id='word_1_62' title='bbox 1295 913 1500 976; x_wconf 91' lang='lat' dir='ltr'><strong>videre,</strong></span> <span class='ocrx_word' id='word_1_63' title='bbox 1550 920 1700 965; x_wconf 81' lang='lat' dir='ltr'><strong>ante—</strong></span> 
     </span>
    </p>
   </div>
   <div class='ocr_carea' id='block_1_10' title="bbox 110 1001 1699 1078">
    <p class='ocr_par' dir='ltr' id='par_1_10' title="bbox 110 1001 1699 1078">
     <span class='ocr_line' id='line_1_10' title="bbox 110 1001 1699 1078; baseline 0.002 -23"><span class='ocrx_word' id='word_1_64' title='bbox 110 1015 296 1070; x_wconf 84' lang='lat' dir='ltr'><strong>quam</strong></span> <span class='ocrx_word' id='word_1_65' title='bbox 324 1002 542 1056; x_wconf 89' lang='lat' dir='ltr'><strong>moriar.</strong></span> <span class='ocrx_word' id='word_1_66' title='bbox 584 1001 722 1070; x_wconf 87' lang='lat' dir='ltr'><strong>Opto</strong></span> <span class='ocrx_word' id='word_1_67' title='bbox 751 1011 806 1057; x_wconf 91' lang='lat' dir='ltr'><strong>et</strong></span> <span class='ocrx_word' id='word_1_68' title='bbox 829 1003 1074 1067; x_wconf 89' lang='lat' dir='ltr'><strong>obsecro,</strong></span> <span class='ocrx_word' id='word_1_69' title='bbox 1121 1011 1180 1078; x_wconf 86' lang='lat' dir='ltr'><strong>ut</strong></span> <span class='ocrx_word' id='word_1_70' title='bbox 1207 1004 1262 1056; x_wconf 93' lang='lat' dir='ltr'><strong>in</strong></span> <span class='ocrx_word' id='word_1_71' title='bbox 1286 1017 1350 1058; x_wconf 89' lang='lat' dir='ltr'><strong>ea</strong></span> <span class='ocrx_word' id='word_1_72' title='bbox 1378 1012 1431 1057; x_wconf 89' lang='lat' dir='ltr'><strong>te</strong></span> <span class='ocrx_word' id='word_1_73' title='bbox 1475 1005 1699 1059; x_wconf 92' lang='lat' dir='ltr'><strong>honoris</strong></span> 
     </span>
    </p>
   </div>
   <div class='ocr_carea' id='block_1_11' title="bbox 111 1085 1698 1172">
    <p class='ocr_par' dir='ltr' id='par_1_11' title="bbox 111 1085 1698 1172">
     <span class='ocr_line' id='line_1_11' title="bbox 111 1085 1698 1172; baseline 0.003 -26"><span class='ocrx_word' id='word_1_74' title='bbox 111 1090 414 1162; x_wconf 77' lang='lat' dir='ltr'><strong>dignitate,</strong></span> <span class='ocrx_word' id='word_1_75' title='bbox 447 1094 490 1148; x_wconf 88' lang='lat' dir='ltr'><strong>si</strong></span> <span class='ocrx_word' id='word_1_76' title='bbox 521 1092 636 1146; x_wconf 88' lang='lat' dir='ltr'><strong>fieri</strong></span> <span class='ocrx_word' id='word_1_77' title='bbox 665 1093 851 1163; x_wconf 85' lang='lat' dir='ltr'><strong>possit,</strong></span> <span class='ocrx_word' id='word_1_78' title='bbox 880 1085 1170 1159; x_wconf 79' lang='lat' dir='ltr'><strong>inveniam,</strong></span> <span class='ocrx_word' id='word_1_79' title='bbox 1191 1091 1246 1172; x_wconf 88' lang='lat' dir='ltr'><strong>in</strong></span> <span class='ocrx_word' id='word_1_80' title='bbox 1272 1111 1375 1164; x_wconf 88' lang='lat' dir='ltr'><strong>qua</strong></span> <span class='ocrx_word' id='word_1_81' title='bbox 1401 1104 1450 1150; x_wconf 92' lang='lat' dir='ltr'><strong>te</strong></span> <span class='ocrx_word' id='word_1_82' title='bbox 1469 1110 1698 1166; x_wconf 79' lang='lat' dir='ltr'><strong>pergens</strong></span> 
     </span>
    </p>
   </div>
   <div class='ocr_carea' id='block_1_12' title="bbox 109 1183 1700 1256">
    <p class='ocr_par' dir='ltr' id='par_1_12' title="bbox 109 1183 1700 1256">
     <span class='ocr_line' id='line_1_12' title="bbox 109 1183 1700 1256; baseline 0.003 -20"><span class='ocrx_word' id='word_1_83' title='bbox 109 1183 398 1237; x_wconf 75' lang='lat' dir='ltr'><strong>videbam.</strong></span> <span class='ocrx_word' id='word_1_84' title='bbox 439 1183 661 1248; x_wconf 82' lang='lat' dir='ltr'><strong>Tamen,</strong></span> <span class='ocrx_word' id='word_1_85' title='bbox 691 1185 738 1238; x_wconf 92' lang='lat' dir='ltr'><strong>si</strong></span> <span class='ocrx_word' id='word_1_86' title='bbox 783 1185 925 1238; x_wconf 88' lang='lat' dir='ltr'><strong>aliud</strong></span> <span class='ocrx_word' id='word_1_87' title='bbox 963 1185 1164 1254; x_wconf 83' lang='lat' dir='ltr'><strong>aliquid</strong></span> <span class='ocrx_word' id='word_1_88' title='bbox 1209 1193 1302 1240; x_wconf 88' lang='lat' dir='ltr'><strong>tuo</strong></span> <span class='ocrx_word' id='word_1_89' title='bbox 1339 1187 1545 1256; x_wconf 84' lang='lat' dir='ltr'><strong>placeat</strong></span> <span class='ocrx_word' id='word_1_90' title='bbox 1578 1189 1700 1241; x_wconf 88' lang='lat' dir='ltr'><strong>ani-</strong></span> 
     </span>
    </p>
   </div>
   <div class='ocr_carea' id='block_1_13' title="bbox 109 1272 1699 1342">
    <p class='ocr_par' dir='ltr' id='par_1_13' title="bbox 109 1272 1699 1342">
     <span class='ocr_line' id='line_1_13' title="bbox 109 1272 1699 1342; baseline 0.003 -16"><span class='ocrx_word' id='word_1_91' title='bbox 109 1285 238 1336; x_wconf 89' lang='lat' dir='ltr'><strong>mo,</strong></span> <span class='ocrx_word' id='word_1_92' title='bbox 269 1287 400 1342; x_wconf 83' lang='lat' dir='ltr'><strong>rogo</strong></span> <span class='ocrx_word' id='word_1_93' title='bbox 421 1279 480 1326; x_wconf 89' lang='lat' dir='ltr'><strong>ut</strong></span> <span class='ocrx_word' id='word_1_94' title='bbox 503 1272 704 1326; x_wconf 90' lang='lat' dir='ltr'><strong>nullam</strong></span> <span class='ocrx_word' id='word_1_95' title='bbox 721 1273 1025 1327; x_wconf 75' lang='lat' dir='ltr'><strong>violentiam</strong></span> <span class='ocrx_word' id='word_1_96' title='bbox 1051 1289 1211 1342; x_wconf 90' lang='lat' dir='ltr'><strong>super</strong></span> <span class='ocrx_word' id='word_1_97' title='bbox 1237 1275 1517 1328; x_wconf 89' lang='lat' dir='ltr'><strong>ecclesiam</strong></span> <span class='ocrx_word' id='word_1_98' title='bbox 1542 1275 1699 1329; x_wconf 84' lang='lat' dir='ltr'><strong>Chri-</strong></span> 
     </span>
    </p>
   </div>
   <div class='ocr_carea' id='block_1_14' title="bbox 111 1359 1695 1431">
    <p class='ocr_par' dir='ltr' id='par_1_14' title="bbox 111 1359 1695 1431">
     <span class='ocr_line' id='line_1_14' title="bbox 111 1359 1695 1431; baseline 0.006 -17"><span class='ocrx_word' id='word_1_99' title='bbox 111 1361 193 1414; x_wconf 83' lang='lat' dir='ltr'><strong>sti</strong></span> <span class='ocrx_word' id='word_1_100' title='bbox 224 1359 348 1415; x_wconf 82' lang='lat' dir='ltr'><strong>fieri</strong></span> <span class='ocrx_word' id='word_1_101' title='bbox 397 1361 664 1416; x_wconf 84' lang='lat' dir='ltr'><strong>ullatenus</strong></span> <span class='ocrx_word' id='word_1_102' title='bbox 717 1361 1036 1431; x_wconf 87' lang='lat' dir='ltr'><strong>permittas;</strong></span> <span class='ocrx_word' id='word_1_103' title='bbox 1095 1365 1188 1418; x_wconf 88' lang='lat' dir='ltr'><strong>sed</strong></span> <span class='ocrx_word' id='word_1_104' title='bbox 1233 1365 1490 1421; x_wconf 56' lang='lat' dir='ltr'><strong>fratres,b</strong></span> <span class='ocrx_word' id='word_1_105' title='bbox 1527 1368 1695 1422; x_wconf 88' lang='lat' dir='ltr'><strong>libera</strong></span> 
     </span>
    </p>
   </div>
   <div class='ocr_carea' id='block_1_15' title="bbox 109 1448 1696 1524">
    <p class='ocr_par' dir='ltr' id='par_1_15' title="bbox 109 1448 1696 1524">
     <span class='ocr_line' id='line_1_15' title="bbox 109 1448 1696 1524; baseline 0.007 -22"><span class='ocrx_word' id='word_1_106' title='bbox 109 1448 393 1505; x_wconf 79' lang='lat' dir='ltr'><strong>electione</strong></span> <span class='ocrx_word' id='word_1_107' title='bbox 440 1451 494 1505; x_wconf 93' lang='lat' dir='ltr'><strong>in</strong></span> <span class='ocrx_word' id='word_1_108' title='bbox 523 1452 717 1507; x_wconf 87' lang='lat' dir='ltr'><strong>timore</strong></span> <span class='ocrx_word' id='word_1_109' title='bbox 747 1453 840 1507; x_wconf 91' lang='lat' dir='ltr'><strong>Dei</strong></span> <span class='ocrx_word' id='word_1_110' title='bbox 895 1455 1112 1518; x_wconf 88' lang='lat' dir='ltr'><strong>summi,</strong></span> <span class='ocrx_word' id='word_1_111' title='bbox 1162 1457 1422 1524; x_wconf 89' lang='lat' dir='ltr'><strong>optimum</strong></span> <span class='ocrx_word' id='word_1_112' title='bbox 1460 1459 1571 1512; x_wconf 91' lang='lat' dir='ltr'><strong>Deo</strong></span> <span class='ocrx_word' id='word_1_113' title='bbox 1597 1459 1696 1513; x_wconf 89' lang='lat' dir='ltr'><strong>do-</strong></span> 
     </span>
    </p>
   </div>
   <div class='ocr_carea' id='block_1_16' title="bbox 66 1538 1696 1612">
    <p class='ocr_par' dir='ltr' id='par_1_16' title="bbox 66 1538 1696 1612">
     <span class='ocr_line' id='line_1_16' title="bbox 66 1538 1696 1612; baseline 0.008 -20"><span class='ocrx_word' id='word_1_114' title='bbox 66 1558 75 1565; x_wconf 76' lang='lat'><strong><em>°</em></strong></span> <span class='ocrx_word' id='word_1_115' title='bbox 110 1551 295 1595; x_wconf 87' lang='lat' dir='ltr'><strong>nante</strong></span> <span class='ocrx_word' id='word_1_116' title='bbox 328 1538 546 1612; x_wconf 81' lang='lat' dir='ltr'><strong>eligant.</strong></span> <span class='ocrx_word' id='word_1_117' title='bbox 587 1539 721 1609; x_wconf 85' lang='lat' dir='ltr'><strong>Quia</strong></span> <span class='ocrx_word' id='word_1_118' title='bbox 767 1544 822 1598; x_wconf 91' lang='lat' dir='ltr'><strong>in</strong></span> <span class='ocrx_word' id='word_1_119' title='bbox 856 1547 1055 1600; x_wconf 87' lang='lat' dir='ltr'><strong>sanctis</strong></span> <span class='ocrx_word' id='word_1_120' title='bbox 1107 1549 1403 1603; x_wconf 87' lang='lat' dir='ltr'><strong>canonibus</strong></span> <span class='ocrx_word' id='word_1_121' title='bbox 1456 1550 1696 1606; x_wconf 82' lang='lat' dir='ltr'><strong>terribile</strong></span> 
     </span>
    </p>
   </div>
   <div class='ocr_carea' id='block_1_17' title="bbox 109 1631 1696 1707">
    <p class='ocr_par' dir='ltr' id='par_1_17' title="bbox 109 1631 1696 1707">
     <span class='ocr_line' id='line_1_17' title="bbox 109 1631 1696 1707; baseline 0.009 -24"><span class='ocrx_word' id='word_1_122' title='bbox 109 1631 416 1686; x_wconf 84' lang='lat' dir='ltr'><strong>anathema</strong></span> <span class='ocrx_word' id='word_1_123' title='bbox 453 1633 648 1704; x_wconf 78' lang='lat' dir='ltr'><strong>legitur</strong></span> <span class='ocrx_word' id='word_1_124' title='bbox 675 1645 859 1704; x_wconf 89' lang='lat' dir='ltr'><strong>super&#39;</strong></span> <span class='ocrx_word' id='word_1_125' title='bbox 888 1652 1094 1702; x_wconf 90' lang='lat' dir='ltr'><strong>omnes,</strong></span> <span class='ocrx_word' id='word_1_126' title='bbox 1123 1639 1214 1707; x_wconf 90' lang='lat' dir='ltr'><strong>qui</strong></span> <span class='ocrx_word' id='word_1_127' title='bbox 1262 1641 1574 1696; x_wconf 81' lang='lat' dir='ltr'><strong>violentiam</strong></span> <span class='ocrx_word' id='word_1_128' title='bbox 1598 1645 1696 1698; x_wconf 89' lang='lat' dir='ltr'><strong>ali-</strong></span> 
     </span>
    </p>
   </div>
   <div class='ocr_carea' id='block_1_18' title="bbox 109 1716 1693 1794">
    <p class='ocr_par' dir='ltr' id='par_1_18' title="bbox 109 1716 1693 1794">
     <span class='ocr_line' id='line_1_18' title="bbox 109 1716 1693 1794; baseline 0.011 -21"><span class='ocrx_word' id='word_1_129' title='bbox 109 1735 290 1789; x_wconf 88' lang='lat' dir='ltr'><strong>quam</strong></span> <span class='ocrx_word' id='word_1_130' title='bbox 335 1721 573 1781; x_wconf 83' lang='lat' dir='ltr'><strong>inferunt</strong></span> <span class='ocrx_word' id='word_1_131' title='bbox 624 1739 784 1794; x_wconf 91' lang='lat' dir='ltr'><strong>super</strong></span> <span class='ocrx_word' id='word_1_132' title='bbox 840 1716 1142 1782; x_wconf 15' lang='lat' dir='ltr'><strong>ecclesiam,</strong></span> <span class='ocrx_word' id='word_1_133' title='bbox 1173 1729 1393 1786; x_wconf 89' lang='lat' dir='ltr'><strong>Christi.</strong></span> <span class='ocrx_word' id='word_1_134' title='bbox 1455 1732 1604 1788; x_wconf 90' lang='lat' dir='ltr'><strong>Scito</strong></span> <span class='ocrx_word' id='word_1_135' title='bbox 1643 1744 1693 1790; x_wconf 90' lang='lat' dir='ltr'><strong>te</strong></span> 
     </span>
    </p>
   </div>
   <div class='ocr_carea' id='block_1_19' title="bbox 1804 558 3372 645">
    <p class='ocr_par' dir='ltr' id='par_1_19' title="bbox 1804 558 3372 645">
     <span class='ocr_line' id='line_1_19' title="bbox 1804 558 3372 645; baseline 0.013 -36"><span class='ocrx_word' id='word_1_136' title='bbox 1804 572 1904 626; x_wconf 80' lang='lat' dir='ltr'><strong>ego</strong></span> <span class='ocrx_word' id='word_1_137' title='bbox 1932 558 2151 614; x_wconf 88' lang='lat' dir='ltr'><strong>ultimus</strong></span> <span class='ocrx_word' id='word_1_138' title='bbox 2180 560 2432 617; x_wconf 70' lang='lat' dir='ltr'><strong>Ecclesia:</strong></span> <span class='ocrx_word' id='word_1_139' title='bbox 2480 567 2817 630; x_wconf 87' lang='lat' dir='ltr'><strong>vernaculus,</strong></span> <span class='ocrx_word' id='word_1_140' title='bbox 2847 570 2964 638; x_wconf 87' lang='lat' dir='ltr'><strong>ejus</strong></span> <span class='ocrx_word' id='word_1_141' title='bbox 2992 571 3224 626; x_wconf 88' lang='lat' dir='ltr'><strong>donante</strong></span> <span class='ocrx_word' id='word_1_142' title='bbox 3252 592 3372 645; x_wconf 83' lang='lat' dir='ltr'><strong>gra-</strong></span> 
     </span>
    </p>
   </div>
   <div class='ocr_carea' id='block_1_20' title="bbox 1802 649 3371 728">
    <p class='ocr_par' dir='ltr' id='par_1_20' title="bbox 1802 649 3371 728">
     <span class='ocr_line' id='line_1_20' title="bbox 1802 649 3371 728; baseline 0.011 -28"><span class='ocrx_word' id='word_1_143' title='bbox 1802 649 1875 700; x_wconf 89' lang='lat' dir='ltr'><strong>tia</strong></span> <span class='ocrx_word' id='word_1_144' title='bbox 1905 650 2103 718; x_wconf 89' lang='lat' dir='ltr'><strong>quiest</strong></span> <span class='ocrx_word' id='word_1_145' title='bbox 2138 652 2378 706; x_wconf 88' lang='lat' dir='ltr'><strong>omnium</strong></span> <span class='ocrx_word' id='word_1_146' title='bbox 2421 653 2685 708; x_wconf 89' lang='lat' dir='ltr'><strong>bonorum</strong></span> <span class='ocrx_word' id='word_1_147' title='bbox 2713 657 2959 728; x_wconf 79' lang='lat' dir='ltr'><strong>largitor,</strong></span> <span class='ocrx_word' id='word_1_148' title='bbox 3005 662 3274 716; x_wconf 89' lang='lat' dir='ltr'><strong>erudirem</strong></span> <span class='ocrx_word' id='word_1_149' title='bbox 3303 680 3371 718; x_wconf 81' lang='lat' dir='ltr'><strong>ex</strong></span> 
     </span>
    </p>
   </div>
   <div class='ocr_carea' id='block_1_21' title="bbox 1801 737 3369 820">
    <p class='ocr_par' dir='ltr' id='par_1_21' title="bbox 1801 737 3369 820">
     <span class='ocr_line' id='line_1_21' title="bbox 1801 737 3369 820; baseline 0.011 -30"><span class='ocrx_word' id='word_1_150' title='bbox 1801 737 1924 792; x_wconf 86' lang='lat' dir='ltr'><strong>filiis</strong></span> <span class='ocrx_word' id='word_1_151' title='bbox 1946 740 2080 794; x_wconf 89' lang='lat' dir='ltr'><strong>meis</strong></span> <span class='ocrx_word' id='word_1_152' title='bbox 2100 741 2192 809; x_wconf 91' lang='lat' dir='ltr'><strong>qui</strong></span> <span class='ocrx_word' id='word_1_153' title='bbox 2215 741 2410 812; x_wconf 83' lang='lat' dir='ltr'><strong>dignus</strong></span> <span class='ocrx_word' id='word_1_154' title='bbox 2430 743 2719 800; x_wconf 87' lang='lat' dir='ltr'><strong>haberetur</strong></span> <span class='ocrx_word' id='word_1_155' title='bbox 2737 747 2848 820; x_wconf 65' lang='lat'><strong>64</strong></span> <span class='ocrx_word' id='word_1_156' title='bbox 2873 750 3212 820; x_wconf 84' lang='lat' dir='ltr'><strong>dispensator</strong></span> <span class='ocrx_word' id='word_1_157' title='bbox 3247 769 3369 808; x_wconf 89' lang='lat' dir='ltr'><strong>esse</strong></span> 
     </span>
    </p>
   </div>
   <div class='ocr_carea' id='block_1_22' title="bbox 1800 830 3365 907">
    <p class='ocr_par' dir='ltr' id='par_1_22' title="bbox 1800 830 3365 907">
     <span class='ocr_line' id='line_1_22' title="bbox 1800 830 3365 907; baseline 0.009 -27"><span class='ocrx_word' id='word_1_158' title='bbox 1800 830 2180 897; x_wconf 81' lang='lat' dir='ltr'><strong>mysteriorum</strong></span> <span class='ocrx_word' id='word_1_159' title='bbox 2207 830 2406 884; x_wconf 89' lang='lat' dir='ltr'><strong>Christi</strong></span> <span class='ocrx_word' id='word_1_160' title='bbox 2450 833 2503 904; x_wconf 89' lang='grc' dir='ltr'><strong>(Ι</strong></span> <span class='ocrx_word' id='word_1_161' title='bbox 2536 831 2658 888; x_wconf 87' lang='lat' dir='ltr'><strong>Cor.</strong></span> <span class='ocrx_word' id='word_1_162' title='bbox 2699 852 2778 900; x_wconf 81' lang='lat' dir='ltr'><strong>tv,</strong></span> <span class='ocrx_word' id='word_1_163' title='bbox 2805 836 2881 907; x_wconf 77' lang='lat' dir='ltr'><strong>i),</strong></span> <span class='ocrx_word' id='word_1_164' title='bbox 2929 846 2984 892; x_wconf 77' lang='lat' dir='ltr'><strong>et</strong></span> <span class='ocrx_word' id='word_1_165' title='bbox 3011 838 3258 893; x_wconf 85' lang='lat' dir='ltr'><strong>laborare</strong></span> <span class='ocrx_word' id='word_1_166' title='bbox 3281 842 3365 894; x_wconf 85' lang='lat' dir='ltr'><strong>vi-</strong></span> 
     </span>
    </p>
   </div>
   <div class='ocr_carea' id='block_1_23' title="bbox 1799 920 3366 995">
    <p class='ocr_par' dir='ltr' id='par_1_23' title="bbox 1799 920 3366 995">
     <span class='ocr_line' id='line_1_23' title="bbox 1799 920 3366 995; baseline 0.009 -24"><span class='ocrx_word' id='word_1_167' title='bbox 1799 932 1862 971; x_wconf 88' lang='lat' dir='ltr'><strong>ce</strong></span> <span class='ocrx_word' id='word_1_168' title='bbox 1889 934 2004 972; x_wconf 90' lang='lat' dir='ltr'><strong>mea</strong></span> <span class='ocrx_word' id='word_1_169' title='bbox 2043 920 2098 973; x_wconf 91' lang='lat' dir='ltr'><strong>in</strong></span> <span class='ocrx_word' id='word_1_170' title='bbox 2125 921 2385 988; x_wconf 88' lang='lat' dir='ltr'><strong>Ecclesia,</strong></span> <span class='ocrx_word' id='word_1_171' title='bbox 2413 924 2504 978; x_wconf 91' lang='lat' dir='ltr'><strong>ubi</strong></span> <span class='ocrx_word' id='word_1_172' title='bbox 2525 939 2624 995; x_wconf 84' lang='lat' dir='ltr'><strong>ego</strong></span> <span class='ocrx_word' id='word_1_173' title='bbox 2647 928 2884 982; x_wconf 90' lang='lat' dir='ltr'><strong>nutritus</strong></span> <span class='ocrx_word' id='word_1_174' title='bbox 2906 937 2960 982; x_wconf 87' lang='lat' dir='ltr'><strong>et</strong></span> <span class='ocrx_word' id='word_1_175' title='bbox 2988 931 3231 985; x_wconf 88' lang='lat' dir='ltr'><strong>eruditus</strong></span> <span class='ocrx_word' id='word_1_176' title='bbox 3249 930 3366 985; x_wconf 81' lang='lat' dir='ltr'><strong>fue—</strong></span> 
     </span>
    </p>
   </div>
   <div class='ocr_carea' id='block_1_24' title="bbox 1799 1012 3370 1088">
    <p class='ocr_par' dir='ltr' id='par_1_24' title="bbox 1799 1012 3370 1088">
     <span class='ocr_line' id='line_1_24' title="bbox 1799 1012 3370 1088; baseline 0.011 -29"><span class='ocrx_word' id='word_1_177' title='bbox 1799 1021 1935 1072; x_wconf 86' lang='lat' dir='ltr'><strong>ram,</strong></span> <span class='ocrx_word' id='word_1_178' title='bbox 1964 1018 2018 1062; x_wconf 92' lang='lat' dir='ltr'><strong>et</strong></span> <span class='ocrx_word' id='word_1_179' title='bbox 2044 1025 2277 1078; x_wconf 73' lang='lat' dir='ltr'><strong>prmesse</strong></span> <span class='ocrx_word' id='word_1_180' title='bbox 2329 1012 2596 1069; x_wconf 86' lang='lat' dir='ltr'><strong>thesauris</strong></span> <span class='ocrx_word' id='word_1_181' title='bbox 2632 1017 2928 1084; x_wconf 66' lang='lat' dir='ltr'><strong>sapientiae,</strong></span> <span class='ocrx_word' id='word_1_182' title='bbox 2959 1018 3012 1072; x_wconf 78' lang='lat' dir='ltr'><strong>in</strong></span> <span class='ocrx_word' id='word_1_183' title='bbox 3061 1021 3257 1088; x_wconf 85' lang='lat' dir='ltr'><strong>quibus</strong></span> <span class='ocrx_word' id='word_1_184' title='bbox 3286 1037 3370 1076; x_wconf 92' lang='lat' dir='ltr'><strong>me</strong></span> 
     </span>
    </p>
   </div>
   <div class='ocr_carea' id='block_1_25' title="bbox 1800 1091 3367 1177">
    <p class='ocr_par' dir='ltr' id='par_1_25' title="bbox 1800 1091 3367 1177">
     <span class='ocr_line' id='line_1_25' title="bbox 1800 1091 3367 1177; baseline 0.011 -30"><span class='ocrx_word' id='word_1_185' title='bbox 1800 1091 2058 1164; x_wconf 85' lang='lat' dir='ltr'><strong>magister</strong></span> <span class='ocrx_word' id='word_1_186' title='bbox 2101 1113 2252 1152; x_wconf 91' lang='lat' dir='ltr'><strong>meus</strong></span> <span class='ocrx_word' id='word_1_187' title='bbox 2287 1099 2511 1154; x_wconf 89' lang='lat' dir='ltr'><strong>dilectus</strong></span> <span class='ocrx_word' id='word_1_188' title='bbox 2553 1100 2574 1140; x_wconf 70' lang='grc' dir='ltr'><strong><em>τ</em></strong></span> <span class='ocrx_word' id='word_1_189' title='bbox 2615 1103 3367 1177; x_wconf 79' lang='lat' dir='ltr'><strong>Ilelbrechtus-archiepisco-</strong></span> 
     </span>
    </p>
   </div>
   <div class='ocr_carea' id='block_1_26' title="bbox 1798 1187 3369 1259">
    <p class='ocr_par' dir='ltr' id='par_1_26' title="bbox 1798 1187 3369 1259">
     <span class='ocr_line' id='line_1_26' title="bbox 1798 1187 3369 1259; baseline 0.009 -22"><span class='ocrx_word' id='word_1_190' title='bbox 1798 1199 1898 1252; x_wconf 91' lang='lat' dir='ltr'><strong>pus</strong></span> <span class='ocrx_word' id='word_1_191' title='bbox 1931 1188 1956 1226; x_wconf 71' lang='grc' dir='ltr'><strong>Β</strong></span> <span class='ocrx_word' id='word_1_192' title='bbox 2000 1187 2266 1242; x_wconf 69' lang='lat' dir='ltr'><strong>hazredem</strong></span> <span class='ocrx_word' id='word_1_193' title='bbox 2317 1190 2552 1259; x_wconf 88' lang='lat' dir='ltr'><strong>reliquit.</strong></span> <span class='ocrx_word' id='word_1_194' title='bbox 2593 1191 2747 1247; x_wconf 87' lang='lat' dir='ltr'><strong>Nunc</strong></span> <span class='ocrx_word' id='word_1_195' title='bbox 2773 1210 2902 1249; x_wconf 85' lang='lat' dir='ltr'><strong>vero</strong></span> <span class='ocrx_word' id='word_1_196' title='bbox 2938 1197 3070 1250; x_wconf 90' lang='lat' dir='ltr'><strong>mihi</strong></span> <span class='ocrx_word' id='word_1_197' title='bbox 3109 1198 3258 1250; x_wconf 91' lang='lat' dir='ltr'><strong>omni</strong></span> <span class='ocrx_word' id='word_1_198' title='bbox 3285 1199 3369 1251; x_wconf 90' lang='lat' dir='ltr'><strong>in-</strong></span> 
     </span>
    </p>
   </div>
   <div class='ocr_carea' id='block_1_27' title="bbox 1799 1275 3369 1351">
    <p class='ocr_par' dir='ltr' id='par_1_27' title="bbox 1799 1275 3369 1351">
     <span class='ocr_line' id='line_1_27' title="bbox 1799 1275 3369 1351; baseline 0.01 -25"><span class='ocrx_word' id='word_1_199' title='bbox 1799 1275 2038 1329; x_wconf 88' lang='lat' dir='ltr'><strong>tentione</strong></span> <span class='ocrx_word' id='word_1_200' title='bbox 2091 1279 2360 1345; x_wconf 88' lang='lat' dir='ltr'><strong>precanda</strong></span> <span class='ocrx_word' id='word_1_201' title='bbox 2410 1287 2494 1334; x_wconf 90' lang='lat' dir='ltr'><strong>est</strong></span> <span class='ocrx_word' id='word_1_202' title='bbox 2549 1281 2727 1336; x_wconf 86' lang='lat' dir='ltr'><strong>divina</strong></span> <span class='ocrx_word' id='word_1_203' title='bbox 2788 1283 3091 1351; x_wconf 85' lang='lat' dir='ltr'><strong>clementia,</strong></span> <span class='ocrx_word' id='word_1_204' title='bbox 3130 1295 3188 1340; x_wconf 89' lang='lat' dir='ltr'><strong>ut</strong></span> <span class='ocrx_word' id='word_1_205' title='bbox 3235 1289 3369 1342; x_wconf 86' lang='lat' dir='ltr'><strong>mihi</strong></span> 
     </span>
    </p>
   </div>
   <div class='ocr_carea' id='block_1_28' title="bbox 1798 1367 3369 1447">
    <p class='ocr_par' dir='ltr' id='par_1_28' title="bbox 1798 1367 3369 1447">
     <span class='ocr_line' id='line_1_28' title="bbox 1798 1367 3369 1447; baseline 0.01 -30"><span class='ocrx_word' id='word_1_206' title='bbox 1798 1372 2069 1430; x_wconf 87' lang='lat' dir='ltr'><strong>superstes</strong></span> <span class='ocrx_word' id='word_1_207' title='bbox 2113 1367 2184 1420; x_wconf 87' lang='lat' dir='ltr'><strong>sit</strong></span> <span class='ocrx_word' id='word_1_208' title='bbox 2221 1368 2275 1420; x_wconf 90' lang='lat' dir='ltr'><strong>in</strong></span> <span class='ocrx_word' id='word_1_209' title='bbox 2306 1369 2408 1424; x_wconf 87' lang='lat' dir='ltr'><strong>hac</strong></span> <span class='ocrx_word' id='word_1_210' title='bbox 2431 1369 2562 1436; x_wconf 87' lang='lat' dir='ltr'><strong>vita,</strong></span> <span class='ocrx_word' id='word_1_211' title='bbox 2590 1373 2680 1440; x_wconf 90' lang='lat' dir='ltr'><strong>qui</strong></span> <span class='ocrx_word' id='word_1_212' title='bbox 2731 1375 2863 1427; x_wconf 90' lang='lat' dir='ltr'><strong>mibi</strong></span> <span class='ocrx_word' id='word_1_213' title='bbox 2916 1374 3106 1431; x_wconf 86' lang='lat' dir='ltr'><strong>solatio</strong></span> <span class='ocrx_word' id='word_1_214' title='bbox 3157 1393 3369 1447; x_wconf 88' lang='lat' dir='ltr'><strong>semper</strong></span> 
     </span>
    </p>
   </div>
   <div class='ocr_carea' id='block_1_29' title="bbox 1795 1447 3365 1528">
    <p class='ocr_par' dir='ltr' id='par_1_29' title="bbox 1795 1447 3365 1528">
     <span class='ocr_line' id='line_1_29' title="bbox 1795 1447 3365 1528; baseline 0.011 -26"><span class='ocrx_word' id='word_1_215' title='bbox 1795 1447 1896 1502; x_wconf 81' lang='lat' dir='ltr'><strong>fuit</strong></span> <span class='ocrx_word' id='word_1_216' title='bbox 1954 1450 2008 1502; x_wconf 91' lang='lat' dir='ltr'><strong>in</strong></span> <span class='ocrx_word' id='word_1_217' title='bbox 2060 1465 2155 1504; x_wconf 91' lang='lat' dir='ltr'><strong>sua</strong></span> <span class='ocrx_word' id='word_1_218' title='bbox 2208 1453 2507 1507; x_wconf 86' lang='lat' dir='ltr'><strong>obedientia</strong></span> <span class='ocrx_word' id='word_1_219' title='bbox 2538 1473 2550 1507; x_wconf 94' lang='lat'><strong>:</strong></span> <span class='ocrx_word' id='word_1_220' title='bbox 2585 1472 2689 1510; x_wconf 92' lang='lat' dir='ltr'><strong>non</strong></span> <span class='ocrx_word' id='word_1_221' title='bbox 2737 1462 2880 1528; x_wconf 92' lang='lat' dir='ltr'><strong>quod</strong></span> <span class='ocrx_word' id='word_1_222' title='bbox 2909 1448 3147 1517; x_wconf 52' lang='lat' dir='ltr'><strong>&#39;niortem</strong></span> <span class='ocrx_word' id='word_1_223' title='bbox 3194 1481 3365 1518; x_wconf 89' lang='lat' dir='ltr'><strong>meam</strong></span> 
     </span>
    </p>
   </div>
   <div class='ocr_carea' id='block_1_30' title="bbox 1796 1542 3366 1622">
    <p class='ocr_par' dir='ltr' id='par_1_30' title="bbox 1796 1542 3366 1622">
     <span class='ocr_line' id='line_1_30' title="bbox 1796 1542 3366 1622; baseline 0.01 -27"><span class='ocrx_word' id='word_1_224' title='bbox 1796 1542 2176 1610; x_wconf 40' lang='lat' dir='ltr'><strong>optarc‘velim,</strong></span> <span class='ocrx_word' id='word_1_225' title='bbox 2199 1545 2291 1598; x_wconf 91' lang='lat' dir='ltr'><strong>sed</strong></span> <span class='ocrx_word' id='word_1_226' title='bbox 2312 1552 2371 1597; x_wconf 89' lang='lat' dir='ltr'><strong>ut</strong></span> <span class='ocrx_word' id='word_1_227' title='bbox 2391 1546 2498 1598; x_wconf 81' lang='lat' dir='ltr'><strong>vita</strong></span> <span class='ocrx_word' id='word_1_228' title='bbox 2529 1547 2669 1602; x_wconf 91' lang='lat' dir='ltr'><strong>illius</strong></span> <span class='ocrx_word' id='word_1_229' title='bbox 2689 1551 3058 1622; x_wconf 87' lang='lat' dir='ltr'><strong>prolongetur.</strong></span> <span class='ocrx_word' id='word_1_230' title='bbox 3085 1555 3201 1609; x_wconf 90' lang='lat' dir='ltr'><strong>Non</strong></span> <span class='ocrx_word' id='word_1_231' title='bbox 3224 1558 3366 1610; x_wconf 91' lang='lat' dir='ltr'><strong>enim</strong></span> 
     </span>
    </p>
   </div>
   <div class='ocr_carea' id='block_1_31' title="bbox 1797 1631 3361 1717">
    <p class='ocr_par' dir='ltr' id='par_1_31' title="bbox 1797 1631 3361 1717">
     <span class='ocr_line' id='line_1_31' title="bbox 1797 1631 3361 1717; baseline 0.01 -32"><span class='ocrx_word' id='word_1_232' title='bbox 1797 1631 1892 1685; x_wconf 76' lang='lat' dir='ltr'><strong>lilii</strong></span> <span class='ocrx_word' id='word_1_233' title='bbox 1946 1634 2209 1701; x_wconf 87' lang='lat' dir='ltr'><strong>patribus,</strong></span> <span class='ocrx_word' id='word_1_234' title='bbox 2243 1632 2336 1687; x_wconf 89' lang='lat' dir='ltr'><strong>sed</strong></span> <span class='ocrx_word' id='word_1_235' title='bbox 2374 1643 2557 1704; x_wconf 80' lang='lat' dir='ltr'><strong>patres</strong></span> <span class='ocrx_word' id='word_1_236' title='bbox 2595 1637 2719 1692; x_wconf 85' lang='lat' dir='ltr'><strong>filiis</strong></span> <span class='ocrx_word' id='word_1_237' title='bbox 2758 1640 3079 1696; x_wconf 73' lang='lat' dir='ltr'><strong>hmreditare</strong></span> <span class='ocrx_word' id='word_1_238' title='bbox 3121 1645 3361 1717; x_wconf 83' lang='lat' dir='ltr'><strong>debent].</strong></span> 
     </span>
    </p>
   </div>
   <div class='ocr_carea' id='block_1_32' title="bbox 1865 1738 3366 1817">
    <p class='ocr_par' dir='ltr' id='par_1_32' title="bbox 1865 1738 3366 1817">
     <span class='ocr_line' id='line_1_32' title="bbox 1865 1738 3366 1817; baseline 0.009 -27"><span class='ocrx_word' id='word_1_239' title='bbox 1865 1738 2019 1801; x_wconf 86' lang='lat' dir='ltr'><strong>Ecce,</strong></span> <span class='ocrx_word' id='word_1_240' title='bbox 2046 1739 2363 1793; x_wconf 90' lang='lat' dir='ltr'><strong>cbarissime</strong></span> <span class='ocrx_word' id='word_1_241' title='bbox 2389 1739 2460 1793; x_wconf 86' lang='lat' dir='ltr'><strong>lili</strong></span> <span class='ocrx_word' id='word_1_242' title='bbox 2485 1741 2500 1793; x_wconf 79' lang='lat' dir='ltr'><strong>l</strong></span> <span class='ocrx_word' id='word_1_243' title='bbox 2524 1742 2701 1796; x_wconf 89' lang='lat' dir='ltr'><strong>omnia</strong></span> <span class='ocrx_word' id='word_1_244' title='bbox 2731 1758 2826 1812; x_wconf 89' lang='lat' dir='ltr'><strong>per</strong></span> <span class='ocrx_word' id='word_1_245' title='bbox 2848 1743 3013 1800; x_wconf 90' lang='lat' dir='ltr'><strong>Deum</strong></span> <span class='ocrx_word' id='word_1_246' title='bbox 3038 1747 3221 1811; x_wconf 87' lang='lat' dir='ltr'><strong>babes,</strong></span> <span class='ocrx_word' id='word_1_247' title='bbox 3245 1765 3366 1817; x_wconf 70' lang='lat' dir='ltr'><strong>qua:</strong></span> 
     </span>
    </p>
   </div>
   <div class='ocr_carea' id='block_1_33' title="bbox 110 1813 3362 1904">
    <p class='ocr_par' dir='ltr' id='par_1_33' title="bbox 110 1813 3362 1904">
     <span class='ocr_line' id='line_1_33' title="bbox 110 1813 3362 1904; baseline 0.009 -40"><span class='ocrx_word' id='word_1_248' title='bbox 110 1826 344 1881; x_wconf 87' lang='lat' dir='ltr'><strong>semper</strong></span> <span class='ocrx_word' id='word_1_249' title='bbox 378 1813 631 1870; x_wconf 76' lang='lat' dir='ltr'><strong>dilexisse</strong></span> <span class='ocrx_word' id='word_1_250' title='bbox 660 1815 912 1870; x_wconf 84' lang='lat' dir='ltr'><strong>familiam</strong></span> <span class='ocrx_word' id='word_1_251' title='bbox 961 1827 1220 1884; x_wconf 92' lang='lat' dir='ltr'><strong>nostram,</strong></span> <span class='ocrx_word' id='word_1_252' title='bbox 1249 1831 1302 1875; x_wconf 93' lang='lat' dir='ltr'><strong>et</strong></span> <span class='ocrx_word' id='word_1_253' title='bbox 1327 1824 1556 1892; x_wconf 90' lang='lat' dir='ltr'><strong>plurima</strong></span> <span class='ocrx_word' id='word_1_254' title='bbox 1586 1828 1690 1881; x_wconf 89' lang='lat' dir='ltr'><strong>illis</strong></span> <span class='ocrx_word' id='word_1_255' title='bbox 1726 1819 1768 1875; x_wconf 87' lang='grc' dir='ltr'><strong>Β</strong></span> <span class='ocrx_word' id='word_1_256' title='bbox 1794 1842 2012 1895; x_wconf 87' lang='lat' dir='ltr'><strong>sperare</strong></span> <span class='ocrx_word' id='word_1_257' title='bbox 2049 1829 2223 1895; x_wconf 91' lang='lat' dir='ltr'><strong>potuit</strong></span> <span class='ocrx_word' id='word_1_258' title='bbox 2277 1830 2456 1893; x_wconf 86' lang='lat' dir='ltr'><strong>homo,</strong></span> <span class='ocrx_word' id='word_1_259' title='bbox 2512 1832 2676 1885; x_wconf 89' lang='lat' dir='ltr'><strong>etiam</strong></span> <span class='ocrx_word' id='word_1_260' title='bbox 2733 1842 2785 1887; x_wconf 93' lang='lat' dir='ltr'><strong>et</strong></span> <span class='ocrx_word' id='word_1_261' title='bbox 2812 1834 2930 1903; x_wconf 92' lang='lat' dir='ltr'><strong>plus</strong></span> <span class='ocrx_word' id='word_1_262' title='bbox 2963 1851 3123 1904; x_wconf 88' lang='lat' dir='ltr'><strong>quam</strong></span> <span class='ocrx_word' id='word_1_263' title='bbox 3177 1813 3362 1892; x_wconf 76' lang='lat' dir='ltr'><strong>nostra</strong></span> 
     </span>
    </p>
   </div>
   <div class='ocr_carea' id='block_1_34' title="bbox 106 1896 1690 1980">
    <p class='ocr_par' dir='ltr' id='par_1_34' title="bbox 106 1896 1690 1980">
     <span class='ocr_line' id='line_1_34' title="bbox 106 1896 1690 1980; baseline 0.011 -29"><span class='ocrx_word' id='word_1_264' title='bbox 106 1898 270 1953; x_wconf 83' lang='lat' dir='ltr'><strong>bona</strong></span> <span class='ocrx_word' id='word_1_265' title='bbox 306 1897 519 1955; x_wconf 83' lang='lat' dir='ltr'><strong>fecisse.</strong></span> <span class='ocrx_word' id='word_1_266' title='bbox 561 1901 665 1957; x_wconf 90' lang='lat' dir='ltr'><strong>Sed</strong></span> <span class='ocrx_word' id='word_1_267' title='bbox 687 1896 1087 1963; x_wconf 68' lang='lat' dir='ltr'><strong>nuncjnaxime</strong></span> <span class='ocrx_word' id='word_1_268' title='bbox 1120 1909 1437 1980; x_wconf 85' lang='lat' dir='ltr'><strong>indigemus,</strong></span> <span class='ocrx_word' id='word_1_269' title='bbox 1468 1923 1530 1967; x_wconf 89' lang='lat' dir='ltr'><strong>ut</strong></span> <span class='ocrx_word' id='word_1_270' title='bbox 1552 1916 1690 1970; x_wconf 88' lang='lat' dir='ltr'><strong>bene</strong></span> 
     </span>
    </p>
   </div>
   <div class='ocr_carea' id='block_1_35' title="bbox 109 1987 1689 2068">
    <p class='ocr_par' dir='ltr' id='par_1_35' title="bbox 109 1987 1689 2068">
     <span class='ocr_line' id='line_1_35' title="bbox 109 1987 1689 2068; baseline 0.01 -26"><span class='ocrx_word' id='word_1_271' title='bbox 109 1987 234 2043; x_wconf 89' lang='lat' dir='ltr'><strong>illis</strong></span> <span class='ocrx_word' id='word_1_272' title='bbox 278 2003 537 2060; x_wconf 78' lang='lat' dir='ltr'><strong>agamus;</strong></span> <span class='ocrx_word' id='word_1_273' title='bbox 569 1998 628 2044; x_wconf 91' lang='lat' dir='ltr'><strong>ut</strong></span> <span class='ocrx_word' id='word_1_274' title='bbox 655 1993 744 2047; x_wconf 91' lang='lat' dir='ltr'><strong>ubi</strong></span> <span class='ocrx_word' id='word_1_275' title='bbox 789 1994 943 2048; x_wconf 89' lang='lat' dir='ltr'><strong>nobis</strong></span> <span class='ocrx_word' id='word_1_276' title='bbox 973 1997 1183 2064; x_wconf 89' lang='lat' dir='ltr'><strong>requies</strong></span> <span class='ocrx_word' id='word_1_277' title='bbox 1219 2001 1324 2053; x_wconf 90' lang='lat' dir='ltr'><strong>erit</strong></span> <span class='ocrx_word' id='word_1_278' title='bbox 1368 2010 1589 2068; x_wconf 74' lang='lat' dir='ltr'><strong>mtcrna,</strong></span> <span class='ocrx_word' id='word_1_279' title='bbox 1617 2005 1689 2058; x_wconf 91' lang='lat' dir='ltr'><strong>ibi</strong></span> 
     </span>
    </p>
   </div>
   <div class='ocr_carea' id='block_1_36' title="bbox 105 2081 1462 2156">
    <p class='ocr_par' dir='ltr' id='par_1_36' title="bbox 105 2081 1462 2156">
     <span class='ocr_line' id='line_1_36' title="bbox 105 2081 1462 2156; baseline 0.005 -19"><span class='ocrx_word' id='word_1_280' title='bbox 105 2081 232 2137; x_wconf 86' lang='lat' dir='ltr'><strong>sint</strong></span> <span class='ocrx_word' id='word_1_281' title='bbox 257 2096 469 2152; x_wconf 82' lang='lat' dir='ltr'><strong>quoque</strong></span> <span class='ocrx_word' id='word_1_282' title='bbox 493 2082 875 2140; x_wconf 87' lang='lat' dir='ltr'><strong>intercessores</strong></span> <span class='ocrx_word' id='word_1_283' title='bbox 899 2089 1139 2156; x_wconf 85' lang='lat' dir='ltr'><strong>perpetui</strong></span> <span class='ocrx_word' id='word_1_284' title='bbox 1163 2104 1260 2156; x_wconf 91' lang='lat' dir='ltr'><strong>pro</strong></span> <span class='ocrx_word' id='word_1_285' title='bbox 1289 2092 1462 2146; x_wconf 90' lang='lat' dir='ltr'><strong>nobis.</strong></span> 
     </span>
    </p>
   </div>
   <div class='ocr_carea' id='block_1_37' title="bbox 188 2179 1688 2258">
    <p class='ocr_par' dir='ltr' id='par_1_37' title="bbox 188 2179 1688 2258">
     <span class='ocr_line' id='line_1_37' title="bbox 188 2179 1688 2258; baseline 0.011 -27"><span class='ocrx_word' id='word_1_286' title='bbox 188 2187 215 2216; x_wconf 74' lang='grc' dir='ltr'><strong>ο</strong></span> <span class='ocrx_word' id='word_1_287' title='bbox 264 2179 497 2248; x_wconf 88' lang='lat' dir='ltr'><strong>Tempus</strong></span> <span class='ocrx_word' id='word_1_288' title='bbox 524 2189 608 2236; x_wconf 90' lang='lat' dir='ltr'><strong>est</strong></span> <span class='ocrx_word' id='word_1_289' title='bbox 639 2198 782 2238; x_wconf 89' lang='lat' dir='ltr'><strong>nunc</strong></span> <span class='ocrx_word' id='word_1_290' title='bbox 802 2185 957 2238; x_wconf 90' lang='lat' dir='ltr'><strong>nobis</strong></span> <span class='ocrx_word' id='word_1_291' title='bbox 979 2188 1272 2254; x_wconf 75' lang='lat' dir='ltr'><strong>prmvidcre</strong></span> <span class='ocrx_word' id='word_1_292' title='bbox 1301 2189 1414 2244; x_wconf 89' lang='lat' dir='ltr'><strong>dies</strong></span> <span class='ocrx_word' id='word_1_293' title='bbox 1435 2201 1688 2258; x_wconf 65' lang='lat' dir='ltr'><strong>aeternos,</strong></span> 
     </span>
    </p>
   </div>
   <div class='ocr_carea' id='block_1_38' title="bbox 107 2270 1684 2352">
    <p class='ocr_par' dir='ltr' id='par_1_38' title="bbox 107 2270 1684 2352">
     <span class='ocr_line' id='line_1_38' title="bbox 107 2270 1684 2352; baseline 0.009 -30"><span class='ocrx_word' id='word_1_294' title='bbox 107 2275 167 2322; x_wconf 90' lang='lat' dir='ltr'><strong>et</strong></span> <span class='ocrx_word' id='word_1_295' title='bbox 192 2283 324 2322; x_wconf 86' lang='lat' dir='ltr'><strong>eum</strong></span> <span class='ocrx_word' id='word_1_296' title='bbox 353 2270 499 2323; x_wconf 90' lang='lat' dir='ltr'><strong>omni</strong></span> <span class='ocrx_word' id='word_1_297' title='bbox 543 2271 804 2326; x_wconf 88' lang='lat' dir='ltr'><strong>modestia</strong></span> <span class='ocrx_word' id='word_1_298' title='bbox 832 2283 886 2326; x_wconf 92' lang='lat' dir='ltr'><strong>et</strong></span> <span class='ocrx_word' id='word_1_299' title='bbox 927 2274 1246 2345; x_wconf 83' lang='lat' dir='ltr'><strong>integritate,</strong></span> <span class='ocrx_word' id='word_1_300' title='bbox 1283 2286 1339 2332; x_wconf 91' lang='lat' dir='ltr'><strong>et</strong></span> <span class='ocrx_word' id='word_1_301' title='bbox 1387 2280 1684 2352; x_wconf 88' lang='lat' dir='ltr'><strong>eleemosy-</strong></span> 
     </span>
    </p>
   </div>
   <div class='ocr_carea' id='block_1_39' title="bbox 107 2355 1685 2433">
    <p class='ocr_par' dir='ltr' id='par_1_39' title="bbox 107 2355 1685 2433">
     <span class='ocr_line' id='line_1_39' title="bbox 107 2355 1685 2433; baseline 0.009 -24"><span class='ocrx_word' id='word_1_302' title='bbox 107 2372 316 2417; x_wconf 85' lang='lat' dir='ltr'><strong>narum</strong></span> <span class='ocrx_word' id='word_1_303' title='bbox 361 2355 625 2428; x_wconf 80' lang='lat' dir='ltr'><strong>largitate,</strong></span> <span class='ocrx_word' id='word_1_304' title='bbox 689 2360 829 2412; x_wconf 85' lang='lat' dir='ltr'><strong>viam</strong></span> <span class='ocrx_word' id='word_1_305' title='bbox 857 2362 1010 2416; x_wconf 91' lang='lat' dir='ltr'><strong>nobis</strong></span> <span class='ocrx_word' id='word_1_306' title='bbox 1057 2379 1359 2433; x_wconf 66' lang='lat' dir='ltr'><strong>praeparare</strong></span> <span class='ocrx_word' id='word_1_307' title='bbox 1410 2370 1478 2423; x_wconf 90' lang='lat' dir='ltr'><strong>ad</strong></span> <span class='ocrx_word' id='word_1_308' title='bbox 1502 2371 1685 2425; x_wconf 82' lang='lat' dir='ltr'><strong>caelos.</strong></span> 
     </span>
    </p>
   </div>
   <div class='ocr_carea' id='block_1_40' title="bbox 109 2445 1690 2521">
    <p class='ocr_par' dir='ltr' id='par_1_40' title="bbox 109 2445 1690 2521">
     <span class='ocr_line' id='line_1_40' title="bbox 109 2445 1690 2521; baseline 0.008 -19"><span class='ocrx_word' id='word_1_309' title='bbox 109 2445 315 2502; x_wconf 86' lang='lat' dir='ltr'><strong>Omnis</strong></span> <span class='ocrx_word' id='word_1_310' title='bbox 343 2446 513 2516; x_wconf 86' lang='lat' dir='ltr'><strong>gloria</strong></span> <span class='ocrx_word' id='word_1_311' title='bbox 563 2449 870 2504; x_wconf 86' lang='lat' dir='ltr'><strong>transitoria</strong></span> <span class='ocrx_word' id='word_1_312' title='bbox 897 2459 980 2505; x_wconf 90' lang='lat' dir='ltr'><strong>est</strong></span> <span class='ocrx_word' id='word_1_313' title='bbox 1004 2459 1059 2505; x_wconf 91' lang='lat' dir='ltr'><strong>et</strong></span> <span class='ocrx_word' id='word_1_314' title='bbox 1082 2455 1234 2521; x_wconf 91' lang='lat' dir='ltr'><strong>quasi</strong></span> <span class='ocrx_word' id='word_1_315' title='bbox 1262 2457 1450 2510; x_wconf 90' lang='lat' dir='ltr'><strong>umbra</strong></span> <span class='ocrx_word' id='word_1_316' title='bbox 1479 2461 1690 2514; x_wconf 86' lang='lat' dir='ltr'><strong>recedet</strong></span> 
     </span>
    </p>
   </div>
   <div class='ocr_carea' id='block_1_41' title="bbox 106 2537 1688 2615">
    <p class='ocr_par' dir='ltr' id='par_1_41' title="bbox 106 2537 1688 2615">
     <span class='ocr_line' id='line_1_41' title="bbox 106 2537 1688 2615; baseline 0.006 -23"><span class='ocrx_word' id='word_1_317' title='bbox 106 2537 266 2605; x_wconf 79' lang='lat' dir='ltr'><strong>(Job.</strong></span> <span class='ocrx_word' id='word_1_318' title='bbox 323 2553 441 2603; x_wconf 80' lang='lat' dir='ltr'><strong>vni,</strong></span> <span class='ocrx_word' id='word_1_319' title='bbox 470 2539 523 2602; x_wconf 91' lang='lat'><strong>8,</strong></span> <span class='ocrx_word' id='word_1_320' title='bbox 552 2538 628 2609; x_wconf 91' lang='lat'><strong>9).</strong></span> <span class='ocrx_word' id='word_1_321' title='bbox 668 2537 792 2594; x_wconf 87' lang='lat' dir='ltr'><strong>Ideo</strong></span> <span class='ocrx_word' id='word_1_322' title='bbox 833 2541 901 2593; x_wconf 91' lang='lat' dir='ltr'><strong>ad</strong></span> <span class='ocrx_word' id='word_1_323' title='bbox 949 2548 1203 2596; x_wconf 64' lang='lat' dir='ltr'><strong>aeternam</strong></span> <span class='ocrx_word' id='word_1_324' title='bbox 1243 2544 1399 2598; x_wconf 90' lang='lat' dir='ltr'><strong>bonis</strong></span> <span class='ocrx_word' id='word_1_325' title='bbox 1437 2547 1688 2615; x_wconf 91' lang='lat' dir='ltr'><strong>operibus</strong></span> 
     </span>
    </p>
   </div>
   <div class='ocr_carea' id='block_1_42' title="bbox 103 2621 1684 2698">
    <p class='ocr_par' dir='ltr' id='par_1_42' title="bbox 103 2621 1684 2698">
     <span class='ocr_line' id='line_1_42' title="bbox 103 2621 1684 2698; baseline 0.008 -18"><span class='ocrx_word' id='word_1_326' title='bbox 103 2642 470 2698; x_wconf 89' lang='lat' dir='ltr'><strong>properemus</strong></span> <span class='ocrx_word' id='word_1_327' title='bbox 504 2621 773 2698; x_wconf 33' lang='lat' dir='ltr'><strong>gloriamr</strong></span> <span class='ocrx_word' id='word_1_328' title='bbox 800 2628 997 2684; x_wconf 87' lang='lat' dir='ltr'><strong>Omnes</strong></span> <span class='ocrx_word' id='word_1_329' title='bbox 1032 2632 1213 2686; x_wconf 74' lang='lat' dir='ltr'><strong>smculi</strong></span> <span class='ocrx_word' id='word_1_330' title='bbox 1257 2635 1486 2690; x_wconf 78' lang='lat' dir='ltr'><strong>vitemus</strong></span> <span class='ocrx_word' id='word_1_331' title='bbox 1532 2640 1684 2692; x_wconf 85' lang='lat' dir='ltr'><strong>vani-</strong></span> 
     </span>
    </p>
   </div>
   <div class='ocr_carea' id='block_1_43' title="bbox 107 2718 1682 2792">
    <p class='ocr_par' dir='ltr' id='par_1_43' title="bbox 107 2718 1682 2792">
     <span class='ocr_line' id='line_1_43' title="bbox 107 2718 1682 2792; baseline 0.008 -23"><span class='ocrx_word' id='word_1_332' title='bbox 107 2725 281 2792; x_wconf 72' lang='lat' dir='ltr'><strong>tates.</strong></span> <span class='ocrx_word' id='word_1_333' title='bbox 312 2724 371 2769; x_wconf 92' lang='lat' dir='ltr'><strong>ut</strong></span> <span class='ocrx_word' id='word_1_334' title='bbox 394 2718 463 2771; x_wconf 91' lang='lat' dir='ltr'><strong>ad</strong></span> <span class='ocrx_word' id='word_1_335' title='bbox 490 2718 846 2772; x_wconf 88' lang='lat' dir='ltr'><strong>beatitudines</strong></span> <span class='ocrx_word' id='word_1_336' title='bbox 895 2719 1141 2774; x_wconf 75' lang='lat' dir='ltr'><strong>cmlestes</strong></span> <span class='ocrx_word' id='word_1_337' title='bbox 1167 2727 1449 2790; x_wconf 77' lang='lat' dir='ltr'><strong>pervenire</strong></span> <span class='ocrx_word' id='word_1_338' title='bbox 1474 2743 1682 2782; x_wconf 85' lang='lat' dir='ltr'><strong>merea-</strong></span> 
     </span>
    </p>
   </div>
   <div class='ocr_carea' id='block_1_44' title="bbox 110 2793 1680 2887">
    <p class='ocr_par' dir='ltr' id='par_1_44' title="bbox 110 2793 1680 2887">
     <span class='ocr_line' id='line_1_44' title="bbox 110 2793 1680 2887; baseline 0.011 -29"><span class='ocrx_word' id='word_1_339' title='bbox 110 2793 265 2859; x_wconf 78' lang='lat' dir='ltr'><strong>mur.</strong></span> <span class='ocrx_word' id='word_1_340' title='bbox 308 2805 434 2860; x_wconf 87' lang='lat' dir='ltr'><strong>Dies</strong></span> <span class='ocrx_word' id='word_1_341' title='bbox 463 2803 623 2875; x_wconf 87' lang='lat' dir='ltr'><strong>hujus</strong></span> <span class='ocrx_word' id='word_1_342' title='bbox 668 2809 810 2874; x_wconf 70' lang='lat' dir='ltr'><strong>vite,</strong></span> <span class='ocrx_word' id='word_1_343' title='bbox 839 2809 932 2878; x_wconf 88' lang='lat' dir='ltr'><strong>qui</strong></span> <span class='ocrx_word' id='word_1_344' title='bbox 979 2813 1134 2867; x_wconf 90' lang='lat' dir='ltr'><strong>nobis</strong></span> <span class='ocrx_word' id='word_1_345' title='bbox 1178 2825 1383 2870; x_wconf 88' lang='lat' dir='ltr'><strong>restare</strong></span> <span class='ocrx_word' id='word_1_346' title='bbox 1411 2818 1680 2887; x_wconf 88' lang='lat' dir='ltr'><strong>videntur,</strong></span> 
     </span>
    </p>
   </div>
   <div class='ocr_carea' id='block_1_45' title="bbox 105 2897 1684 2974">
    <p class='ocr_par' dir='ltr' id='par_1_45' title="bbox 105 2897 1684 2974">
     <span class='ocr_line' id='line_1_45' title="bbox 105 2897 1684 2974; baseline 0.011 -26"><span class='ocrx_word' id='word_1_347' title='bbox 105 2897 361 2951; x_wconf 75' lang='lat' dir='ltr'><strong>vivamus</strong></span> <span class='ocrx_word' id='word_1_348' title='bbox 382 2897 514 2962; x_wconf 92' lang='lat' dir='ltr'><strong>Deo,</strong></span> <span class='ocrx_word' id='word_1_349' title='bbox 541 2906 603 2951; x_wconf 89' lang='lat' dir='ltr'><strong>ut</strong></span> <span class='ocrx_word' id='word_1_350' title='bbox 631 2907 753 2966; x_wconf 88' lang='lat' dir='ltr'><strong>post</strong></span> <span class='ocrx_word' id='word_1_351' title='bbox 773 2900 911 2954; x_wconf 88' lang='lat' dir='ltr'><strong>hanc</strong></span> <span class='ocrx_word' id='word_1_352' title='bbox 939 2901 1080 2956; x_wconf 90' lang='lat' dir='ltr'><strong>illius</strong></span> <span class='ocrx_word' id='word_1_353' title='bbox 1107 2919 1500 2974; x_wconf 82' lang='lat' dir='ltr'><strong>consequamur</strong></span> <span class='ocrx_word' id='word_1_354' title='bbox 1524 2912 1684 2966; x_wconf 87' lang='lat' dir='ltr'><strong>mise-</strong></span> 
     </span>
    </p>
   </div>
   <div class='ocr_carea' id='block_1_46' title="bbox 106 2988 1686 3063">
    <p class='ocr_par' dir='ltr' id='par_1_46' title="bbox 106 2988 1686 3063">
     <span class='ocr_line' id='line_1_46' title="bbox 106 2988 1686 3063; baseline 0.01 -22"><span class='ocrx_word' id='word_1_355' title='bbox 106 2988 427 3044; x_wconf 89' lang='lat' dir='ltr'><strong>ricordiam.</strong></span> <span class='ocrx_word' id='word_1_356' title='bbox 469 2991 658 3043; x_wconf 89' lang='lat' dir='ltr'><strong>Divina</strong></span> <span class='ocrx_word' id='word_1_357' title='bbox 688 2991 787 3045; x_wconf 86' lang='lat' dir='ltr'><strong>tibi</strong></span> <span class='ocrx_word' id='word_1_358' title='bbox 819 2992 1105 3047; x_wconf 86' lang='lat' dir='ltr'><strong>clementia</strong></span> <span class='ocrx_word' id='word_1_359' title='bbox 1134 2995 1293 3063; x_wconf 72' lang='lat' dir='ltr'><strong>huius</strong></span> <span class='ocrx_word' id='word_1_360' title='bbox 1320 3001 1443 3055; x_wconf 74' lang='lat' dir='ltr'><strong>vitm</strong></span> <span class='ocrx_word' id='word_1_361' title='bbox 1471 3001 1587 3058; x_wconf 89' lang='lat' dir='ltr'><strong>dies</strong></span> <span class='ocrx_word' id='word_1_362' title='bbox 1609 3003 1686 3057; x_wconf 87' lang='lat' dir='ltr'><strong>fe-</strong></span> 
     </span>
    </p>
   </div>
   <div class='ocr_carea' id='block_1_47' title="bbox 105 3066 1682 3161">
    <p class='ocr_par' dir='ltr' id='par_1_47' title="bbox 105 3066 1682 3161">
     <span class='ocr_line' id='line_1_47' title="bbox 105 3066 1682 3161; baseline 0.012 -32"><span class='ocrx_word' id='word_1_363' title='bbox 105 3076 246 3132; x_wconf 90' lang='lat' dir='ltr'><strong>lices</strong></span> <span class='ocrx_word' id='word_1_364' title='bbox 264 3079 542 3152; x_wconf 81' lang='lat' dir='ltr'><strong>concedat,</strong></span> <span class='ocrx_word' id='word_1_365' title='bbox 572 3066 633 3133; x_wconf 85' lang='lat' dir='ltr'><strong>et</strong></span> <span class='ocrx_word' id='word_1_366' title='bbox 653 3071 908 3135; x_wconf 62' lang='lat' dir='ltr'><strong>aeternam</strong></span> <span class='ocrx_word' id='word_1_367' title='bbox 933 3098 1054 3136; x_wconf 92' lang='lat' dir='ltr'><strong>cum</strong></span> <span class='ocrx_word' id='word_1_368' title='bbox 1087 3087 1288 3140; x_wconf 88' lang='lat' dir='ltr'><strong>sanctis</strong></span> <span class='ocrx_word' id='word_1_369' title='bbox 1313 3089 1423 3142; x_wconf 88' lang='lat' dir='ltr'><strong>suis</strong></span> <span class='ocrx_word' id='word_1_370' title='bbox 1445 3092 1682 3161; x_wconf 86' lang='lat' dir='ltr'><strong>tribuere</strong></span> 
     </span>
    </p>
   </div>
   <div class='ocr_carea' id='block_1_48' title="bbox 104 3163 1460 3240">
    <p class='ocr_par' dir='ltr' id='par_1_48' title="bbox 104 3163 1460 3240">
     <span class='ocr_line' id='line_1_48' title="bbox 104 3163 1460 3240; baseline 0.007 -21"><span class='ocrx_word' id='word_1_371' title='bbox 104 3163 340 3234; x_wconf 71' lang='lat' dir='ltr'><strong>gloriam</strong></span> <span class='ocrx_word' id='word_1_372' title='bbox 364 3167 630 3238; x_wconf 82' lang='lat' dir='ltr'><strong>dignetur,</strong></span> <span class='ocrx_word' id='word_1_373' title='bbox 675 3169 886 3224; x_wconf 90' lang='lat' dir='ltr'><strong>domine</strong></span> <span class='ocrx_word' id='word_1_374' title='bbox 908 3179 1061 3240; x_wconf 89' lang='lat' dir='ltr'><strong>pater</strong></span> <span class='ocrx_word' id='word_1_375' title='bbox 1097 3173 1460 3232; x_wconf 85' lang='lat' dir='ltr'><strong>dilectissime.</strong></span> 
     </span>
    </p>
   </div>
   <div class='ocr_carea' id='block_1_49' title="bbox 597 3279 1155 3339">
    <p class='ocr_par' dir='ltr' id='par_1_49' title="bbox 597 3279 1155 3339">
     <span class='ocr_line' id='line_1_49' title="bbox 597 3279 1155 3339; baseline 0.009 -8"><span class='ocrx_word' id='word_1_376' title='bbox 597 3279 624 3318; x_wconf 70' lang='grc' dir='ltr'><em>δ</em></span> <span class='ocrx_word' id='word_1_377' title='bbox 665 3279 991 3336; x_wconf 82' lang='lat' dir='ltr'><strong>EPISTOLA</strong></span> <span class='ocrx_word' id='word_1_378' title='bbox 1022 3283 1155 3339; x_wconf 79' lang='lat' dir='ltr'><strong>LVI.</strong></span> 
     </span>
    </p>
   </div>
   <div class='ocr_carea' id='block_1_50' title="bbox 504 3385 1265 3432">
    <p class='ocr_par' dir='ltr' id='par_1_50' title="bbox 504 3385 1265 3432">
     <span class='ocr_line' id='line_1_50' title="bbox 504 3385 1265 3432; baseline 0.016 -11"><span class='ocrx_word' id='word_1_379' title='bbox 504 3385 572 3422; x_wconf 79' lang='grc' dir='ltr'><strong>ΔΙ)</strong></span> <span class='ocrx_word' id='word_1_380' title='bbox 596 3385 911 3425; x_wconf 66' lang='grc' dir='ltr'><strong>ΕΔΝΒΔΙᾸΠΙΙ</strong></span> <span class='ocrx_word' id='word_1_381' title='bbox 951 3390 1265 3432; x_wconf 68' lang='lat' dir='ltr'><strong>EPISCOPUI.</strong></span> 
     </span>
    </p>
   </div>
   <div class='ocr_carea' id='block_1_51' title="bbox 321 3457 1461 3540">
    <p class='ocr_par' dir='ltr' id='par_1_51' title="bbox 321 3457 1461 3540">
     <span class='ocr_line' id='line_1_51' title="bbox 321 3457 1461 3540; baseline 0.014 -32"><span class='ocrx_word' id='word_1_382' title='bbox 321 3457 500 3526; x_wconf 82' lang='lat' dir='ltr'><strong>(Anno</strong></span> <span class='ocrx_word' id='word_1_383' title='bbox 525 3458 650 3523; x_wconf 87' lang='lat'><strong>796,</strong></span> <span class='ocrx_word' id='word_1_384' title='bbox 683 3461 826 3515; x_wconf 88' lang='lat' dir='ltr'><strong>circa</strong></span> <span class='ocrx_word' id='word_1_385' title='bbox 853 3477 1092 3518; x_wconf 90' lang='lat' dir='ltr'><strong>mensem</strong></span> <span class='ocrx_word' id='word_1_386' title='bbox 1115 3465 1461 3540; x_wconf 78' lang='lat' dir='ltr'><strong>Augustum.)</strong></span> 
     </span>
    </p>
   </div>
   <div class='ocr_carea' id='block_1_52' title="bbox 104 3555 1676 3642">
    <p class='ocr_par' dir='ltr' id='par_1_52' title="bbox 104 3555 1676 3642">
     <span class='ocr_line' id='line_1_52' title="bbox 104 3555 1676 3642; baseline 0.009 -20"><span class='ocrx_word' id='word_1_387' title='bbox 104 3566 424 3642; x_wconf 72' lang='lat' dir='ltr'><strong>Gratulatur</strong></span> <span class='ocrx_word' id='word_1_388' title='bbox 466 3569 706 3642; x_wconf 84' lang='lat' dir='ltr'><strong>adeptam</strong></span> <span class='ocrx_word' id='word_1_389' title='bbox 757 3573 1102 3642; x_wconf 83' lang='lat' dir='ltr'><strong>dignitatem;</strong></span> <span class='ocrx_word' id='word_1_390' title='bbox 1139 3555 1382 3632; x_wconf 81' lang='lat' dir='ltr'><strong>hortatur</strong></span> <span class='ocrx_word' id='word_1_391' title='bbox 1404 3582 1474 3634; x_wconf 86' lang='lat' dir='ltr'><strong>ad</strong></span> <span class='ocrx_word' id='word_1_392' title='bbox 1496 3599 1676 3636; x_wconf 85' lang='lat' dir='ltr'><strong>curam</strong></span> 
     </span>
    </p>
   </div>
   <div class='ocr_carea' id='block_1_53' title="bbox 171 3637 1672 3710">
    <p class='ocr_par' dir='ltr' id='par_1_53' title="bbox 171 3637 1672 3710">
     <span class='ocr_line' id='line_1_53' title="bbox 171 3637 1672 3710; baseline 0.011 -21"><span class='ocrx_word' id='word_1_393' title='bbox 171 3637 512 3710; x_wconf 75' lang='lat' dir='ltr'><strong>pastoralem,</strong></span> <span class='ocrx_word' id='word_1_394' title='bbox 540 3637 588 3692; x_wconf 80' lang='lat' dir='ltr'><strong>et</strong></span> <span class='ocrx_word' id='word_1_395' title='bbox 614 3641 738 3695; x_wconf 82' lang='lat' dir='ltr'><strong>bene</strong></span> <span class='ocrx_word' id='word_1_396' title='bbox 761 3637 936 3696; x_wconf 67' lang='lat' dir='ltr'><strong>omnia</strong></span> <span class='ocrx_word' id='word_1_397' title='bbox 962 3637 1298 3710; x_wconf 72' lang='lat' dir='ltr'><strong>ordinanda;</strong></span> <span class='ocrx_word' id='word_1_398' title='bbox 1344 3665 1398 3701; x_wconf 70' lang='grc' dir='ltr'><strong>δε</strong></span> <span class='ocrx_word' id='word_1_399' title='bbox 1421 3666 1538 3703; x_wconf 83' lang='lat' dir='ltr'><strong>vero</strong></span> <span class='ocrx_word' id='word_1_400' title='bbox 1565 3669 1672 3706; x_wconf 71' lang='grc' dir='ltr'><strong>ηιθ-</strong></span> 
     </span>
    </p>
   </div>
   <div class='ocr_carea' id='block_1_54' title="bbox 173 3708 1165 3767">
    <p class='ocr_par' dir='ltr' id='par_1_54' title="bbox 173 3708 1165 3767">
     <span class='ocr_line' id='line_1_54' title="bbox 173 3708 1165 3767; baseline 0.007 -7"><span class='ocrx_word' id='word_1_401' title='bbox 173 3708 360 3761; x_wconf 69' lang='lat' dir='ltr'><strong>moria</strong></span> <span class='ocrx_word' id='word_1_402' title='bbox 385 3716 436 3761; x_wconf 81' lang='lat' dir='ltr'><strong>et</strong></span> <span class='ocrx_word' id='word_1_403' title='bbox 467 3711 788 3765; x_wconf 77' lang='lat' dir='ltr'><strong>orationibus</strong></span> <span class='ocrx_word' id='word_1_404' title='bbox 823 3714 1165 3767; x_wconf 86' lang='lat' dir='ltr'><strong>commendat.</strong></span> 
     </span>
    </p>
   </div>
   <div class='ocr_carea' id='block_1_55' title="bbox 174 3795 1671 3880">
    <p class='ocr_par' dir='ltr' id='par_1_55' title="bbox 174 3795 1671 3880">
     <span class='ocr_line' id='line_1_55' title="bbox 174 3795 1671 3880; baseline 0.011 -32"><span class='ocrx_word' id='word_1_405' title='bbox 174 3795 535 3852; x_wconf 89' lang='lat' dir='ltr'><strong>Dilectissimo</strong></span> <span class='ocrx_word' id='word_1_406' title='bbox 559 3798 614 3851; x_wconf 91' lang='lat' dir='ltr'><strong>in</strong></span> <span class='ocrx_word' id='word_1_407' title='bbox 641 3798 854 3855; x_wconf 90' lang='lat' dir='ltr'><strong>Christo</strong></span> <span class='ocrx_word' id='word_1_408' title='bbox 899 3800 1008 3856; x_wconf 85' lang='lat' dir='ltr'><strong>lilio</strong></span> <span class='ocrx_word' id='word_1_409' title='bbox 1040 3813 1062 3840; x_wconf 72' lang='grc' dir='ltr'><strong>θ</strong></span> <span class='ocrx_word' id='word_1_410' title='bbox 1103 3803 1379 3860; x_wconf 87' lang='lat' dir='ltr'><strong>Eanbaldo</strong></span> <span class='ocrx_word' id='word_1_411' title='bbox 1404 3809 1671 3880; x_wconf 89' lang='lat' dir='ltr'><strong>archiepi-</strong></span> 
     </span>
    </p>
   </div>
   <div class='ocr_carea' id='block_1_56' title="bbox 102 3887 1526 3958">
    <p class='ocr_par' dir='ltr' id='par_1_56' title="bbox 102 3887 1526 3958">
     <span class='ocr_line' id='line_1_56' title="bbox 102 3887 1526 3958; baseline 0.011 -20"><span class='ocrx_word' id='word_1_412' title='bbox 102 3900 266 3955; x_wconf 83' lang='lat' dir='ltr'><strong>scopo</strong></span> <span class='ocrx_word' id='word_1_413' title='bbox 287 3887 513 3940; x_wconf 88' lang='lat' dir='ltr'><strong>devotus</strong></span> <span class='ocrx_word' id='word_1_414' title='bbox 530 3902 627 3954; x_wconf 91' lang='lat' dir='ltr'><strong>per</strong></span> <span class='ocrx_word' id='word_1_415' title='bbox 647 3891 826 3944; x_wconf 88' lang='lat' dir='ltr'><strong>omnia</strong></span> <span class='ocrx_word' id='word_1_416' title='bbox 855 3900 1008 3958; x_wconf 88' lang='lat' dir='ltr'><strong>pater</strong></span> <span class='ocrx_word' id='word_1_417' title='bbox 1031 3891 1254 3949; x_wconf 84' lang='lat' dir='ltr'><strong>Albinus</strong></span> <span class='ocrx_word' id='word_1_418' title='bbox 1277 3897 1526 3954; x_wconf 89' lang='lat' dir='ltr'><strong>salutem.</strong></span> 
     </span>
    </p>
   </div>
   <div class='ocr_carea' id='block_1_57' title="bbox 171 3973 1664 4060">
    <p class='ocr_par' dir='ltr' id='par_1_57' title="bbox 171 3973 1664 4060">
     <span class='ocr_line' id='line_1_57' title="bbox 171 3973 1664 4060; baseline 0.013 -34"><span class='ocrx_word' id='word_1_419' title='bbox 171 3973 360 4045; x_wconf 82' lang='lat' dir='ltr'><strong>[Laus</strong></span> <span class='ocrx_word' id='word_1_420' title='bbox 407 3983 462 4026; x_wconf 89' lang='lat' dir='ltr'><strong>et</strong></span> <span class='ocrx_word' id='word_1_421' title='bbox 503 3975 669 4043; x_wconf 90' lang='lat' dir='ltr'><strong>gloria</strong></span> <span class='ocrx_word' id='word_1_422' title='bbox 717 3978 941 4035; x_wconf 91' lang='lat' dir='ltr'><strong>Domino</strong></span> <span class='ocrx_word' id='word_1_423' title='bbox 986 3981 1096 4036; x_wconf 89' lang='lat' dir='ltr'><strong>Deo</strong></span> <span class='ocrx_word' id='word_1_424' title='bbox 1146 3986 1522 4054; x_wconf 89' lang='lat' dir='ltr'><strong>omnipotenti,</strong></span> <span class='ocrx_word' id='word_1_425' title='bbox 1573 3993 1664 4060; x_wconf 89' lang='lat' dir='ltr'><strong>qui</strong></span> 
     </span>
    </p>
   </div>
   <div class='ocr_carea' id='block_1_58' title="bbox 98 4062 1664 4143">
    <p class='ocr_par' dir='ltr' id='par_1_58' title="bbox 98 4062 1664 4143">
     <span class='ocr_line' id='line_1_58' title="bbox 98 4062 1664 4143; baseline 0.013 -27"><span class='ocrx_word' id='word_1_426' title='bbox 98 4063 215 4118; x_wconf 90' lang='lat' dir='ltr'><strong>dies</strong></span> <span class='ocrx_word' id='word_1_427' title='bbox 241 4077 396 4118; x_wconf 90' lang='lat' dir='ltr'><strong>meos</strong></span> <span class='ocrx_word' id='word_1_428' title='bbox 443 4062 497 4117; x_wconf 91' lang='lat' dir='ltr'><strong>in</strong></span> <span class='ocrx_word' id='word_1_429' title='bbox 545 4067 900 4134; x_wconf 89' lang='lat' dir='ltr'><strong>prosperitate</strong></span> <span class='ocrx_word' id='word_1_430' title='bbox 943 4070 1084 4125; x_wconf 91' lang='lat' dir='ltr'><strong>bona</strong></span> <span class='ocrx_word' id='word_1_431' title='bbox 1132 4079 1490 4143; x_wconf 84' lang='lat' dir='ltr'><strong>conservavit,</strong></span> <span class='ocrx_word' id='word_1_432' title='bbox 1527 4082 1664 4135; x_wconf 90' lang='lat' dir='ltr'><strong>utin</strong></span> 
     </span>
    </p>
   </div>
   <div class='ocr_carea' id='block_1_59' title="bbox 166 4191 1660 4264">
    <p class='ocr_par' dir='ltr' id='par_1_59' title="bbox 166 4191 1660 4264">
     <span class='ocr_line' id='line_1_59' title="bbox 166 4191 1660 4264; baseline 0.014 -20"><span class='ocrx_word' id='word_1_433' title='bbox 166 4205 201 4264; x_wconf 14' lang='grc' dir='ltr'>ιν</span> <span class='ocrx_word' id='word_1_434' title='bbox 235 4191 394 4264; x_wconf 75' lang='lat' dir='ltr'><strong>Regia</strong></span> <span class='ocrx_word' id='word_1_435' title='bbox 447 4194 676 4249; x_wconf 86' lang='lat' dir='ltr'><strong>tardatio</strong></span> <span class='ocrx_word' id='word_1_436' title='bbox 704 4197 757 4252; x_wconf 85' lang='lat' dir='ltr'><strong>in</strong></span> <span class='ocrx_word' id='word_1_437' title='bbox 796 4197 1050 4255; x_wconf 75' lang='lat' dir='ltr'><strong>Saxonia.</strong></span> <span class='ocrx_word' id='word_1_438' title='bbox 1091 4203 1168 4259; x_wconf 91' lang='lat' dir='ltr'><strong>De</strong></span> <span class='ocrx_word' id='word_1_439' title='bbox 1219 4205 1319 4260; x_wconf 87' lang='lat' dir='ltr'><strong>ista</strong></span> <span class='ocrx_word' id='word_1_440' title='bbox 1360 4210 1660 4264; x_wconf 89' lang='lat' dir='ltr'><strong>tardatione</strong></span> 
     </span>
    </p>
   </div>
   <div class='ocr_carea' id='block_1_60' title="bbox 93 4263 1658 4400">
    <p class='ocr_par' dir='ltr' id='par_1_60' title="bbox 93 4263 1658 4400">
     <span class='ocr_line' id='line_1_60' title="bbox 95 4263 1658 4333; baseline 0.012 -17"><span class='ocrx_word' id='word_1_441' title='bbox 95 4263 241 4333; x_wconf 82' lang='lat' dir='ltr'><strong>regis</strong></span> <span class='ocrx_word' id='word_1_442' title='bbox 277 4263 572 4318; x_wconf 88' lang='lat' dir='ltr'><strong>chronicon</strong></span> <span class='ocrx_word' id='word_1_443' title='bbox 612 4266 958 4324; x_wconf 81' lang='lat' dir='ltr'><strong>Muisiacense</strong></span> <span class='ocrx_word' id='word_1_444' title='bbox 983 4274 1048 4326; x_wconf 88' lang='lat' dir='ltr'><strong>ad</strong></span> <span class='ocrx_word' id='word_1_445' title='bbox 1069 4289 1268 4328; x_wconf 89' lang='lat' dir='ltr'><strong>annum</strong></span> <span class='ocrx_word' id='word_1_446' title='bbox 1293 4276 1396 4331; x_wconf 82' lang='lat'><strong>796</strong></span> <span class='ocrx_word' id='word_1_447' title='bbox 1430 4279 1543 4332; x_wconf 62' lang='lat' dir='ltr'><strong>haec</strong></span> <span class='ocrx_word' id='word_1_448' title='bbox 1564 4263 1658 4332; x_wconf 45' lang='lat' dir='ltr'><strong>ha;</strong></span> 
     </span>
     <span class='ocr_line' id='line_1_61' title="bbox 93 4332 1658 4400; baseline 0.008 -13"><span class='ocrx_word' id='word_1_449' title='bbox 93 4333 224 4387; x_wconf 89' lang='lat' dir='ltr'><strong>bet:</strong></span> <span class='ocrx_word' id='word_1_450' title='bbox 263 4350 282 4382; x_wconf 74' lang='grc' dir='ltr'><strong>ι</strong></span> <span class='ocrx_word' id='word_1_451' title='bbox 329 4332 387 4386; x_wconf 90' lang='lat' dir='ltr'><strong>In</strong></span> <span class='ocrx_word' id='word_1_452' title='bbox 418 4334 530 4399; x_wconf 88' lang='lat' dir='ltr'><strong>ipsa</strong></span> <span class='ocrx_word' id='word_1_453' title='bbox 559 4343 744 4389; x_wconf 71' lang='lat' dir='ltr'><strong>testate</strong></span> <span class='ocrx_word' id='word_1_454' title='bbox 781 4338 892 4400; x_wconf 89' lang='lat' dir='ltr'><strong>ipse</strong></span> <span class='ocrx_word' id='word_1_455' title='bbox 949 4355 1042 4393; x_wconf 91' lang='lat' dir='ltr'><strong>rex</strong></span> <span class='ocrx_word' id='word_1_456' title='bbox 1082 4341 1304 4398; x_wconf 89' lang='lat' dir='ltr'><strong>Carolus</strong></span> <span class='ocrx_word' id='word_1_457' title='bbox 1353 4346 1658 4400; x_wconf 89' lang='lat' dir='ltr'><strong>demoratus</strong></span> 
     </span>
    </p>
   </div>
   <div class='ocr_carea' id='block_1_61' title="bbox 211 4350 1658 4401">
    <p class='ocr_par' dir='ltr' id='par_1_61' title="bbox 211 4350 1658 4401">
     <span class='ocr_line' id='line_1_62' title="bbox 211 4350 1658 4401; baseline 0.01 -15"><span class='ocrx_word' id='word_1_458' title='bbox 211 4351 224 4386; x_wconf 88' lang='lat'>:</span> <span class='ocrx_word' id='word_1_459' title='bbox 263 4350 306 4401; x_wconf 15' lang='grc' dir='ltr'><strong>«ί</strong></span> <span class='ocrx_word' id='word_1_460' title='bbox 329 4350 387 4386; x_wconf 89' lang='grc' dir='ltr'><strong>ιιι</strong></span> <span class='ocrx_word' id='word_1_461' title='bbox 418 4350 530 4399; x_wconf 79' lang='lat' dir='ltr'><strong>Ipsa</strong></span> <span class='ocrx_word' id='word_1_462' title='bbox 559 4350 744 4389; x_wconf 63' lang='lat' dir='ltr'><strong>amate</strong></span> <span class='ocrx_word' id='word_1_463' title='bbox 781 4353 892 4401; x_wconf 81' lang='lat' dir='ltr'><strong>ipse</strong></span> <span class='ocrx_word' id='word_1_464' title='bbox 949 4355 1042 4393; x_wconf 91' lang='lat' dir='ltr'><strong>rex</strong></span> <span class='ocrx_word' id='word_1_465' title='bbox 1082 4350 1304 4398; x_wconf 86' lang='lat' dir='ltr'><strong>Carolus</strong></span> <span class='ocrx_word' id='word_1_466' title='bbox 1353 4350 1658 4401; x_wconf 90' lang='lat' dir='ltr'><strong>demoratus</strong></span> 
     </span>
    </p>
   </div>
   <div class='ocr_carea' id='block_1_62' title="bbox 91 4353 1656 4480">
    <p class='ocr_par' dir='ltr' id='par_1_62' title="bbox 91 4353 1656 4480">
     <span class='ocr_line' id='line_1_63' title="bbox 93 4353 1656 4404; baseline 0.009 -17"><span class='ocrx_word' id='word_1_467' title='bbox 93 4353 224 4387; x_wconf 82' lang='lat' dir='ltr'><strong>Det:</strong></span> <span class='ocrx_word' id='word_1_468' title='bbox 263 4353 282 4382; x_wconf 77' lang='grc' dir='ltr'><strong>ι</strong></span> <span class='ocrx_word' id='word_1_469' title='bbox 329 4353 387 4386; x_wconf 89' lang='grc' dir='ltr'><strong>ιιι</strong></span> <span class='ocrx_word' id='word_1_470' title='bbox 418 4353 530 4399; x_wconf 81' lang='lat' dir='ltr'><strong>ipsa</strong></span> <span class='ocrx_word' id='word_1_471' title='bbox 559 4353 744 4389; x_wconf 62' lang='lat' dir='ltr'><strong>amate</strong></span> <span class='ocrx_word' id='word_1_472' title='bbox 781 4353 892 4404; x_wconf 81' lang='lat' dir='ltr'><strong>ipse</strong></span> <span class='ocrx_word' id='word_1_473' title='bbox 949 4355 1042 4393; x_wconf 89' lang='lat' dir='ltr'><strong>rex</strong></span> <span class='ocrx_word' id='word_1_474' title='bbox 1082 4353 1304 4398; x_wconf 81' lang='lat' dir='ltr'><strong>Carolus</strong></span> <span class='ocrx_word' id='word_1_475' title='bbox 1353 4353 1656 4401; x_wconf 90' lang='lat' dir='ltr'><strong>demoratus</strong></span> 
     </span>
     <span class='ocr_line' id='line_1_64' title="bbox 91 4400 1656 4480; baseline 0.01 -24"><span class='ocrx_word' id='word_1_476' title='bbox 91 4403 256 4480; x_wconf 88' lang='lat' dir='ltr'><strong>est_in</strong></span> <span class='ocrx_word' id='word_1_477' title='bbox 276 4400 522 4480; x_wconf 67' lang='lat' dir='ltr'><strong>Saxonis</strong></span> <span class='ocrx_word' id='word_1_478' title='bbox 540 4417 681 4480; x_wconf 80' lang='lat' dir='ltr'><strong>cum</strong></span> <span class='ocrx_word' id='word_1_479' title='bbox 718 4405 923 4460; x_wconf 88' lang='lat' dir='ltr'><strong>duobus</strong></span> <span class='ocrx_word' id='word_1_480' title='bbox 957 4408 1080 4464; x_wconf 85' lang='lat' dir='ltr'><strong>filiis</strong></span> <span class='ocrx_word' id='word_1_481' title='bbox 1104 4413 1235 4477; x_wconf 89' lang='lat' dir='ltr'><strong>suis,</strong></span> <span class='ocrx_word' id='word_1_482' title='bbox 1260 4414 1313 4467; x_wconf 91' lang='lat' dir='ltr'><strong>id</strong></span> <span class='ocrx_word' id='word_1_483' title='bbox 1335 4415 1656 4480; x_wconf 85' lang='lat' dir='ltr'><strong>est,-Carolo</strong></span> 
     </span>
    </p>
   </div>
   <div class='ocr_carea' id='block_1_63' title="bbox 91 4469 1555 4534">
    <p class='ocr_par' dir='ltr' id='par_1_63' title="bbox 91 4469 1555 4534">
     <span class='ocr_line' id='line_1_65' title="bbox 91 4469 1555 4534; baseline 0.004 -9"><span class='ocrx_word' id='word_1_484' title='bbox 91 4481 146 4525; x_wconf 87' lang='lat' dir='ltr'><strong>et</strong></span> <span class='ocrx_word' id='word_1_485' title='bbox 172 4469 470 4534; x_wconf 84' lang='lat' dir='ltr'><strong>Ludovico,</strong></span> <span class='ocrx_word' id='word_1_486' title='bbox 499 4478 604 4524; x_wconf 88' lang='lat' dir='ltr'><strong>etc.</strong></span> <span class='ocrx_word' id='word_1_487' title='bbox 642 4491 661 4523; x_wconf 72' lang='grc' dir='ltr'><strong>ι</strong></span> <span class='ocrx_word' id='word_1_488' title='bbox 1222 4469 1234 4477; x_wconf 89' lang='grc'><strong>’</strong></span> <span class='ocrx_word' id='word_1_489' title='bbox 1424 4469 1436 4480; x_wconf 88' lang='grc'><strong>’</strong></span> <span class='ocrx_word' id='word_1_490' title='bbox 1504 4502 1506 4505; x_wconf 92' lang='grc'>·</span> <span class='ocrx_word' id='word_1_491' title='bbox 1553 4505 1555 4507; x_wconf 61' lang='grc' dir='ltr'><strong>ι</strong></span> 
     </span>
    </p>
   </div>
   <div class='ocr_carea' id='block_1_64' title="bbox 159 4539 1610 4619">
    <p class='ocr_par' dir='ltr' id='par_1_64' title="bbox 159 4539 1610 4619">
     <span class='ocr_line' id='line_1_66' title="bbox 159 4539 1610 4619; baseline 0.019 -37"><span class='ocrx_word' id='word_1_492' title='bbox 159 4541 188 4582; x_wconf 71' lang='grc' dir='ltr'>δ</span> <span class='ocrx_word' id='word_1_493' title='bbox 223 4539 706 4619; x_wconf 50' lang='grc' dir='ltr'><strong>μὺςνιιβιεειίρηε.</strong></span> <span class='ocrx_word' id='word_1_494' title='bbox 746 4543 865 4597; x_wconf 86' lang='lat' dir='ltr'><strong>Vid.</strong></span> <span class='ocrx_word' id='word_1_495' title='bbox 893 4545 1181 4619; x_wconf 79' lang='lat' dir='ltr'><strong>epistolam</strong></span> <span class='ocrx_word' id='word_1_496' title='bbox 1200 4551 1453 4618; x_wconf 90' lang='lat' dir='ltr'><strong>priorem.</strong></span> <span class='ocrx_word' id='word_1_497' title='bbox 1604 4610 1610 4616; x_wconf 75' lang='grc'><strong>,</strong></span> 
     </span>
    </p>
   </div>
   <div class='ocr_carea' id='block_1_65' title="bbox 159 4606 1658 4691">
    <p class='ocr_par' dir='ltr' id='par_1_65' title="bbox 159 4606 1658 4691">
     <span class='ocr_line' id='line_1_67' title="bbox 159 4606 1658 4691; baseline 0.014 -31"><span class='ocrx_word' id='word_1_498' title='bbox 159 4622 183 4649; x_wconf 76' lang='grc' dir='ltr'><strong>ο</strong></span> <span class='ocrx_word' id='word_1_499' title='bbox 225 4606 664 4691; x_wconf 53' lang='grc' dir='ltr'><strong>Ηοηειιίειιιουιιιλ</strong></span> <span class='ocrx_word' id='word_1_500' title='bbox 686 4627 806 4681; x_wconf 69' lang='lat' dir='ltr'><strong>quae</strong></span> <span class='ocrx_word' id='word_1_501' title='bbox 851 4606 1112 4685; x_wconf 79' lang='lat' dir='ltr'><strong>sequitur,</strong></span> <span class='ocrx_word' id='word_1_502' title='bbox 1152 4606 1304 4674; x_wconf 75' lang='lat' dir='ltr'><strong>deest</strong></span> <span class='ocrx_word' id='word_1_503' title='bbox 1328 4623 1469 4691; x_wconf 87' lang='lat' dir='ltr'><strong>apud</strong></span> <span class='ocrx_word' id='word_1_504' title='bbox 1498 4610 1658 4681; x_wconf 85' lang='lat' dir='ltr'><strong>Cani-</strong></span> 
     </span>
    </p>
   </div>
   <div class='ocr_carea' id='block_1_66' title="bbox 88 4678 1644 4747">
    <p class='ocr_par' dir='ltr' id='par_1_66' title="bbox 88 4678 1644 4747">
     <span class='ocr_line' id='line_1_68' title="bbox 88 4678 1644 4747; baseline 0.008 -14"><span class='ocrx_word' id='word_1_505' title='bbox 88 4681 262 4742; x_wconf 88' lang='lat' dir='ltr'><strong>sium;</strong></span> <span class='ocrx_word' id='word_1_506' title='bbox 307 4678 547 4747; x_wconf 81' lang='lat' dir='ltr'><strong>suppleta</strong></span> <span class='ocrx_word' id='word_1_507' title='bbox 572 4695 602 4733; x_wconf 89' lang='lat' dir='ltr'><strong>a</strong></span> <span class='ocrx_word' id='word_1_508' title='bbox 624 4678 961 4746; x_wconf 78' lang='lat' dir='ltr'><strong>Quercetano</strong></span> <span class='ocrx_word' id='word_1_509' title='bbox 995 4701 1061 4740; x_wconf 87' lang='lat' dir='ltr'><strong>ex</strong></span> <span class='ocrx_word' id='word_1_510' title='bbox 1098 4678 1198 4742; x_wconf 81' lang='lat' dir='ltr'><strong>ins.</strong></span> <span class='ocrx_word' id='word_1_511' title='bbox 1360 4678 1380 4691; x_wconf 74' lang='grc'><strong>⁸</strong></span> <span class='ocrx_word' id='word_1_512' title='bbox 1512 4678 1533 4734; x_wconf 61' lang='grc' dir='ltr'>ἶ</span> 
     </span>
    </p>
   </div>
   <div class='ocr_carea' id='block_1_67' title="bbox 153 4747 1655 4832">
    <p class='ocr_par' dir='ltr' id='par_1_67' title="bbox 153 4747 1655 4832">
     <span class='ocr_line' id='line_1_69' title="bbox 153 4747 1655 4832; baseline 0.013 -30"><span class='ocrx_word' id='word_1_513' title='bbox 153 4748 181 4831; x_wconf 62' lang='grc' dir='ltr'>ξι</span> <span class='ocrx_word' id='word_1_514' title='bbox 222 4747 567 4832; x_wconf 62' lang='lat' dir='ltr'><strong>Clarissimus</strong></span> <span class='ocrx_word' id='word_1_515' title='bbox 607 4748 790 4832; x_wconf 71' lang='lat' dir='ltr'><strong>Justus</strong></span> <span class='ocrx_word' id='word_1_516' title='bbox 829 4753 1158 4832; x_wconf 63' lang='lat' dir='ltr'><strong>Fontaninus</strong></span> <span class='ocrx_word' id='word_1_517' title='bbox 1203 4759 1346 4832; x_wconf 17' lang='lat' dir='ltr'><strong>hanc,</strong></span> <span class='ocrx_word' id='word_1_518' title='bbox 1362 4763 1655 4832; x_wconf 70' lang='lat' dir='ltr'><strong>epistolam</strong></span> 
     </span>
    </p>
   </div>
   <div class='ocr_carea' id='block_1_68' title="bbox 84 4816 1654 4899">
    <p class='ocr_par' dir='ltr' id='par_1_68' title="bbox 84 4816 1654 4899">
     <span class='ocr_line' id='line_1_70' title="bbox 84 4816 1654 4899; baseline 0.014 -30"><span class='ocrx_word' id='word_1_519' title='bbox 84 4816 512 4899; x_wconf 39' lang='lat' dir='ltr'><strong>primusl‘edi‘dit,‘</strong></span> <span class='ocrx_word' id='word_1_520' title='bbox 531 4835 654 4874; x_wconf 92' lang='lat' dir='ltr'><strong>cum</strong></span> <span class='ocrx_word' id='word_1_521' title='bbox 673 4816 816 4899; x_wconf 57' lang='lat' dir='ltr'><strong>notis</strong></span> <span class='ocrx_word' id='word_1_522' title='bbox 841 4825 1050 4899; x_wconf 80' lang='lat' dir='ltr'><strong>abbatis</strong></span> <span class='ocrx_word' id='word_1_523' title='bbox 1074 4826 1346 4899; x_wconf 33' lang='lat' dir='ltr'><strong>Dominici&#39;</strong></span> <span class='ocrx_word' id='word_1_524' title='bbox 1361 4816 1654 4899; x_wconf 48' lang='lat' dir='ltr'><strong>Passion—ei,</strong></span> 
     </span>
    </p>
   </div>
   <div class='ocr_carea' id='block_1_69' title="bbox 84 4886 1654 4960">
    <p class='ocr_par' dir='ltr' id='par_1_69' title="bbox 84 4886 1654 4960">
     <span class='ocr_line' id='line_1_71' title="bbox 84 4886 1654 4960; baseline 0.001 -16"><span class='ocrx_word' id='word_1_525' title='bbox 84 4886 271 4958; x_wconf 86' lang='lat' dir='ltr'><strong>postea</strong></span> <span class='ocrx_word' id='word_1_526' title='bbox 299 4886 358 4942; x_wconf 89' lang='lat' dir='ltr'><strong>S.</strong></span> <span class='ocrx_word' id='word_1_527' title='bbox 381 4887 447 4941; x_wconf 71' lang='grc' dir='ltr'><strong>ἢ.</strong></span> <span class='ocrx_word' id='word_1_528' title='bbox 469 4886 863 4960; x_wconf 63' lang='lat' dir='ltr'><strong>E._cardin:llis,</strong></span> <span class='ocrx_word' id='word_1_529' title='bbox 888 4893 941 4945; x_wconf 92' lang='lat' dir='ltr'><strong>in</strong></span> <span class='ocrx_word' id='word_1_530' title='bbox 969 4893 1271 4960; x_wconf 80' lang='lat' dir='ltr'><strong>Appendioc</strong></span> <span class='ocrx_word' id='word_1_531' title='bbox 1296 4901 1364 4955; x_wconf 78' lang='lat' dir='ltr'><strong>ad</strong></span> <span class='ocrx_word' id='word_1_532' title='bbox 1387 4886 1654 4960; x_wconf 59' lang='grc' dir='ltr'><strong>νίιίᾱίξίῌέ</strong></span> 
     </span>
    </p>
   </div>
   <div class='ocr_carea' id='block_1_70' title="bbox 85 4957 1704 5035">
    <p class='ocr_par' dir='ltr' id='par_1_70' title="bbox 85 4957 1704 5035">
     <span class='ocr_line' id='line_1_72' title="bbox 85 4957 1704 5035; baseline 0.011 -24"><span class='ocrx_word' id='word_1_533' title='bbox 85 4957 936 5035; x_wconf 46' lang='lat' dir='ltr'><strong>antiquommAdiplomatumpag.</strong></span> <span class='ocrx_word' id='word_1_534' title='bbox 959 4957 1395 5035; x_wconf 28' lang='lat' dir='ltr'><strong>2663ABasnagius</strong></span> <span class='ocrx_word' id='word_1_535' title='bbox 1412 4957 1654 5027; x_wconf 76' lang='lat' dir='ltr'><strong>eamdem</strong></span> <span class='ocrx_word' id='word_1_536' title='bbox 1696 5011 1704 5019; x_wconf 77' lang='grc'><strong><em>.</em></strong></span> 
     </span>
    </p>
   </div>
   <div class='ocr_carea' id='block_1_71' title="bbox 85 5025 1654 5102">
    <p class='ocr_par' dir='ltr' id='par_1_71' title="bbox 85 5025 1654 5102">
     <span class='ocr_line' id='line_1_73' title="bbox 85 5025 1654 5102; baseline 0.009 -21"><span class='ocrx_word' id='word_1_537' title='bbox 85 5025 388 5102; x_wconf 73' lang='lat' dir='ltr'><strong>collectioni</strong></span> <span class='ocrx_word' id='word_1_538' title='bbox 409 5025 706 5102; x_wconf 73' lang='lat' dir='ltr'><strong>Catiisianze</strong></span> <span class='ocrx_word' id='word_1_539' title='bbox 726 5025 1023 5102; x_wconf 17' lang='lat' dir='ltr'><strong>‘sulijuiixit.</strong></span> <span class='ocrx_word' id='word_1_540' title='bbox 1056 5030 1263 5102; x_wconf 86' lang='lat' dir='ltr'><strong>Ubique</strong></span> <span class='ocrx_word' id='word_1_541' title='bbox 1276 5025 1409 5090; x_wconf 61' lang='lat' dir='ltr'><strong>vero</strong></span> <span class='ocrx_word' id='word_1_542' title='bbox 1430 5025 1654 5096; x_wconf 81' lang='lat' dir='ltr'><strong>initioet</strong></span> 
     </span>
    </p>
   </div>
   <div class='ocr_carea' id='block_1_72' title="bbox 85 5095 1651 5171">
    <p class='ocr_par' dir='ltr' id='par_1_72' title="bbox 85 5095 1651 5171">
     <span class='ocr_line' id='line_1_74' title="bbox 85 5095 1651 5171; baseline 0.01 -21"><span class='ocrx_word' id='word_1_543' title='bbox 85 5097 190 5152; x_wconf 82' lang='lat' dir='ltr'><strong>fine</strong></span> <span class='ocrx_word' id='word_1_544' title='bbox 228 5095 419 5171; x_wconf 69' lang='lat' dir='ltr'><strong>mutila</strong></span> <span class='ocrx_word' id='word_1_545' title='bbox 454 5104 571 5171; x_wconf 47' lang='lat' dir='ltr'><strong>esti</strong></span> <span class='ocrx_word' id='word_1_546' title='bbox 607 5097 695 5171; x_wconf 82' lang='lat' dir='ltr'><strong>hic</strong></span> <span class='ocrx_word' id='word_1_547' title='bbox 721 5099 980 5171; x_wconf 82' lang='lat' dir='ltr'><strong>integram</strong></span> <span class='ocrx_word' id='word_1_548' title='bbox 1010 5095 1284 5171; x_wconf 71' lang='lat' dir='ltr'><strong>magisque</strong></span> <span class='ocrx_word' id='word_1_549' title='bbox 1311 5095 1651 5165; x_wconf 86' lang='lat' dir='ltr'><strong>emendatam</strong></span> 
     </span>
    </p>
   </div>
   <div class='ocr_carea' id='block_1_73' title="bbox 86 5165 1652 5239">
    <p class='ocr_par' dir='ltr' id='par_1_73' title="bbox 86 5165 1652 5239">
     <span class='ocr_line' id='line_1_75' title="bbox 86 5165 1652 5239; baseline 0.008 -19"><span class='ocrx_word' id='word_1_550' title='bbox 86 5180 148 5220; x_wconf 84' lang='lat' dir='ltr'><strong>ex</strong></span> <span class='ocrx_word' id='word_1_551' title='bbox 173 5165 302 5239; x_wconf 87' lang='lat' dir='ltr'><strong>eod_.</strong></span> <span class='ocrx_word' id='word_1_552' title='bbox 331 5180 432 5239; x_wconf 83' lang='lat' dir='ltr'><strong>ms.</strong></span> <span class='ocrx_word' id='word_1_553' title='bbox 464 5165 759 5239; x_wconf 74' lang='lat' dir='ltr'><strong>Salisburg.</strong></span> <span class='ocrx_word' id='word_1_554' title='bbox 793 5165 1126 5239; x_wconf 54' lang='lat' dir='ltr'><strong>eihibemus:</strong></span> <span class='ocrx_word' id='word_1_555' title='bbox 1161 5165 1482 5231; x_wconf 74' lang='lat' dir='ltr'><strong>Prolixiores</strong></span> <span class='ocrx_word' id='word_1_556' title='bbox 1509 5179 1652 5233; x_wconf 86' lang='lat' dir='ltr'><strong>Emi-</strong></span> 
     </span>
    </p>
   </div>
   <div class='ocr_carea' id='block_1_74' title="bbox 85 5232 1650 5317">
    <p class='ocr_par' dir='ltr' id='par_1_74' title="bbox 85 5232 1650 5317">
     <span class='ocr_line' id='line_1_76' title="bbox 85 5232 1650 5317; baseline 0.01 -29"><span class='ocrx_word' id='word_1_557' title='bbox 85 5241 231 5317; x_wconf 77' lang='lat' dir='ltr'><strong>nent.</strong></span> <span class='ocrx_word' id='word_1_558' title='bbox 265 5232 535 5317; x_wconf 75' lang='lat' dir='ltr'><strong>Passionei</strong></span> <span class='ocrx_word' id='word_1_559' title='bbox 566 5232 739 5303; x_wconf 70' lang='lat' dir='ltr'><strong>notas&#39;,</strong></span> <span class='ocrx_word' id='word_1_560' title='bbox 778 5254 929 5296; x_wconf 85' lang='lat' dir='ltr'><strong>sacra</strong></span> <span class='ocrx_word' id='word_1_561' title='bbox 967 5238 1091 5294; x_wconf 87' lang='lat' dir='ltr'><strong>licet</strong></span> <span class='ocrx_word' id='word_1_562' title='bbox 1124 5243 1422 5307; x_wconf 86' lang='lat' dir='ltr'><strong>eruditione</strong></span> <span class='ocrx_word' id='word_1_563' title='bbox 1445 5232 1650 5317; x_wconf 81' lang='lat' dir='ltr'><strong>plenas,</strong></span> 
     </span>
    </p>
   </div>
   <div class='ocr_carea' id='block_1_75' title="bbox 87 5310 667 5358">
    <p class='ocr_par' dir='ltr' id='par_1_75' title="bbox 87 5310 667 5358">
     <span class='ocr_line' id='line_1_77' title="bbox 87 5310 667 5358; baseline -0.003 0"><span class='ocrx_word' id='word_1_564' title='bbox 87 5310 473 5358; x_wconf 79' lang='lat' dir='ltr'><strong>contraximus.</strong></span> <span class='ocrx_word' id='word_1_565' title='bbox 664 5319 667 5321; x_wconf 55' lang='grc' dir='ltr'><strong>ί</strong></span> 
     </span>
    </p>
   </div>
   <div class='ocr_carea' id='block_1_76' title="bbox 154 5370 1649 5458">
    <p class='ocr_par' dir='ltr' id='par_1_76' title="bbox 154 5370 1649 5458">
     <span class='ocr_line' id='line_1_78' title="bbox 154 5370 1649 5458; baseline 0.014 -36"><span class='ocrx_word' id='word_1_566' title='bbox 154 5383 180 5410; x_wconf 76' lang='grc' dir='ltr'><strong>ε</strong></span> <span class='ocrx_word' id='word_1_567' title='bbox 219 5370 514 5458; x_wconf 53' lang='grc' dir='ltr'>ἔιιηξῳᾳιι.</span> <span class='ocrx_word' id='word_1_568' title='bbox 546 5372 710 5458; x_wconf 64' lang='lat' dir='ltr'><strong>Quem</strong></span> <span class='ocrx_word' id='word_1_569' title='bbox 736 5377 892 5458; x_wconf 71' lang='lat' dir='ltr'><strong>tertio</strong></span> <span class='ocrx_word' id='word_1_570' title='bbox 912 5377 1262 5458; x_wconf 42' lang='lat' dir='ltr'><strong>Incol-&#39;Igberti</strong></span> <span class='ocrx_word' id='word_1_571' title='bbox 1289 5398 1649 5458; x_wconf 69' lang='lat' dir='ltr'><strong>successorem</strong></span> 
     </span>
    </p>
   </div>
   <div class='ocr_carea' id='block_1_77' title="bbox 83 5439 1652 5597">
    <p class='ocr_par' dir='ltr' id='par_1_77' title="bbox 83 5439 1652 5597">
     <span class='ocr_line' id='line_1_79' title="bbox 83 5439 1649 5569; baseline 0.01 -75"><span class='ocrx_word' id='word_1_572' title='bbox 83 5439 317 5524; x_wconf 81' lang='lat' dir='ltr'><strong>appellat</strong></span> <span class='ocrx_word' id='word_1_573' title='bbox 350 5439 798 5569; x_wconf 39' lang='lat' dir='ltr'><strong>numqua?</strong></span> <span class='ocrx_word' id='word_1_574' title='bbox 835 5446 986 5520; x_wconf 75' lang='lat' dir='ltr'><strong>Angl.</strong></span> <span class='ocrx_word' id='word_1_575' title='bbox 1018 5439 1343 5531; x_wconf 64' lang='lat' dir='ltr'><strong>lib.&quot;1,_&#39;cap.</strong></span> <span class='ocrx_word' id='word_1_576' title='bbox 1380 5439 1649 5536; x_wconf 33' lang='lat' dir='ltr'><strong>aliis},</strong></span> 
     </span>
     <span class='ocr_line' id='line_1_80' title="bbox 87 5507 1652 5597; baseline 0.01 -30"><span class='ocrx_word' id='word_1_577' title='bbox 87 5514 208 5597; x_wconf 73' lang='lat' dir='ltr'><strong>edit.</strong></span> <span class='ocrx_word' id='word_1_578' title='bbox 239 5507 687 5597; x_wconf 47' lang='lat' dir='ltr'><strong>ﬂe’nrlm‘Saytlu.‘</strong></span> <span class='ocrx_word' id='word_1_579' title='bbox 733 5596 736 5597; x_wconf 12' lang='grc' dir='ltr'><em>ν</em></span> <span class='ocrx_word' id='word_1_580' title='bbox 760 5531 847 5597; x_wconf 78' lang='lat' dir='ltr'><strong>me</strong></span> <span class='ocrx_word' id='word_1_581' title='bbox 872 5516 1242 5597; x_wconf 58' lang='lat' dir='ltr'><strong>proculdubio</strong></span> <span class='ocrx_word' id='word_1_582' title='bbox 1263 5538 1417 5597; x_wconf 66' lang='lat' dir='ltr'><strong>error</strong></span> <span class='ocrx_word' id='word_1_583' title='bbox 1438 5528 1652 5597; x_wconf 76' lang='lat' dir='ltr'><strong>irrepsit</strong></span> 
     </span>
    </p>
   </div>
   <div class='ocr_carea' id='block_1_78' title="bbox 88 5577 1646 5666">
    <p class='ocr_par' dir='ltr' id='par_1_78' title="bbox 88 5577 1646 5666">
     <span class='ocr_line' id='line_1_81' title="bbox 88 5577 1646 5666; baseline 0.01 -33"><span class='ocrx_word' id='word_1_584' title='bbox 88 5581 134 5635; x_wconf 92' lang='lat' dir='ltr'><strong>in</strong></span> <span class='ocrx_word' id='word_1_585' title='bbox 167 5577 973 5666; x_wconf 46' lang='lat' dir='ltr'><strong>eg’mdetnﬂalinesbuiiensem</strong></span> <span class='ocrx_word' id='word_1_586' title='bbox 1020 5582 1110 5640; x_wconf 90' lang='lat' dir='ltr'><strong>lib.</strong></span> <span class='ocrx_word' id='word_1_587' title='bbox 1159 5605 1216 5666; x_wconf 87' lang='grc' dir='ltr'><strong>ιιι</strong></span> <span class='ocrx_word' id='word_1_588' title='bbox 1263 5577 1646 5666; x_wconf 17' lang='lat' dir='ltr'><strong>Ponit.</strong></span> 
     </span>
    </p>
   </div>
   <div class='ocr_carea' id='block_1_79' title="bbox 87 5649 1648 5723">
    <p class='ocr_par' dir='ltr' id='par_1_79' title="bbox 87 5649 1648 5723">
     <span class='ocr_line' id='line_1_82' title="bbox 87 5649 1648 5723; baseline 0.011 -21"><span class='ocrx_word' id='word_1_589' title='bbox 87 5665 133 5716; x_wconf 93' lang='lat' dir='ltr'><strong>p.</strong></span> <span class='ocrx_word' id='word_1_590' title='bbox 181 5651 308 5715; x_wconf 68' lang='lat'><strong>269,</strong></span> <span class='ocrx_word' id='word_1_591' title='bbox 350 5649 695 5723; x_wconf 63' lang='lat' dir='ltr'><strong>gbiomisso</strong></span> <span class='ocrx_word' id='word_1_592' title='bbox 729 5653 943 5723; x_wconf 77' lang='lat' dir='ltr'><strong>Egberti</strong></span> <span class='ocrx_word' id='word_1_593' title='bbox 993 5664 1298 5715; x_wconf 84' lang='lat' dir='ltr'><strong>surces&#39;sore</strong></span> <span class='ocrx_word' id='word_1_594' title='bbox 1342 5649 1648 5719; x_wconf 59' lang='lat' dir='ltr'><strong>Ethelheurto</strong></span> 
     </span>
    </p>
   </div>
   <div class='ocr_carea' id='block_1_80' title="bbox 88 5718 1641 5792">
    <p class='ocr_par' dir='ltr' id='par_1_80' title="bbox 88 5718 1641 5792">
     <span class='ocr_line' id='line_1_83' title="bbox 88 5718 1641 5792; baseline 0.01 -18"><span class='ocrx_word' id='word_1_595' title='bbox 88 5728 310 5784; x_wconf 81' lang='lat' dir='ltr'><strong>uterque</strong></span> <span class='ocrx_word' id='word_1_596' title='bbox 346 5718 648 5778; x_wconf 78' lang='lat' dir='ltr'><strong>Eanbaldus</strong></span> <span class='ocrx_word' id='word_1_597' title='bbox 685 5721 740 5778; x_wconf 91' lang='lat' dir='ltr'><strong>in</strong></span> <span class='ocrx_word' id='word_1_598' title='bbox 778 5718 942 5780; x_wconf 77' lang='lat' dir='ltr'><strong>unum</strong></span> <span class='ocrx_word' id='word_1_599' title='bbox 983 5725 1259 5792; x_wconf 70' lang='lat' dir='ltr'><strong>conflatur.</strong></span> <span class='ocrx_word' id='word_1_600' title='bbox 1301 5733 1384 5789; x_wconf 87' lang='lat' dir='ltr'><strong>bis</strong></span> <span class='ocrx_word' id='word_1_601' title='bbox 1422 5718 1641 5790; x_wconf 60' lang='lat' dir='ltr'><strong>verbis}</strong></span> 
     </span>
    </p>
   </div>
   <div class='ocr_carea' id='block_1_81' title="bbox 1683 4467 1732 4524">
    <p class='ocr_par' dir='ltr' id='par_1_81' title="bbox 1683 4467 1732 4524">
     <span class='ocr_line' id='line_1_84' title="bbox 1683 4467 1732 4524; baseline 0 0"><span class='ocrx_word' id='word_1_602' title='bbox 1683 4467 1732 4524; x_wconf 88' lang='lat' dir='ltr'><strong>D</strong></span> 
     </span>
    </p>
   </div>
   <div class='ocr_carea' id='block_1_82' title="bbox 1791 1917 3364 1991">
    <p class='ocr_par' dir='ltr' id='par_1_82' title="bbox 1791 1917 3364 1991">
     <span class='ocr_line' id='line_1_85' title="bbox 1791 1917 3364 1991; baseline 0.011 -24"><span class='ocrx_word' id='word_1_603' title='bbox 1791 1917 2027 1984; x_wconf 85' lang='lat' dir='ltr'><strong>parvitas</strong></span> <span class='ocrx_word' id='word_1_604' title='bbox 2054 1917 2187 1988; x_wconf 79' lang='lat' dir='ltr'><strong>[AI.,</strong></span> <span class='ocrx_word' id='word_1_605' title='bbox 2213 1918 2473 1991; x_wconf 89' lang='lat' dir='ltr'><strong>pravitas]</strong></span> <span class='ocrx_word' id='word_1_606' title='bbox 2520 1937 2737 1990; x_wconf 88' lang='lat' dir='ltr'><strong>sperare</strong></span> <span class='ocrx_word' id='word_1_607' title='bbox 2775 1927 3016 1981; x_wconf 85' lang='lat' dir='ltr'><strong>auderet.</strong></span> <span class='ocrx_word' id='word_1_608' title='bbox 3054 1927 3209 1983; x_wconf 83' lang='lat' dir='ltr'><strong>Modo</strong></span> <span class='ocrx_word' id='word_1_609' title='bbox 3235 1946 3364 1984; x_wconf 89' lang='lat' dir='ltr'><strong>vero</strong></span> 
     </span>
    </p>
   </div>
   <div class='ocr_carea' id='block_1_83' title="bbox 1790 2007 3359 2086">
    <p class='ocr_par' dir='ltr' id='par_1_83' title="bbox 1790 2007 3359 2086">
     <span class='ocr_line' id='line_1_86' title="bbox 1790 2007 3359 2086; baseline 0.011 -29"><span class='ocrx_word' id='word_1_610' title='bbox 1790 2007 2018 2058; x_wconf 85' lang='lat' dir='ltr'><strong>viriliter</strong></span> <span class='ocrx_word' id='word_1_611' title='bbox 2051 2007 2136 2061; x_wconf 86' lang='lat' dir='ltr'><strong>fac</strong></span> <span class='ocrx_word' id='word_1_612' title='bbox 2161 2016 2214 2062; x_wconf 90' lang='lat' dir='ltr'><strong>et</strong></span> <span class='ocrx_word' id='word_1_613' title='bbox 2252 2008 2482 2064; x_wconf 81' lang='lat' dir='ltr'><strong>fortiter.</strong></span> <span class='ocrx_word' id='word_1_614' title='bbox 2512 2010 2658 2081; x_wconf 85' lang='lat' dir='ltr'><strong>Opus</strong></span> <span class='ocrx_word' id='word_1_615' title='bbox 2682 2014 2892 2070; x_wconf 91' lang='lat' dir='ltr'><strong>Domini</strong></span> <span class='ocrx_word' id='word_1_616' title='bbox 2939 2020 3080 2086; x_wconf 91' lang='lat' dir='ltr'><strong>quod</strong></span> <span class='ocrx_word' id='word_1_617' title='bbox 3109 2021 3279 2076; x_wconf 87' lang='lat' dir='ltr'><strong>babes</strong></span> <span class='ocrx_word' id='word_1_618' title='bbox 3304 2022 3359 2075; x_wconf 92' lang='lat' dir='ltr'><strong>in</strong></span> 
     </span>
    </p>
   </div>
   <div class='ocr_carea' id='block_1_84' title="bbox 1791 2097 3357 2166">
    <p class='ocr_par' dir='ltr' id='par_1_84' title="bbox 1791 2097 3357 2166">
     <span class='ocr_line' id='line_1_87' title="bbox 1791 2097 3357 2166; baseline 0.011 -19"><span class='ocrx_word' id='word_1_619' title='bbox 1791 2097 2036 2150; x_wconf 88' lang='lat' dir='ltr'><strong>manibus</strong></span> <span class='ocrx_word' id='word_1_620' title='bbox 2063 2097 2260 2166; x_wconf 84' lang='lat' dir='ltr'><strong>perﬁce</strong></span> <span class='ocrx_word' id='word_1_621' title='bbox 2286 2099 2354 2152; x_wconf 92' lang='lat' dir='ltr'><strong>ad</strong></span> <span class='ocrx_word' id='word_1_622' title='bbox 2397 2103 2698 2156; x_wconf 90' lang='lat' dir='ltr'><strong>mercedem</strong></span> <span class='ocrx_word' id='word_1_623' title='bbox 2755 2105 2947 2160; x_wconf 75' lang='lat' dir='ltr'><strong>animm</strong></span> <span class='ocrx_word' id='word_1_624' title='bbox 2978 2117 3178 2163; x_wconf 75' lang='lat' dir='ltr'><strong>nostra:</strong></span> <span class='ocrx_word' id='word_1_625' title='bbox 3202 2118 3257 2163; x_wconf 91' lang='lat' dir='ltr'><strong>et</strong></span> <span class='ocrx_word' id='word_1_626' title='bbox 3289 2110 3357 2164; x_wconf 90' lang='lat' dir='ltr'><strong>ad</strong></span> 
     </span>
    </p>
   </div>
   <div class='ocr_carea' id='block_1_85' title="bbox 1791 2183 3359 2266">
    <p class='ocr_par' dir='ltr' id='par_1_85' title="bbox 1791 2183 3359 2266">
     <span class='ocr_line' id='line_1_88' title="bbox 1791 2183 3359 2266; baseline 0.009 -29"><span class='ocrx_word' id='word_1_627' title='bbox 1791 2183 2015 2238; x_wconf 88' lang='lat' dir='ltr'><strong>salutem</strong></span> <span class='ocrx_word' id='word_1_628' title='bbox 2042 2185 2332 2242; x_wconf 89' lang='lat' dir='ltr'><strong>multarum</strong></span> <span class='ocrx_word' id='word_1_629' title='bbox 2359 2188 2682 2243; x_wconf 88' lang='lat' dir='ltr'><strong>animarum.</strong></span> <span class='ocrx_word' id='word_1_630' title='bbox 2718 2191 2833 2246; x_wconf 83' lang='lat' dir='ltr'><strong>Non</strong></span> <span class='ocrx_word' id='word_1_631' title='bbox 2867 2204 3042 2249; x_wconf 91' lang='lat' dir='ltr'><strong>cesset</strong></span> <span class='ocrx_word' id='word_1_632' title='bbox 3067 2196 3246 2266; x_wconf 81' lang='lat' dir='ltr'><strong>lingua</strong></span> <span class='ocrx_word' id='word_1_633' title='bbox 3268 2207 3359 2252; x_wconf 87' lang='lat' dir='ltr'><strong>tua</strong></span> 
     </span>
    </p>
   </div>
   <div class='ocr_carea' id='block_1_86' title="bbox 1790 2263 3432 2360">
    <p class='ocr_par' dir='ltr' id='par_1_86' title="bbox 1790 2263 3432 2360">
     <span class='ocr_line' id='line_1_89' title="bbox 1790 2263 3432 2360; baseline 0.006 -27"><span class='ocrx_word' id='word_1_634' title='bbox 1790 2280 1844 2333; x_wconf 93' lang='lat' dir='ltr'><strong>in</strong></span> <span class='ocrx_word' id='word_1_635' title='bbox 1873 2263 2233 2348; x_wconf 67' lang='lat' dir='ltr'><strong>prmdiéando,</strong></span> <span class='ocrx_word' id='word_1_636' title='bbox 2285 2299 2391 2336; x_wconf 90' lang='lat' dir='ltr'><strong>non</strong></span> <span class='ocrx_word' id='word_1_637' title='bbox 2419 2297 2514 2352; x_wconf 91' lang='lat' dir='ltr'><strong>pes</strong></span> <span class='ocrx_word' id='word_1_638' title='bbox 2537 2291 2660 2338; x_wconf 88' lang='lat' dir='ltr'><strong>tuus</strong></span> <span class='ocrx_word' id='word_1_639' title='bbox 2684 2285 2739 2338; x_wconf 90' lang='lat' dir='ltr'><strong>in</strong></span> <span class='ocrx_word' id='word_1_640' title='bbox 2787 2287 3114 2343; x_wconf 88' lang='lat' dir='ltr'><strong>circueundo</strong></span> <span class='ocrx_word' id='word_1_641' title='bbox 3141 2305 3356 2360; x_wconf 84' lang='lat' dir='ltr'><strong>gregem</strong></span> <span class='ocrx_word' id='word_1_642' title='bbox 3427 2345 3432 2352; x_wconf 93' lang='lat'>_</span> 
     </span>
    </p>
   </div>
   <div class='ocr_carea' id='block_1_87' title="bbox 1790 2370 3359 2447">
    <p class='ocr_par' dir='ltr' id='par_1_87' title="bbox 1790 2370 3359 2447">
     <span class='ocr_line' id='line_1_90' title="bbox 1790 2370 3359 2447; baseline 0.006 -25"><span class='ocrx_word' id='word_1_643' title='bbox 1790 2370 1886 2423; x_wconf 88' lang='lat' dir='ltr'><strong>tibi</strong></span> <span class='ocrx_word' id='word_1_644' title='bbox 1905 2370 2272 2435; x_wconf 89' lang='lat' dir='ltr'><strong>commissum,</strong></span> <span class='ocrx_word' id='word_1_645' title='bbox 2296 2386 2401 2425; x_wconf 91' lang='lat' dir='ltr'><strong>non</strong></span> <span class='ocrx_word' id='word_1_646' title='bbox 2425 2387 2617 2426; x_wconf 90' lang='lat' dir='ltr'><strong>manus</strong></span> <span class='ocrx_word' id='word_1_647' title='bbox 2645 2381 2736 2447; x_wconf 86' lang='lat' dir='ltr'><strong>tua</strong></span> <span class='ocrx_word' id='word_1_648' title='bbox 2766 2390 2796 2427; x_wconf 90' lang='lat' dir='ltr'><strong>a</strong></span> <span class='ocrx_word' id='word_1_649' title='bbox 2823 2374 3138 2444; x_wconf 86' lang='lat' dir='ltr'><strong>laborando,</strong></span> <span class='ocrx_word' id='word_1_650' title='bbox 3167 2385 3226 2430; x_wconf 90' lang='lat' dir='ltr'><strong>ut</strong></span> <span class='ocrx_word' id='word_1_651' title='bbox 3251 2377 3359 2431; x_wconf 88' lang='lat' dir='ltr'><strong>ele-</strong></span> 
     </span>
    </p>
   </div>
   <div class='ocr_carea' id='block_1_88' title="bbox 1788 2447 3419 2533">
    <p class='ocr_par' dir='ltr' id='par_1_88' title="bbox 1788 2447 3419 2533">
     <span class='ocr_line' id='line_1_91' title="bbox 1788 2447 3419 2533; baseline 0.006 -22"><span class='ocrx_word' id='word_1_652' title='bbox 1788 2473 2058 2529; x_wconf 72' lang='lat' dir='ltr'><strong>emosyna:</strong></span> <span class='ocrx_word' id='word_1_653' title='bbox 2087 2460 2238 2524; x_wconf 85' lang='lat' dir='ltr'><strong>ﬁant,</strong></span> <span class='ocrx_word' id='word_1_654' title='bbox 2269 2447 2332 2515; x_wconf 83' lang='lat' dir='ltr'><strong>et</strong></span> <span class='ocrx_word' id='word_1_655' title='bbox 2359 2470 2543 2516; x_wconf 88' lang='lat' dir='ltr'><strong>sancta</strong></span> <span class='ocrx_word' id='word_1_656' title='bbox 2596 2463 2690 2516; x_wconf 91' lang='lat' dir='ltr'><strong>Dci</strong></span> <span class='ocrx_word' id='word_1_657' title='bbox 2734 2463 2934 2533; x_wconf 87' lang='lat' dir='ltr'><strong>ubique</strong></span> <span class='ocrx_word' id='word_1_658' title='bbox 2968 2465 3236 2522; x_wconf 86' lang='lat' dir='ltr'><strong>exaltetur</strong></span> <span class='ocrx_word' id='word_1_659' title='bbox 3261 2467 3359 2520; x_wconf 86' lang='lat' dir='ltr'><strong>Ec-</strong></span> <span class='ocrx_word' id='word_1_660' title='bbox 3416 2509 3419 2514; x_wconf 90' lang='lat'><strong>.</strong></span> 
     </span>
    </p>
   </div>
   <div class='ocr_carea' id='block_1_89' title="bbox 1787 2549 3355 2610">
    <p class='ocr_par' dir='ltr' id='par_1_89' title="bbox 1787 2549 3355 2610">
     <span class='ocr_line' id='line_1_92' title="bbox 1787 2549 3355 2610; baseline 0.004 -6"><span class='ocrx_word' id='word_1_661' title='bbox 1787 2549 1969 2604; x_wconf 81' lang='lat' dir='ltr'><strong>clesia.</strong></span> <span class='ocrx_word' id='word_1_662' title='bbox 2012 2549 2139 2605; x_wconf 88' lang='lat' dir='ltr'><strong>Esto</strong></span> <span class='ocrx_word' id='word_1_663' title='bbox 2178 2549 2346 2604; x_wconf 90' lang='lat' dir='ltr'><strong>forma</strong></span> <span class='ocrx_word' id='word_1_664' title='bbox 2393 2552 2585 2607; x_wconf 88' lang='lat' dir='ltr'><strong>salutis</strong></span> <span class='ocrx_word' id='word_1_665' title='bbox 2607 2553 2868 2607; x_wconf 92' lang='lat' dir='ltr'><strong>omnium.</strong></span> <span class='ocrx_word' id='word_1_666' title='bbox 2906 2554 2963 2608; x_wconf 92' lang='lat' dir='ltr'><strong>ln</strong></span> <span class='ocrx_word' id='word_1_667' title='bbox 2993 2562 3046 2609; x_wconf 92' lang='lat' dir='ltr'><strong>te</strong></span> <span class='ocrx_word' id='word_1_668' title='bbox 3073 2555 3143 2609; x_wconf 92' lang='lat' dir='ltr'><strong>sit</strong></span> <span class='ocrx_word' id='word_1_669' title='bbox 3172 2572 3355 2610; x_wconf 87' lang='lat' dir='ltr'><strong>exem-</strong></span> 
     </span>
    </p>
   </div>
   <div class='ocr_carea' id='block_1_90' title="bbox 1786 2638 3346 2714">
    <p class='ocr_par' dir='ltr' id='par_1_90' title="bbox 1786 2638 3346 2714">
     <span class='ocr_line' id='line_1_93' title="bbox 1786 2638 3346 2714; baseline 0.004 -24"><span class='ocrx_word' id='word_1_670' title='bbox 1786 2638 1929 2706; x_wconf 90' lang='lat' dir='ltr'><strong>plum</strong></span> <span class='ocrx_word' id='word_1_671' title='bbox 1977 2640 2400 2694; x_wconf 88' lang='lat' dir='ltr'><strong>conversationis</strong></span> <span class='ocrx_word' id='word_1_672' title='bbox 2448 2641 2802 2696; x_wconf 71' lang='lat' dir='ltr'><strong>sanctissima:</strong></span> <span class='ocrx_word' id='word_1_673' title='bbox 2836 2642 2887 2714; x_wconf 86' lang='grc' dir='ltr'><strong>(Ἰ</strong></span> <span class='ocrx_word' id='word_1_674' title='bbox 2922 2642 3155 2697; x_wconf 74' lang='lat' dir='ltr'><strong>Thessat.</strong></span> <span class='ocrx_word' id='word_1_675' title='bbox 3196 2661 3234 2707; x_wconf 91' lang='grc' dir='ltr'>ι,</span> <span class='ocrx_word' id='word_1_676' title='bbox 3268 2645 3346 2713; x_wconf 86' lang='grc'><strong>7),</strong></span> 
     </span>
    </p>
   </div>
   <div class='ocr_carea' id='block_1_91' title="bbox 1785 2727 3349 2792">
    <p class='ocr_par' dir='ltr' id='par_1_91' title="bbox 1785 2727 3349 2792">
     <span class='ocr_line' id='line_1_94' title="bbox 1785 2727 3349 2792; baseline 0.007 -14"><span class='ocrx_word' id='word_1_677' title='bbox 1785 2727 1837 2779; x_wconf 90' lang='lat' dir='ltr'><strong>in</strong></span> <span class='ocrx_word' id='word_1_678' title='bbox 1867 2736 1917 2780; x_wconf 90' lang='lat' dir='ltr'><strong>te</strong></span> <span class='ocrx_word' id='word_1_679' title='bbox 1946 2729 2015 2780; x_wconf 84' lang='lat' dir='ltr'><strong>sit</strong></span> <span class='ocrx_word' id='word_1_680' title='bbox 2043 2729 2289 2782; x_wconf 90' lang='lat' dir='ltr'><strong>solatium</strong></span> <span class='ocrx_word' id='word_1_681' title='bbox 2327 2730 2662 2792; x_wconf 88' lang='lat' dir='ltr'><strong>miserorum.</strong></span> <span class='ocrx_word' id='word_1_682' title='bbox 2692 2732 2744 2784; x_wconf 92' lang='lat' dir='ltr'><strong>in</strong></span> <span class='ocrx_word' id='word_1_683' title='bbox 2770 2741 2822 2786; x_wconf 92' lang='lat' dir='ltr'><strong>te</strong></span> <span class='ocrx_word' id='word_1_684' title='bbox 2846 2732 3169 2788; x_wconf 86' lang='lat' dir='ltr'><strong>confortatio</strong></span> <span class='ocrx_word' id='word_1_685' title='bbox 3191 2733 3349 2788; x_wconf 71' lang='lat' dir='ltr'><strong>dubi-</strong></span> 
     </span>
    </p>
   </div>
   <div class='ocr_carea' id='block_1_92' title="bbox 1784 2813 3352 2893">
    <p class='ocr_par' dir='ltr' id='par_1_92' title="bbox 1784 2813 3352 2893">
     <span class='ocr_line' id='line_1_95' title="bbox 1784 2813 3352 2893; baseline 0.006 -27"><span class='ocrx_word' id='word_1_686' title='bbox 1784 2813 2034 2878; x_wconf 87' lang='lat' dir='ltr'><strong>tantium,</strong></span> <span class='ocrx_word' id='word_1_687' title='bbox 2075 2814 2125 2866; x_wconf 93' lang='lat' dir='ltr'><strong>in</strong></span> <span class='ocrx_word' id='word_1_688' title='bbox 2155 2821 2206 2876; x_wconf 83' lang='lat' dir='ltr'><strong>te</strong></span> <span class='ocrx_word' id='word_1_689' title='bbox 2230 2813 2522 2884; x_wconf 74' lang='lat' dir='ltr'><strong>disciplina:</strong></span> <span class='ocrx_word' id='word_1_690' title='bbox 2544 2821 2706 2885; x_wconf 86' lang='lat' dir='ltr'><strong>rigor.</strong></span> <span class='ocrx_word' id='word_1_691' title='bbox 2747 2818 2805 2870; x_wconf 90' lang='lat' dir='ltr'><strong>ln</strong></span> <span class='ocrx_word' id='word_1_692' title='bbox 2832 2829 2889 2893; x_wconf 22' lang='lat' dir='ltr'><strong>te.</strong></span> <span class='ocrx_word' id='word_1_693' title='bbox 2925 2821 3168 2872; x_wconf 85' lang='lat' dir='ltr'><strong>veritatis</strong></span> <span class='ocrx_word' id='word_1_694' title='bbox 3217 2822 3352 2875; x_wconf 86' lang='lat' dir='ltr'><strong>fidu-</strong></span> 
     </span>
    </p>
   </div>
   <div class='ocr_carea' id='block_1_93' title="bbox 1785 2903 3345 2981">
    <p class='ocr_par' dir='ltr' id='par_1_93' title="bbox 1785 2903 3345 2981">
     <span class='ocr_line' id='line_1_96' title="bbox 1785 2903 3345 2981; baseline 0.007 -25"><span class='ocrx_word' id='word_1_695' title='bbox 1785 2905 1886 2967; x_wconf 88' lang='lat' dir='ltr'><strong>cia,</strong></span> <span class='ocrx_word' id='word_1_696' title='bbox 1928 2903 1982 2956; x_wconf 93' lang='lat' dir='ltr'><strong>in</strong></span> <span class='ocrx_word' id='word_1_697' title='bbox 2013 2914 2063 2957; x_wconf 89' lang='lat' dir='ltr'><strong>te</strong></span> <span class='ocrx_word' id='word_1_698' title='bbox 2093 2905 2257 2960; x_wconf 88' lang='lat' dir='ltr'><strong>totius</strong></span> <span class='ocrx_word' id='word_1_699' title='bbox 2307 2906 2560 2962; x_wconf 85' lang='lat' dir='ltr'><strong>bonitatis</strong></span> <span class='ocrx_word' id='word_1_700' title='bbox 2585 2923 2725 2977; x_wconf 89' lang='lat' dir='ltr'><strong>spes.</strong></span> <span class='ocrx_word' id='word_1_701' title='bbox 2769 2909 2882 2963; x_wconf 84' lang='lat' dir='ltr'><strong>Non</strong></span> <span class='ocrx_word' id='word_1_702' title='bbox 2911 2919 2962 2965; x_wconf 90' lang='lat' dir='ltr'><strong>te</strong></span> <span class='ocrx_word' id='word_1_703' title='bbox 2989 2912 3166 2966; x_wconf 65' lang='lat' dir='ltr'><strong>saeculi</strong></span> <span class='ocrx_word' id='word_1_704' title='bbox 3194 2928 3345 2981; x_wconf 87' lang='lat' dir='ltr'><strong>pom-</strong></span> 
     </span>
    </p>
   </div>
   <div class='ocr_carea' id='block_1_94' title="bbox 1783 2994 3350 3064">
    <p class='ocr_par' dir='ltr' id='par_1_94' title="bbox 1783 2994 3350 3064">
     <span class='ocr_line' id='line_1_97' title="bbox 1783 2994 3350 3064; baseline 0.006 -18"><span class='ocrx_word' id='word_1_705' title='bbox 1783 3009 1850 3062; x_wconf 89' lang='lat' dir='ltr'><strong>pa</strong></span> <span class='ocrx_word' id='word_1_706' title='bbox 1877 2994 2094 3058; x_wconf 78' lang='lat' dir='ltr'><strong>exaltet,</strong></span> <span class='ocrx_word' id='word_1_707' title='bbox 2126 3010 2231 3050; x_wconf 90' lang='lat' dir='ltr'><strong>non</strong></span> <span class='ocrx_word' id='word_1_708' title='bbox 2260 2995 2500 3050; x_wconf 91' lang='lat' dir='ltr'><strong>ciborum</strong></span> <span class='ocrx_word' id='word_1_709' title='bbox 2560 2997 2716 3053; x_wconf 78' lang='lat' dir='ltr'><strong>luxus</strong></span> <span class='ocrx_word' id='word_1_710' title='bbox 2764 3008 3003 3064; x_wconf 69' lang='lat' dir='ltr'><strong>enenet,</strong></span> <span class='ocrx_word' id='word_1_711' title='bbox 3057 3017 3162 3054; x_wconf 90' lang='lat' dir='ltr'><strong>non</strong></span> <span class='ocrx_word' id='word_1_712' title='bbox 3187 3003 3350 3056; x_wconf 85' lang='lat' dir='ltr'><strong>vcsti-</strong></span> 
     </span>
    </p>
   </div>
   <div class='ocr_carea' id='block_1_95' title="bbox 1786 3085 3404 3161">
    <p class='ocr_par' dir='ltr' id='par_1_95' title="bbox 1786 3085 3404 3161">
     <span class='ocr_line' id='line_1_98' title="bbox 1786 3085 3404 3161; baseline 0.009 -28"><span class='ocrx_word' id='word_1_713' title='bbox 1786 3091 2088 3136; x_wconf 90' lang='lat' dir='ltr'><strong>mentorum</strong></span> <span class='ocrx_word' id='word_1_714' title='bbox 2115 3085 2324 3160; x_wconf 76' lang='lat' dir='ltr'><strong>vanitas</strong></span> <span class='ocrx_word' id='word_1_715' title='bbox 2371 3085 2628 3151; x_wconf 88' lang='lat' dir='ltr'><strong>emolliat,</strong></span> <span class='ocrx_word' id='word_1_716' title='bbox 2663 3104 2766 3142; x_wconf 90' lang='lat' dir='ltr'><strong>non</strong></span> <span class='ocrx_word' id='word_1_717' title='bbox 2796 3088 3127 3144; x_wconf 86' lang='lat' dir='ltr'><strong>adulantium</strong></span> <span class='ocrx_word' id='word_1_718' title='bbox 3157 3089 3349 3161; x_wconf 70' lang='lat' dir='ltr'><strong>[iugum</strong></span> <span class='ocrx_word' id='word_1_719' title='bbox 3389 3106 3404 3120; x_wconf 83' lang='lat'><strong><em>&#39;</em></strong></span> 
     </span>
    </p>
   </div>
   <div class='ocr_carea' id='block_1_96' title="bbox 1784 3167 3347 3246">
    <p class='ocr_par' dir='ltr' id='par_1_96' title="bbox 1784 3167 3347 3246">
     <span class='ocr_line' id='line_1_99' title="bbox 1784 3167 3347 3246; baseline 0.008 -24"><span class='ocrx_word' id='word_1_720' title='bbox 1784 3171 2067 3239; x_wconf 88' lang='lat' dir='ltr'><strong>decipiant,</strong></span> <span class='ocrx_word' id='word_1_721' title='bbox 2096 3167 2639 3229; x_wconf 36' lang='lat' dir='ltr'><strong>non‘~.detrahentium</strong></span> <span class='ocrx_word' id='word_1_722' title='bbox 2690 3177 2989 3232; x_wconf 81' lang='lat' dir='ltr'><strong>adversitas</strong></span> <span class='ocrx_word' id='word_1_723' title='bbox 3041 3181 3347 3246; x_wconf 84' lang='lat' dir='ltr'><strong>conturbet,</strong></span> 
     </span>
    </p>
   </div>
   <div class='ocr_carea' id='block_1_97' title="bbox 1784 3259 3350 3335">
    <p class='ocr_par' dir='ltr' id='par_1_97' title="bbox 1784 3259 3350 3335">
     <span class='ocr_line' id='line_1_100' title="bbox 1784 3259 3350 3335; baseline 0.008 -21"><span class='ocrx_word' id='word_1_724' title='bbox 1784 3276 1888 3314; x_wconf 91' lang='lat' dir='ltr'><strong>non</strong></span> <span class='ocrx_word' id='word_1_725' title='bbox 1934 3262 2106 3316; x_wconf 90' lang='lat' dir='ltr'><strong>tristia</strong></span> <span class='ocrx_word' id='word_1_726' title='bbox 2167 3259 2438 3335; x_wconf 79' lang='lat' dir='ltr'><strong>frangant,</strong></span> <span class='ocrx_word' id='word_1_727' title='bbox 2492 3281 2598 3318; x_wconf 86' lang='lat' dir='ltr'><strong>non</strong></span> <span class='ocrx_word' id='word_1_728' title='bbox 2645 3267 2762 3320; x_wconf 80' lang='lat' dir='ltr'><strong>laeta</strong></span> <span class='ocrx_word' id='word_1_729' title='bbox 2829 3267 3060 3324; x_wconf 89' lang='lat' dir='ltr'><strong>elevent.</strong></span> <span class='ocrx_word' id='word_1_730' title='bbox 3101 3269 3215 3325; x_wconf 86' lang='lat' dir='ltr'><strong>Non</strong></span> <span class='ocrx_word' id='word_1_731' title='bbox 3274 3274 3350 3327; x_wconf 89' lang='lat' dir='ltr'><strong>sis</strong></span> 
     </span>
    </p>
   </div>
   <div class='ocr_carea' id='block_1_98' title="bbox 1781 3349 3346 3426">
    <p class='ocr_par' dir='ltr' id='par_1_98' title="bbox 1781 3349 3346 3426">
     <span class='ocr_line' id='line_1_101' title="bbox 1781 3349 3346 3426; baseline 0.006 -22"><span class='ocrx_word' id='word_1_732' title='bbox 1781 3351 1990 3405; x_wconf 88' lang='lat' dir='ltr'><strong>arundo</strong></span> <span class='ocrx_word' id='word_1_733' title='bbox 2037 3360 2196 3406; x_wconf 87' lang='lat' dir='ltr'><strong>vento</strong></span> <span class='ocrx_word' id='word_1_734' title='bbox 2237 3349 2437 3422; x_wconf 80' lang='lat' dir='ltr'><strong>agitata</strong></span> <span class='ocrx_word' id='word_1_735' title='bbox 2486 3352 2700 3423; x_wconf 80' lang='lat' dir='ltr'><strong>(Matth.</strong></span> <span class='ocrx_word' id='word_1_736' title='bbox 2729 3355 2891 3426; x_wconf 78' lang='lat' dir='ltr'><strong>x1,7),</strong></span> <span class='ocrx_word' id='word_1_737' title='bbox 2951 3373 3058 3412; x_wconf 85' lang='lat' dir='ltr'><strong>non</strong></span> <span class='ocrx_word' id='word_1_738' title='bbox 3089 3356 3186 3412; x_wconf 86' lang='lat' dir='ltr'><strong>llos</strong></span> <span class='ocrx_word' id='word_1_739' title='bbox 3215 3375 3346 3413; x_wconf 88' lang='lat' dir='ltr'><strong>aura</strong></span> 
     </span>
    </p>
   </div>
   <div class='ocr_carea' id='block_1_99' title="bbox 1781 3441 3348 3516">
    <p class='ocr_par' dir='ltr' id='par_1_99' title="bbox 1781 3441 3348 3516">
     <span class='ocr_line' id='line_1_102' title="bbox 1781 3441 3348 3516; baseline 0.005 -24"><span class='ocrx_word' id='word_1_740' title='bbox 1781 3441 2117 3508; x_wconf 87' lang='lat' dir='ltr'><strong>tempestatis</strong></span> <span class='ocrx_word' id='word_1_741' title='bbox 2144 3441 2420 3507; x_wconf 35' lang='lat' dir='ltr'><strong>decidens,</strong></span> <span class='ocrx_word' id='word_1_742' title='bbox 2447 3441 2653 3513; x_wconf 77' lang='lat' dir='ltr'><strong>(Iacob.</strong></span> <span class='ocrx_word' id='word_1_743' title='bbox 2683 3460 2723 3508; x_wconf 92' lang='grc' dir='ltr'>ι,</span> <span class='ocrx_word' id='word_1_744' title='bbox 2761 3443 2872 3513; x_wconf 78' lang='grc' dir='ltr'><strong>Η),</strong></span> <span class='ocrx_word' id='word_1_745' title='bbox 2904 3461 3008 3500; x_wconf 92' lang='lat' dir='ltr'><strong>non</strong></span> <span class='ocrx_word' id='word_1_746' title='bbox 3037 3447 3216 3516; x_wconf 84' lang='lat' dir='ltr'><strong>paries</strong></span> <span class='ocrx_word' id='word_1_747' title='bbox 3239 3450 3348 3500; x_wconf 85' lang='lat' dir='ltr'><strong>rui-</strong></span> 
     </span>
    </p>
   </div>
   <div class='ocr_carea' id='block_1_100' title="bbox 1778 3521 3350 3606">
    <p class='ocr_par' dir='ltr' id='par_1_100' title="bbox 1778 3521 3350 3606">
     <span class='ocr_line' id='line_1_103' title="bbox 1778 3521 3350 3606; baseline 0.006 -24"><span class='ocrx_word' id='word_1_748' title='bbox 1778 3544 1940 3582; x_wconf 87' lang='lat' dir='ltr'><strong>nosus</strong></span> <span class='ocrx_word' id='word_1_749' title='bbox 1975 3527 2144 3597; x_wconf 76' lang='lat' dir='ltr'><strong>(Psal.</strong></span> <span class='ocrx_word' id='word_1_750' title='bbox 2174 3545 2282 3592; x_wconf 77' lang='lat' dir='ltr'><strong>uti,</strong></span> <span class='ocrx_word' id='word_1_751' title='bbox 2309 3529 2386 3600; x_wconf 73' lang='lat'><strong>4),</strong></span> <span class='ocrx_word' id='word_1_752' title='bbox 2429 3521 2539 3606; x_wconf 67' lang='lat' dir='ltr'><strong>non</strong></span> <span class='ocrx_word' id='word_1_753' title='bbox 2591 3533 2781 3588; x_wconf 91' lang='lat' dir='ltr'><strong>domus</strong></span> <span class='ocrx_word' id='word_1_754' title='bbox 2809 3550 2971 3604; x_wconf 89' lang='lat' dir='ltr'><strong>super</strong></span> <span class='ocrx_word' id='word_1_755' title='bbox 3005 3553 3220 3592; x_wconf 90' lang='lat' dir='ltr'><strong>arenam</strong></span> <span class='ocrx_word' id='word_1_756' title='bbox 3254 3555 3350 3606; x_wconf 88' lang='lat' dir='ltr'><strong>p0-</strong></span> 
     </span>
    </p>
   </div>
   <div class='ocr_carea' id='block_1_101' title="bbox 1775 3593 3346 3692">
    <p class='ocr_par' dir='ltr' id='par_1_101' title="bbox 1775 3593 3346 3692">
     <span class='ocr_line' id='line_1_104' title="bbox 1775 3593 3346 3692; baseline 0.008 -24"><span class='ocrx_word' id='word_1_757' title='bbox 1775 3616 1877 3669; x_wconf 86' lang='lat' dir='ltr'><strong>sita</strong></span> <span class='ocrx_word' id='word_1_758' title='bbox 1909 3593 2218 3687; x_wconf 69' lang='lat' dir='ltr'><strong>(Matt/mn,</strong></span> <span class='ocrx_word' id='word_1_759' title='bbox 2273 3593 2365 3680; x_wconf 37' lang='lat'><strong>24&#39;,</strong></span> <span class='ocrx_word' id='word_1_760' title='bbox 2386 3593 2510 3687; x_wconf 72' lang='lat'><strong>26),\</strong></span> <span class='ocrx_word' id='word_1_761' title='bbox 2531 3622 2627 3692; x_wconf 84' lang='lat' dir='ltr'><strong>sed</strong></span> <span class='ocrx_word' id='word_1_762' title='bbox 2678 3593 2932 3691; x_wconf 68' lang='lat' dir='ltr'><strong>templuin</strong></span> <span class='ocrx_word' id='word_1_763' title='bbox 2971 3633 3088 3680; x_wconf 88' lang='lat' dir='ltr'><strong>esto</strong></span> <span class='ocrx_word' id='word_1_764' title='bbox 3118 3625 3210 3680; x_wconf 91' lang='lat' dir='ltr'><strong>Dei</strong></span> <span class='ocrx_word' id='word_1_765' title='bbox 3239 3593 3346 3680; x_wconf 74' lang='lat' dir='ltr'><strong>vivi</strong></span> 
     </span>
    </p>
   </div>
   <div class='ocr_carea' id='block_1_102' title="bbox 1774 3699 3400 3784">
    <p class='ocr_par' dir='ltr' id='par_1_102' title="bbox 1774 3699 3400 3784">
     <span class='ocr_line' id='line_1_105' title="bbox 1774 3699 3400 3784; baseline 0.009 -26"><span class='ocrx_word' id='word_1_766' title='bbox 1774 3719 1935 3772; x_wconf 87' lang='lat' dir='ltr'><strong>super</strong></span> <span class='ocrx_word' id='word_1_767' title='bbox 1953 3704 2162 3758; x_wconf 83' lang='lat' dir='ltr'><strong>firmam</strong></span> <span class='ocrx_word' id='word_1_768' title='bbox 2223 3713 2433 3774; x_wconf 89' lang='lat' dir='ltr'><strong>petram</strong></span> <span class='ocrx_word' id='word_1_769' title='bbox 2491 3699 2880 3775; x_wconf 61' lang='lat' dir='ltr'><strong>co‘nstructum,</strong></span> <span class='ocrx_word' id='word_1_770' title='bbox 2942 3713 3094 3780; x_wconf 91' lang='lat' dir='ltr'><strong>cujus</strong></span> <span class='ocrx_word' id='word_1_771' title='bbox 3125 3716 3238 3784; x_wconf 89' lang='lat' dir='ltr'><strong>ipse</strong></span> <span class='ocrx_word' id='word_1_772' title='bbox 3273 3719 3346 3771; x_wconf 92' lang='lat' dir='ltr'><strong>sit</strong></span> <span class='ocrx_word' id='word_1_773' title='bbox 3395 3725 3400 3730; x_wconf 72' lang='lat'>‘</span> 
     </span>
    </p>
   </div>
   <div class='ocr_carea' id='block_1_103' title="bbox 1774 3793 3346 3876">
    <p class='ocr_par' dir='ltr' id='par_1_103' title="bbox 1774 3793 3346 3876">
     <span class='ocr_line' id='line_1_106' title="bbox 1774 3793 3346 3876; baseline 0.009 -28"><span class='ocrx_word' id='word_1_774' title='bbox 1774 3795 2008 3864; x_wconf 89' lang='lat' dir='ltr'><strong>Spiritus</strong></span> <span class='ocrx_word' id='word_1_775' title='bbox 2054 3795 2369 3868; x_wconf 85' lang='lat' dir='ltr'><strong>Paraclytus</strong></span> <span class='ocrx_word' id='word_1_776' title='bbox 2412 3793 2758 3855; x_wconf 87' lang='lat' dir='ltr'><strong>inhabitator.</strong></span> <span class='ocrx_word' id='word_1_777' title='bbox 2801 3801 2998 3868; x_wconf 88' lang='lat' dir='ltr'><strong>Quanti</strong></span> <span class='ocrx_word' id='word_1_778' title='bbox 3037 3813 3194 3874; x_wconf 91' lang='lat' dir='ltr'><strong>putas</strong></span> <span class='ocrx_word' id='word_1_779' title='bbox 3223 3823 3346 3876; x_wconf 87' lang='lat' dir='ltr'><strong>pos-</strong></span> 
     </span>
    </p>
   </div>
   <div class='ocr_carea' id='block_1_104' title="bbox 1771 3889 3332 3967">
    <p class='ocr_par' dir='ltr' id='par_1_104' title="bbox 1771 3889 3332 3967">
     <span class='ocr_line' id='line_1_107' title="bbox 1771 3889 3332 3967; baseline 0.008 -28"><span class='ocrx_word' id='word_1_780' title='bbox 1771 3895 1897 3941; x_wconf 90' lang='lat' dir='ltr'><strong>sunt</strong></span> <span class='ocrx_word' id='word_1_781' title='bbox 1919 3903 2039 3942; x_wconf 91' lang='lat' dir='ltr'><strong>esse</strong></span> <span class='ocrx_word' id='word_1_782' title='bbox 2081 3889 2174 3943; x_wconf 91' lang='lat' dir='ltr'><strong>tibi</strong></span> <span class='ocrx_word' id='word_1_783' title='bbox 2203 3891 2363 3944; x_wconf 88' lang='lat' dir='ltr'><strong>dies?</strong></span> <span class='ocrx_word' id='word_1_784' title='bbox 2391 3891 2557 3962; x_wconf 89' lang='lat' dir='ltr'><strong>Finge</strong></span> <span class='ocrx_word' id='word_1_785' title='bbox 2587 3893 2641 3947; x_wconf 90' lang='lat' dir='ltr'><strong>in</strong></span> <span class='ocrx_word' id='word_1_786' title='bbox 2688 3894 2867 3950; x_wconf 89' lang='lat' dir='ltr'><strong>animo</strong></span> <span class='ocrx_word' id='word_1_787' title='bbox 2894 3898 3046 3966; x_wconf 84' lang='lat' dir='ltr'><strong>quasi</strong></span> <span class='ocrx_word' id='word_1_788' title='bbox 3077 3899 3332 3967; x_wconf 85' lang='lat' dir='ltr'><strong>quinqua-</strong></span> 
     </span>
    </p>
   </div>
   <div class='ocr_carea' id='block_1_105' title="bbox 1768 3979 3342 4058">
    <p class='ocr_par' dir='ltr' id='par_1_105' title="bbox 1768 3979 3342 4058">
     <span class='ocr_line' id='line_1_108' title="bbox 1768 3979 3342 4058; baseline 0.012 -28"><span class='ocrx_word' id='word_1_789' title='bbox 1768 3979 1911 4047; x_wconf 85' lang='lat' dir='ltr'><strong>ginta</strong></span> <span class='ocrx_word' id='word_1_790' title='bbox 1941 3995 2111 4034; x_wconf 88' lang='lat' dir='ltr'><strong>annos</strong></span> <span class='ocrx_word' id='word_1_791' title='bbox 2143 3999 2154 4034; x_wconf 91' lang='lat'><strong>:</strong></span> <span class='ocrx_word' id='word_1_792' title='bbox 2192 3991 2245 4036; x_wconf 91' lang='lat' dir='ltr'><strong>et</strong></span> <span class='ocrx_word' id='word_1_793' title='bbox 2269 3997 2394 4038; x_wconf 86' lang='lat' dir='ltr'><strong>ecce</strong></span> <span class='ocrx_word' id='word_1_794' title='bbox 2423 3984 2534 4040; x_wconf 82' lang='lat' dir='ltr'><strong>haec</strong></span> <span class='ocrx_word' id='word_1_795' title='bbox 2565 3986 2728 4041; x_wconf 89' lang='lat' dir='ltr'><strong>ﬁnem</strong></span> <span class='ocrx_word' id='word_1_796' title='bbox 2756 3990 2972 4058; x_wconf 84' lang='lat' dir='ltr'><strong>habent.</strong></span> <span class='ocrx_word' id='word_1_797' title='bbox 3010 3991 3119 4047; x_wconf 85' lang='lat' dir='ltr'><strong>Nec</strong></span> <span class='ocrx_word' id='word_1_798' title='bbox 3146 3993 3210 4047; x_wconf 87' lang='lat' dir='ltr'><strong>ad</strong></span> <span class='ocrx_word' id='word_1_799' title='bbox 3237 3995 3342 4050; x_wconf 85' lang='lat' dir='ltr'><strong>hoc</strong></span> 
     </span>
    </p>
   </div>
   <div class='ocr_carea' id='block_1_106' title="bbox 1765 4071 3342 4152">
    <p class='ocr_par' dir='ltr' id='par_1_106' title="bbox 1765 4071 3342 4152">
     <span class='ocr_line' id='line_1_109' title="bbox 1765 4071 3342 4152; baseline 0.011 -30"><span class='ocrx_word' id='word_1_800' title='bbox 1765 4071 2047 4137; x_wconf 85' lang='lat' dir='ltr'><strong>pervenire</strong></span> <span class='ocrx_word' id='word_1_801' title='bbox 2087 4073 2381 4140; x_wconf 85' lang='lat' dir='ltr'><strong>putandum</strong></span> <span class='ocrx_word' id='word_1_802' title='bbox 2429 4083 2529 4130; x_wconf 85' lang='lat' dir='ltr'><strong>est.</strong></span> <span class='ocrx_word' id='word_1_803' title='bbox 2569 4076 2872 4145; x_wconf 51' lang='lat' dir='ltr'><strong>lnfirinita‘s,</strong></span> <span class='ocrx_word' id='word_1_804' title='bbox 2903 4084 3147 4152; x_wconf 88' lang='lat' dir='ltr'><strong>corporis</strong></span> <span class='ocrx_word' id='word_1_805' title='bbox 3184 4085 3260 4138; x_wconf 90' lang='lat' dir='ltr'><strong>tui</strong></span> <span class='ocrx_word' id='word_1_806' title='bbox 3291 4094 3342 4140; x_wconf 86' lang='lat' dir='ltr'><strong>te</strong></span> 
     </span>
    </p>
   </div>
   <div class='ocr_carea' id='block_1_107' title="bbox 1768 4214 3338 4289">
    <p class='ocr_par' dir='ltr' id='par_1_107' title="bbox 1768 4214 3338 4289">
     <span class='ocr_line' id='line_1_110' title="bbox 1768 4214 3338 4289; baseline 0.011 -22"><span class='ocrx_word' id='word_1_807' title='bbox 1768 4234 1785 4264; x_wconf 88' lang='grc'><strong>‹</strong></span> <span class='ocrx_word' id='word_1_808' title='bbox 1823 4214 2002 4289; x_wconf 11' lang='lat' dir='ltr'><strong>Hujus,</strong></span> <span class='ocrx_word' id='word_1_809' title='bbox 2024 4218 2469 4289; x_wconf 81' lang='lat' dir='ltr'><strong>nempeEgberti</strong></span> <span class='ocrx_word' id='word_1_810' title='bbox 2506 4237 2787 4279; x_wconf 88' lang='lat' dir='ltr'><strong>successor</strong></span> <span class='ocrx_word' id='word_1_811' title='bbox 2820 4219 2980 4282; x_wconf 82' lang='lat' dir='ltr'><strong>senex</strong></span> <span class='ocrx_word' id='word_1_812' title='bbox 3019 4231 3338 4285; x_wconf 87' lang='lat' dir='ltr'><strong>substitutus</strong></span> 
     </span>
    </p>
   </div>
   <div class='ocr_carea' id='block_1_108' title="bbox 1760 4287 3335 4373">
    <p class='ocr_par' dir='ltr' id='par_1_108' title="bbox 1760 4287 3335 4373">
     <span class='ocr_line' id='line_1_111' title="bbox 1760 4287 3335 4373; baseline 0.01 -35"><span class='ocrx_word' id='word_1_813' title='bbox 1760 4294 1843 4366; x_wconf 78' lang='lat' dir='ltr'><strong>est</strong></span> <span class='ocrx_word' id='word_1_814' title='bbox 1879 4287 2180 4373; x_wconf 67' lang='lat' dir='ltr'><strong>Eanbaldus</strong></span> <span class='ocrx_word' id='word_1_815' title='bbox 2217 4287 2428 4373; x_wconf 71' lang='lat' dir='ltr'><strong>Alduini</strong></span> <span class='ocrx_word' id='word_1_816' title='bbox 2459 4292 2750 4373; x_wconf 61' lang='lat' dir='ltr'><strong>discipulus</strong></span> <span class='ocrx_word' id='word_1_817' title='bbox 2788 4296 3102 4373; x_wconf 78' lang='lat' dir='ltr'><strong>industrius.</strong></span> <span class='ocrx_word' id='word_1_818' title='bbox 3146 4320 3188 4373; x_wconf 67' lang='lat'><strong>»_</strong></span> <span class='ocrx_word' id='word_1_819' title='bbox 3207 4301 3335 4373; x_wconf 62' lang='lat' dir='ltr'><strong>Quae</strong></span> 
     </span>
    </p>
   </div>
   <div class='ocr_carea' id='block_1_109' title="bbox 1761 4356 3331 4434">
    <p class='ocr_par' dir='ltr' id='par_1_109' title="bbox 1761 4356 3331 4434">
     <span class='ocr_line' id='line_1_112' title="bbox 1761 4356 3331 4434; baseline 0.007 -26"><span class='ocrx_word' id='word_1_820' title='bbox 1761 4356 1836 4434; x_wconf 76' lang='lat' dir='ltr'><strong>sic</strong></span> <span class='ocrx_word' id='word_1_821' title='bbox 1870 4357 2202 4434; x_wconf 76' lang='lat' dir='ltr'><strong>emendanda</strong></span> <span class='ocrx_word' id='word_1_822' title='bbox 2238 4367 2361 4434; x_wconf 80' lang='lat' dir='ltr'><strong>sunt</strong></span> <span class='ocrx_word' id='word_1_823' title='bbox 2399 4377 2411 4412; x_wconf 93' lang='lat'>:</span> <span class='ocrx_word' id='word_1_824' title='bbox 2451 4380 2468 4410; x_wconf 74' lang='grc' dir='ltr'><strong>ι</strong></span> <span class='ocrx_word' id='word_1_825' title='bbox 2506 4356 2674 4434; x_wconf 75' lang='lat' dir='ltr'><strong>Hujus</strong></span> <span class='ocrx_word' id='word_1_826' title='bbox 2710 4380 2991 4434; x_wconf 83' lang='lat' dir='ltr'><strong>successor</strong></span> <span class='ocrx_word' id='word_1_827' title='bbox 3018 4367 3114 4420; x_wconf 83' lang='lat' dir='ltr'><strong>fuit</strong></span> <span class='ocrx_word' id='word_1_828' title='bbox 3147 4356 3331 4421; x_wconf 65' lang='lat' dir='ltr'><strong>Ethel-</strong></span> 
     </span>
    </p>
   </div>
   <div class='ocr_carea' id='block_1_110' title="bbox 1759 4426 3334 4496">
    <p class='ocr_par' dir='ltr' id='par_1_110' title="bbox 1759 4426 3334 4496">
     <span class='ocr_line' id='line_1_113' title="bbox 1759 4426 3334 4496; baseline 0.009 -19"><span class='ocrx_word' id='word_1_829' title='bbox 1759 4426 1962 4490; x_wconf 85' lang='lat' dir='ltr'><strong>bcrtus,</strong></span> <span class='ocrx_word' id='word_1_830' title='bbox 1985 4427 2071 4480; x_wconf 88' lang='lat' dir='ltr'><strong>cui</strong></span> <span class='ocrx_word' id='word_1_831' title='bbox 2095 4427 2286 4482; x_wconf 85' lang='lat' dir='ltr'><strong>deinde</strong></span> <span class='ocrx_word' id='word_1_832' title='bbox 2305 4443 2467 4482; x_wconf 86' lang='lat' dir='ltr'><strong>senex</strong></span> <span class='ocrx_word' id='word_1_833' title='bbox 2490 4426 2807 4487; x_wconf 80' lang='lat' dir='ltr'><strong>substitutus</strong></span> <span class='ocrx_word' id='word_1_834' title='bbox 2827 4443 2910 4489; x_wconf 90' lang='lat' dir='ltr'><strong>est</strong></span> <span class='ocrx_word' id='word_1_835' title='bbox 2936 4429 3255 4496; x_wconf 86' lang='lat' dir='ltr'><strong>Eanbaldus.</strong></span> <span class='ocrx_word' id='word_1_836' title='bbox 3279 4447 3334 4491; x_wconf 93' lang='lat' dir='ltr'><strong>et</strong></span> 
     </span>
    </p>
   </div>
   <div class='ocr_carea' id='block_1_111' title="bbox 1757 4497 3329 4606">
    <p class='ocr_par' dir='ltr' id='par_1_111' title="bbox 1757 4497 3329 4606">
     <span class='ocr_line' id='line_1_114' title="bbox 1757 4497 3329 4606; baseline 0.008 -59"><span class='ocrx_word' id='word_1_837' title='bbox 1757 4511 1822 4548; x_wconf 87' lang='lat' dir='ltr'><strong>eo</strong></span> <span class='ocrx_word' id='word_1_838' title='bbox 1871 4502 2081 4548; x_wconf 88' lang='lat' dir='ltr'><strong>mortuo</strong></span> <span class='ocrx_word' id='word_1_839' title='bbox 2126 4497 2262 4548; x_wconf 89' lang='lat' dir='ltr'><strong>alter</strong></span> <span class='ocrx_word' id='word_1_840' title='bbox 2305 4497 2611 4551; x_wconf 88' lang='lat' dir='ltr'><strong>Eanbaldus</strong></span> <span class='ocrx_word' id='word_1_841' title='bbox 2651 4499 2861 4554; x_wconf 83' lang='lat' dir='ltr'><strong>Alcuini</strong></span> <span class='ocrx_word' id='word_1_842' title='bbox 2911 4503 3202 4606; x_wconf 68' lang='lat' dir='ltr'><strong>discipulus</strong></span> <span class='ocrx_word' id='word_1_843' title='bbox 3247 4506 3329 4558; x_wconf 89' lang='lat' dir='ltr'><strong>in-</strong></span> 
     </span>
     <span class='ocr_line' id='line_1_115' title="bbox 1758 4563 3306 4606; baseline 0 0"><span class='ocrx_word' id='word_1_844' title='bbox 1758 4564 2013 4606; x_wconf 69' lang='lat' dir='ltr'><strong>alnelrine-</strong></span> <span class='ocrx_word' id='word_1_845' title='bbox 2053 4583 2070 4606; x_wconf 74' lang='grc' dir='ltr'><strong>ι</strong></span> <span class='ocrx_word' id='word_1_846' title='bbox 2113 4563 2257 4606; x_wconf 74' lang='lat' dir='ltr'><strong>Obiit.</strong></span> <span class='ocrx_word' id='word_1_847' title='bbox 2283 4578 2410 4606; x_wconf 63' lang='lat' dir='ltr'><strong>vom</strong></span> <span class='ocrx_word' id='word_1_848' title='bbox 2446 4565 2749 4606; x_wconf 68' lang='lat' dir='ltr'><strong>Rnnhnldna</strong></span> <span class='ocrx_word' id='word_1_849' title='bbox 2786 4569 2805 4606; x_wconf 89' lang='grc'><strong>1</strong></span> <span class='ocrx_word' id='word_1_850' title='bbox 2837 4585 2974 4606; x_wconf 71' lang='grc' dir='ltr'>ειηηη</span> <span class='ocrx_word' id='word_1_851' title='bbox 3005 4572 3033 4606; x_wconf 80' lang='lat'><strong>&#39;7</strong></span> <span class='ocrx_word' id='word_1_852' title='bbox 3056 4572 3105 4606; x_wconf 69' lang='grc' dir='ltr'><strong>ιιι</strong></span> <span class='ocrx_word' id='word_1_853' title='bbox 3130 4589 3183 4606; x_wconf 77' lang='grc' dir='ltr'><strong>ιιι</strong></span> <span class='ocrx_word' id='word_1_854' title='bbox 3213 4573 3306 4606; x_wconf 57' lang='lat' dir='ltr'><strong>[Iul</strong></span> 
     </span>
    </p>
   </div>
   <div class='ocr_carea' id='block_1_112' title="bbox 1758 4563 3329 4628">
    <p class='ocr_par' dir='ltr' id='par_1_112' title="bbox 1758 4563 3329 4628">
     <span class='ocr_line' id='line_1_116' title="bbox 1758 4563 3329 4628; baseline 0.007 -11"><span class='ocrx_word' id='word_1_855' title='bbox 1758 4564 2014 4617; x_wconf 87' lang='lat' dir='ltr'><strong>dustrius.</strong></span> <span class='ocrx_word' id='word_1_856' title='bbox 2052 4583 2070 4614; x_wconf 75' lang='grc' dir='ltr'><strong>ι</strong></span> <span class='ocrx_word' id='word_1_857' title='bbox 2113 4563 2257 4618; x_wconf 91' lang='lat' dir='ltr'><strong>Obiit</strong></span> <span class='ocrx_word' id='word_1_858' title='bbox 2283 4578 2410 4617; x_wconf 92' lang='lat' dir='ltr'><strong>vero</strong></span> <span class='ocrx_word' id='word_1_859' title='bbox 2445 4565 2749 4621; x_wconf 88' lang='lat' dir='ltr'><strong>Eanbaldus</strong></span> <span class='ocrx_word' id='word_1_860' title='bbox 2783 4569 2805 4622; x_wconf 89' lang='grc' dir='ltr'>Ι</span> <span class='ocrx_word' id='word_1_861' title='bbox 2835 4563 3105 4626; x_wconf 63' lang='grc' dir='ltr'><strong>ειηιιοπὶϐ</strong></span> <span class='ocrx_word' id='word_1_862' title='bbox 3130 4589 3183 4626; x_wconf 82' lang='grc' dir='ltr'>ιν</span> <span class='ocrx_word' id='word_1_863' title='bbox 3213 4573 3329 4628; x_wconf 80' lang='lat' dir='ltr'><strong>Kal.</strong></span> 
     </span>
    </p>
   </div>
   <div class='ocr_carea' id='block_1_113' title="bbox 1756 4632 3332 4712">
    <p class='ocr_par' dir='ltr' id='par_1_113' title="bbox 1756 4632 3332 4712">
     <span class='ocr_line' id='line_1_117' title="bbox 1756 4632 3332 4712; baseline 0.01 -28"><span class='ocrx_word' id='word_1_864' title='bbox 1756 4632 2038 4712; x_wconf 74' lang='lat' dir='ltr'><strong>_A_ug_usta_s,</strong></span> <span class='ocrx_word' id='word_1_865' title='bbox 2072 4632 2158 4712; x_wconf 69' lang='lat' dir='ltr'><strong>cui</strong></span> <span class='ocrx_word' id='word_1_866' title='bbox 2195 4633 2667 4712; x_wconf 46' lang='lat' dir='ltr'><strong>statiniusutl‘ectus</strong></span> <span class='ocrx_word' id='word_1_867' title='bbox 2689 4645 2771 4690; x_wconf 89' lang='lat' dir='ltr'><strong>est</strong></span> <span class='ocrx_word' id='word_1_868' title='bbox 2804 4637 3013 4712; x_wconf 84' lang='lat' dir='ltr'><strong>Alcuiui</strong></span> <span class='ocrx_word' id='word_1_869' title='bbox 3042 4642 3332 4712; x_wconf 78' lang='lat' dir='ltr'><strong>discipulus</strong></span> 
     </span>
    </p>
   </div>
   <div class='ocr_carea' id='block_1_114' title="bbox 1756 4700 3325 4778">
    <p class='ocr_par' dir='ltr' id='par_1_114' title="bbox 1756 4700 3325 4778">
     <span class='ocr_line' id='line_1_118' title="bbox 1756 4700 3325 4778; baseline 0.008 -24"><span class='ocrx_word' id='word_1_870' title='bbox 1756 4700 2058 4778; x_wconf 66' lang='lat' dir='ltr'><strong>Eanbaldus</strong></span> <span class='ocrx_word' id='word_1_871' title='bbox 2082 4700 2124 4754; x_wconf 92' lang='lat' dir='ltr'><strong>ll</strong></span> <span class='ocrx_word' id='word_1_872' title='bbox 2157 4703 2256 4778; x_wconf 78' lang='lat' dir='ltr'><strong>qui</strong></span> <span class='ocrx_word' id='word_1_873' title='bbox 2271 4718 2338 4778; x_wconf 77' lang='lat' dir='ltr'><strong>ex</strong></span> <span class='ocrx_word' id='word_1_874' title='bbox 2369 4703 2510 4759; x_wconf 91' lang='lat' dir='ltr'><strong>Urbe</strong></span> <span class='ocrx_word' id='word_1_875' title='bbox 2547 4706 2764 4772; x_wconf 89' lang='lat' dir='ltr'><strong>pallium</strong></span> <span class='ocrx_word' id='word_1_876' title='bbox 2801 4711 3006 4778; x_wconf 90' lang='lat' dir='ltr'><strong>accepit</strong></span> <span class='ocrx_word' id='word_1_877' title='bbox 3040 4700 3325 4768; x_wconf 59' lang='lat' dir='ltr'><strong>anno&#39;797.</strong></span> 
     </span>
    </p>
   </div>
   <div class='ocr_carea' id='block_1_115' title="bbox 1743 4770 3338 4852">
    <p class='ocr_par' dir='ltr' id='par_1_115' title="bbox 1743 4770 3338 4852">
     <span class='ocr_line' id='line_1_119' title="bbox 1743 4770 3338 4852; baseline 0.008 -29"><span class='ocrx_word' id='word_1_878' title='bbox 1743 4770 2051 4852; x_wconf 64' lang='lat' dir='ltr'><strong>Atratinus.</strong></span> <span class='ocrx_word' id='word_1_879' title='bbox 2081 4770 2270 4852; x_wconf 47' lang='grc' dir='ltr'><strong>-χᾉᾶ-</strong></span> <span class='ocrx_word' id='word_1_880' title='bbox 2294 4773 2434 4828; x_wconf 91' lang='lat' dir='ltr'><strong>hunc</strong></span> <span class='ocrx_word' id='word_1_881' title='bbox 2462 4770 2591 4852; x_wconf 73' lang='lat' dir='ltr'><strong>ergo</strong></span> <span class='ocrx_word' id='word_1_882' title='bbox 2615 4792 2767 4852; x_wconf 67' lang='lat' dir='ltr'><strong>suum</strong></span> <span class='ocrx_word' id='word_1_883' title='bbox 2793 4770 3108 4848; x_wconf 82' lang='lat' dir='ltr'><strong>discipulum</strong></span> <span class='ocrx_word' id='word_1_884' title='bbox 3143 4783 3338 4852; x_wconf 79' lang='lat' dir='ltr'><strong>Alcui-_</strong></span> 
     </span>
    </p>
   </div>
   <div class='ocr_carea' id='block_1_116' title="bbox 1692 4839 3331 4914">
    <p class='ocr_par' dir='ltr' id='par_1_116' title="bbox 1692 4839 3331 4914">
     <span class='ocr_line' id='line_1_120' title="bbox 1692 4839 3331 4914; baseline 0.005 -17"><span class='ocrx_word' id='word_1_885' title='bbox 1692 4895 1706 4897; x_wconf 44' lang='grc' dir='ltr'>η</span> <span class='ocrx_word' id='word_1_886' title='bbox 1755 4855 1854 4914; x_wconf 78' lang='lat' dir='ltr'><strong>nus</strong></span> <span class='ocrx_word' id='word_1_887' title='bbox 1901 4839 2041 4914; x_wconf 72' lang='lat' dir='ltr'><strong>hanc</strong></span> <span class='ocrx_word' id='word_1_888' title='bbox 2082 4841 2362 4914; x_wconf 80' lang='lat' dir='ltr'><strong>epistolam</strong></span> <span class='ocrx_word' id='word_1_889' title='bbox 2402 4839 2618 4914; x_wconf 74' lang='lat' dir='ltr'><strong>scripsit</strong></span> <span class='ocrx_word' id='word_1_890' title='bbox 2649 4846 2750 4901; x_wconf 85' lang='lat'><strong>796</strong></span> <span class='ocrx_word' id='word_1_891' title='bbox 2792 4857 2850 4904; x_wconf 91' lang='lat' dir='ltr'><strong>ut</strong></span> <span class='ocrx_word' id='word_1_892' title='bbox 2888 4839 3011 4904; x_wconf 80' lang='lat' dir='ltr'><strong>eum</strong></span> <span class='ocrx_word' id='word_1_893' title='bbox 3049 4853 3116 4905; x_wconf 87' lang='lat' dir='ltr'><strong>de</strong></span> <span class='ocrx_word' id='word_1_894' title='bbox 3152 4851 3331 4906; x_wconf 77' lang='lat' dir='ltr'><strong>officio</strong></span> 
     </span>
    </p>
   </div>
   <div class='ocr_carea' id='block_1_117' title="bbox 1753 4910 2955 4978">
    <p class='ocr_par' dir='ltr' id='par_1_117' title="bbox 1753 4910 2955 4978">
     <span class='ocr_line' id='line_1_121' title="bbox 1753 4910 2955 4978; baseline 0.005 -16"><span class='ocrx_word' id='word_1_895' title='bbox 1753 4910 2042 4978; x_wconf 89' lang='lat' dir='ltr'><strong>episcopali</strong></span> <span class='ocrx_word' id='word_1_896' title='bbox 2070 4913 2304 4967; x_wconf 88' lang='lat' dir='ltr'><strong>doceret.</strong></span> <span class='ocrx_word' id='word_1_897' title='bbox 2335 4910 2672 4970; x_wconf 60' lang='lat' dir='ltr'><strong>Passienus.</strong></span> <span class='ocrx_word' id='word_1_898' title='bbox 2951 4959 2955 4968; x_wconf 89' lang='lat'><strong>.</strong></span> 
     </span>
    </p>
   </div>
   <div class='ocr_carea' id='block_1_118' title="bbox 1828 4977 3320 5055">
    <p class='ocr_par' dir='ltr' id='par_1_118' title="bbox 1828 4977 3320 5055">
     <span class='ocr_line' id='line_1_122' title="bbox 1828 4977 3320 5055; baseline 0.007 -24"><span class='ocrx_word' id='word_1_899' title='bbox 1828 4977 1848 5016; x_wconf 70' lang='grc' dir='ltr'><em>τ</em></span> <span class='ocrx_word' id='word_1_900' title='bbox 1884 4977 2250 5055; x_wconf 59' lang='lat' dir='ltr'><strong>Hammo/itus.</strong></span> <span class='ocrx_word' id='word_1_901' title='bbox 2283 4981 2770 5055; x_wconf 67' lang='lat' dir='ltr'><strong>Malmesburiensis</strong></span> <span class='ocrx_word' id='word_1_902' title='bbox 2799 4987 2961 5044; x_wconf 84' lang='lat' dir='ltr'><strong>habet</strong></span> <span class='ocrx_word' id='word_1_903' title='bbox 2995 5003 3012 5040; x_wconf 88' lang='lat'><strong>:</strong></span> <span class='ocrx_word' id='word_1_904' title='bbox 3050 4985 3320 5055; x_wconf 77' lang='lat' dir='ltr'><strong>Egbertus.</strong></span> 
     </span>
    </p>
   </div>
   <div class='ocr_carea' id='block_1_119' title="bbox 1750 5047 3323 5137">
    <p class='ocr_par' dir='ltr' id='par_1_119' title="bbox 1750 5047 3323 5137">
     <span class='ocr_line' id='line_1_123' title="bbox 1750 5047 3323 5137; baseline 0.006 -37"><span class='ocrx_word' id='word_1_905' title='bbox 1750 5047 2060 5137; x_wconf 24' lang='lat' dir='ltr'><strong>Lectionem’</strong></span> <span class='ocrx_word' id='word_1_906' title='bbox 2082 5049 2409 5137; x_wconf 41' lang='lat' dir='ltr'><strong>codicisitns.</strong></span> <span class='ocrx_word' id='word_1_907' title='bbox 2453 5050 2875 5137; x_wconf 70' lang='lat' dir='ltr'><strong>Salisburgensis</strong></span> <span class='ocrx_word' id='word_1_908' title='bbox 2908 5047 3323 5137; x_wconf 60' lang='lat' dir='ltr'><strong>praeferendam,</strong></span> 
     </span>
    </p>
   </div>
   <div class='ocr_carea' id='block_1_120' title="bbox 1751 5119 3319 5192">
    <p class='ocr_par' dir='ltr' id='par_1_120' title="bbox 1751 5119 3319 5192">
     <span class='ocr_line' id='line_1_124' title="bbox 1751 5119 3319 5192; baseline 0.004 -20"><span class='ocrx_word' id='word_1_909' title='bbox 1751 5127 1806 5172; x_wconf 91' lang='lat' dir='ltr'><strong>et</strong></span> <span class='ocrx_word' id='word_1_910' title='bbox 1852 5120 1965 5192; x_wconf 77' lang='lat' dir='ltr'><strong>hoe</strong></span> <span class='ocrx_word' id='word_1_911' title='bbox 1994 5120 2211 5174; x_wconf 88' lang='lat' dir='ltr'><strong>nomine</strong></span> <span class='ocrx_word' id='word_1_912' title='bbox 2252 5119 2479 5192; x_wconf 55' lang='lat' dir='ltr'><strong>alterum</strong></span> <span class='ocrx_word' id='word_1_913' title='bbox 2525 5119 2736 5178; x_wconf 84' lang='lat' dir='ltr'><strong>Alcuini</strong></span> <span class='ocrx_word' id='word_1_914' title='bbox 2781 5119 3114 5192; x_wconf 82' lang='lat' dir='ltr'><strong>magistrum,</strong></span> <span class='ocrx_word' id='word_1_915' title='bbox 3157 5125 3246 5192; x_wconf 87' lang='lat' dir='ltr'><strong>qui</strong></span> <span class='ocrx_word' id='word_1_916' title='bbox 3288 5144 3319 5179; x_wconf 85' lang='lat' dir='ltr'><strong>a</strong></span> 
     </span>
    </p>
   </div>
   <div class='ocr_carea' id='block_1_121' title="bbox 1749 5187 3324 5260">
    <p class='ocr_par' dir='ltr' id='par_1_121' title="bbox 1749 5187 3324 5260">
     <span class='ocr_line' id='line_1_125' title="bbox 1749 5187 3324 5260; baseline 0.004 -18"><span class='ocrx_word' id='word_1_917' title='bbox 1749 5196 1903 5256; x_wconf 85' lang='lat' dir='ltr'><strong>poeta</strong></span> <span class='ocrx_word' id='word_1_918' title='bbox 1939 5189 2220 5260; x_wconf 70' lang='lat' dir='ltr'><strong>Anonymo</strong></span> <span class='ocrx_word' id='word_1_919' title='bbox 2249 5187 2545 5260; x_wconf 49' lang='lat' dir='ltr'><strong>Ajlbertua;</strong></span> <span class='ocrx_word' id='word_1_920' title='bbox 2587 5194 2641 5246; x_wconf 92' lang='lat' dir='ltr'><strong>in</strong></span> <span class='ocrx_word' id='word_1_921' title='bbox 2669 5194 2784 5247; x_wconf 76' lang='lat' dir='ltr'><strong>Vita</strong></span> <span class='ocrx_word' id='word_1_922' title='bbox 2814 5187 3020 5260; x_wconf 81' lang='lat' dir='ltr'><strong>Alcuini</strong></span> <span class='ocrx_word' id='word_1_923' title='bbox 3051 5187 3324 5249; x_wconf 59' lang='lat' dir='ltr'><strong>Elcbertus</strong></span> 
     </span>
    </p>
   </div>
   <div class='ocr_carea' id='block_1_122' title="bbox 1750 5255 3322 5326">
    <p class='ocr_par' dir='ltr' id='par_1_122' title="bbox 1750 5255 3322 5326">
     <span class='ocr_line' id='line_1_126' title="bbox 1750 5255 3322 5326; baseline 0.007 -18"><span class='ocrx_word' id='word_1_924' title='bbox 1750 5255 1987 5323; x_wconf 78' lang='lat' dir='ltr'><strong>vocatur,</strong></span> <span class='ocrx_word' id='word_1_925' title='bbox 2019 5255 2413 5326; x_wconf 72' lang='lat' dir='ltr'><strong>intelligendum</strong></span> <span class='ocrx_word' id='word_1_926' title='bbox 2444 5274 2564 5316; x_wconf 86' lang='lat' dir='ltr'><strong>esse</strong></span> <span class='ocrx_word' id='word_1_927' title='bbox 2592 5277 2801 5316; x_wconf 87' lang='lat' dir='ltr'><strong>censeo.</strong></span> <span class='ocrx_word' id='word_1_928' title='bbox 2835 5255 3322 5319; x_wconf 84' lang='lat' dir='ltr'><strong>Malmesburieusis</strong></span> 
     </span>
    </p>
   </div>
   <div class='ocr_carea' id='block_1_123' title="bbox 1750 5323 3328 5403">
    <p class='ocr_par' dir='ltr' id='par_1_123' title="bbox 1750 5323 3328 5403">
     <span class='ocr_line' id='line_1_127' title="bbox 1750 5323 3328 5403; baseline 0.005 -24"><span class='ocrx_word' id='word_1_929' title='bbox 1750 5327 1988 5403; x_wconf 72' lang='lat' dir='ltr'><strong>utiduos</strong></span> <span class='ocrx_word' id='word_1_930' title='bbox 2028 5323 2326 5403; x_wconf 62' lang='lat' dir='ltr'><strong>Eanbaldus</strong></span> <span class='ocrx_word' id='word_1_931' title='bbox 2361 5332 2421 5403; x_wconf 76' lang='lat' dir='ltr'><strong>in</strong></span> <span class='ocrx_word' id='word_1_932' title='bbox 2461 5345 2624 5384; x_wconf 89' lang='lat' dir='ltr'><strong>unum</strong></span> <span class='ocrx_word' id='word_1_933' title='bbox 2650 5328 2925 5403; x_wconf 72' lang='lat' dir='ltr'><strong>conflavit,</strong></span> <span class='ocrx_word' id='word_1_934' title='bbox 2954 5337 3012 5384; x_wconf 92' lang='lat' dir='ltr'><strong>ut</strong></span> <span class='ocrx_word' id='word_1_935' title='bbox 3045 5338 3155 5384; x_wconf 86' lang='lat' dir='ltr'><strong>not.</strong></span> <span class='ocrx_word' id='word_1_936' title='bbox 3196 5346 3328 5403; x_wconf 58' lang='lat' dir='ltr'><strong>sup-</strong></span> 
     </span>
    </p>
   </div>
   <div class='ocr_carea' id='block_1_124' title="bbox 1749 5395 3312 5465">
    <p class='ocr_par' dir='ltr' id='par_1_124' title="bbox 1749 5395 3312 5465">
     <span class='ocr_line' id='line_1_128' title="bbox 1749 5395 3312 5465; baseline 0.004 -16"><span class='ocrx_word' id='word_1_937' title='bbox 1749 5396 2013 5465; x_wconf 71' lang='lat' dir='ltr'><strong>diximus;</strong></span> <span class='ocrx_word' id='word_1_938' title='bbox 2048 5395 2129 5465; x_wconf 81' lang='lat' dir='ltr'><strong>ita</strong></span> <span class='ocrx_word' id='word_1_939' title='bbox 2159 5395 2247 5449; x_wconf 87' lang='lat' dir='ltr'><strong>hic</strong></span> <span class='ocrx_word' id='word_1_940' title='bbox 2280 5395 2570 5465; x_wconf 81' lang='lat' dir='ltr'><strong>Egbertum</strong></span> <span class='ocrx_word' id='word_1_941' title='bbox 2603 5407 2658 5452; x_wconf 89' lang='lat' dir='ltr'><strong>et</strong></span> <span class='ocrx_word' id='word_1_942' title='bbox 2686 5398 3063 5453; x_wconf 86' lang='lat' dir='ltr'><strong>Helbrechtum</strong></span> <span class='ocrx_word' id='word_1_943' title='bbox 3091 5395 3312 5456; x_wconf 77' lang='lat' dir='ltr'><strong>confun-</strong></span> 
     </span>
    </p>
   </div>
   <div class='ocr_carea' id='block_1_125' title="bbox 1747 5460 3315 5527">
    <p class='ocr_par' dir='ltr' id='par_1_125' title="bbox 1747 5460 3315 5527">
     <span class='ocr_line' id='line_1_129' title="bbox 1747 5460 3315 5527; baseline 0.007 -10"><span class='ocrx_word' id='word_1_944' title='bbox 1747 5463 1844 5518; x_wconf 89' lang='lat' dir='ltr'><strong>dit.</strong></span> <span class='ocrx_word' id='word_1_945' title='bbox 1875 5460 2008 5519; x_wconf 73' lang='lat' dir='ltr'><strong>Vide</strong></span> <span class='ocrx_word' id='word_1_946' title='bbox 2045 5463 2098 5517; x_wconf 90' lang='lat' dir='ltr'><strong>in</strong></span> <span class='ocrx_word' id='word_1_947' title='bbox 2130 5470 2258 5518; x_wconf 92' lang='lat' dir='ltr'><strong>tom.</strong></span> <span class='ocrx_word' id='word_1_948' title='bbox 2289 5460 2674 5521; x_wconf 62' lang='lat' dir='ltr'><strong>ll&#39;carmen‘de</strong></span> <span class='ocrx_word' id='word_1_949' title='bbox 2706 5465 2861 5521; x_wconf 89' lang='lat' dir='ltr'><strong>Pont.</strong></span> <span class='ocrx_word' id='word_1_950' title='bbox 2901 5476 2956 5522; x_wconf 91' lang='lat' dir='ltr'><strong>et</strong></span> <span class='ocrx_word' id='word_1_951' title='bbox 2987 5471 3190 5526; x_wconf 88' lang='lat' dir='ltr'><strong>sanctis</strong></span> <span class='ocrx_word' id='word_1_952' title='bbox 3225 5487 3315 5527; x_wconf 88' lang='lat' dir='ltr'><strong>ec-</strong></span> 
     </span>
    </p>
   </div>
   <div class='ocr_carea' id='block_1_126' title="bbox 1747 5533 2704 5591">
    <p class='ocr_par' dir='ltr' id='par_1_126' title="bbox 1747 5533 2704 5591">
     <span class='ocr_line' id='line_1_130' title="bbox 1747 5533 2704 5591; baseline 0.001 -4"><span class='ocrx_word' id='word_1_953' title='bbox 1747 5534 1874 5589; x_wconf 88' lang='lat' dir='ltr'><strong>cles.</strong></span> <span class='ocrx_word' id='word_1_954' title='bbox 1906 5533 2228 5590; x_wconf 84' lang='lat' dir='ltr'><strong>Eboracens.</strong></span> <span class='ocrx_word' id='word_1_955' title='bbox 2258 5551 2399 5590; x_wconf 89' lang='lat' dir='ltr'><strong>.vers.</strong></span> <span class='ocrx_word' id='word_1_956' title='bbox 2429 5536 2566 5590; x_wconf 68' lang='lat'><strong>1533</strong></span> <span class='ocrx_word' id='word_1_957' title='bbox 2591 5551 2704 5591; x_wconf 85' lang='lat' dir='ltr'><strong>seu.</strong></span> 
     </span>
    </p>
   </div>
   <div class='ocr_carea' id='block_1_127' title="bbox 1820 5600 3318 5688">
    <p class='ocr_par' dir='ltr' id='par_1_127' title="bbox 1820 5600 3318 5688">
     <span class='ocr_line' id='line_1_131' title="bbox 1820 5600 3318 5688; baseline 0.009 -37"><span class='ocrx_word' id='word_1_958' title='bbox 1820 5604 1843 5640; x_wconf 78' lang='grc'><strong>8</strong></span> <span class='ocrx_word' id='word_1_959' title='bbox 1889 5600 2157 5688; x_wconf 59' lang='lat' dir='ltr'><strong>&quot;(credent</strong></span> <span class='ocrx_word' id='word_1_960' title='bbox 2207 5604 2428 5688; x_wconf 68' lang='lat' dir='ltr'><strong>reliquit.</strong></span> <span class='ocrx_word' id='word_1_961' title='bbox 2486 5605 2602 5662; x_wconf 69' lang='lat' dir='ltr'><strong>Vid.</strong></span> <span class='ocrx_word' id='word_1_962' title='bbox 2657 5619 2872 5662; x_wconf 78' lang='lat' dir='ltr'><strong>carmen</strong></span> <span class='ocrx_word' id='word_1_963' title='bbox 2923 5608 2988 5664; x_wconf 77' lang='lat' dir='ltr'><strong>de</strong></span> <span class='ocrx_word' id='word_1_964' title='bbox 3040 5610 3318 5688; x_wconf 83' lang='lat' dir='ltr'><strong>Episcopis</strong></span> 
     </span>
    </p>
   </div>
   <div class='ocr_carea' id='block_1_128' title="bbox 1747 5671 3019 5740">
    <p class='ocr_par' dir='ltr' id='par_1_128' title="bbox 1747 5671 3019 5740">
     <span class='ocr_line' id='line_1_132' title="bbox 1747 5671 3019 5740; baseline -0.005 -14"><span class='ocrx_word' id='word_1_965' title='bbox 1747 5671 2172 5740; x_wconf 80' lang='lat' dir='ltr'><strong>Eboracensibus</strong></span> <span class='ocrx_word' id='word_1_966' title='bbox 2202 5675 2295 5730; x_wconf 89' lang='lat' dir='ltr'><strong>cit.</strong></span> <span class='ocrx_word' id='word_1_967' title='bbox 2312 5671 2320 5674; x_wconf 73' lang='grc'><strong><em>“</em></strong></span> <span class='ocrx_word' id='word_1_968' title='bbox 2349 5696 2356 5700; x_wconf 85' lang='grc'><strong>·</strong></span> <span class='ocrx_word' id='word_1_969' title='bbox 3014 5708 3019 5712; x_wconf 87' lang='grc'>.</span> 
     </span>
    </p>
   </div>
  </div>
