4232 6412
795 377 896 427 ‘2‘23’:

1647 375 1702 426 il.
1747 375 1805 427 Γ.
1849 374 2070 428 ALBINI
2111 373 2239 428 SEL’
2280 372 2553 427 ALCUNI
2593 373 2879 458 Oi’EllL'M.
2911 375 3084 430 PARS
3123 377 3160 429 1.

3915 383 4016 436 ἳῖιί

794 492 984 540 fortem
1018 489 1172 540 faciat
1202 487 1253 538 in
1287 487 1483 545 anima,
1528 494 1580 538 et
1635 502 1756 538 cum
1804 484 2097 554 Apostolo:
2134 481 2354 546 Quando
2384 485 2430 543 Α
2463 493 2569 546 tua,
2603 499 2705 536 una
2734 484 2786 536 in
2818 485 3087 539 salvandis
3135 487 3434 551 animabus,
3488 488 3653 542 altera
3685 490 3736 543 in
3764 490 4014 556 adjuvat:-

791 577 1046 640 in/irmor,
1077 587 1200 628 tunc
1237 575 1425 642 fortior
1477 591 1591 626 sum
1631 573 1716 642 (Il
1749 573 1870 626 Cor.
1905 590 2004 637 xu,
2038 572 2146 642 10).
2179 571 2352 625 Casti-

790 664 934 733 gatio
961 664 1205 733 corporis
1231 662 1501 732 profectus
1524 663 1593 716 sit
1631 663 1842 716 animm.
1881 662 2058 715 Mitem
2090 669 2142 715 te
2166 669 2220 714 et
2255 661 2353 714 hu—

791 755 971 807 milem
1019 753 1084 807 ad
1119 754 1369 807 meliores
1417 754 1663 816 ostende,
1713 753 1904 805 durum
1928 761 1984 806 et
2029 752 2256 818 rigidum
2286 751 2353 804 ad

788 843 1065 910 superbos,
1093 842 1342 895 omnibus
1367 842 1547 895 omnia
1604 840 1794 902 factus,
1822 847 1881 893 ut
1927 854 2113 892 omnes
2144 838 2353 891 lucrare

791 950 977 1005 posses
1017 931 1068 1004 (I
1098 932 1219 987 Cor.
1255 950 1332 998 ix,
1371 933 1485 1000 2‘2).
1518 931 1728 985 llabeas
1767 931 2091 984 inmanibus
2121 929 2228 982 tuis
2250 928 2353 981 mel

787 1032 842 1076 et
871 1023 1221 1087 absinthium,
1248 1021 1504 1090 quidquid
1557 1020 1642 1074 cui
1695 1020 1920 1088 placeat,
1968 1017 2089 1072 edat
2131 1033 2195 1072 ex
2225 1017 2348 1070 illis.

790 1112 884 1165 Cui
920 1113 986 1166 de
1022 1111 1109 1180 pia
1145 1109 1524 1178 praedicatione
1547 1108 1689 1161 vesci
1740 1105 1924 1169 libeat,
1955 1105 2181 1172 accipiat
2208 1103 2348 1166 mel;

787 1201 879 1269 qui
909 1201 1038 1254 dura
1076 1199 1651 1266 invectioneindigeat,
1681 1195 1830 1248 bibat
1865 1210 1942 1248 ex-
1961 1192 2255 1256 absinthio,
2279 1193 2352 1244 ita

790 1300 986 1352 tamen,
1016 1299 1077 1343 ut
1112 1289 1271 1342 liceat
1296 1290 1344 1342 ei
1369 1287 1474 1341 mel
1517 1286 1685 1339 veniae
1714 1299 1947 1354 sperare,
1977 1285 2020 1337 si
2049 1300 2200 1338 rosea
2229 1298 2354 1355 con-

790 1378 926 1431 fusio
955 1378 1279 1446 pmnitentiie
1307 1376 1597 1446 prtecedat.

859 1486 1048 1541 Omnia
1089 1494 1266 1541 vestra
1297 1487 1520 1540 honeste
1573 1499 1696 1538 cum
1747 1482 1932 1538 ordine
1970 1479 2100 1536 ﬂant
2144 1480 2196 1549 (l
2227 1479 2349 1532 Cor.

788 1591 897 1636 xnv,
927 1576 1037 1644 40).
1071 1575 1302 1643 Tempus
1326 1583 1594 1628 statuatur
1636 1573 1953 1636 lectioni,.el.
1984 1569 2203 1643 [oratio]
2230 1584 2354 1621 suas

787 1664 984 1718 habeat
1025 1666 1205 1727 horas,
1236 1673 1290 1718 et
1337 1665 1621 1718 missarum
1676 1663 1933 1718 solemnia
1979 1661 2197 1730 proprio
2222 1669 2354 1712 tem-

788 1770 915 1822 pore
937 1755 1274 1808 conveniant.
1309 1755 1409 1819 Qui
1430 1755 1566 1806 diem
1583 1755 1736 1822 sapit,
1769 1754 1990 1806 Domino
2013 1752 2146 1820 sapit
2172 1749 2348 1820 (Rom.

2423 572 2535 626 ‘dis
2563 574 2878 640 corporibus
2899 575 3188 643 egentium.
3227 575 3348 630 Ideo
3376 579 3671 650 preslyteri
3701 581 3898 648 duplici
3926 582 4018 635 hn-

2455 673 2602 722 nore,
2634 660 2788 728 juxta
2805 659 3137 728 Apostolum,
3161 663 3304 731 digni
3335 665 3560 720 habendi
3589 676 3731 731 sunt,
3760 669 3889 736 quia
3918 669 4014 720 du-

2453 747 2578 814 plici
2621 749 2918 816 probantur
2969 748 3114 820 fungi
3179 753 3473 808 ministerio
3527 755 3578 822 (Ι
3625 754 3758 809 Tim.
3817 773 3873 819 v,
3912 759 4012 825 l7).

2453 839 2687 893 Hilarem
2715 841 2954 895 datorem
2995 841 3166 913 diligit
3186 844 3446 916 Deu5~(ll
3503 847 3622 900 Cor.
3651 864 3728 912 ix,
3754 849 3806 913 6,
3840 850 3896 918 7)
3928 866 3941 914 ;
3969 863 4014 905 et

2452 928 2542 996 qui
2570 931 2798 984 seminat
2831 931 2882 984 in
2914 933 3299 998 benedictione,
3327 935 3393 989 de
3421 937 3882 994 benedictionibus
3908 956 4008 993 me-

2453 1026 2546 1080 tet,
2587 1027 2641 1071 et
2666 1020 2753 1088 qui
2783 1019 2901 1088 plus
2929 1019 3156 1088 laborat,
3185 1024 3302 1094 plus
3339 1026 3600 1090 mercedis
3618 1027 3868 1096 accipiet.
3901 1027 4013 1082 Sint

2453 1109 2527 1162 tui
2558 1109 2685 1162 socii
2725 1109 2961 1164 honestis
3008 1112 3247 1166 moribus
3294 1113 3489 1176 ornati,
3533 1128 3638 1168 non
3666 1116 4008 1171 vestimento-

2453 1211 2571 1248 rum
2603 1197 2836 1249 vanitate
2863 1197 3141 1272 notabiles,
3170 1200 3263 1253 sed
3289 1215 3496 1253 morum
3536 1201 3794 1272 dignitate
3828 1203 4010 1258 lauda-

2453 1286 2606 1340 biles.
2631 1286 2809 1341 Gloria
2835 1289 3024 1356 patris,
3051 1266 3192 1343 lllius
3214 1291 3444 1359 sapiens.
3467 1290 3582 1346 Non
3595 1266 3719 1347 vsint
3740 1293 4015 1348 ebrietatis

2453 1385 2766 1439 sectatores,
2805 1379 2898 1434 sed
2951 1379 3259 1434 sobrietatis
3302 1389 3588 1446 amatores,
3618 1390 3678 1435 ut
3709 1397 3777 1436 ex
3799 1383 4013 1437 illorum

2455 1465 2607 1518 bonis
2659 1467 2916 1534 exemplis
2968 1466 3296 1522 :edificentur
3321 1469 3556 1537 plurimi.
3619 1469 3737 1524 Non
3789 1471 4015 1526 inanilo-

2455 1553 2638 1619 quium
2667 1554 2747 1608 vel
2779 1555 3096 1619 scurrilitas,
3149 1556 3241 1609 sed
3267 1564 3450 1610 sancta
3499 1570 3564 1613 ex
3585 1572 3681 1612 ore
3711 1572 3900 1612 eorum
3925 1574 4016 1612 au-

2457 1641 2634 1695 diatur
2656 1644 2970 1711 psalmodia.
3022 1644 3134 1696 Non
3158 1660 3254 1713 per
3280 1661 3498 1715 campos
3519 1648 3883 1702 discurrentes
3903 1648 4014 1701 vnl-

2455 1747 2549 1801 pes
2570 1734 2819 1802 agitando
2839 1734 3151 1797 declament,
3182 1738 3273 1790 sed
3297 1748 3468 1792 tecum
3496 1751 3520 1778 ι
3543 1739 3837 1808 equitando
3863 1737 4012 1810 [Cod.

789 1809 896 1904 inv,
929 1843 1010 1910 6).
1049 1843 1131 1896 Sit
1160 1842 1398 1895 modesta
1447 1842 1499 1895 in
1550 1842 1811 1896 conviviis
1851 1841 2030 1895 laetitia
2059 1857 2074 1905 ;
2105 1841 2173 1894 sit
2201 1848 2350 1894 casta
2385 1809 2419 1868 ﬂ

2423 1817 2429 1863 ἲ
2459 1820 2597 1886 Sal.,
2633 1822 2936 1894 aequando],
2977 1825 3212 1892 psalmos
3243 1826 3385 1881 dulci
3433 1827 3796 1882 modulamine
3825 1809 4015 1881 decano

787 1931 839 1982 in
865 1930 1082 1998 jejuniis
1122 1931 1340 1995 hetitia;
1376 1931 1583 1985 lavetur
1643 1933 1957 2002 ptenitentia
2017 1931 2220 1986 facies:
2250 1947 2352 1984 un-

786 2030 942 2089 gatur
970 2020 1086 2074 oleo
1139 2021 1522 2075 misericordiae
1553 2029 1736 2089 caput,
1764 2030 1824 2074 ut
1872 2022 2052 2076 omnia
2107 2029 2354 2088 accepta-

787 2110 910 2162 bilia
958 2111 1086 2162 ﬁant
1135 2109 1358 2164 Domino
1393 2110 1521 2175 Deo,
1561 2111 1651 2178 qui
1695 2120 1745 2165 te
1774 2111 1934 2180 elegit
1980 2111 2079 2165 sibi
2107 2109 2356 2166 sacerdo-

788 2211 914 2253 tem.
950 2198 1131 2252 Omnis
1171 2216 1392 2269 uanique
1437 2201 1670 2276 pontifex
1705 2201 1768 2253 ab
1812 2200 2109 2253 hominibus
2151 2216 2354 2252 assum-

783 2299 901 2357 ptus
929 2306 1022 2357 pro
1051 2290 1342 2342 hominibus
1393 2291 1726 2343 constituitur
1754 2291 1808 2342 in
1845 2291 1946 2354 Itis,
1981 2307 2096 2358 qua:
2125 2300 2244 2342 sunt
2284 2290 2352 2342 ad

790 2379 949 2431 Deum
982 2379 1167 2449 (Hebr.
1209 2395 1263 2444 v,
1292 2379 1360 2448 l).
1402 2379 1580 2434 Aaron
1618 2381 1795 2434 stabat
1828 2395 1949 2434 cum
1983 2380 2247 2433 turribulo
2273 2381 2352 2434 di-

784 2466 1005 2535 gnitatis
1033 2482 1141 2520 suze
1171 2467 1309 2521 inter
1348 2467 1498 2520 vivos
1545 2481 1608 2520 ac
1641 2475 1901 2530 mortuos,
1936 2476 1994 2519 ut
2025 2467 2101 2519 ira
2130 2467 2222 2521 Dei
2247 2484 2351 2521 non

787 2553 1091 2606 ardesceret
1131 2554 1247 2623 plus
1287 2555 1345 2608 in
1384 2555 1578 2624 populo
1635 2554 1823 2622 (Nam.
1854 2571 1967 2620 xvi,
1991 2555 2079 2619 47,
2103 2555 2214 2626 48).
2251 2556 2351 2610 Sa-

785 2645 974 2695 cerdos
1013 2658 1140 2696 vero
1163 2643 1252 2696 Dei
1287 2641 1496 2712 [Verbi]
1537 2651 1591 2695 et
1636 2642 1924 2695 voluntatis
1971 2643 2114 2697 illius
2160 2646 2354 2712 priedi-

789 2745 940 2788 rator
985 2737 1142 2790 debet
1188 2748 1306 2790 esse
1358 2738 1410 2791 in
1472 2738 1746 2807 populum,
1799 2746 1853 2791 et
1908 2739 2233 2793 intercessor
2286 2736 2352 2788 ad

789 2826 953 2878 Deum
983 2841 1079 2894 pro
1097 2827 1308 2894 p0pulo,
1335 2829 1487 2895 quasi
1527 2827 1787 2881 mediator
1826 2827 1964 2882 inter
1984 2828 2149 2880 Deum
2181 2835 2232 2879 et
2258 2827 2351 2879 ho-

787 2913 974 2966 mines.
1011 2913 1112 2979 Qui
1140 2914 1421 2968 sublimem
1447 2917 1688 2968 ascendit
1723 2915 1922 2979 locum,
1975 2930 2166 2969 cavere
2193 2915 2350 2969 debet

784 3017 850 3054 ne
877 3003 1054 3065 cadat,
1085 3004 1206 3070 quia
1262 3003 1414 3058 ruina
1466 3003 1672 3058 altioris
1709 3004 1812 3059 loci
1857 3006 2209 3074 periculosior
2232 3019 2350 3057 esse

783 3092 1139 3161 dignoscitur.
1181 3095 1282 3159 Qui
1336 3105 1460 3160 stat,
1509 3097 1688 3150 videat
1726 3113 1793 3151 ne
1839 3097 2012 3151 cadat.
2069 3096 2120 3166 (1
2147 3097 2267 3149 Cor.
2293 3112 2344 3158 χ,
2374 3135 2419 3198 c

783 3183 892 3249 ιε).
926 3182 1025 3248 Qui
1048 3181 1212 3250 jacet,
1263 3186 1570 3250 contendat,
1606 3195 1665 3238 ut
1694 3197 1977 3256 resurgat:
2024 3196 2077 3240 et
2107 3187 2196 3254 qui
2227 3204 2348 3239 eur-

786 3274 877 3333 rit,
910 3280 1096 3326 caveat
1121 3289 1186 3326 ne
1211 3271 1463 3338 offendat,
1496 3290 1562 3327 ne
1607 3275 1849 3329 bravium
1880 3276 2018 3330 illius
2052 3277 2186 3329 alter
2209 3277 2350 3329 acci-

786 3360 916 3427 piat.
949 3357 1148 3415 Omnes
1172 3362 1388 3430 quidem
1419 3373 1562 3416 stare
1592 3380 1690 3418 nos
1715 3373 1926 3432 oportet
1959 3376 2080 3416 ante
2112 3366 2346 3418 tribunal

785 3449 987 3502 Christi
1012 3457 1072 3501 ut
1095 3448 1295 3502 referat
1320 3451 1704 3520 unusquisque,
1757 3452 2016 3520 quidquid
2041 3445 2097 3506 in
2127 3469 2349 3522 corpore

782 3537 950 3604 gessit
1000 3536 1174 3605 (Rom.
1202 3553 1311 3601 xxv,
1340 3539 1442 3603 lO;
1480 3538 1542 3591 11
1573 3539 1693 3592 Cor.
1726 3556 1778 3605 v,
1813 3541 1916 3611 10).
1954 3542 2100 3596 Tunc
2122 3560 2224 3598 non
2248 3545 2352 3597 erit

785 3634 996 3692 tempus
1021 3625 1195 3678 oleum
1223 3627 1452 3691 emendi,
1485 3627 1603 3682 ideo
1632 3637 1755 3682 ante
1792 3631 2213 3698 pr:evideamus;
2255 3647 2350 3685 nec

785 3726 911 3770 tunc
942 3730 1108 3769 vacua
1139 3731 1263 3770 vasa
1297 3717 1589 3773 habeamus
1624 3719 1836 3790 (Matth.
1865 3721 2014 3792 xxv).
2050 3721 2168 3775 Sint
2194 3723 2350 3776 modo

784 3805 951 3860 lumbi
1002 3807 1273 3875 praecincti
1300 3816 1354 3861 et
1405 3807 1638 3864 lucerna:
1693 3811 1941 3864 ardentes
1993 3811 2044 3864 in
2089 3812 2349 3866 «manibus

785 3898 1154 3966 przedicatoris
1185 3897 1334 3965 (Luc.
1363 3914 1460 3962 xu,
1489 3898 1601 3968 35),
1628 3907 1688 3952 ut
1713 3907 1837 3954 tunc
1884 3898 2084 3971 fulgeat
2108 3901 2248 3956 sicut
2268 3902 2349 3955 sol

786 3988 838 4040 in
883 4002 1044 4056 regno
1081 3985 1259 4041 Patris
1311 3987 1416 4053 sui,
1459 3996 1515 4044 et
1539 4003 1639 4057 pro
1696 3989 2138 4059 multiplicatione
2190 4007 2351 4061 pecu-

784 4078 887 4132 nia:
923 4078 1023 4132 sibi
1054 4079 1354 4132 commissa:
1390 4078 1640 4132 laudetur
1679 4093 1709 4131 a
1741 4066 1967 4134 Domino
2021 4096 2140 4144 suo,
2172 4090 2227 4135 et
2255 4082 2350 4134 lio-

786 4178 1007 4223 noretur
1064 4176 1264 4222 aeterna
1327 4167 1515 4236 gloria.
1559 4167 1675 4220 Noli
1726 4169 2012 4222 Dominum
2051 4178 2102 4222 te
2154 4180 2350 4238 putare

783 4255 986 4319 saeculi,
1020 4257 1112 4311 sed
1170 4254 1634 4324 dispensatorem;
1673 4271 1776 4310 non
1821 4265 1873 4310 te
1929 4272 2182 4315 numerus
2229 4273 2351 4327 pro-

786 4343 1106 4410 pinquorum
1137 4343 1581 4406 avarumfaciat,
1622 4345 1775 4412 quasi
1827 4345 1932 4399 illis
1969 4346 2024 4399 in
2062 4346 2350 4400 hmredita—

2457 1921 2590 1965 tent.
2625 1912 2905 1982 Nunquam
2947 1931 3114 1969 sacrte
3154 1916 3538 1971 benedictionis
3579 1916 3742 1985 pallio
3777 1916 4015 1969 induaris

2455 2002 2656 2071 absque
2681 2003 3026 2058 diaconorum
3060 2007 3347 2060 astantium
3378 2007 3688 2061 ministerio.
3717 2006 3931 2062 Habeas
3952 2018 4002 2060 et

2455 2091 2831 2158 subdiaconos,
2882 2104 3212 2164 cceterosque
3263 2095 3550 2151 ordinatim
3597 2097 3796 2168 gradus
3833 2097 4012 2151 Eccle-

2454 2181 2566 2245 siie,
2614 2191 2875 2251 quatenus
2922 2184 3246 2253 septiformis
3269 2187 3322 2240 in
3372 2187 3524 2241 donis
3562 2188 3733 2242 sancti
3774 2187 4004 2256 Spiritus

2454 2273 2691 2326 Ecclesia
2717 2274 3012 2342 septiformi
3040 2277 3519 2333 ecclesiasticorum
3542 2281 3801 2348 graduum
3827 2281 4012 2334 distin-

2453 2363 2628 2416 ctione
2655 2362 2872 2433 fulgeat.
2914 2364 3118 2419 Habeat
3151 2369 3510 2437 unusquisque
3558 2368 3755 2438 gradus
3780 2369 4011 2438 dignita-

2456 2453 2524 2507 tis
2563 2469 2672 2508 sua:
2719 2453 2894 2508 locum
2935 2464 2988 2510 et
3039 2458 3456 2524 vestimentum;
3496 2459 3619 2513 etsi
3671 2459 3724 2513 in
3754 2461 4013 2514 conviviis

2453 2543 2584 2598 ordo
2609 2546 2879 2599 seniorum
2906 2555 2960 2599 et
2989 2546 3304 2615 dignitatum
3356 2550 3646 2604 servandus
3670 2558 3771 2615 est,
3811 2561 4014 2620 quanto

2454 2637 2623 2703 magis
2649 2636 2700 2688 in
2732 2636 2968 2690 Ecclesia
3016 2637 3210 2691 Christi
3240 2645 3253 2692 ε
3286 2639 3367 2693 Sit
3409 2640 3581 2694 clerus
3625 2642 3676 2694 in
3705 2642 3892 2696 habitu
3919 2644 4012 2698 ho-

2453 2725 2699 2787 nestatis,
2729 2735 2783 2779 et
2810 2727 2958 2780 vultu
3000 2729 3350 2794 constantiae;
3385 2738 3435 2784 et
3464 2729 3518 2782 in
3553 2744 3682 2784 voce
3728 2729 4007 2786 moderata

2452 2823 2754 2882 cantantes,
2813 2819 2984 2888 magis
3019 2820 3127 2874 Deo
3172 2820 3380 2888 placere
3423 2822 3650 2876 nitentes
3699 2837 3866 2890 quam
3915 2824 4008 2877 ho-

2452 2906 2685 2960 minibus
2737 2906 2788 2974 (Ι
2853 2907 3084 2961 Thessal.
3117 2925 3182 2972 ιι,
3215 2908 3292 2980 4).
3350 2910 3612 2964 Exaltatio
3658 2911 4012 2966 immoderata

2452 2995 2602 3065 vocis
2653 2997 2928 3065 jactantize
2972 2999 3182 3068 signum
3219 3008 3303 3054 est
3332 3017 3344 3052 :
3376 2998 3466 3054 sed
3489 3001 3664 3054 omnia
3695 3001 3750 3054 in
3799 3002 4012 3055 humili-

2452 3094 2563 3142 tate
2590 3096 2641 3140 et
2669 3089 2892 3143 honeste
2942 3089 3092 3154 ﬁant,
3123 3099 3302 3144 etnon
3346 3091 3641 3161 despiciant
3680 3092 3706 3130 δ
3739 3091 4013 3147 Romanos

2453 3177 2659 3232 discere
2699 3179 2936 3242 ordines,
2986 3188 3247 3246 quatenus
3274 3189 3432 3246 caput
3473 3180 3833 3235 Eeclesiarum
3859 3181 4010 3236 Chri—

2450 3267 2538 3330 sti,
2575 3267 2865 3319 secundum
2895 3266 3202 3322 facultatem
3248 3267 3440 3322 virium
3482 3267 3752 3322 imitantes
3794 3269 4010 3323 benedi-

2449 3356 2680 3408 ctionem
2709 3370 2738 3407 a
2762 3355 2919 3409 beato
2951 3357 3112 3411 Petro
3153 3356 3392 3427 principe
3439 3357 3822 3426 apostolorum,
3853 3374 4007 3426 quem

2451 3443 2706 3499 Dominus
2729 3455 2910 3500 noster
2945 3445 3100 3501 Jesus
3122 3446 3364 3501 Christus
3394 3455 3554 3516 caput
3573 3448 3726 3501 electi
3767 3448 3871 3501 sibi
3895 3461 4008 3517 gre-

2450 3534 2529 3601 gis
2556 3536 2760 3598 statuit,
2793 3537 2991 3589 habere
3025 3543 3333 3589 mereantur
3380 3545 3670 3590 :eternam.
3699 3536 3853 3592 Sicut
3896 3524 4011 3606 apis

2449 3623 2844 3692 sapientissima
2872 3625 3072 3688 omnia,
3098 3639 3217 3694 qua:
3245 3625 3538 3680 honestatis
3580 3634 3722 3688 sunt,
3753 3627 4009 3680 discendo

2449 3717 2692 3785 probate,
2721 3726 2776 3771 et
2801 3734 2919 3786 qua:
2955 3719 3153 3788 optima
3184 3733 3302 3774 esse
3350 3719 3614 3783 videntur,
3644 3719 3892 3790 eligendo
3929 3736 4008 3773 re-

2451 3808 2635 3861 tinete.
2693 3805 2993 3862 Prtevideat
3038 3816 3224 3863 sancta
3279 3808 3496 3863 solertia
3546 3818 3634 3862 tua
3667 3818 3689 3846 α
3723 3808 4008 3876 magistros

2450 3897 2650 3964 pueris,
2677 3897 2824 3951 clero
2853 3897 3091 3969 [Baluz.,
3139 3897 3342 3970 clerici]
3378 3905 3734 3968 segregantur,
3773 3899 4006 3966 separati

2450 4002 2600 4041 more
2625 3987 2853 4050 illorum,
2879 3987 2970 4056 qui
2997 3987 3164 4043 libros
3185 3987 3381 4059 legant,
3421 3987 3510 4057 qui
3535 3985 3817 4042 cantilenae
3839 3987 4006 4041 inser-

2450 4077 2617 4142 viant,
2669 4077 2760 4147 qui
2799 4077 3068 4132 scribendi
3113 4079 3288 4132 studio
3324 4077 3658 4148 deputentur.
3711 4074 3926 4130 Habeas
3949 4084 4003 4130 et

2451 4168 2674 4236 singulis
2719 4168 2804 4222 his
2859 4168 3137 4223 ordinibus
3163 4171 3449 4240 magistros
3475 4182 3619 4231 suos,
3661 4181 3728 4220 ne
3753 4175 4008 4222 vacantes

2455 4256 2588 4328 [ΛΙ.,
2648 4257 2925 4328 vagantes]
2975 4258 3088 4312 otio
3141 4259 3262 4326 vagi
3316 4259 3614 4312 discurrant
3640 4271 3738 4326 per
3787 4257 3923 4320 loca,
3952 4266 4005 4309 et

2451 4347 2639 4402 inanes
2688 4357 2974 4402 exerceant
3023 4347 3191 4410 ludos,
3221 4346 3304 4401 vel
3346 4347 3466 4401 aliis
3501 4347 4004 4415 mancipenturine.

786 4438 893 4482 tem
923 4443 1248 4499 congregare
1273 4429 1487 4483 debeas.
1517 4431 1633 4485 Non
1667 4433 1838 4485 deerit
1876 4436 2089 4488 occasio
2123 4451 2348 4506 congre—
2374 4473 2425 4532 Β
2449 4438 2595 4507 ptiis.
2637 4427 2763 4492 Hinc
2807 4438 2986 4492 omnia
3009 4446 3063 4491 et
3108 4437 3476 4504 solertissima,
3532 4429 3606 4492 illi
3641 4439 3954 4494 charissime
3987 4441 3998 4490 !

787 4518 964 4588 gandi,
999 4518 1044 4572 si
1070 4517 1394 4586 cupiditatis,
1440 4534 1559 4587 quae
1583 4527 1666 4573 est
1710 4521 1948 4574 omnium
1997 4521 2148 4575 radix
2183 4524 2349 4577 malo-

787 4622 924 4669 rum,
986 4606 1200 4679 [fomes]
1257 4608 1564 4662 inardescit.
1620 4608 1805 4664 Nullus
1837 4611 2009 4690 haeres
2055 4610 2243 4665 melior
2267 4621 2349 4667 est

787 4703 1002 4756 Christo
1030 4721 1042 4754 :
1086 4718 1241 4756 nemo
1268 4704 1342 4756 tui
1374 4703 1606 4756 thesauri
1633 4703 1841 4757 fidelior
1863 4715 2044 4760 custos
2073 4713 2174 4760 est.
2211 4705 2348 4759 Nam

789 4810 978 4848 manus
1030 4793 1278 4863 pauperis
1319 4793 1427 4863 65
1483 4794 1916 4863 gazophylacium
1981 4805 2064 4850 est
2122 4796 2344 4851 Christi.

789 4883 938 4947 Quod
970 4899 1035 4936 ex
1065 4884 1168 4937 tuis
1193 4884 1467 4938 obtutibus
1497 4883 1567 4935 illi
1590 4883 1967 4938 commendare
1989 4885 2217 4953 placeat,
2243 4889 2343 4943 hoc

788 4986 883 5041 per
911 4987 1100 5025 manus
1127 4973 1445 5025 miserorum
1473 4972 1644 5025 mitte.
1676 4972 1876 5043 Duplex
1899 4972 1992 5026 ﬁat
2011 4973 2346 5046 eleemosyna

859 5180 884 5206 ⁸
927 5168 1220 5252 ξίᾳιξξεειηιζο
1237 5168 1481 5252 lpsalmo‘s
1509 5171 1805 5252 decantat:
1823 5171 2349 5252 .yide'disquisitio:

790 5236 1126 5309 nemhlabill.
1150 5240 1213 5291 de
1234 5236 1401 5309 Cursu
1425 5239 1611 5292 Gallic.
1635 5257 1752 5309 pag.
1775 5240 1878 5294 M3
1897 5249 1952 5294 et
1978 5236 2150 5295 Vitam
2177 5246 2344 5299 sancti

790 5305 1066 5386 Epiphanii
1102 5309 1334 5386 episcopi
1361 5305 1676 5386 Ticinensis,
1703 5305 1820 5386 quae
1844 5325 1966 5386 cum
2003 5312 2349 5386 scriptisEn-

790 5376 932 5428 nodii
961 5376 1186 5446 habetur
1211 5385 1337 5430 tom.
1367 5379 1384 5432 l
1411 5377 1508 5446 Op.
1543 5376 1831 5442 Sirmoiidi,
1860 5379 1962 5434 col.
1998 5376 2150 5433 1666.
2189 5383 2346 5437 Varia

788 5445 1035 5524 exempla-
1054 5445 1441 5524 episcopomm,
1461 5445 1561 5524 qui
1583 5448 1852 5524 psallendo
1872 5449 2347 5524 equitahant,_con-

790 5513 952 5578 gessit
977 5513 1354 5568 Thomassinus
1376 5513 1596 5570 Przefati
1619 5517 1670 5570 in
1708 5516 1868 5569 Psalt.
1894 5513 2137 5574 secundae
2161 5518 2346 5574 editio-

791 5581 1161 5658 nis._PA_sst_oa.
1190 5612 1257 5622 ——
1288 5583 1464 5658 Codex
1507 5594 1686 5658 tamen
1733 5585 2024 5658 Salisburg.
2060 5590 2181 5658 loco
2207 5592 2347 5658 equi-

793 5651 964 5721 tando,
998 5651 1158 5707 habet
1178 5652 1452 5721 mando,
1472 5656 1624 5721 quasi
1653 5653 1839 5721 aquali
1867 5651 2000 5709 voce
2015 5651 2342 5711 alternatido.

861 5720 886 5757 δ
925 5712 1184 5778 Romanos
1215 5712 1409 5778 discere
1441 5712 1667 5779 ordines.
1701 5712 2083 5782 Testimonium
2123 5727 2192 5783 sit
2232 5728 2346 5786 haec

2451 4536 2540 4581 tua
2567 4527 2868 4582 consideret
2921 4527 3274 4596 providentia,
3318 4535 3579 4596 quatenus
3614 4527 3668 4580 in
3696 4527 3824 4580 sede
3858 4527 4000 4594 prin-

2448 4619 2605 4687 cipali
2643 4619 2817 4688 gentis
2862 4628 3060 4673 nostra:
3098 4618 3262 4672 totius
3318 4616 3572 4671 bonitatis
3599 4623 3653 4670 et
3680 4616 3993 4670 eruditionis

2448 4708 2568 4764 fons
2592 4710 2916 4774 inveniatur,
2955 4717 3011 4763 et
3030 4721 3096 4761 ex
3124 4723 3190 4762 eo
3218 4707 3406 4763 sitiens
3428 4707 3602 4761 viator
3636 4706 3721 4761 vel
3747 4706 3995 4761 ecclesia-

2447 4799 2596 4854 stica:
2631 4798 2926 4868 disciplinae
2959 4809 3191 4862 amator,
3240 4797 3499 4867 quidquid
3526 4797 3794 4852 desiderat
3814 4798 3989 4851 anima

2448 4901 2564 4952 sua,
2619 4887 2839 4941 haurire
2875 4885 3070 4940 valeat.
3110 4887 3352 4959 [Habetis
3381 4901 3466 4940 me
3518 4886 3914 4951 devotissimum
3946 4889 3996 4938 in

2447 4978 2532 5034 his
2563 4977 2834 5044 omnibus,
2888 4979 3014 5034 licet
3062 4980 3117 5035 in
3146 4979 3441 5050 peregrinis
3474 4977 3822 5045 habitantem,
3851 4980 3995 5049 adju-

2446 5177 2666 5248 epistola
2709 5178 3043 5248 antiquitatis
3082 5178 3285 5248 ordinis
3328 5178 3570 5241 Romani,
3611 5178 3676 5248 de
3711 5193 3817 5248 quo
3857 5189 3996 5236 certe

2445 5247 2645 5316 mentio
2675 5247 2816 5316 nulla
2855 5247 2954 5300 hac
2972 5247 3209 5316 gravior,
3239 5257 3330 5302 aut
3355 5248 3624 5316 antiquior
3646 5247 3899 5316 hactenus
3924 5252 3995 5304 al-

2445 5314 2553 5438 Irata
2597 5322 2697 5367 est.
2745 5315 2820 5368 De
2858 5329 2924 5369 eo
2968 5314 3111 5387 legas
3158 5317 3352 5373 Mabill.
3399 5314 3527 5370 tom.
3572 5315 3616 5370 ll
3657 5315 3836 5373 Musei
3881 5319 3988 5374 Ital.

2489 5398 2686 5437 .tSSION.

2489 5398 2686 5437 ASSION.

2517 5463 2538 5490 ε
2579 5451 2855 5525 Magistros
2881 5454 3071 5524 pueris.
3099 5453 3174 5510 De
3192 5453 3276 5525 his
3296 5453 3780 5525 Alcuinnssmpius.
3804 5454 3987 5509 Ionem

2447 5522 2887 5594 instruendorum
2911 5538 3198 5594 puerorum
3220 5524 3275 5594 in
3297 5522 3538 5594 Angliam
3561 5522 3767 5594 induxit
3789 5533 3990 5579 sanctus

2447 5592 2773 5665 aligustjnus
2802 5591 2990 5665 il_lnc_a_
3010 5601 3195 5665 sancto
3221 5591 3474 5665 Gregorio
3490 5593 3989 5665 missus,_nt_namt

2445 5657 2596 5712 Joa‘n.
2623 5659 2786 5787 7mg.
2834 5663 2889 5718 in
2931 5659 3050 5716 Vita
3097 5660 3237 5718 illius
3276 5657 3444 5721 sa'ncti
3486 5660 3760 5724 Pontiﬁcis
3799 5661 3985 5735 Ιίιι.,ιι,

2446 5745 2591 5785 num.
2661 5768 2672 5783 .
2766 5769 2778 5784 .

2446 5745 2591 5785 num.
2633 5745 2672 5783 Ι.
2705 5745 2778 5785 ω.
