4232 6456
721 527 824 581 227

1587 519 1647 572 B.
1685 521 1745 573 F.
1788 521 2012 576 ALBINI
2054 519 2184 575 SEU
2219 510 2493 570 ALCUINI
2524 509 2813 563 .OPERUM
2847 507 3026 563 PARS
3066 508 3106 562 l.

3862 507 3968 564 128

714 645 860 690 sunt.
896 634 1000 688 Sed
1027 633 1150 686 forti
1178 630 1360 684 animo
1391 624 1664 685 toleranda
1695 641 1819 684 sunt
1850 632 2023 684 tristia
2053 645 2173 698 qua:
2197 643 2285 680 ac-
2314 627 2360 684 Α
2389 622 2602 674 latronis
2629 619 3235 688 prohibetdulcedincm
3256 658 3269 681 ,
3300 620 3456 672 datur
3483 603 3636 672 nobis
3663 619 3966 676 litterarum

715 727 900 778 cidunt
938 721 1092 795 [Ma.,
1127 722 1344 776 tristitia
1382 736 1500 790 qua:
1537 721 1858 792 accedunt],
1913 729 1968 774 et
2011 720 2285 774 moderata

716 816 902 870 laetitia
929 813 1266 882 suscipienda
1298 827 1415 880 qua:
1444 811 1790 865 hilarescunt.
1826 811 1950 864 Ideo
1977 816 2149 881 mater
2175 823 2288 860 mo—

715 907 866 960 desta
895 914 950 958 et
977 904 1066 974 pia
1092 903 1148 955 in
1170 901 1265 954 ﬁlii
1294 909 1466 954 morte
1493 916 1598 954 non
1626 900 1852 953 multum
1881 900 2066 968 lugere
2091 899 2247 952 debet
2261 891 2284 950 ἐ

715 994 889 1062 magis
913 994 1144 1062 seipsam
1172 1006 1474 1060 praeparare
1499 991 1657 1044 debet
1681 989 1856 1058 dignis
1881 986 2106 1049 meritis,
2134 994 2194 1039 ut
2222 987 2288 1039 ad

717 1086 862 1138 illam
896 1083 1172 1153 perveniat
1198 1082 1392 1143 vitam,
1440 1082 1530 1134 ubi
1572 1095 1730 1135 nemo
1761 1080 1980 1132 timetur
2006 1077 2284 1139 inimicus,

716 1187 876 1226 nemo
905 1171 1170 1226 deseritur
1193 1171 1418 1224 amicus.
1459 1169 1629 1223 Hath
1656 1171 1792 1223 bona
1823 1177 1996 1222 mater
2015 1168 2288 1223 Christum

715 1261 1110 1318 consolatorem
1159 1276 1260 1330 pro
1307 1261 1416 1314 ﬁlio
1443 1302 1458 1326 ,
1511 1262 1603 1331 qui
1648 1277 1922 1330 nunquam
1971 1261 2292 1328 derelinquit

717 1358 994 1422 sperantes
1031 1349 1085 1403 in
1125 1365 1202 1403 se.
1257 1348 1442 1403 Melius
1480 1349 1714 1419 gaudere
1750 1350 1807 1403 in
1835 1351 2080 1411 vivente,
2130 1363 2290 1416 quam

717 1447 898 1500 dolere
926 1447 979 1499 in
1008 1445 1271 1500 moriente
1297 1443 1763 1517 [Ms.,.viventem,
1791 1440 2152 1512 morientem].
2183 1441 2292 1494 Cur

717 1535 1019 1607 plangimus
1045 1535 1190 1603 quod
1219 1535 1505 1588 immutare
1538 1548 1645 1586 non
1681 1532 2007 1600 possumus?
2052 1530 2292 1584 Mortuus

717 1627 787 1680 ad
822 1627 986 1680 vitam
1020 1632 1341 1695 praisentem
1379 1623 1619 1678 revocari
1653 1638 1758 1676 non
1799 1621 1977 1684 valet;
2028 1620 2182 1673 vivus
2224 1617 2291 1673 ad

719 1722 991 1769 mortuum
1020 1717 1300 1783 pervenire
1324 1714 1540 1782 poterit.
1579 1712 1786 1782 Corpus
1815 1711 1956 1780 quod
1983 1719 2128 1764 tanta
2162 1725 2292 1764 cura

719 1795 965 1867 colimus,
999 1803 1336 1871 postmodum
1364 1803 1625 1856 vermium
1653 1817 1774 1856 esca
1801 1802 1924 1854 erit.
1960 1801 2152 1854 Anima
2186 1801 2292 1854 ita-

719 1905 826 1960 que
856 1893 1170 1945 meritorum
1199 1891 1452 1959 qualitate
1483 1890 1563 1944 vel
1596 1891 1866 1959 gaudebit,
1893 1891 1976 1943 vel
2005 1889 2294 1943 contrista-

2387 709 2561 764 ollicio
2582 709 2859 762 charitatis
2879 710 3247 763 demonstrare
3267 709 3605 772 suavitatem,
3630 718 3690 762 ut
3711 708 3868 780 [Ms.,
3892 710 3966 778 et]

2387 798 2542 867 quod.
2570 813 2670 850 vox
2716 813 2820 850 non
2863 797 3020 862 valet,
3068 798 3171 851 hoc
3217 797 3402 851 charta
3442 797 3720 866 loquatur;
3765 799 3968 853 idcirco

2388 889 2724 942 hortamenta
2759 887 2945 942 salutis
2975 903 3079 942 .ion
3108 887 3315 942 minore
3337 889 3593 943 debemus
3620 891 3968 944 veneratione

2388 994 2576 1033 curare
2619 994 2779 1047 quam
2817 979 3097 1047 praesentis
3135 977 3384 1048 colloquii
3421 979 3864 1033 admonitionem.
3913 981 3964 1032 ln

2389 1069 2490 1123 ista
2519 1085 2660 1138 saepe
2712 1071 2872 1123 timor
2918 1070 3106 1124 suadet
3135 1071 3541 1124 consensionem
3569 1086 3584 1134 ;
3620 1070 3672 1123 in
3715 1069 3804 1123 illa
3832 1070 3970 1123 ﬁdes

2390 1159 2613 1226 legentis
2641 1165 2960 1226 cooperatur
2983 1157 3164 1211 saluti.
3209 1157 3340 1224 Qua:
3371 1167 3443 1222 te,
3472 1142 3794 1213 venerabilis
3823 1158 3962 1218 ﬁlia.

2389 1247 2602 1302 conscia
2631 1233 2857 1302 summai
2883 1247 3180 1302 divinitatis
3208 1248 3508 1318 cognitione
3536 1249 3821 1314 admonui,
3847 1235 3968 1304 lucc

2389 1345 2443 1390 te
2470 1346 2676 1390 tantum
2706 1337 2981 1406 deprecari
3008 1344 3078 1391 'ut
3111 1345 3290 1392 mente
3319 1337 3552 1391 retineas
3588 1338 3740 1396 ﬁrma
3767 1378 3782 1402 ,
3831 1340 3970 1392 satis

2389 1426 2755 1480 necessarium
2795 1427 3047 1481 duximus
3081 1425 3236 1498 [Hs.,
3265 1426 3560 1498 diximus]:
3611 1426 3721 1480 Nec
3764 1428 3970 1496 aliquid

2389 1517 2510 1570 novi
2552 1516 2746 1570 litteris
2781 1504 3106 1571 demandare
3147 1533 3362 1588 possum
3403 1519 3545 1586 quod
3591 1526 3718 1572 tunc
3753 1517 3964 1589 [Forte,

2389 1607 2555 1679 nunc]
2588 1623 2836 1662 sermone
2870 1609 2963 1662 tibi
3005 1598 3321 1679 ingererem.
3356 1607 3483 1672 Scis
3509 1608 3624 1678 ipsa
3654 1625 3817 1678 quam
3844 1610 3966 1664 dili-

2390 1707 2577 1768 genter
2607 1707 2660 1752 te
2689 1699 2755 1752 de
2783 1699 3026 1766 corporis
3052 1699 3300 1753 castitate
3329 1705 3384 1752 et
3410 1699 3604 1752 anima:
3634 1699 3819 1765 rogavi
3844 1713 3969 1752 san-

2391 1788 2593 1851 ctitate,
2611 1787 2842 1856 qualiter
2865 1795 2915 1840 te
2936 1788 3002 1841 de
3025 1787 3344 1841 humilitatis
3363 1785 3556 1851 oliicio,
3575 1786 3643 1839 de
3663 1788 3969 1840 orationum

2392 1873 2666 1942 vigilantia
2691 1913 2705 1932 ,
2757 1873 2822 1926 de
2853 1871 3311 1941 elcemosynarum
3351 1871 3622 1942 largitate,
3667 1873 3735 1926 de
3759 1873 3967 1926 confes-

722 1951 838 2047 t-ur;
877 1990 929 2034 et
958 1982 1169 2051 qualem
1201 1951 1300 2035 sibi
1343 1981 1396 2034 in
1431 1951 1624 2049 paucis
1642 1981 1726 2034 his
1757 1981 1944 2035 diebus
1971 1980 2294 2048 praeparabit

2348 1961 2562 2018 Isionis
2588 1962 2820 2029 puritate
2856 1967 2910 2014 et
2948 1959 3071 2014 ﬁdei
3100 1961 3351 2014 firmitate
3375 2000 3390 2023 ,
3438 1969 3493 2013 et
3534 1951 3736 2014 sanctae
3773 1961 3980 2029 ubique.

722 2073 1154 2136 habitationem,
1205 2071 1362 2125 talem
1413 2073 1628 2124 aeternis
1678 2072 1895 2142 recipiet
1944 2071 2289 2140 temporibus.

719 2161 1057 2230 Quapropter
1092 2161 1315 2230 singulis
1353 2163 1640 2216 momentis
1677 2162 2027 2215 laborandum
2072 2170 2156 2216 est
2197 2177 2295 2230 pro

721 2252 906 2319 requie
935 2251 1147 2313 animae,
1176 2258 1236 2302 ut
1265 2250 1390 2302 dum
1420 2241 1634 2317 semper
1659 2250 1836 2303 vivere
1866 2250 2042 2311 debet,
2075 2257 2130 2303 ct
2157 2263 2296 2302 sem-

719 2355 818 2408 per
852 2341 1009 2394 beate
1046 2347 1103 2392 et
1139 2338 1363 2392 feliciter
1399 2338 1562 2390 vivat.
1619 2338 1825 2391 Habeto
1873 2353 1956 2390 me
1978 2378 1994 2401 ,
2047 2338 2294 2401 obsecro,

722 2440 896 2483 mater
921 2427 1259 2492 dulcissima,
1293 2429 1416 2482 licet
1445 2429 1719 2498 indignum
1749 2428 1899 2499 [.lls.,
1928 2428 2170 2498 indigno]
2200 2444 2296 2497 pro

720 2520 925 2572 carnali
951 2518 1060 2572 ﬁlio
1086 2518 1381 2586 spiritalem
1412 2517 1602 2581 ﬁlium,
1631 2533 1738 2570 non
1766 2517 1976 2571 minore
2001 2516 2106 2570 ﬁde
2131 2525 2190 2594 te
2218 2518 2298 2570 di-

723 2607 976 2678 ligentem
995 2648 1009 2672 ,
1041 2607 1288 2674 quamvis
1318 2606 1526 2660 minore
1560 2606 1819 2674 dignitate
1845 2597 2152 2675 vigentem:
2199 2621 2297 2660 nec

724 2699 791 2752 de
818 2693 1205 2767 longinquitate
1233 2696 1314 2750 vel
1342 2695 1546 2748 vilitate
1579 2695 1731 2749 faciei
1769 2710 1901 2749 mea:
1936 2697 2291 2759 contristeris,

726 2787 854 2838 dqu
887 2800 1002 2838 mea
1036 2793 1212 2838 tecum
1241 2781 1409 2854 [cum]
1447 2783 1811 2837 consolatione
1853 2784 2024 2838 sancti
2069 2783 2298 2853 Spiritus

723 2867 963 2927 Charitas
989 2872 1218 2925 ﬁdeliter
1241 2881 1450 2934 manet;
1478 2879 1531 2924 et
1553 2863 1697 2939 quod
1725 2865 1776 2924 in
1801 2885 1886 2923 me
1906 2873 2167 2939 optimum
2194 2881 2295 2936 est,

727 2963 780 3016 id
806 2969 890 3015 est
918 2961 1049 3014 ﬁdes
1078 2975 1186 3013 non
1216 2960 1338 3014 ﬁcta
1376 2968 1431 3014 et
1465 2960 1702 3015 charitas
1729 2959 2070 3025 indcﬁciens,
2122 2968 2296 3015 tecum

725 3035 939 3120 semper
959 3051 1201 3105 habebis.

795 3143 1050 3212 Ignorans
1081 3142 1134 3194 in
1165 3138 1323 3209 hujus
1356 3141 1685 3210 tempestatis
1713 3140 1928 3194 miseria
1959 3139 2112 3213 [Ms.,
2137 3140 2299 3194 mise-

727 3230 888 3302 riam]
924 3246 1044 3299 qua:
1079 3245 1252 3298 nuper
1283 3218 1523 3282 uestram
1561 3229 1795 3283 turbavit
1823 3237 2064 3298 gentem,
2103 3244 2210 3296 quo
2246 3238 2297 3282 te

727 3332 817 3374 tua
846 3319 1061 3374 fortuna
1093 3319 1258 3373 ferret
1284 3318 1368 3373 vel
1394 3319 1672 3384 voluntas;
1713 3320 1915 3374 idcirco
1951 3319 2150 3373 nescivi
2190 3334 2296 3387 quo

727 3419 781 3463 te
811 3408 1050 3464 consilio
1072 3408 1416 3470 roborarem,
1461 3394 1566 3460 nisi
1605 3415 1663 3460 ut
1699 3416 1812 3462 toto
1847 3407 2009 3463 corde
2038 3409 2147 3463 Deo
2170 3408 2298 3463 Jesu

679 3561 681 3563 ,
726 3501 993 3563 servires,
1026 3506 1081 3553 et
1110 3493 1286 3551 totam
1321 3505 1425 3551 tua:
1461 3498 1844 3553 consolationis
1876 3514 2026 3567 spem
2065 3487 2118 3552 in
2158 3499 2301 3553 illius

726 3591 1082 3657 comp’oneres.
1103 3587 1388 3654 pietatem,
1418 3585 1510 3653 qui
1537 3577 1653 3638 ait:
1699 3584 1875 3659 Venite
1903 3586 1970 3638 ad
1997 3602 2077 3638 me
2103 3602 2297 3652 omnes,

726 3677 818 3746 qui
863 3667 1111 3728 laboratis
1155 3674 1448 3726 et'ouerati
1491 3675 1650 3738 estis;
1689 3682 1737 3727 ct
1780 3690 1872 3743 ego
1916 3675 2147 3742 reﬁciam
2192 3672 2299 3728 vos.

731 3764 919 3819 Tollite
938 3763 1128 3832 jugum
1157 3778 1326 3814 meum
1358 3778 1511 3831 super
1537 3779 1645 3827 vos,
1684 3772 1729 3816 et
1759 3764 1940 3817 discite
1968 3781 2000 3817 a
2027 3781 2137 3830 me,
2176 3766 2301 3835 quia

729 3855 871 3912 mitis
896 3869 1010 3906 eum
1039 3862 1086 3906 et
1112 3851 1324 3905 humilis
1351 3852 1526 3916 corde,
1558 3863 1605 3906 et
1643 3854 1907 3908 invalidis
1934 3856 2158 3924 requiem
2186 3856 2301 3910 ani-

731 3934 912 3996 mabus
941 3943 1118 3996 vestris
1146 3940 1358 4013 (Manli.
1384 3958 1462 4007 ιι,
1487 3942 1574 4007 28,
1602 3941 1714 4014 29).

1265 4051 1597 4106 EPISTOLA
1624 4039 1769 4106 ‘le.
1827 4065 1830 4068 ο

1288 4137 1356 4174 ΔΙ)
1395 4137 1751 4176 εοιιιευιιϐμι.

1340 4209 1515 4281 (Anno
1552 4211 1700 4281 796.)

734 4298 953 4371 "euocat
984 4300 1038 4371 in
1065 4301 1367 4371 memoriam
1391 4299 1664 4371 doctrinas
1692 4299 1769 4353 illi
1798 4301 2079 4371 aliquando
2116 4308 2302 4370 datas;

803 4366 936 4419 dolet
965 4368 1028 4419 de
1036 4370 1241 4487 (patrita
1270 4367 1606 4435 inﬁdelitate;
1635 4366 1952 4425 commendat
1983 4366 2304 4431 orationibus

806 4434 1035 4487 Liudaar
1073 4453 1157 4487 am
1188 4437 1711 4487 nobifem‘feminam.

806 4434 1157 4503 Liudgardam
1188 4434 1410 4490 nobilem
1426 4437 1711 4506 feminam.

805 4521 862 4573 In
889 4522 1108 4575 Domino
1123 4524 1478 4579 dilectissime
1498 4527 1618 4580 ﬁliae
1631 4541 1654 4566 υ
1672 4528 1970 4600 Edilburgte
1990 4533 2232 4587 salutem.

808 4613 942 4677 Quia
965 4612 1140 4666 invida
1167 4621 1428 4667 terrarum
1453 4615 1808 4686 longinquitas
1827 4630 2023 4676 mutua:
2049 4626 2303 4679 confabu-
2337 4612 2382 4668 ο

811 4757 835 4785 ι
864 4745 1498 4822 Edileurgte,_abbatissae
1541 4752 1636 4806 abs
1679 4752 1840 4822 dubio
1883 4754 2156 4822 cujusdam
2186 4772 2302 4813 mo-

743 4817 958 4896 nasterii
978 4817 1046 4896 _in_
1063 4815 1250 4896 Anglia
1273 4831 1302 4896 ς.
1321 4828 1474 4884 rogat
1488 4821 1638 4896 [enim
1664 4815 2024 4896 Αμρυίηυεξυῑ
2047 4816 2269 4896 Liudgai

742 4883 862 4961 dam
901 4883 1134 4961 nobilem
1181 4883 1434 4961 feminam
1480 4887 1768 4961 (fortassis
1802 4883 2079 4961 reginam,
2127 4883 2304 4949 Galroli

745 4949 918 5016 Magni
951 4951 1355 5030 Δ(ιοιῄιιεεξῐιιγὶιιΔ
1377 4949 1600 5030 chartas
1629 4949 2015 5030 ecclesiasticas
2060 4949 2302 5017 sororum

743 5033 983 5094 suarum,
1004 5025 1187 5094 utique
1216 5025 1544 5088 monialium,
1570 5026 1798 5079 describi
1828 5027 2006 5082 faciat.
2037 5030 2154 5094 Quo
2178 5048 2306 5086 vero

743 5103 936 5169 genere
960 5088 1247 5169 διες),νίἯο
1270 5101 1396 5169 nata
1423 5096 1512 5169 sit,
1542 5103 1634 5147 aut
1660 5104 1779 5163 qlia:
1804 5094 1974 5169 fuerit
1992 5088 2146 5169 illius
2157 5116 2308 5155 soror

746 5157 1106 5237 thalamo
1135 5159 1216 5209 sui
1242 5163 1448 5237 orbata,
1472 5157 1859 5237 incompertum
1891 5167 2086 5220 habeo.
2118 5167 2309 5237 Patria:

745 5225 1180 5306 suarinﬁdelitas,
1210 5232 1479 5306 quam-hic
1498 5225 1754 5306 Alcm-aus
1779 5244 2016 5297 accusat,
2041 5239 2095 5289 et
2119 5236 2183 5289 de
2206 5253 2307 5306 qua

748 5292 872 5369 alibi
903 5295 1094 5359 saepius
1129 5297 1492 5372 conqueritur,
1532 5301 1619 5352 illa
1657 5310 1806 5354 certe
1842 5311 1924 5356 est
1960 5292 2121 5369 quam
2159 5292 2309 5372 prin-

751 5363 899 5442 cipes
924 5373 988 5412 ac
1011 5363 1524 5442 populusgfdvprsus
1553 5380 1705 5442 reges
1734 5385 1859 5423 suos
1878 5363 2308 5442 legitimos-per-

749 5436 1197 5508 petraruntIEnno
1226 5432 1327 5486 796
1357 5433 1422 5486 de
1449 5449 1553 5500 qua
1586 5432 1771 5492 videas
1806 5432 2060 5508 epistolas
2108 5432 2199 5504 46;
2243 5445 2306 5499 47

751 5504 805 5573 et
830 5495 982 5548 alias.
1034 5495 1191 5554 Binas
1221 5517 1286 5554 eo
1307 5495 1552 5573 tempore
1586 5509 1796 5572 reperio
1825 5495 2052 5562 feminas
2077 5495 2312 5568 illustres

751 5571 991 5642 virorum
1016 5571 1515 5642 suomm_thalamo
1551 5571 1801 5641 orbatas;
1853 5594 2014 5630 unam
2057 5579 2309 5636 Elﬁedam

754 5631 1149 5720 regillam
1325 5639 1643 5720 Merciorum
1667 5631 1847 5706 ﬁliam,
1864 5631 2153 5720 AEthe‘lredi
2164 5631 2312 5720 regis

757 5699 1299 5772 [Sorthumbrorum'a
1329 5709 1438 5761 suis
1472 5713 1573 5764 hoc
1599 5726 1740 5764 anno
1765 5699 1926 5768 occisi
1944 5699 2312 5772 *r‘éiiéiziiii'i’ii

759 5767 952 5851 duum;
982 5771 1534 5851 altgramﬁolfridam,
1555 5795 1647 5834 seu
1678 5767 1976 5846 Alfredam,
1999 5767 2203 5841 'v’ei'iii
2221 5767 2307 5843 alii

761 5836 1016 5897 scribunt.
1049 5840 1396 5898 Etheldritam
1422 5836 1905 5916 regiamvirginem
1935 5836 2310 5914 alteram—bili;

2393 2051 2674 2104 charitatis
2700 2051 3040 2104 observantia
3071 2049 3458 2104 studiosissime
3484 2050 3746 2112 instruxi,
3788 2059 3848 2102 ut
3885 2050 3966 2103 his

2393 2141 2645 2209 gradibus
2693 2141 2760 2195 ad
2809 2139 3044 2194 cmlestis
3092 2139 3272 2207 glori-.e
3318 2138 3642 2193 ascenderes
3688 2139 3963 2193 celsitudio

2396 2243 2538 2282 nem.

2465 2317 2636 2370 Ecce!
2677 2332 2761 2370 me
2794 2317 2954 2370 modo
2985 2316 3274 2370 inﬁdelitas
3306 2317 3493 2384 patria:
3519 2317 3572 2370 in
3602 2325 3820 2372 tantum
3847 2320 3970 2373 bor-

2396 2414 2508 2480 ret,
2557 2415 2616 2460 ut
2656 2407 2849 2460 reverti
2882 2407 3098 2460 timeam
3130 2405 3281 2476 [Msa
3313 2404 3530 2476 timeo],
3566 2408 3820 2463 nesciens
3846 2410 3968 2478 quid

2396 2496 2460 2548 de
2490 2496 2575 2548 illa
2603 2495 2865 2563 proﬁcere
2889 2495 3113 2556 valeam,
3150 2495 3253 2548 nisi
3284 2496 3577 2563 perituram
3610 2496 3886 2566 plangere,
3914 2508 3971 2552 et

2397 2582 2741 2652 lacrymantis
2761 2581 3007 2636 Jcremiaa
3027 2582 3436 2637 lamentationes
3456 2583 3649 2652 saepius
3672 2587 3967 2648 revolvere.

2395 2672 2486 2740 qui
2513 2671 2856 2740 quadrivario
2882 2669 3152 2740 alphabeti
3181 2670 3338 2741 [Ma.,
3359 2672 3617 2743 albabeti]
3645 2674 3840 2729 ordine
3865 2676 3970 2729 rui-

2399 2767 2571 2812 tnram
2607 2759 2743 2812 luxit
2775 2757 3104 2822 Jerusalem,
3144 2767 3199 2813 et
3231 2758 3390 2826 hujus
3425 2761 3591 2816 ruina:
3628 2778 3757 2831 pars
3794 2764 3970 2834 aliqua

2401 2848 2494 2903 tibi
2518 2845 2736 2911 calidas,
2766 2856 2826 2901 ut
2853 2849 2996 2912 rear,
3023 2863 3123 2916 pro
3151 2864 3311 2903 causa
3343 2849 3548 2905 dilectae
3575 2850 3730 2922 [Μεη
3755 2855 3970 2925 deiide]

2397 2938 2600 2991 sororis
2627 2937 2881 3009 excitavit
2913 2939 3199 3008 lacrymas.
3239 2941 3439 3006 Tamen
3469 2944 3733 3000 hortanda
3761 2957 3874 3014 est,
3915 2961 3972 3005 ut

2398 3027 2451 3080 in
2480 3027 2725 3081 coenobio
2755 3027 2947 3081 militet
2973 3026 3211 3093 Christo,
3243 3046 3361 3099 quae
3390 3032 3624 3086 thalamo
3654 3037 3864 3104 privata
3887 3054 3973 3097 εει

2398 3114 2501 3167 viri
2527 3131 2540 3166 :
2574 3123 2628 3167 et
2654 3115 2749 3168 ﬁat
2771 3115 2828 3168 ei
2863 3115 3175 3185 temporalis
3201 3119 3854 3193 tristitia-incitamentum
3879 3128 3975 3185 la:-

2401 3205 2531 3258 titim
2556 3197 2914 3274 sempiternae.

2321 3279 2370 3342 C
2469 3292 2557 3347 τα
2585 3295 2817 3348 nominis
2852 3296 3030 3350 nostri.
3063 3296 3290 3351 ﬁdeliter
3323 3314 3444 3353 cum
3483 3301 3590 3355 tuis
3625 3305 3881 3360 omnibus
3920 3307 3974 3360 iu

2397 3385 2724 3440 sacrosacris
2747 3384 3079 3448 orationibus
3099 3388 3293 3441 vestris
3315 3403 3521 3443 memor
3540 3400 3676 3458 esto,
3721 3395 3973 3450 obsecro.

2387 3473 2756 3540 -Liudgardam
2806 3469 3042 3542 quoque.
3073 3474 3305 3529 nobilem
3356 3475 3647 3546 feminam,
3706 3497 3829 3551 qua:
3877 3487 3974 3540 tibi

2354 3565 2374 3573 "
2401 3561 2703 3632 munusculi
2731 3561 2849 3617 loco
2875 3563 3095 3632 pallium
3123 3565 3349 3631 direxit,
3374 3566 3568 3624 habeto
3598 3569 3653 3623 in
3685 3571 3973 3628 dilectione

2401 3657 2460 3702 ut
2498 3665 2768 3716 sororem;
2816 3651 3063 3720 illiusque
3103 3668 3296 3709 nomen
3329 3672 3450 3710 cum
3474 3659 3790 3715 nominibus
3824 3678 3969 3730 soro-

2404 3757 2521 3794 rum
2551 3750 2760 3794 tuarum
2789 3755 2888 3810 per
2909 3739 3304 3800 ecclesiasticas
3326 3737 3804 3806 chartashscribere
3820 3751 3974 3821 jube.

2403 3829 2741 3884 lionorabilis
2770 3830 2868 3884 tibi
2895 3839 2978 3884 est
3002 3832 3240 3886 amicitia
3285 3833 3424 3889 illius
3448 3845 3502 3891 et
3531 3839 3696 3898 utilis.
3741 3835 3867 3896 Misi
3891 3844 3974 3910 di-

2300 3999 2304 4003 Α
2402 3920 2614 3974 lectioni
2647 3929 2750 3974 tuae
2784 3921 3068 3991 ampullam
3111 3932 3166 3978 et
3209 3934 3459 3993 patenam
3476 3925 3517 3982 .15
3540 3929 3606 3982 ad
3643 3931 3974 3990 offerendam

2404 4011 2459 4062 in
2483 4011 2563 4064 eis
2585 4011 2815 4089 Domino
2839 4013 2948 4066 Deo
2974 4013 3078 4068 tuis
3100 4015 3346 4070 manibus
3370 4017 3712 4078 oblationem.
3753 4022 3819 4077 Et
3847 4023 3974 4078 dum

2406 4101 2576 4154 oculis
2611 4101 2700 4153 illa
2733 4099 2979 4170 aspicias,
3017 4103 3216 4158 dicito:
3249 4105 3464 4163 Christe
3485 4109 3740 4164 miserere
3759 4110 3972 4167 Alcuini

2404 4188 2600 4243 servuli
2624 4190 2720 4242 tui.
2743 4189 2808 4243 Et
2826 4191 2987 4247 velim
3013 4198 3063 4245 te
3085 4193 3390 4260 quotidiana
3411 4199 3793 4254 consuetudine
3814 4218 3970 4256 usum

2407 4284 2604 4337 habere
2630 4282 2884 4339 offerendi
2917 4285 3026 4339 Deo
3061 4302 3254 4340 munus
3279 4289 3350 4342 .ad
3380 4289 3563 4355 altare,
3594 4293 3720 4359 quia
3754 4305 3969 4362 aposto-

2379 4373 2507 4425 lica
2541 4374 2836 4452 auctoritas
2861 4374 2999 4428 hanc
3033 4377 3312 4434 constituit
3337 4379 3809 4445 consuetudinem;
3851 4377 3970 4438 ideo

2408 4477 2514 4514 non
2539 4469 2622 4515 est
2644 4462 3055 4517 omittendased
3081 4465 3363 4534 diligenter
3385 4471 3775 4538 prosequenda.

2584 4551 2716 4604 V'ive
2743 4550 2851 4606 Deo
2879 4551 3009 4604 felix
3038 4553 3350 4608 charissima
3380 4556 3506 4619 ﬁlia,
3532 4573 3742 4628 semper

2671 4640 2735 4694 Et
2761 4656 2967 4696 memor
2987 4642 3195 4697 Alcuini
3222 4645 3393 4700 dulcis
3421 4648 3590 4702 amica
3615 4650 3754 4723 vale.

2405 4769 3344 4860 91‘9313;_-E£*391b9r!9_Paestum
3388 4775 3678 4860 Αηειρηιηι
3719 4780 3831 4849 rexi
3876 4782 3968 4860 «tc-

2403 4855 2675 4907 sponsam,
2696 4856 2820 4920 qua:
2845 4849 3022 4920 tamen
3045 4843 3115 4920 ad
3140 4844 3430 4898 thalamum
3451 4843 3549 4899 viri
3575 4862 3681 4920 non
3702 4843 3964 4920 pervenit,

2405 4924 2601 4976 sponso
2628 4911 2778 4977 prius
2800 4925 2898 4988 per
2922 4911 3224 4990 insidias_ct
3251 4927 3410 4990 suasu
3436 4916 3624 4970 matris
3641 4911 3967 4982 .Quendridaé

2406 4991 2547 5050 anno
2573 4970 2676 5050 :19?)
2699 4991 2896 5030 occiso.
2933 4977 3200 5050 Fortassis
3225 4979 3538 5050 Edilhun-gs;
3567 4985 3633 5038 ad
3661 5001 3822 5050 quam
3849 4989 3964 5044 hac

2406 5002 2547 5045 alluu
2581 5002 2676 5030 nu
2699 5002 2896 5030 ucusu.
2933 5002 3200 5032 ιύηιιδδιδ
3225 5002 3538 5050 nullum'gl',‘
3567 5002 3633 5038 aa
3699 5002 3822 5040 nam
3849 5002 3964 5044 nae

2406 5043 2629 5116 epistola
2672 5053 2889 5098 exarata
2931 5054 3054 5112 est,
3101 5048 3311 5104 diversa
3353 5051 3502 5105 haud
3529 5060 3614 5116 est
3656 5002 3727 5108 λ
3761 5055 3965 5111 Alfrida

2407 5112 2624 5194 élﬁeda:
2655 5125 3180 5194 sererenquazpqst
3215 5133 3401 5194 necem
3435 5112 3962 5194 qunsiﬁmonasterii

2407 5182 2736 5256 Croylgndiae
2755 5182 2998 5256 monialis
3014 5182 3354 5242 etabbatissa
3375 5182 3494 5243 fuit.
3509 5182 3799 5244 Plurimum
3819 5201 3964 5246 certe

2407 5253 2618 5332 variant
2656 5253 2875 5332 nomina
2905 5268 3255 5332 personarum
3287 5259 3663 5332 apudveteres
3689 5259 3962 5332 illosiscri-i-

2408 5326 2619 5388 ptores;
2647 5330 2701 5374 et
2725 5325 2780 5374 in
2802 5325 2962 5377 rebus
2984 5325 3226 5386 obscuris
3239 5326 3403 5378 etiam
3421 5327 3744 5395 coniecturis
3767 5329 3962 5398 aliquid

2410 5389 2640 5441 dandum
2659 5399 2760 5444 est.
2785 5390 2906 5447 1Vid.
2921 5390 3113 5446 Altini.
3131 5392 3321 5445 Annal.
3340 5393 3546 5448 Eccles.
3562 5395 3880 5453 Attalo-Su.
3897 5399 3961 5453 ad

2410 5407 2640 5441 annuum
2659 5407 2760 5444 εει.
2788 5407 2906 5447 “Via.
2921 5407 3113 5446 Anon.
3131 5407 3321 5445 manat.
3340 5407 3546 5448 noctes.
3562 5407 3880 5463 Αιιειο-δαι.
3897 5413 3925 5451 a

2410 5472 2535 5511 ann.
2562 5457 2684 5518 792,
2711 5474 2857 5511 num.
2883 5460 2937 5521 2,
2962 5468 3020 5513 et
3043 5460 3164 5523 794,
3191 5477 3338 5516 num.
3362 5461 3415 5524 6,
3441 5471 3496 5518 et
3519 5463 3693 5524 alibi:

2443 5596 2453 5607 _
2480 5527 2508 5564 ι)
2529 5526 2608 5578 Ad
2631 5527 3015 5607 oﬁ'ereudam..:
3037 5529 3365 5607 oblationem.
3481 5532 3964 5607 quotidianisprin-

2481 5548 2508 5564 ν
2529 5548 2607 5578 Λα
2631 5548 3012 5604 allerenaam...
3037 5548 3365 5584 oatattonem.
3390 5548 3462 5586 ue
3555 5548 3806 5588 numam
3819 5549 3959 5604 pnn-

2409 5596 2587 5665 cipum
2624 5606 2678 5650 et
2716 5595 2942 5649 aliorum
2983 5596 3216 5653 ﬁdelium
3255 5548 3712 5656 οδιειιίοηπυειὰ
3748 5604 3959 5658 missam

2410 5665 2599 5731 legesis
2625 5665 3031 5732 celeberrbnum
3052 5668 3114 5721 D.
3140 5666 3374 5722 Martene
3401 5670 3467 5725 de
3487 5671 3735 5732 Antiquis
3759 5669 3956 5727 Bedes.

2413 5732 2743 5812 Ritibus_lib.
2774 5742 2983 5812 inpar}.
3009 5750 3048 5799 ι,
3078 5743 3200 5808 pag.
3225 5737 3328 5794 378
3355 5747 3410 5795 et
3435 5755 3586 5812 seqq.
3626 5732 3770 5795 Edit.
3798 5738 3958 5796 Ilota-

2410 5803 2676 5871 magcnsis
2702 5818 2790 5857 an.
2816 5801 2976 5858 l700.
