4232 6470
763 461 855 514 231
941 514 945 518 .

767 657 960 711 festina
982 654 1048 708 ad
1073 652 1169 708 Dei
1197 649 1641 714 misericordiam,
1665 649 1756 716 qui
1795 637 2015 716 paratus
2055 653 2137 698 est
2161 644 2331 714 ι)ωυὶ-

768 755 946 805 tcntes
990 745 1262 814 suscipere
1295 752 1351 800 et
1367 749 1739 799 convertentes
1764 738 1831 794 ad
1863 753 1922 794 se
1948 736 2234 799 consolari,
2265 749 2333 788 ne

770 838 950 893 veniat
973 836 1068 890 tibi
1095 835 1230 900 dies,
1261 848 1366 905 qua
1405 832 1539 888 velis
1556 841 1612 886 et
1645 845 1752 885 non
1778 829 1971 898 possis.
1997 826 2117 882 Noli
2143 826 2335 880 erube-

772 926 1032 981 scentiam
1058 936 1326 994 opponere
1367 921 1464 976 tibi
1506 919 1804 976 dimittendi
1827 917 1977 989 [Ms.,
2001 912 2334 985 demittendi]

775 1015 916 1084 quod
952 1011 1140 1082 cepisti
1168 1029 1182 1067 :
1209 1011 1379 1082 major
1413 1017 1497 1065 est
1539 1007 1905 1063 erubescentia
1932 1004 2165 1058 animam
2193 1011 2338 1056 tuam

776 1103 1156 1176 perpetualiter
1190 1101 1387 1171 perire,
1417 1114 1577 1168 quam
1604 1097 1794 1166 impios
1829 1095 1972 1148 viros
1995 1090 2340 1162 praesentiali-

781 1205 866 1250 ter
889 1195 1163 1258 deserere;
1195 1192 1289 1247 sed
1315 1191 1502 1262 magis,
1533 1190 1576 1244 si
1599 1187 1861 1258 quoslibet
1901 1201 1968 1240 ex
1991 1185 2093 1238 illis
2125 1196 2344 1238 conver-

782 1294 899 1339 tere
922 1284 1101 1339 valeas
1132 1285 1200 1337 ab
1221 1283 1501 1352 impetrata
1533 1275 1880 1350 [perpetrata]
1902 1274 2123 1340 malitia,
2153 1271 2238 1326 fac
2264 1271 2345 1325 di-

785 1373 1032 1441 ligenter,
1070 1381 1129 1426 ut
1174 1371 1371 1426 habeas
1411 1369 1712 1424 mercedem
1757 1363 2118 1421 conversionis
2166 1369 2270 1415 tua:
2314 1375 2344 1414 a

787 1465 950 1530 malo,
978 1473 1033 1520 et
1054 1463 1274 1518 alterius
1307 1463 1528 1533 pariter.
1555 1460 1622 1514 Et
1665 1459 1780 1513 hate
1827 1464 1911 1511 est
1944 1454 2201 1518 cbaritas,
2229 1467 2346 1522 qua:

787 1555 1010 1624 cooperit
1036 1551 1416 1625 multitudinem
1441 1559 1764 1620 peccatorum
1809 1545 1863 1617 (1
1888 1545 2031 1599 Petr.
2058 1560 2131 1608 tv,
2159 1543 2244 1613 9);
2292 1550 2348 1598 et

790 1642 904 1696 inec
931 1640 1134 1697 faciens
1165 1640 1286 1694 vive
1320 1637 1544 1692 feliciter
1568 1644 1623 1692 et
1666 1635 1841 1688 valeto
1861 1634 1917 1687 in
1962 1646 2129 1701 pace.-
2152 1632 2352 1699 Depre-

791 1745 887 1784 cor
908 1737 968 1784 ut
989 1730 1104 1784 haec
1123 1727 1362 1783 chartula
1383 1725 1575 1795 sapius
1600 1724 1656 1778 in
1698 1721 1983 1792 przesentia
2011 1720 2216 1791 legatur
2235 1729 2349 1779 tua,

793 1829 854 1874 ut
875 1819 1172 1875 recorderis
1195 1818 1270 1872 tui
1293 1817 1461 1886 ipsius
1478 1817 1532 1870 in
1555 1815 1685 1879 Deo,
1708 1822 1764 1868 et
1788 1817 2079 1883 cognoscas
2098 1818 2352 1880 quantam

795 1924 978 1964 curam
1001 1909 1113 1979 jam
1132 1908 1290 1976 longe
1313 1883 1517 1976 positus
1534 1904 1760 1959 habeam
1783 1902 1969 1957 salutis
1995 1908 2116 1954 tuas.
2146 1899 2203 1953 Si
2225 1895 2352 1968 quid
2386 1883 2427 1943 Β

796 1999 974 2054 valeas
995 1998 1217 2054 suadere
1241 1995 1405 2068 genti,
1433 2010 1553 2050 cum
1582 2009 1686 2063 qua
1735 1991 1885 2046 exsul
1925 1990 2052 2056 eris,
2082 1989 2149 2044 de
2185 1987 2355 2043 salute

798 2105 916 2153 sua,
946 2089 1056 2144 noli
1086 2087 1370 2158 negligere,
1399 2094 1459 2139 ut
1484 2083 1760 2139 citius'Dei
1785 2081 2015 2136 donante
2042 2078 2218 2148 gratia
2238 2090 2358 2145 per-

798 2177 983 2232 venias
1003 2177 1070 2232 ad
1093 2183 1238 2231 tuam
1263 2173 1426 2228 etiam
1449 2171 1696 2226 salutem.

1318 2258 1646 2316 EPISTOLA
1671 2258 1826 2312 LXII.

1146 2366 1213 2406 AD
1249 2366 1498 2415 QUEIDAI
1537 2359 2006 2403 Αιιειιιενιεεονωι.

1406 2442 1582 2512 (Anno
1620 2437 1766 2508 796.)

807 2539 1029 2594 Nuntiat
1052 2552 1179 2602 sese,
1209 2533 1451 2603 depositis
1481 2529 1660 2585 amuli
1686 2523 2125 2603 occupationibus,
2154 2515 2360 2594 praepa-

1190 2597 1306 2656 rare
1332 2602 1400 2655 ad
1421 2614 1693 2654 occursum
1721 2597 1952 2650 Domini.

877 2694 1224 2749 Sanctissimo
1248 2690 1384 2760 patri
1411 2688 1828 2756 archiepiscopo,
1859 2679 2075 2740 humilis
2105 2683 2243 2738 ﬁlius
2267 2681 2362 2736 Al-

809 2787 1002 2840 cuinus
1026 2784 1274 2838 salutem.
2238 2813 2242 2816 .

878 2875 1024 2929 Sciat
1051 2870 1357 2931 dulcissima
1403 2864 1740 2935 paternitatis
1763 2872 1956 2918 vestrae
1981 2863 2193 2918 dilectio
2226 2862 2367 2930 quod

805 2979 908 3034 ego
950 2961 1090 3016 ﬁlius
1143 2967 1282 3022 tuus,
1328 2969 1354 2997 ι
1406 2955 1584 3010 steculi
1624 2953 2061 3023 occupationibus
2093 2951 2362 3022 depositis,

807 3052 912 3107 soli
946 3051 1057 3104 Deo
1099 3060 1288 3102 vacare
1325 3044 1587 3100 desidero.
1619 3043 1741 3097 Ideo
1788 3042 2042 3110 deprecor
2059 3039 2366 3092 Almitatem

810 3151 1070 3202 vestram,
1105 3145 1164 3191 ut
1189 3150 1272 3188 me
1307 3132 1516 3189 eximia:
1537 3131 1835 3187 sanctitatis
1856 3139 2044 3188 vestra:
2068 3128 2368 3184 benedictio

810 3237 868 3282 ct
914 3225 1086 3281 oratio
1130 3227 1821 3290 consequatur,-quatenu_s
1867 3218 2043 3272 divina
2088 3217 2365 3270 clementia
2394 3207 2438 3269 C

814 3333 1012 3388 paucos
1035 3316 1158 3370 vitae
1186 3327 1317 3367 mete
1343 3311 1459 3366 dies
1493 3310 1584 3380 qui
1630 3309 1923 3378 supersint,
1964 3307 2018 3362 in
2063 3321 2160 3361 suo
2187 3313 2371 3361 sancto

813 3405 1032 3460 servitio
1056 3403 1123 3457 ad
1149 3401 1370 3457 salutem
1398 3399 1588 3453 auium
1609 3413 1742 3452 meae
1769 3410 2084 3452 conservare
2104 3395 2368 3465 dignetur.

718 3540 720 3542 τ
813 3497 950 3550 Dum
975 3492 1119 3546 omni
1145 3489 1347 3545 homini
1376 3501 1594 3541 necesse
1635 3492 1719 3539 est
1747 3483 1893 3551 vigili
1928 3496 2055 3555 cura
2085 3495 2142 3533 se
2171 3494 2372 3546 praepa—
2424 3485 2442 3490 “

816 3595 938 3636 rare
965 3581 1029 3633 ad
1055 3592 1333 3632 occursum
1356 3574 1565 3628 Domini
1603 3571 1697 3625 Dei
1724 3571 1826 3635 sui,
1849 3577 2047 3638 quanto
2091 3567 2259 3636 magis
2293 3581 2374 3619 se-

818 3670 1078 3731 nioribus,
1103 3665 1194 3735 qui
1215 3672 1340 3719 sunt
1361 3663 1516 3716 annis
1537 3669 1592 3716 et
1613 3659 2011 3715 inﬁrmitatibus
2032 3659 2235 3714 crebris
2250 3674 2377 3712 con-

818 3758 998 3823 fracti,
1025 3770 1150 3810 suas
1189 3753 1414 3808 sollicita
1462 3765 1590 3805 cura
1634 3749 1904 3817 lampades
1949 3761 2164 3808 ornare,
2194 3753 2252 3798 ut
2295 3745 2376 3798 di-

821 3862 959 3918 gnus
992 3847 1230 3912 donante
1252 3843 1361 3896 Deo
1409 3839 1670 3894 efficiatur
1716 3835 2013 3892 lucentibus
2045 3832 2376 3902 lampadibus

818 3937 977 4008 ιλιι,
1005 3931 1299 4002 lampades]
1327 3942 1610 3985 occurrere
1655 3924 1856 3980 coalein
1885 3937 2100 3991 sponso,
2127 3937 2194 3975 ne
2234 3920 2387 3974 foras'

820 4037 966 4083 stare
994 4032 1238 4093 cogatur,
1269 4019 1588 4074 intrantibus
1611 4015 1730 4069 aliis
1754 4012 1823 4066 ad
1844 4010 2141 4066 convivium
2163 4010 2379 4076 superni

820 4119 986 4187 regis,
1017 4113 1160 4184 quod
1211 4110 1383 4180 pietas
1424 4105 1631 4169 Domini
1688 4102 1858 4157 nostri
1904 4100 2028 4155 Jesu
2067 4099 2265 4153 Christi
2294 4112 2380 4151 me

823 4209 1018 4263 Filium
1056 4213 1205 4259 tuum
1248 4199 1538 4259 vobiscum,
1568 4192 1904 4250 sanctissime
1926 4189 2099 4252 Pater,
2127 4196 2378 4257 perpetua

824 4296 1180 4368 prosperitate
1210 4284 1410 4345 intrare
1453 4285 1727 4342 concedat.
1759 4281 2012 4336 Dominus
2031 4279 2176 4334 Deus
2214 4292 2378 4332 vene-

828 4385 1053 4439 randam
1084 4379 1382 4436 sanctitatis
1423 4382 1612 4428 vestrae
1653 4373 1911 4428 caniciem
1944 4380 2247 4424 sanctarum
2287 4368 2382 4422 do-

828 4474 916 4529 nis
938 4472 1192 4524 virtutum
1218 4465 1440 4536 ,[Sttpple
1479 4461 1688 4524 ﬂorere,
1717 4459 1792 4515 vel
1821 4457 2008 4528 simile]
2033 4456 2212 4520 faciat,
2243 4456 2381 4509 desi-

826 4557 1202 4616 derantissime
1225 4530 1416 4607 i’ater!
2411 4530 2460 4587 υ

897 4704 923 4731 ιι
941 4687 1129 4745 δαίσειιὶ
1145 4683 1559 4755 occupationibus
1579 4678 2230 4755 dmoritis._liuc_pertinet,
2245 4679 2388 4746 quod

835 4759 1088 4813 Alcuinus
1107 4747 1292 4809 scribit
1332 4753 1384 4805 in
1404 4753 1558 4821 epist.
1591 4747 1690 4821 {29
1724 4749 1791 4802 ad
1827 4747 2081 4821 Carolum
2102 4747 2388 4821 dataanno

835 4828 1012 4880 801.4
1038 4823 1192 4884 Fere,
1225 4821 1413 4886 inquit,
1435 4814 1574 4872 'ante
1606 4815 2166 4886 hocgquinquennium
2198 4814 2272 4883 (id
2307 4823 2390 4868 est

833 4909 978 4949 anno
1004 4889 1105 4946 796
1130 4889 1148 4953 )
1178 4883 1456 4942 saeculares
1499 4883 1892 4953 occupationes,
1913 4883 2078 4939 Deum
2099 4889 2390 4953 testonnon

839 4965 966 5018 ficto
1005 4950 1168 5015 corde
1202 4955 1466 5010 declinare
1488 4950 1747 5023 cogitavi;
1771 4951 1864 5023 sed
1882 4962 2078 5023 vestra,
2097 4950 2196 5015 pia:
2214 4953 2390 5023 provi-_

838 5031 1035 5085 dentia
1082 5024 1306 5082 consilio
1331 5019 1616 5077 translatus
1655 5035 1769 5075 sum
1802 5019 1856 5073 in
1901 5022 2176 5072 semiium
2223 5020 2389 5074 sancti

843 5097 1079 5162 Martini,
1125 5093 1250 5149 ﬁdei
1290 5092 1566 5162 catholicae
1609 5087 2065 5162 et__ecclesiastic:e
2110 5086 2390 5152 sanctioni,

843 5167 956 5223 Deo
979 5155 1228 5229 donante,
1253 5159 1566 5232 proﬁcuum.
1603 5178 1622 5213 ι
1654 5155 2110 5233 Hincepistolam
2152 5167 2389 5233 praesen-

766 5283 769 5286 .
847 5221 952 5287 tem
976 5221 1226 5302 scriptam
1253 5221 1374 5302 esse
1394 5241 1598 5302 (δεειιδθοΔ
1613 5221 1881 5302 a_nno_796
1894 5239 2000 5302 quo
2017 5221 2270 5302 Alcuinus
2289 5237 2395 5302 sai—

847 5302 952 5356 culi
974 5290 1407 5368 occupationibus
1420 5294 1673 5365 depositis
1687 5294 1861 5368 aulam
1886 5290 2189 5358 relinquens
2213 5290 2266 5343 in
2289 5290 2396 5368 Tu-

851 5382 1078 5424 roneuse
1109 5359 1504 5422 monasterium
1541 5364 1780 5428 secessit,
1829 5361 1896 5417 de
1937 5375 2044 5430 quo
2077 5373 2291 5413 secessu
2340 5359 2392 5413 in

851 5437 1164 5504 Prasfatione
1199 5434 1427 5504 generali
1448 5433 1600 5504 plura
1624 5430 1868 5504 diximus.

921 5506 948 5545 δ
987 5495 1245 5560 (ἱωηειιυὸ.
1284 5501 1415 5556 Aliis
1450 5495 1718 5568 'Kenadfus
1743 5498 2086 5568 nominatur,
2137 5495 2228 5564 qui
2274 5502 2395 5568 post

850 5569 1275 5643 obitum_ligfridi
1324 5569 1561 5643 diadema
1609 5565 1758 5638 regni
1807 5565 2119 5643 Merciorum
2165 5565 2398 5643 suscepit

853 5658 991 5695 anno
1037 5633 1150 5695 796'
1192 5646 1314 5692 ante
1368 5639 1506 5691 diem
1559 5633 1754 5692 nouum
1801 5635 1996 5688 mensis
2048 5633 2393 5694 Novembris,

848 5709 995 5776 juxta
1046 5707 1303 5762 calculum
1351 5705 1678 5759 celeberrimi
1728 5703 1874 5769 Pagii
1911 5703 1976 5754 ad
2022 5718 2216 5754 annum
2271 5701 2392 5763 796,

856 5793 999 5829 num.
1027 5775 1113 5829 25.
1137 5785 1188 5827 et
1223 5775 1343 5829 εει.
1383 5788 1526 5826 num.
1556 5773 1624 5823 22
1652 5781 1703 5824 et
1729 5772 1815 5825 25.

856 5793 999 5830 num.
1027 5787 1113 5839 ιδ,
1137 5787 1188 5827 et
1223 5787 1343 5838 δἐι,
1383 5788 1526 5826 num.
1556 5787 1624 5823 zz
1652 5787 1703 5824 et
1730 5787 1815 5825 zo.

1621 454 1679 506 Β.
1721 452 1782 505 F.
1815 448 2036 504 ALBINI
2076 447 2203 504 SEU
2241 443 2512 500 ALCUINI
2548 442 2826 500 OPERUM
2864 441 3038 498 PARS
3071 444 3112 496 Ι.

765 577 884 623 rcat
905 567 960 621 in
978 574 1260 621 aitemum.
1294 561 1430 617 Dum
1453 558 1632 614 lucem
1664 561 1847 623 habes,
1879 571 2054 621 curre,
2085 569 2331 625 propera,
2362 562 2415 618 Α

3910 441 3953 492 9.

3959 443 3997 491 3

4005 444 4032 494 Ξ

2939 550 3267 606 EPISTOLA
3307 551 3313 557 “
3331 549 3484 603 ->.ιιι.

2709 648 2775 686 AD
2813 644 3114 686 εαεαυινωί
3152 641 3328 682 REGE!
3367 641 3693 682 IEBCIOICI.

3019 717 3194 788 (Anno
3253 718 3400 788 796.)

2520 813 2601 866 Ad
2628 826 2838 882 regnum
2866 817 3091 864 evectum
3125 808 3365 860 hortatur
3389 807 3458 860 ad
3483 807 3653 877 regias
3673 807 3928 861 virtutes.

2504 902 2964 958 Excellentissimo
2989 900 3106 954 viro
3143 899 3174 939 δ
3219 897 3476 954 Caenulvo
3525 899 3640 968 regi
3679 897 4031 952 Merciorum

2435 996 2654 1050 humilis
2675 994 2832 1048 levita
2865 991 3090 1046 Albinus
3117 989 3364 1044 salutem.

2508 1083 2671 1138 Multa
2696 1080 2826 1135 mihi
2852 1079 3036 1134 laetitia
3062 1087 3144 1131 est
3167 1078 3231 1131 de
3249 1084 3425 1131 vestra
3450 1075 3707 1139 bonitate,
3736 1073 4031 1128 modestia

2439 1183 2494 1229 et
2524 1173 2801 1228 nobilitate
2828 1184 3055 1230 morum,
3085 1167 3224 1222 sicut
3263 1168 3468 1236 regiam
3507 1167 3824 1235 dignitatern
3853 1167 4035 1219 decet

2439 1265 2678 1327 omnino,
2729 1269 2790 1314 ut
2840 1266 3041 1330 quanto
3078 1257 3359 1312 sublimior
3401 1264 3486 1312 est
3539 1258 3742 1312 honore
3769 1256 4030 1318 caeteris,

2441 1360 2592 1407 tanto
2619 1349 2845 1405 nobilior
2859 1348 2942 1402 .sit
2965 1346 3110 1402 omni
3145 1361 3353 1400 morum
3387 1343 3734 1414 perfectione,
3780 1342 4034 1411 iustitia:

2444 1443 2656 1505 decore,
2714 1438 2926 1508 pietatis
2974 1435 3287 1499 sanctitate;
3337 1434 3462 1501 quia
3519 1433 3808 1487 clementia
3865 1432 4034 1500 regis

2444 1532 2685 1588 omnium
2719 1528 3015 1591 hominum,
3044 1534 3105 1580 ut
3135 1518 3188 1577 in
3230 1523 3464 1592 antiquis
3505 1522 3703 1590 legitur
3739 1521 4032 1581 historiis,

2445 1620 2708 1677 excellere
2729 1619 2880 1672 decet
2903 1613 3343 1676 consuetudines;
3374 1611 3535 1665 etiam
3559 1619 3615 1664 et
3642 1618 3829 1664 sancta
3863 1609 4035 1664 Scri-

2449 1719 2603 1782 ptura
2649 1709 2893 1763 dicente:
2926 1702 3288 1758 Misericordia
3326 1709 3381 1756 et
3422 1703 3622 1756 veritas
3668 1699 3874 1753 exaltat
3933 1714 4033 1753 so—

2453 1802 2583 1856 lium
2606 1799 2784 1870 (Prov.
2817 1811 2906 1859 xx,
2931 1793 3044 1866 28).
3068 1793 3136 1848 Et
3162 1793 3217 1846 in
3251 1791 3478 1846 Psalmis
3520 1790 3586 1844 de
3625 1789 3736 1851 Deo
3763 1790 4034 1858 omnipo-

2453 1890 2582 1945 tenti
2616 1887 2850 1948 dicitur;
2894 1881 3160 1936 Universa
3198 1881 3294 1934 vita
3324 1879 3532 1932 Domini
3577 1879 3951 1931 misericordia
3982 1887 4032 1930 et

2451 1979 2638 2033 veritas
2681 1971 2850 2045 (Psal.
2878 1985 3022 2033 xxiv,
3055 1969 3164 2041 10).
3189 1969 3453 2035 Quantum
3482 1965 3706 2045 quisque
3730 1964 3856 2033 plus
3877 1966 4033 2019 veri»

2453 2066 2579 2119 tatis
2603 2072 2656 2118 et
2676 2036 3056 2118 misericordia:
3086 2036 3336 2128 operibus
3361 2054 3546 2124 fulget,
3573 2036 3722 2107 tanto
3748 2053 4028 2122 majorem

2454 2155 2615 2211 habet
2638 2154 2692 2207 in
2714 2166 2770 2206 se
2796 2148 3088 2205 divinitatis
3112 2146 3416 2215 imaginem.

2523 2243 2674 2297 Illum
2701 2253 2910 2308 semper
2939 2237 3142 2292 habeas
3175 2236 3231 2289 in
3271 2241 3469 2296 mente,
3504 2243 3527 2270 ο
3576 2231 3666 2299 qui
3691 2237 3745 2282 te
3787 2242 4030 2298 egenum

2455 2331 2724 2394 exaltavit,
2752 2337 2805 2383 et
2824 2326 3000 2398 posuit
3026 2339 3186 2394 super
3204 2318 3660 2392 principespopuli
3684 2317 3788 2372 sui.
3823 2316 4031 2369 Recto—

2458 2436 2573 2476 rem
2603 2429 2655 2474 te
2689 2417 2857 2486 magis
2881 2429 3128 2486 agnosce,
3179 2420 3474 2483 pastorem
3496 2417 3552 2463 et
3590 2409 4034 2477 dispensatorem

2459 2511 2718 2564 donorum
2749 2506 2864 2569 Dei,
2895 2518 3054 2573 quam
3085 2502 3355 2557 dominum
3379 2499 3462 2553 vel
3494 2505 3822 2554 exactorem.
3866 2494 4032 2549 Sem-

2458 2615 2554 2669 per
2587 2599 2642 2653 iu
2679 2604 2854 2652 mente
2888 2595 3086 2649 habeas
3108 2592 3340 2662 Optimos
3379 2589 3407 2628 d
3437 2587 3750 2644 nobilissimi
3771 2597 4031 2640 anteces-

2460 2691 2598 2743 soris
2627 2688 2701 2740 tui
2731 2699 2925 2749 mores,
2947 2683 3260 2738 modestiam
3284 2681 3339 2733 in
3367 2677 3794 2739 conversatione,
3825 2684 3882 2728 et
3912 2683 4032 2728 stu-

2463 2779 2609 2834 dium
2637 2778 2690 2831 in
2735 2774 3050 2844 corrigendo
3078 2773 3240 2826 vitam
3278 2769 3456 2840 populi
3497 2767 3807 2823 Christiani.
3858 2765 4032 2830 Quid-

2463 2869 2592 2938 quid
2615 2879 2743 2920 vero
2767 2865 2854 2918 ille
2880 2864 2933 2917 in
2955 2876 3117 2930 regno
3139 2860 3232 2914 tibi
3259 2875 3289 2913 a
3312 2858 3420 2913 Deo
3439 2858 3562 2912 dato
3585 2857 3721 2911 bene
3740 2853 4033 2923 disposuit.

2465 2961 2565 3014 hoc
2601 2965 2691 3010 tua
2724 2951 3123 3024 diligentissime
3151 2954 3502 3018 prosequatur
3530 2946 3739 3000 devotio
3764 2958 3778 2996 :
3821 2947 3870 2998 si
3900 2941 4034 3011 quid

2466 3061 2595 3100 vero
2617 3057 2776 3098 avare
2801 3041 2882 3095 vel
2907 3039 3190 3094 crudeliter
3219 3037 3400 3107 gessit,
3437 3037 3538 3089 hoc
3565 3034 3782 3089 omnino
3805 3034 3906 3087 tibi
3940 3048 4032 3084 ca.

2467 3148 2590 3191 vere
2612 3130 2970 3188 necessarium
3015 3142 3133 3182 esse
3159 3139 3404 3194 agnosce.
3433 3123 3550 3179 Non
3585 3122 3727 3178 enim
3755 3122 3875 3176 sine
3904 3136 4036 3174 cau-

2470 3240 2528 3278 sa
2562 3235 2586 3262 ο
2629 3220 2984 3276 nobilissimus
3033 3215 3172 3270 filius
3223 3214 3361 3269 illius
3412 3223 3520 3268 tam
3564 3227 3732 3281 parvo
3787 3219 4034 3278 tempore

2470 3312 2603 3364 vixit
2639 3325 2799 3380 super
2829 3317 3068 3378 patrem;
3109 3322 3249 3375 saepe
3278 3305 3467 3360 merita
3489 3305 3656 3373 patris
3683 3304 4033 3359 vindicantur

2453 3403 2526 3455 ‘in
2551 3401 2674 3454 ﬁliis
2703 3398 2853 3468 [Ms.,
2880 3396 3057 3467 ﬁlios].
3101 3397 3308 3452 [labeas
3335 3394 3669 3450 consiliarios
3708 3394 4030 3463 prudentes,

2472 3489 2638 3546 Deum
2670 3488 2933 3550 timentes,
2955 3483 3217 3552 justitiam
3239 3493 3498 3548 amantes,
3523 3497 3713 3552 pacem
3736 3498 3864 3536 cum
3891 3482 4032 3534 ami-

2471 3579 2548 3632 cis
2576 3571 2957 3640 desiderantes,
2989 3575 3148 3628 ﬁdem
3179 3581 3241 3626 ct
3267 3558 3602 3626 sanctitatem
3645 3571 3700 3623 in
3741 3582 4036 3624 conversa-

2474 3665 2615 3718 tione
2647 3665 2734 3731 pia
2772 3661 3131 3716 ostendentes.
3164 3659 3308 3714 Gens
3333 3659 3475 3713 enim
3512 3656 3803 3727 Anglorum
3848 3657 4035 3711 multis

2471 3765 2690 3826 propter
2715 3749 2929 3825 peccata
2949 3751 3199 3820 fatigatur
3218 3747 3669 3812 tribulationibus,
3698 3761 3816 3814 qua
3839 3760 4032 3815 regum

2475 3848 2730 3908 bonitate,
2764 3852 2818 3898 et
2846 3842 3180 3898 sacerdotum
3201 3838 3399 3894 Christi
3431 3835 3828 3906 praedicatione,
3859 3843 4032 3905 θερο-

2435 4003 2439 4007 ,
2471 3937 2584 4004 puli
2615 3935 2870 4004 religione
2899 3931 3147 4000 erigenda
3174 3937 3257 3984 est
3294 3928 3362 3982 ad
3391 3926 3595 3994 antiqui
3621 3925 3833 3978 culmen
3866 3924 4035 3977 bono-

2477 4026 2580 4089 ris;
2626 4030 2889 4091 quatenus
2919 4018 3198 4074 benedicta
3233 4024 3443 4086 patrum
3488 4022 3793 4069 nostrorum
3837 4026 4030 4081 proge-

2475 4117 2592 4169 nies
2630 4123 2938 4184 perpetuam
2985 4116 3250 4164 mereatur
3294 4105 3566 4176 possidere
3605 4103 3942 4165 felicitatem,
3980 4109 4035 4154 et

2478 4201 2754 4272 pneseutis
2779 4197 2927 4267 regni
2959 4196 3322 4258 stabilitatem,
3362 4202 3416 4248 et
3444 4200 3629 4247 contra
3651 4190 3902 4244 inimicos
3923 4187 4031 4242 for-

2480 4267 2776 4348 titudinem,
2805 4295 2870 4361 ut
2899 4284 3134 4338 Ecclesia
3176 4282 3373 4337 Christi
3417 4289 3620 4337 crescat
3662 4288 3719 4334 et
3742 4267 3988 4348 proﬁciat
4017 4316 4030 4340 ,

2479 4378 2616 4430 sicut
2654 4390 2682 4427 a
2723 4373 2922 4426 sanctis
2946 4372 3192 4426 Patribus
3249 4370 3492 4423 ordinata
3534 4377 3667 4423 erat.
3715 4367 4030 4422 Sacerdotes

2481 4463 2677 4518 Christi
2704 4475 2931 4528 semper,
2959 4459 3253 4514 clarissime
3281 4468 3478 4521 rector,
3497 4456 3788 4512 honoriﬁce
3810 4457 4025 4517 habeas.

2485 4553 2606 4621 quia
2630 4557 2826 4619 quanto
2845 4549 2963 4617 plus
2987 4547 3184 4602 Christi
3219 4561 3420 4611 servos,
3449 4555 3504 4600 et
3531 4545 3676 4600 verbi
3716 4545 3809 4599 Dei
3839 4544 4028 4614 praedi-

2554 4695 2577 4722 c
2623 4681 2724 4746 Qui
2767 4691 2815 4732 te
2839 4694 3050 4748 egenum
3076 4676 3346 4748 exultavit:
3376 4675 3678 4748 Enimvero,
3702 4681 3760 4726 ut
3797 4671 4030 4748 Alfortus

2487 4753 2552 4806 ad
2595 4739 2788 4804 annum
2819 4739 2920 4801 7§7
2950 4747 3062 4800 ait:
3098 4764 3116 4796 ι
3153 4744 3408 4798 Kenulfus
3449 4742 3592 4796 nullo
3629 4739 3769 4806 jure,
3817 4740 4030 4794 titulovc

2487 4755 2552 4806 ad
2595 4765 2788 4804 annum
2819 4755 2919 4801 797
2950 4755 3062 4800 ait:
3098 4764 3116 4796 ι
3156 4755 3408 4798 ttenull‘us
3449 4755 3592 4796 nullo
3657 4755 3769 4804 ure,
3817 4755 4028 4794 titutove

2486 4819 2779 4889 sanguinis,
2807 4815 2898 4869 sed
2923 4815 3092 4868 solum
3119 4813 3369 4867 virtutum
3405 4811 3596 4865 merito
3623 4755 3884 4880 (ngrido)
3916 4821 4028 4862 suc—

2487 4889 2665 4940 cessit.
2701 4885 2823 4938 Fuit
2845 4881 3036 4936 Pendze
3059 4895 3245 4940 nepos.
3283 4895 3350 4935 ex
3376 4878 3699 4935 Chenalcbio
3725 4877 3914 4940 fratre,
3944 4873 4027 4940 qui

2487 4890 2665 4943 cessit.
2701 4890 2823 4938 Fuit
2846 4890 3036 4936 Penda:
3059 4895 3245 4951 nepos,
3283 4895 3350 4952 ex
3376 4890 3699 4935 Chenalcbio
3725 4890 3914 4942 tratre,
3944 4890 4027 4945 qui

2488 4955 2823 5012 Kentwinum
2852 4951 3050 5022 genuit,
3079 4957 3132 5002 et
3157 4951 3245 5004 ille
3271 4949 3617 5004 Cuthbertum
3650 4947 3914 5016 Kenulpbi
3943 4959 4027 5013 pa-

2494 5032 2981 5145 ηὲιωῗέοίίιίωίτηί
3005 5089 3356 5142 antecessoris.
3391 5083 3559 5141 Oﬁ‘am
3594 5082 3910 5142 Merciorum
3954 5093 4030 5132 τεο

2489 5176 2608 5232 gem
2636 5167 2804 5221 notat,
2849 5158 2952 5219 hoc
2999 5171 3138 5212 anno
3175 5155 3501 5216 defunctum,
3559 5158 3617 5205 ut
3661 5149 3856 5218 sapius
3902 5146 4025 5202 dixi-

2494 5244 2993 5350 mE'ONobiliuimu
3015 5252 3155 5361 ﬁlius
3175 5290 3333 5361 illius,
3360 5287 3625 5361 ngridus.
3657 5285 3881 5361 Causam
3903 5298 4031 5361 pra:—

2494 5363 2688 5420 maturi
2716 5362 2872 5428 huius
2911 5353 3086 5416 obitus
3110 5359 3363 5414 Alcuinus
3405 5353 3460 5411 in
3497 5354 3727 5428 epistola
3751 5354 3818 5407 ad
3845 5353 4030 5428 ster-

2495 5443 2606 5488 tum
2655 5423 2946 5500 patritium,
3000 5444 3118 5498 qua:
3165 5423 4024 5500 desideratur,'hanc_._assignat:

2495 5520 2518 5552 ‹
2550 5490 2684 5563 Non,
2709 5500 2900 5566 inquit,
2925 5490 2993 5553 ob
3015 5490 3234 5567 peccata
3274 5511 3369 5550 sua
3389 5496 3606 5567 A(morte
3643 5490 3881 5567 sublatus
3907 5497 4022 5567 esti.

2495 5571 2588 5624 sed
2613 5557 2736 5638 quia
2764 5557 2925 5638 pater
2958 5557 3087 5620 su'us
3133 5578 3246 5638 pro
3277 5557 3679 5638 conﬁrmatione
3703 5559 3874 5638 ,νεερὶ
3896 5557 4022 5638 vel"?

2498 5623 2718 5690 multum
2748 5623 3055 5705 sanguinem
3094 5623 3291 5687 effudit.
3334 5650 3352 5682 ι
3384 5623 3864 5684 Malmesburiensis
3896 5623 4019 5676 lib.i

2498 5707 2626 5775 Reg.
2657 5706 2808 5773 Angl.
2836 5702 2950 5770 cap.
2982 5702 3032 5752 4.
