4232 6426
722 511 826 566 πεί

1600 501 1657 555 Β.
1695 501 1755 554 F.
1799 496 2018 552 ALBINI
2061 495 2190 550 Slilj
2232 492 2504 548 ALCL'I'NI
2538 493 2822 548 Ol’EllUM
2862 489 3038 546 PARS
3075 492 3115 545 Ι.
3913 485 4003 540 256

795 624 868 678 De
897 620 1202 675 inﬁrmitate
1233 631 1350 669 mea
1389 616 1536 667 vobis
1565 614 1818 683 praefatus
1843 611 1955 664 ales
1981 610 2160 664 dicere
2191 622 2285 676 po—
2312 608 2359 661 Α
2388 604 2672 676 Barallam]
2719 604 2896 658 villam
2928 612 3165 657 nostram
3194 609 3425 670 quatuor
3473 609 3568 653 aut
3599 600 3879 668 quinque
3906 599 4005 652 diu

726 717 843 770 tuit.
893 712 1069 767 Gloria
1101 709 1247 762 Deo!
1277 706 1612 776 aliquantum
1653 703 1845 756 melius
1876 702 2174 762 habemus;
2201 697 2293 750 sed

725 814 899 858 tamen
929 801 1169 870 corporis
1193 799 1473 868 integritas
1513 811 1616 848 non
1655 793 1879 846 revenit.
1905 791 2032 843 Ideo
2071 789 2294 857 diligen-

724 895 829 948 tius
863 866 1098 961 iubeatis
1127 866 1284 943 orare
1315 866 1423 957 “pro
1461 885 1634 946 nobis,
1685 883 1810 952 quia
1845 891 2056 950 tempus
2103 893 2296 946 appro-

721 986 961 1055 pinquat,
999 997 1106 1050 quo
1157 981 1258 1032 hoe
1299 975 1590 1044 hospitium
1618 971 1970 1027 deserendum
2005 977 2089 1022 est
2135 977 2189 1021 et
2220 968 2298 1036 ig-

725 1081 848 1128 nota
899 1069 1210 1140 appetenda.
1250 1064 1356 1121 Sed
1383 1063 1581 1127 veniat,
1612 1062 1792 1116 veniat
1832 1068 2012 1112 vestra
2037 1064 2157 1125 post
2201 1073 2298 1108 nos

723 1161 898 1218 oratio
942 1168 992 1213 et
1017 1147 1475 1225 eleemosvnarum
1500 1166 1724 1206 munera
1763 1149 2090 1223 gratissima,
2119 1146 2299 1198 nobis-

723 1270 826 1324 que
864 1253 1084 1307 nimium
1136 1245 1458 1302 necessaria.
1496 1243 1821 1298 Ostendatur
1847 1240 1977 1294 ﬁdes
2006 1240 2056 1292 in
2083 1237 2213 1300 ﬁlio,
2241 1246 2299 1288 ut

722 1342 950 1413 gaudeat
975 1340 1138 1393 Fater
1165 1337 1218 1390 in
1247 1335 1356 1389 ﬁlio
1385 1333 1611 1403 sapienti
1639 1339 1694 1385 et
1723 1330 1885 1384 ﬁdeli.
1920 1328 2035 1382 Non
2071 1327 2300 1381 moritur

723 1433 900 1503 quiin
939 1430 1046 1490 ﬁlio
1097 1427 1231 1481 vivit
1273 1423 1546 1494 prudenti.
1596 1420 1775 1476 Sacra:
1823 1418 2070 1473 lectionis
2119 1415 2298 1470 studia

723 1520 1043 1578 omnimodis
1074 1523 1327 1571 renovate
1363 1512 1658 1573 vobiscum,
1695 1525 1762 1562 ne
1790 1515 1975 1576 pereat
2008 1506 2159 1559 labor
2205 1519 2301 1557 no-

724 1613 906 1668 sterin
936 1609 1194 1662 librorum
1223 1602 1550 1660 collectione.
1580 1598 1697 1654 Non
1723 1598 1792 1653 sit
1821 1595 1914 1651 tibi
1942 1596 2134 1649 durum
2164 1608 2299 1662 pon-

724 1706 850 1757 dera
877 1698 993 1753 auri
1018 1698 1146 1751 dare
1172 1709 1272 1763 pro
1297 1691 1651 1762 aequisitionc
1680 1686 1974 1756 sapientize,
1995 1685 2080 1739 cui
2110 1697 2303 1737 secun-

724 1795 850 1848 dum
883 1787 1223 1844 Salomonem
1260 1782 1401 1837 nulla
1432 1779 1734 1849 comparari
1765 1778 1817 1831 in
1857 1777 1958 1831 hoc
1985 1775 2181 1830 saaculo
2206 1789 2302 1843 po-

726 1889 906 1936 terunt
955 1879 1104 1951 (Sap.
1141 1893 1236 1938 vn,
1266 1877 1299 1931 8
1326 1883 1390 1929 et
1405 1874 1481 1944 9).
1507 1872 1575 1924 Et
1603 1854 1728 1942 quid
1753 1868 1933 1930 stulto,
1965 1869 2158 1921 iterum
2202 1867 2296 1928 ait,

2396 712 2695 759 remanere,
2739 711 2844 748 non
2875 694 3030 762 longe
3058 708 3088 746 a
3134 692 3335 746 Sancto
3380 689 3653 754 Amando,
3701 689 3816 742 sed
3861 689 4002 758 quas;

2394 786 2580 852 quinto
2606 785 2812 838 decimo
2845 781 3126 846 milliario;
3156 789 3209 836 et
3239 781 3318 835 sic
3354 779 3420 834 ad
3455 792 3479 819 ο
3505 779 3802 835 Causiaco
3828 793 3996 847 pet-ve

2395 875 2531 936 nire,
2549 881 2614 933 ει
2641 873 2711 927 ibi
2742 870 3077 926 hebdomada
3115 878 3294 934 stare;
3343 878 3397 924 et
3434 869 3512 923 sic
3563 869 3632 922 ad
3678 867 3699 906 τ
3745 867 4004 920 Sanctum

2395 965 2620 1034 Lupum.
2650 963 2794 1017 [nter
2823 963 2937 1016 ιιωε
2975 962 3112 1025 loca,
3147 961 3257 1014 Deo
3293 960 3544 1029 propitio,
3589 958 3792 1012 habes
3824 973 3917 1011 me
3943 966 4006 1010 to-

2396 1070 2504 1110 tum
2533 1057 2851 1125 Augustum,
2885 1063 2937 1108 et
2967 1055 3202 1122 aliquam
3230 1061 3436 1122 partem
3467 1051 3829 1120 Septembrii
3866 1065 4006 1102 meri-

2394 1145 2486 1207 sis,
2515 1144 2560 1197 si
2599 1144 2865 1197 ullatenus
2913 1145 3089 1212 possis
3135 1142 3443 1210 impetrare,
3491 1149 3550 1193 ut
3598 1141 3708 1192 ﬁat
3761 1146 4006 1192 nostrum

2395 1233 2738 1301 colloquium.
2787 1232 3026 1295 Interim,
3079 1231 3205 1285 dum
3253 1231 3306 1284 in
3348 1229 3595 1298 proximo
3627 1229 3890 1289 erimus,
3940 1243 4008 1278 rc-

2397 1323 2590 1376 manda
2630 1323 2760 1375 mihi
2807 1329 2862 1374 et
2897 1320 3128 1389 quantos
3157 1320 3272 1374 dies
3302 1320 3526 1374 debeam
3554 1326 3608 1372 te
3647 1326 4006 1386 exspectare.

2396 1412 2521 1480 quia
2559 1427 2667 1465 non
2706 1412 2876 1465 habeo
2911 1411 2966 1464 in
2998 1411 3120 1464 istis
3159 1411 3403 1479 partibus
3442 1409 3649 1478 aliquid
3686 1409 3796 1463 ubi
3830 1423 4008 1476 exspe-

2398 1511 2546 1557 ctare
2587 1517 2824 1581 possum,
2855 1509 3076 1571 propter
3103 1501 3336 1569 inopiam
3384 1515 3598 1563 rerum;
3653 1500 3805 1568 quia
3863 1497 4008 1568 quid-

2399 1593 2525 1663 quid
2548 1591 2648 1646 fuit
2669 1593 2764 1658 ibi,
2793 1607 2933 1647 anno
2953 1591 3228 1664 przeterito
3252 1591 3430 1645 omnia
3453 1591 3615 1644 amici
3649 1591 3853 1645 nostri
3885 1605 4008 1643 con-

2399 1691 2759 1752 sumpserunt,
2808 1683 2944 1738 bene
2988 1682 3263 1747 facientes,
3307 1690 3363 1736 et
3405 1679 3768 1736 familiariter
3799 1688 4008 1735 utentes

2403 1777 2563 1829 rebus
2593 1774 2812 1828 nostris.
2842 1773 2910 1828 Et
2939 1789 3100 1842 quam
3127 1774 3286 1828 citius
3319 1773 3530 1842 possint
3573 1773 3791 1828 littera:
3823 1782 4006 1826 vestrm

2401 1867 2467 1920 ad
2510 1881 2610 1920 nos
2647 1866 2850 1929 venire,
2887 1863 3205 1919 festinanter
3245 1864 3451 1934 legatus
3499 1872 3692 1918 currat
3735 1873 3804 1917 ut
3833 1879 3931 1918 nos
3958 1865 4003 1915 in

727 1972 943 2033 divitiw,
964 1942 1021 2023 ,εἰ
1051 1942 1359 2036 sapientiam
1387 1942 1552 2016 enitere
1592 1977 1692 2014 non
1721 1959 1907 2030 poterit
1951 1957 2130 2028 (Prov.
2165 1972 2298 2019 τίκ-ιι,
2337 1942 2379 2002 Β
2405 1955 2648 2024 proximo
2672 1953 2924 2022 reperiat.
2956 1951 3013 2006 Si
3043 1966 3137 2006 rex
3169 1967 3264 2006 vos
3290 1950 3477 2018 jubeat
3507 1952 3561 2013 in
3586 1951 3812 2019 palatio
3846 1959 4001 2008 stare.

727 2062 812 2132 ltl)
835 2063 856 2113 γ
885 2058 1013 2125 Quae
1031 2054 1415 2110 habitationem
1439 2051 1492 2105 in
1512 2048 1631 2120 ejus
1652 2049 1813 2103 corde
1830 2046 2052 2101 habebit
2070 2054 2298 2116 gratam,

726 2153 816 2220 qui
855 2164 972 2204 eam
1001 2146 1223 2216 diligere
1248 2142 1527 2212 probatur.
1567 2135 1850 2192 Multitudo
1889 2137 2188 2204 sapientum
2219 2149 2304 2186 sa-

728 2245 864 2297 nitas
893 2249 971 2294 cst
999 2238 1146 2292 orbis
1171 2243 1226 2290 et
1247 2235 1366 2287 laus
1391 2231 1648 2294 civitatis,
1673 2229 1726 2282 in
1756 2225 1908 2295 cujus
1927 2243 2051 2280 arce
2073 2226 2298 2280 habitat.

730 2333 853 2388 litec
897 2342 987 2386 tuo
1026 2336 1265 2399 pectore,
1292 2323 1516 2378 Domino
1546 2319 1673 2376 Iesu
1719 2321 1948 2375 donante
1979 2328 2046 2380 te,
2095 2318 2300 2372 habita-

731 2427 927 2478 tionem
949 2421 1161 2483 habeat,
1185 2414 1506 2472 charissime
1525 2413 1620 2474 ﬁli,
1643 2425 1858 2480 semper
1873 2410 1926 2462 in
1949 2418 2230 2463 mternum.

1211 2539 1232 2563 °
1277 2526 1607 2582 EPISTOLA
1645 2524 1826 2579 LXVI.

1332 2636 1400 2674 AD
1438 2633 1702 2673 ABNONEN.

1091 2712 1268 2785 (Anno
1294 2709 1417 2772 797,
1443 2722 1627 2762 mense
1651 2706 1938 2776 Augusto.)

732 2829 933 2886 Gaudet
969 2827 1032 2880 de
1062 2825 1243 2878 nuntio
1266 2797 1514 2874 aduentus
1548 2817 1721 2879 illius;
1748 2815 1913 2886 multa
1949 2830 2097 2886 nosse
2126 2815 2188 2867 ab
2213 2815 2305 2867 illo

799 2883 1056 2953 desiderat
1072 2911 1088 2958 ;
1119 2903 1164 2947 et
1191 2892 1257 2946 de
1280 2907 1376 2944 sua
1405 2888 1806 2942 commoratione
1829 2883 1977 2938 illum
2003 2885 2232 2938 instruit.

803 3007 1156 3064 Dilectissimo
1216 3005 1354 3074 patri
1419 3001 1622 3071 Aquilze
1673 2999 2024 3070 Transalpino
2083 2997 2307 3054 Albinus

735 3102 989 3170 magister
1019 3099 1268 3154 salutem.

802 3190 1018 3247 Gaudeo
1041 3188 1184 3257 quod
1205 3186 1287 3240 vel
1313 3186 1545 3254 aliquam
1571 3183 1765 3236 famam
1792 3182 1857 3237 de
1877 3189 2056 3236 vestro
2077 3182 2306 3235 adventu

2401 2057 2506 2097 non
2533 2043 2850 2098 contradicit
2876 2041 2970 2096 tibi
2993 2043 3020 2082 ⁸
3045 2041 3348 2112 Liutgardis
3367 2048 3422 2094 et
3448 2039 3686 2095 infantes
3719 2048 3786 2094 ut
3818 2041 3890 2094 ad
3915 2054 4001 2092 nos

2401 2133 2604 2198 venias,
2646 2119 2770 2201 quia
2815 2131 2919 2186 illa:
2977 2130 3134 2185 itura:
3173 2138 3298 2184 sunt
3346 2130 3465 2184 adll
3492 2129 3752 2196 Niviella,
3795 2133 3882 2183 uti
3938 2127 4000 2180 ibi

2409 2223 2653 2276 imissam
2668 2221 2891 2293 [sanctae
2912 2219 3116 2292 Μανίας]
3129 2228 3310 2292 agant.
3327 2220 3478 2283 Veni,
3494 2221 3617 2276 veni
3640 2219 3997 2276 festinanter.

2402 2314 2446 2368 si
2484 2314 2594 2368 Deo
2621 2314 2829 2384 placeat
2857 2321 2913 2367 et
2954 2321 3142 2369 sancto
3167 2313 3396 2368 Martiae
3420 2321 3473 2368 et
3498 2298 3692 2367 saneto
3722 2313 3995 2368 Amanoo.

2403 2413 2462 2457 ut
2502 2419 2600 2458 nos
2645 2405 2938 2458 videamus.
2970 2401 3285 2457 Nullatenus
3311 2403 3598 2458 voluissem
3636 2402 3870 2473 longius
3909 2401 3996 2458 irr.

2405 2501 2688 2562 antequam
2739 2501 2843 2547 tute
2903 2493 3249 2548 beatitudinis
3300 2492 3413 2564 68
3473 2492 3667 2548 faciem
3731 2493 3992 2546 viderent.

2409 2583 2619 2637 Manda—
2638 2599 2766 2638 vero
2799 2598 2894 2653 per
2936 2592 3152 2638 nostras
3190 2593 3406 2649 curtes;
3434 2583 3697 2653 quidquid
3753 2583 3835 2637 ibi
3868 2575 3993 2640 'erit.

2402 2673 2580 2726 omnia
2623 2672 2733 2752 tibi.
2759 2681 2948 2741 parata
2993 2682 3170 2749 erunt.
3197 2672 3418 2726 Multum
3448 2674 3655 2742 gaudeo
3699 2673 3775 2727 de
3821 2681 3994 2726 vestm

2403 2761 2701 2830 colloquio;
2731 2763 2854 2830 quia
2883 2762 3064 2816 nescio
3089 2763 3301 2831 quando
3324 2762 3446 2826 erit,
3477 2763 3520 2817 si
3538 2777 3696 2826 nunc
3723 2777 3843 2816 non
3875 2760 3990 2813 erit.

2405 2849 2654 2906 Feliciter
2698 2851 2835 2921 lege,
2885 2857 2940 2905 et
2985 2864 3240 2920 prospere
3284 2851 3425 2916 veni,
3479 2850 3640 2905 Pater
3685 2851 3900 2920 optime
3941 2856 3989 2898 οι

2405 2941 2576 2996 amice
2606 2939 2936 3007 ﬁdelissime,
2963 2949 3019 2995 et
3047 2941 3100 2994 in
3131 2940 3347 2995 Christo
3375 2939 3712 2995 charissime.

2876 3051 2888 3099 i
2940 3049 3281 3140 EPISTOLA
3322 3050 3408 3105 LX
3418 3051 3525 3106 VII.

3116 3139 3183 3175 Λιι
3221 3126 3281 3140 ⁹’”

2768 3213 2942 3284 (Anno
2980 3212 3104 3276 797,
3134 3228 3317 3267 mense
3342 3212 3627 3282 Augusto.)

737 3281 934 3374 “divi’
967 3279 1194 3334 multum
1243 3276 1462 3374 cum?“
1731 3273 2073 3374 beatitudinis
2106 3271 2303 3374 {adem
2333 3289 2378 3352 C
2411 3303 2684 3374 Signiﬁcat
2712 3271 2896 3372 quibus
2924 3301 3051 3374 locis
3080 3271 3454 3374 commoretur:
3492 3271 3623 3374 nova
3649 3302 3788 3355 scire
3815 3299 3982 3369 cupit,

738 3372 917 3426 videre
950 3379 1002 3425 et
1028 3377 1263 3439 optatam
1294 3367 1480 3422 audire
1507 3364 1790 3435 loquelam,
1823 3363 1981 3419 simul
2010 3372 2065 3419 et
2091 3364 2156 3419 de
2181 3379 2306 3434 pro-

737 3460 988 3529 speritate
1011 3459 1037 3498 b
1067 3458 1245 3513 domui
1269 3455 1543 3526 apestolici
1568 3470 1874 3526 agnoscere,
1904 3465 1957 3509 et
1975 3454 2100 3524 quid
2125 3455 2178 3508 in
2203 3454 2306 3509 illis

738 3551 973 3620 partibus
1001 3558 1211 3620 gestum
1238 3549 1327 3612 sit,
1358 3552 1413 3602 et
1439 3547 1707 3615 quomodo
1728 3544 1921 3613 legatio
1948 3552 2126 3598 vestra
2158 3545 2308 3598 vobis

737 3641 1019 3703 evenisset,
1063 3649 1113 3692 et
1141 3639 1185 3690 si
1213 3648 1234 3674 ε
1272 3635 1467 3690 Sancti-
1500 3635 1649 3688 Pauli
1689 3649 1852 3689 causa
1895 3634 1963 3688 ad
2010 3631 2306 3702 profectum

739 3729 853 3785 heri
882 3728 1067 3798 possit.
1104 3725 1229 3780 Haec
1260 3725 1436 3779 omnia
1480 3739 1576 3792 per
1605 3723 1839 3778 velocem
1881 3723 2129 3778 nuntium
2176 3723 2307 3777 mihi

738 3818 1062 3882 demandare
1085 3829 1288 3878 curam,
1311 3814 1554 3879 obsecro,
1586 3813 1802 3868 habeas.
1836 3813 2141 3868 Secundum
2167 3815 2308 3882 quod

738 3909 842 3961 iter
870 3921 1044 3961 meum
1080 3905 1395 3974 dispositum
1426 3903 1616 3968 habeo,
1659 3903 1870 3958 volente
1908 3903 2038 3968 Deo,
2074 3905 2160 3958 die
2187 3904 2311 3956 sab-

742 4005 847 4058 bati
875 4004 1138 4073 proximo,
1168 4000 1219 4053 id
1259 4008 1360 4063 est,
1403 3997 1584 4052 Nonas
1604 3996 1890 4065 Augustas,
1930 3998 1996 4051 ad
2035 3979 2309 4050 monaste-

742 4095 880 4149 rium
926 4092 1096 4147 sancti
1137 4087 1364 4143 Amandi
1391 4087 1648 4141 habemus
1677 4087 1992 4154 dispositum
2027 4085 2231 4149 venire,
2260 4094 2314 4138 et

741 4184 812 4238 ibi
845 4184 931 4238 die
968 4180 1246 4237 Dominica
1287 4186 1460 4242 stare,
1507 4184 1560 4232 et
1601 4184 1726 4231 tunc
1768 4178 1834 4231 ad
1856 4175 1882 4214 ἀ
1913 4176 2121 4230 Baralla
2153 4175 2306 4247 [Pez.

813 4331 838 4357 α
878 4317 1017 4371 san.
1077 4313 1274 4369 Mabill.
1317 4313 1371 4376 4,
1409 4311 1554 4382 pan
1602 4310 1636 4363 4
1675 4309 1926 4382 (Froben.
1965 4311 2075 4379 52).
2108 4310 2310 4382 Collata

745 4403 867 4440 cum
907 4386 1059 4444 codd.
1107 4399 1237 4438 mss.
1281 4383 1475 4438 Salisb.
1519 4381 1649 4435 Data
1685 4380 1830 4434 anno
1875 4380 1975 4436 797
2007 4396 2114 4449 quo
2151 4381 2312 4434 Nonae

745 4455 969 4524 Augusti
995 4453 1400 4524 concurrebant_
1413 4467 1533 4505 cum
1563 4452 1806 4524 sabbato,
1835 4459 2070 4524 utr-eote
2105 4451 2312 4502 notavit

743 4526 812 4580 cl.
833 4519 1127 4579 Hansizius
1153 4520 1334 4575 Germ.
1370 4519 1684 4587 Sacr.tom.
1709 4519 1770 4581 ll,
1808 4534 1862 4587 p.
1894 4519 2012 4572 105.
2145 4559 2151 4563 .

817 4595 843 4634 δ
877 4593 1065 4648 Domni
1116 4588 1402 4660 apostolici.
1458 4606 1475 4638 ‹
1530 4586 2149 4660 Negotitim_geminum
2209 4589 2312 4643 hoc

747 4679 884 4718 anno
927 4663 1129 4716 Arnoni
1150 4657 1355 4713 Roma:
1383 4660 1644 4728 agendum
1689 4657 1807 4711 fuit.
1841 4657 2114 4714 Publicutn
2146 4675 2308 4713 unum

749 4734 813 4787 ad
839 4732 1199 4800 componenda
1227 4744 1343 4798 quae
1368 4730 1506 4781 inter
1527 4737 1798 4800 papamet
1827 4728 2094 4783 Romanos
2119 4728 2310 4800 ﬁagra-

751 4804 878 4857 baut
898 4798 1136 4863 dissidia,
1165 4800 1423 4868 legatione
1445 4798 1738 4868 Angilberti
1765 4814 1904 4868 anno
1926 4800 2106 4866 priore
2139 4799 2309 4852 nihilo

752 4872 962 4932 sedata;
991 4866 1253 4937 privatum
1277 4867 1503 4937 alterum
1523 4866 1748 4937 propria:
1775 4867 1872 4937 fuit
1893 4867 2150 4937 ecclesiae.
2176 4867 2309 4920 Nam

750 4949 804 4993 et
833 4932 1086 4993 dimcesin
1117 4949 1303 4990 recens
1329 4935 1381 4987 in
1419 4932 1624 4988 l-lunnia
1654 4935 1973 5000 acquisitam
2018 4932 2231 4990 ﬁrmare
2259 4946 2311 4989 et

753 5011 1006 5064 honorem
1036 5003 1478 5072 metropoliticum
1505 5018 1695 5073 parare
1720 5004 1979 5073 cupiebat.
2011 5025 2027 5055 ι
2059 5002 2270 5057 Ηλκεη.

822 5090 843 5116 ε
887 5079 962 5132 De
996 5077 1176 5132 Sancti
1202 5073 1360 5127 Pauli
1387 5091 1568 5140 causa,
1593 5075 1920 5129 monasterio
1941 5074 2310 5128 Cormarieen-

754 5150 820 5208 si,
856 5150 921 5202 de
943 5161 1047 5215 quo
1077 5145 1224 5215 alibi.

822 5217 848 5254 ιι
887 5213 1100 5272 Βᾰηιιία
1133 5213 1304 5268 villam
1327 5222 1573 5266 nostram.
1593 5213 1765 5270 Locus
1791 5215 1919 5269 mihi
1949 5215 2182 5284 ignotus,
2217 5228 2316 5268 nec

757 5286 894 5364 apud
919 5286 1300 5364 geographicos
1337 5284 1623 5351 scriptores
1648 5300 1782 5354 quos
1814 5282 2076 5347 consului,
2123 5283 2316 5337 alibive

760 5362 1075 5407 nominatus.

829 5436 851 5460 ο
890 5425 967 5475 Ad
992 5422 1261 5474 Causiaco.
1295 5421 1675 5476 Monasterium
1701 5424 2055 5478 Causiaeense
2080 5419 2314 5491 (C(wisy)

759 5493 821 5543 ad
845 5492 1082 5546 Axonam
1098 5491 1309 5545 ﬂuvium
1331 5507 1496 5562 prope
1510 5491 1890 5552 Compendium
1918 5493 2098 5546 situm.
2118 5490 2311 5545 Mabill.

759 5563 944 5613 Annal.
986 5563 1078 5613 lib.
1110 5575 1235 5622 xxx,
1267 5577 1412 5615 num.
1444 5563 1526 5614 15.

834 5630 850 5668 ί
893 5633 969 5682 Λα
1017 5633 1265 5684 Sanctum
1317 5631 1536 5700 Lupum.
1590 5632 1900 5686 Ctenobium
1950 5632 2005 5684 in
2059 5629 2317 5700 suburbio

762 5698 1596 5777 Tricassitm_(1‘royes)_,_lumini
1645 5716 1787 5756 cura:
1831 5716 1860 5751 a
1896 5701 2087 5754 Carolo
2130 5699 2317 5770 Magno

765 5769 1124 5831 Unditunt,-de
1151 5783 1256 5836 quo
1283 5771 1427 5823 alibi.
1631 5797 1633 5800 ‹
1827 5805 1835 5810 -

828 5839 857 5876 ⁸
887 5836 1198 5905 Liutgardis.
1222 5839 1421 5908 Regina
1462 5857 1594 5895 uxor
1627 5841 1802 5896 Caroli
1834 5838 2004 5909 Magni
2029 5855 2146 5912 quae
2176 5859 2314 5898 anno

2803 3373 2962 3424 mittit
2998 3371 3236 3442 quadam
3266 3370 3597 3423 munuscula.

2473 3463 2801 3519 Charissimo
2834 3461 2969 3517 Filio
3008 3462 3060 3516 in
3100 3478 3239 3516 vera:
3267 3461 3549 3516 charitatis
3577 3461 3868 3518 dulcedine
3907 3477 3980 3514 st-

2407 3558 2594 3610 lutem.
2689 3609 2691 3612 i
3021 3543 3034 3548 ’

2477 3645 2793 3713 Exspectavi
2819 3643 3122 3699 dilectionis
3145 3650 3335 3697 vestra:
3363 3641 3590 3706 litteras,
3619 3640 3702 3694 vel
3729 3642 3976 3712 legatum.

2381 3734 2515 3789 Sed
2550 3735 2709 3788 tertio
2736 3735 2760 3773 ι
2788 3733 2948 3804 Gysla
2979 3732 3154 3804 [Pez.,
3184 3731 3369 3804 liysla]
3415 3747 3569 3786 soror
3613 3733 3798 3786 domni
3848 3730 3980 3795 regis

2409 3827 2604 3880 direxit
2627 3826 2695 3880 ad
2720 3841 2805 3879 me
2831 3825 3043 3888 missos,
3070 3833 3126 3877 ut
3151 3824 3386 3878 venirem
3411 3831 3634 3890 propter
3661 3822 3870 3890 aliquas
3894 3834 3976 3871 ne-

2410 3917 2690 3972 cessitates
2731 3918 2798 3970 ad
2842 3917 3006 3970 illam.
3056 3916 3161 3970 Sed
3195 3931 3356 3978 nunc,
3394 3914 3606 3968 volente
3649 3913 3785 3977 Deo,
3817 3913 3977 3965 iturus

2412 4021 2507 4064 ero
2532 4008 2599 4062 ad
2634 4023 2752 4062 eam
2775 4007 3016 4066 visitare,
3041 4015 3095 4060 et
3115 4005 3235 4070 inde
3265 4003 3280 4043 ι
3309 4006 3376 4058 ad
3399 4014 3645 4059 sanctum
3673 4004 3902 4072 Lupum,
3925 4010 3974 4054 ει

2414 4097 2486 4151 ibi
2514 4097 2748 4151 maxime
2771 4111 2930 4165 spero
2964 4110 3048 4149 me
3071 4108 3288 4148 manere
3319 4093 3714 4162 Septembrium
3746 4104 3973 4147 mensem

2413 4196 2606 4242 totum.
2630 4184 2688 4240 Si
2713 4184 2838 4254 quid
2877 4184 2999 4238 inde
3027 4184 3092 4238 de
3114 4191 3294 4238 vestro
3325 4183 3534 4244 itinere,
3563 4181 3643 4235 vel
3663 4193 3701 4220 ω
3717 4183 3784 4236 de
3806 4176 3971 4236 domui

2412 4319 2518 4399 ξος)
2563 4316 2792 4399 'l‘uronis
2823 4315 3073 4370 defuncta
3109 4323 3194 4369 est
3219 4313 3393 4382 pridie
3418 4312 3554 4366 Non.
3594 4310 3759 4364 Junii.
3791 4293 3970 4362 Annal.

2412 4389 2798 4518 ιθέδῗξῐευίειια,
2852 4451 3106 4515 Nivialla,
3167 4448 3442 4519 Nit'fgella.
3489 4448 3876 4519 monaswrlum-
3913 4443 3970 4495 ah

2413 4527 2512 4579 ltta
2562 4540 2655 4578 seu
2695 4516 2948 4592 lduberga
3000 4521 3208 4589 Pippini
3262 4516 3480 4588 majoris
3523 4516 3972 4592 domus__conjuge

2416 4597 2630 4650 hortatu
2661 4595 2831 4648 sancti
2861 4584 3112 4656 Kiiiandi,
3137 4584 3526 4646 eonstructum.
3565 4587 3764 4642 Μελιδίῃ.
3790 4584 3963 4640 Annal.

2398 4666 2508 4741 .lib.
2536 4681 2726 4741 x3531",
2754 4679 2898 4741 num.
2929 4663 2982 4714 7.

2493 4738 2506 4775 ί
2555 4721 3002 4786 Missain'sanctre
3035 4730 3240 4784 Marica.
3277 4727 3649 4782 Festivitatem
3684 4723 3782 4778 abs
3822 4721 3964 4778 dubio

2416 4804 2662 4873 intelligit
2703 4801 3100 4873 Assumptionis
3140 4801 3310 4873 beatze
3352 4795 3572 4873 virginis
3618 4795 3819 4873 hiat-ias,
3860 4806 3966 4873 qua

2416 4876 2576 4927 etiam
2586 4858 2670 4926 "eo
2693 4858 2937 4940 tempore
2952 4868 3017 4940 15
3038 4870 3145 4940 _die_
3156 4864 3395 4940 _Augusti
3433 4858 3823 4919 celebrabatur.
3860 4858 3962 4914 \‘id.

2416 4936 2911 5024 (ῖιφεξΡιιίὲἓῑιες
2929 4936 3312 5024 Υςξῑδκπὲέξας.
3346 5004 3374 5024 .

2490 5011 2502 5060 i
2546 5010 2658 5085 69
2686 4997 3141 5088 Edit.VMabill..5,
3173 5005 3315 5060 Pezii
3418 5004 3673 5076 (Froben:
3699 5003 3825 5072 53);
3873 4997 3962 5054 eol-

2419 5081 2526 5134 lata
2556 5095 2675 5156 cum
2704 5079 2824 5156 cod.
2849 5093 2948 5132 ms.
2974 5075 3170 5156 Salisb.
3201 5076 3463 5156 Quoniam
3505 5089 3633 5156 vero
3655 5073 3962 5156 ubique

2418 5167 2540 5205 men
2567 5150 2708 5204 illius
2730 5150 2882 5204 abest
2925 5148 2991 5202 ad
3020 5161 3178 5214 quem
3218 5145 3416 5217 scripta
3447 5151 3546 5205 est,
3595 5141 3838 5217 dubitare
3860 5141 3960 5212 quis

2417 5219 2586 5288 possit
2614 5234 2680 5272 an
2704 5219 2781 5288 ad
2807 5208 3096 5288 Anionem,
3123 5229 3191 5268 an
3209 5283 3221 5288 _
3240 5215 3305 5266 ad
3328 5208 3495 5265 alium
3523 5208 3806 5288 quemdam
3842 5208 3957 5288 anti—

2419 5275 2539 5342 cum
2569 5289 2622 5341 in
2650 5275 2909 5342 comitatu
2955 5275 3097 5355 regis
3140 5283 3455 5355 existentem
3498 5275 3695 5349 scripta
3739 5280 3832 5355 _sit'.
3873 5275 3958 5355 ξω

2418 5360 2633 5412 Arnone
2657 5347 3106 5426 pronuntiandum
3131 5349 3344 5426 videtur
3367 5364 3432 5402 ex
3461 5347 3853 5426 comparatione
3875 5347 3955 5398 bu—

2413 5426 2504 5495 jus
2527 5418 3010 5495 cumfpraacedente
3028 5433 3082 5495 et
3114 5421 3482 5495 subsequente.
3505 5418 3746 5495 epistola.

2492 5496 2520 5534 ι
2548 5486 2707 5564 (ἕνειᾶ
2729 5510 2881 5548 soror
2901 5491 3076 5546 domui
3098 5486 3376 5560 regis.Vid.
3405 5486 3560 5557 epist.
3581 5488 3650 5543 98
3672 5486 3952 5556 et99(nunc

2424 5564 2527 5672 ﬁ?
2554 5564 2898 5688 ἳάιὲἔιὶὲωηι
2929 5630 3152 5700 Lupum.
3186 5627 3304 5683 Vid.
3345 5629 3500 5697 epist.
3545 5628 3808 5700 priorem,
3835 5626 3953 5677 inter

2423 5714 2633 5852 "lech
2673 5756 2850 5852 ςοῖηηί
2875 5770 3006 5849 regis
3033 5769 3332 5852 reversione.
3356 5765 3443 5821 'Cl.
3473 5765 3753 5852 Hanslizius
3781 5763 3948 5852 δεξιῇ

2424 5843 2525 5897 alia
2551 5857 2667 5911 quae
2689 5844 2739 5896 in
2771 5842 2870 5895 hac
2897 5828 3118 5908 epistola
3152 5845 3532 5897 memorantur,
3559 5838 3623 5888 ad
3655 5847 3845 5890 annum
3868 5828 3946 5886 8W
