  <div class='ocr_page' id='page_1' title='image "/cluster/home/n/w/nwhite01/storage/ocr_20150623/99-100/uc1.31175006946845/767.png"; bbox 0 0 4232 6400; ppageno 0'>
   <div class='ocr_carea' id='block_1_1' title="bbox 694 550 801 606">
    <p class='ocr_par' dir='ltr' id='par_1_1' title="bbox 694 550 801 606">
     <span class='ocr_line' id='line_1_1' title="bbox 694 550 801 606; baseline 0.009 -3"><span class='ocrx_word' id='word_1_1' title='bbox 694 550 801 606; x_wconf 73' lang='lat'><strong>239</strong></span> 
     </span>
    </p>
   </div>
   <div class='ocr_carea' id='block_1_2' title="bbox 1601 533 3111 611">
    <p class='ocr_par' dir='ltr' id='par_1_2' title="bbox 1601 533 3111 611">
     <span class='ocr_line' id='line_1_2' title="bbox 1601 533 3111 611; baseline -0.005 -17"><span class='ocrx_word' id='word_1_2' title='bbox 1601 542 1659 594; x_wconf 82' lang='grc' dir='ltr'><strong>Β.</strong></span> <span class='ocrx_word' id='word_1_3' title='bbox 1693 540 1761 594; x_wconf 80' lang='lat' dir='ltr'><strong>F.</strong></span> <span class='ocrx_word' id='word_1_4' title='bbox 1802 538 2025 594; x_wconf 70' lang='lat' dir='ltr'><strong>ALle</strong></span> <span class='ocrx_word' id='word_1_5' title='bbox 2065 538 2192 593; x_wconf 62' lang='lat' dir='ltr'><strong>SE12</strong></span> <span class='ocrx_word' id='word_1_6' title='bbox 2229 537 2500 611; x_wconf 69' lang='lat' dir='ltr'><strong>ALCLLVI</strong></span> <span class='ocrx_word' id='word_1_7' title='bbox 2537 536 2813 592; x_wconf 70' lang='lat' dir='ltr'><strong>OPERUM</strong></span> <span class='ocrx_word' id='word_1_8' title='bbox 2855 535 3031 589; x_wconf 73' lang='lat' dir='ltr'><strong>PARS</strong></span> <span class='ocrx_word' id='word_1_9' title='bbox 3068 533 3111 588; x_wconf 84' lang='lat'><strong>1.</strong></span> 
     </span>
    </p>
   </div>
   <div class='ocr_carea' id='block_1_3' title="bbox 3837 536 3960 595">
    <p class='ocr_par' dir='ltr' id='par_1_3' title="bbox 3837 536 3960 595">
     <span class='ocr_line' id='line_1_3' title="bbox 3837 536 3960 595; baseline 0.033 -3"><span class='ocrx_word' id='word_1_10' title='bbox 3837 536 3960 595; x_wconf 76' lang='grc'><strong>240</strong></span> 
     </span>
    </p>
   </div>
   <div class='ocr_carea' id='block_1_4' title="bbox 765 646 3960 727">
    <p class='ocr_par' dir='ltr' id='par_1_4' title="bbox 765 646 3960 727">
     <span class='ocr_line' id='line_1_4' title="bbox 765 646 3960 727; baseline -0.002 -16"><span class='ocrx_word' id='word_1_11' title='bbox 765 660 775 727; x_wconf 84' lang='lat'><strong>|</strong></span> <span class='ocrx_word' id='word_1_12' title='bbox 800 656 942 711; x_wconf 81' lang='lat' dir='ltr'><strong>Satis</strong></span> <span class='ocrx_word' id='word_1_13' title='bbox 970 654 1101 708; x_wconf 83' lang='lat' dir='ltr'><strong>mihi</strong></span> <span class='ocrx_word' id='word_1_14' title='bbox 1119 652 1289 721; x_wconf 84' lang='lat' dir='ltr'><strong>placet</strong></span> <span class='ocrx_word' id='word_1_15' title='bbox 1314 651 1599 705; x_wconf 79' lang='lat' dir='ltr'><strong>concordia</strong></span> <span class='ocrx_word' id='word_1_16' title='bbox 1636 652 1777 704; x_wconf 85' lang='lat' dir='ltr'><strong>inter</strong></span> <span class='ocrx_word' id='word_1_17' title='bbox 1800 649 1968 704; x_wconf 87' lang='lat' dir='ltr'><strong>tilium</strong></span> <span class='ocrx_word' id='word_1_18' title='bbox 1996 663 2172 704; x_wconf 86' lang='lat' dir='ltr'><strong>meum</strong></span> <span class='ocrx_word' id='word_1_19' title='bbox 2212 656 2267 702; x_wconf 86' lang='lat' dir='ltr'><strong>et</strong></span> <span class='ocrx_word' id='word_1_20' title='bbox 2292 660 2340 715; x_wconf 72' lang='grc' dir='ltr'><strong>Α</strong></span> <span class='ocrx_word' id='word_1_21' title='bbox 2368 656 2468 713; x_wconf 90' lang='lat' dir='ltr'><strong>set,</strong></span> <span class='ocrx_word' id='word_1_22' title='bbox 2483 658 2541 703; x_wconf 79' lang='lat' dir='ltr'><strong>ut</strong></span> <span class='ocrx_word' id='word_1_23' title='bbox 2556 648 2649 703; x_wconf 86' lang='lat' dir='ltr'><strong>tibi</strong></span> <span class='ocrx_word' id='word_1_24' title='bbox 2671 646 2908 702; x_wconf 88' lang='lat' dir='ltr'><strong>licuisset</strong></span> <span class='ocrx_word' id='word_1_25' title='bbox 2926 646 3065 716; x_wconf 87' lang='lat' dir='ltr'><strong>apud</strong></span> <span class='ocrx_word' id='word_1_26' title='bbox 3090 658 3336 701; x_wconf 89' lang='lat' dir='ltr'><strong>sanctum</strong></span> <span class='ocrx_word' id='word_1_27' title='bbox 3358 647 3659 701; x_wconf 73' lang='lat' dir='ltr'><strong>Amandum</strong></span> <span class='ocrx_word' id='word_1_28' title='bbox 3676 648 3960 715; x_wconf 77' lang='lat' dir='ltr'><strong>hicmaze,</strong></span> 
     </span>
    </p>
   </div>
   <div class='ocr_carea' id='block_1_5' title="bbox 690 736 2266 808">
    <p class='ocr_par' dir='ltr' id='par_1_5' title="bbox 690 736 2266 808">
     <span class='ocr_line' id='line_1_5' title="bbox 690 736 2266 808; baseline -0.007 -8"><span class='ocrx_word' id='word_1_29' title='bbox 690 736 914 800; x_wconf 61' lang='lat' dir='ltr'><strong>fratrem</strong></span> <span class='ocrx_word' id='word_1_30' title='bbox 968 750 1137 802; x_wconf 89' lang='lat' dir='ltr'><strong>tuum.</strong></span> <span class='ocrx_word' id='word_1_31' title='bbox 1192 754 1351 808; x_wconf 86' lang='lat' dir='ltr'><strong>quem</strong></span> <span class='ocrx_word' id='word_1_32' title='bbox 1396 746 1617 793; x_wconf 87' lang='lat' dir='ltr'><strong>vocatus</strong></span> <span class='ocrx_word' id='word_1_33' title='bbox 1668 736 1887 793; x_wconf 84' lang='lat' dir='ltr'><strong>visitare</strong></span> <span class='ocrx_word' id='word_1_34' title='bbox 1939 736 2153 791; x_wconf 75' lang='lat' dir='ltr'><strong>venisti.</strong></span> <span class='ocrx_word' id='word_1_35' title='bbox 2200 736 2266 789; x_wconf 85' lang='lat' dir='ltr'><strong>Et</strong></span> 
     </span>
    </p>
   </div>
   <div class='ocr_carea' id='block_1_6' title="bbox 697 826 2262 895">
    <p class='ocr_par' dir='ltr' id='par_1_6' title="bbox 697 826 2262 895">
     <span class='ocr_line' id='line_1_6' title="bbox 697 826 2262 895; baseline -0.012 0"><span class='ocrx_word' id='word_1_36' title='bbox 697 840 831 894; x_wconf 83' lang='lat' dir='ltr'><strong>bene</strong></span> <span class='ocrx_word' id='word_1_37' title='bbox 859 834 1032 889; x_wconf 84' lang='lat' dir='ltr'><strong>fecisti</strong></span> <span class='ocrx_word' id='word_1_38' title='bbox 1061 848 1146 887; x_wconf 86' lang='lat' dir='ltr'><strong>me</strong></span> <span class='ocrx_word' id='word_1_39' title='bbox 1177 829 1442 885; x_wconf 85' lang='lat' dir='ltr'><strong>hortando</strong></span> <span class='ocrx_word' id='word_1_40' title='bbox 1469 829 1534 883; x_wconf 86' lang='lat' dir='ltr'><strong>ad</strong></span> <span class='ocrx_word' id='word_1_41' title='bbox 1561 830 1880 883; x_wconf 85' lang='lat' dir='ltr'><strong>charitatem</strong></span> <span class='ocrx_word' id='word_1_42' title='bbox 1903 826 2019 895; x_wconf 85' lang='lat' dir='ltr'><strong>ejus</strong></span> <span class='ocrx_word' id='word_1_43' title='bbox 2048 827 2262 890; x_wconf 77' lang='lat' dir='ltr'><strong>reverti,</strong></span> 
     </span>
    </p>
   </div>
   <div class='ocr_carea' id='block_1_7' title="bbox 698 917 2268 993">
    <p class='ocr_par' dir='ltr' id='par_1_7' title="bbox 698 917 2268 993">
     <span class='ocr_line' id='line_1_7' title="bbox 698 917 2268 993; baseline -0.01 -9"><span class='ocrx_word' id='word_1_44' title='bbox 698 929 836 984; x_wconf 85' lang='lat' dir='ltr'><strong>unde</strong></span> <span class='ocrx_word' id='word_1_45' title='bbox 862 939 1133 993; x_wconf 81' lang='lat' dir='ltr'><strong>nunquam</strong></span> <span class='ocrx_word' id='word_1_46' title='bbox 1183 917 1405 976; x_wconf 70' lang='lat' dir='ltr'><strong>aversu‘s</strong></span> <span class='ocrx_word' id='word_1_47' title='bbox 1435 918 1539 985; x_wconf 85' lang='lat' dir='ltr'><strong>fui;</strong></span> <span class='ocrx_word' id='word_1_48' title='bbox 1573 918 1700 973; x_wconf 88' lang='lat' dir='ltr'><strong>licet</strong></span> <span class='ocrx_word' id='word_1_49' title='bbox 1746 919 2130 972; x_wconf 71' lang='lat' dir='ltr'><strong>dubitationem</strong></span> <span class='ocrx_word' id='word_1_50' title='bbox 2178 918 2268 971; x_wconf 89' lang='lat' dir='ltr'><strong>ali-</strong></span> 
     </span>
    </p>
   </div>
   <div class='ocr_carea' id='block_1_8' title="bbox 698 1007 2268 1087">
    <p class='ocr_par' dir='ltr' id='par_1_8' title="bbox 698 1007 2268 1087">
     <span class='ocr_line' id='line_1_8' title="bbox 698 1007 2268 1087; baseline -0.006 -18"><span class='ocrx_word' id='word_1_51' title='bbox 698 1030 857 1087; x_wconf 74' lang='lat' dir='ltr'><strong>quam</strong></span> <span class='ocrx_word' id='word_1_52' title='bbox 905 1012 1239 1082; x_wconf 83' lang='lat' dir='ltr'><strong>agnovissem</strong></span> <span class='ocrx_word' id='word_1_53' title='bbox 1283 1010 1350 1063; x_wconf 91' lang='lat' dir='ltr'><strong>de</strong></span> <span class='ocrx_word' id='word_1_54' title='bbox 1391 1024 1511 1062; x_wconf 89' lang='lat' dir='ltr'><strong>mea</strong></span> <span class='ocrx_word' id='word_1_55' title='bbox 1550 1008 1653 1062; x_wconf 86' lang='lat' dir='ltr'><strong>fide</strong></span> <span class='ocrx_word' id='word_1_56' title='bbox 1701 1009 1754 1061; x_wconf 89' lang='lat' dir='ltr'><strong>in</strong></span> <span class='ocrx_word' id='word_1_57' title='bbox 1796 1009 1899 1061; x_wconf 90' lang='lat' dir='ltr'><strong>tuis</strong></span> <span class='ocrx_word' id='word_1_58' title='bbox 1937 1007 2268 1061; x_wconf 70' lang='lat' dir='ltr'><strong>suavissimis</strong></span> 
     </span>
    </p>
   </div>
   <div class='ocr_carea' id='block_1_9' title="bbox 700 1096 2267 1175">
    <p class='ocr_par' dir='ltr' id='par_1_9' title="bbox 700 1096 2267 1175">
     <span class='ocr_line' id='line_1_9' title="bbox 700 1096 2267 1175; baseline -0.007 -17"><span class='ocrx_word' id='word_1_59' title='bbox 700 1104 957 1175; x_wconf 77' lang='lat' dir='ltr'><strong>apicibus.</strong></span> <span class='ocrx_word' id='word_1_60' title='bbox 1011 1099 1161 1167; x_wconf 78' lang='lat' dir='ltr'><strong>Quod</strong></span> <span class='ocrx_word' id='word_1_61' title='bbox 1207 1113 1337 1154; x_wconf 83' lang='lat' dir='ltr'><strong>vero</strong></span> <span class='ocrx_word' id='word_1_62' title='bbox 1378 1097 1552 1161; x_wconf 82' lang='lat' dir='ltr'><strong>dixit,</strong></span> <span class='ocrx_word' id='word_1_63' title='bbox 1594 1104 1654 1150; x_wconf 94' lang='lat' dir='ltr'><strong>ut</strong></span> <span class='ocrx_word' id='word_1_64' title='bbox 1698 1096 2004 1151; x_wconf 85' lang='lat' dir='ltr'><strong>habuissem</strong></span> <span class='ocrx_word' id='word_1_65' title='bbox 2055 1111 2179 1150; x_wconf 90' lang='lat' dir='ltr'><strong>eum</strong></span> 
     </span>
    </p>
   </div>
   <div class='ocr_carea' id='block_1_10' title="bbox 606 1191 2271 1260">
    <p class='ocr_par' dir='ltr' id='par_1_10' title="bbox 606 1191 2271 1260">
     <span class='ocr_line' id='line_1_10' title="bbox 606 1191 2271 1260; baseline -0.001 -13"><span class='ocrx_word' id='word_1_66' title='bbox 606 1240 617 1247; x_wconf 24' lang='grc' dir='ltr'><strong>ι</strong></span> <span class='ocrx_word' id='word_1_67' title='bbox 701 1197 860 1251; x_wconf 87' lang='lat' dir='ltr'><strong>domo</strong></span> <span class='ocrx_word' id='word_1_68' title='bbox 902 1194 969 1248; x_wconf 85' lang='lat' dir='ltr'><strong>ad</strong></span> <span class='ocrx_word' id='word_1_69' title='bbox 1017 1192 1390 1253; x_wconf 89' lang='lat' dir='ltr'><strong>erudiendum,</strong></span> <span class='ocrx_word' id='word_1_70' title='bbox 1440 1191 1747 1247; x_wconf 75' lang='lat' dir='ltr'><strong>nullatenus</strong></span> <span class='ocrx_word' id='word_1_71' title='bbox 1786 1206 1817 1245; x_wconf 93' lang='lat' dir='ltr'><strong>a</strong></span> <span class='ocrx_word' id='word_1_72' title='bbox 1848 1206 2118 1260; x_wconf 84' lang='lat' dir='ltr'><strong>quoquam</strong></span> <span class='ocrx_word' id='word_1_73' title='bbox 2146 1201 2271 1245; x_wconf 89' lang='lat' dir='ltr'><strong>ante</strong></span> 
     </span>
    </p>
   </div>
   <div class='ocr_carea' id='block_1_11' title="bbox 701 1280 2272 1353">
    <p class='ocr_par' dir='ltr' id='par_1_11' title="bbox 701 1280 2272 1353">
     <span class='ocr_line' id='line_1_11' title="bbox 701 1280 2272 1353; baseline -0.003 -13"><span class='ocrx_word' id='word_1_74' title='bbox 701 1285 899 1341; x_wconf 85' lang='lat' dir='ltr'><strong>audivi.</strong></span> <span class='ocrx_word' id='word_1_75' title='bbox 927 1280 1154 1353; x_wconf 81' lang='lat' dir='ltr'><strong>Tamen]</strong></span> <span class='ocrx_word' id='word_1_76' title='bbox 1188 1282 1360 1345; x_wconf 84' lang='lat' dir='ltr'><strong>scias,</strong></span> <span class='ocrx_word' id='word_1_77' title='bbox 1411 1281 1553 1349; x_wconf 86' lang='lat' dir='ltr'><strong>quod</strong></span> <span class='ocrx_word' id='word_1_78' title='bbox 1604 1280 1656 1333; x_wconf 89' lang='lat' dir='ltr'><strong>in</strong></span> <span class='ocrx_word' id='word_1_79' title='bbox 1708 1296 1922 1335; x_wconf 89' lang='lat' dir='ltr'><strong>camera</strong></span> <span class='ocrx_word' id='word_1_80' title='bbox 1954 1281 2272 1336; x_wconf 70' lang='lat' dir='ltr'><strong>humilitatis</strong></span> 
     </span>
    </p>
   </div>
   <div class='ocr_carea' id='block_1_12' title="bbox 704 1369 2274 1445">
    <p class='ocr_par' dir='ltr' id='par_1_12' title="bbox 704 1369 2274 1445">
     <span class='ocr_line' id='line_1_12' title="bbox 704 1369 2274 1445; baseline -0.005 -14"><span class='ocrx_word' id='word_1_81' title='bbox 704 1374 967 1445; x_wconf 70' lang='lat' dir='ltr'><strong>superbia:</strong></span> <span class='ocrx_word' id='word_1_82' title='bbox 986 1388 1091 1427; x_wconf 90' lang='lat' dir='ltr'><strong>non</strong></span> <span class='ocrx_word' id='word_1_83' title='bbox 1122 1372 1297 1441; x_wconf 80' lang='lat' dir='ltr'><strong>placet</strong></span> <span class='ocrx_word' id='word_1_84' title='bbox 1317 1371 1581 1435; x_wconf 84' lang='lat' dir='ltr'><strong>habitare,</strong></span> <span class='ocrx_word' id='word_1_85' title='bbox 1608 1369 1732 1439; x_wconf 87' lang='lat' dir='ltr'><strong>quia</strong></span> <span class='ocrx_word' id='word_1_86' title='bbox 1762 1371 1903 1439; x_wconf 92' lang='lat' dir='ltr'><strong>quod</strong></span> <span class='ocrx_word' id='word_1_87' title='bbox 1930 1370 2016 1425; x_wconf 88' lang='lat' dir='ltr'><strong>illa</strong></span> <span class='ocrx_word' id='word_1_88' title='bbox 2043 1369 2274 1425; x_wconf 70' lang='lat' dir='ltr'><strong>ardiiieat</strong></span> 
     </span>
    </p>
   </div>
   <div class='ocr_carea' id='block_1_13' title="bbox 705 1460 2271 1533">
    <p class='ocr_par' dir='ltr' id='par_1_13' title="bbox 705 1460 2271 1533">
     <span class='ocr_line' id='line_1_13' title="bbox 705 1460 2271 1533; baseline -0.005 -13"><span class='ocrx_word' id='word_1_89' title='bbox 705 1464 805 1520; x_wconf 86' lang='lat' dir='ltr'><strong>hoc</strong></span> <span class='ocrx_word' id='word_1_90' title='bbox 833 1466 933 1518; x_wconf 90' lang='lat' dir='ltr'><strong>ista</strong></span> <span class='ocrx_word' id='word_1_91' title='bbox 971 1460 1215 1533; x_wconf 73' lang='lat' dir='ltr'><strong>destruit.</strong></span> <span class='ocrx_word' id='word_1_92' title='bbox 1268 1460 1411 1514; x_wconf 83' lang='lat' dir='ltr'><strong>Ecce</strong></span> <span class='ocrx_word' id='word_1_93' title='bbox 1465 1474 1602 1529; x_wconf 90' lang='lat' dir='ltr'><strong>ego,</strong></span> <span class='ocrx_word' id='word_1_94' title='bbox 1645 1468 1905 1527; x_wconf 91' lang='lat' dir='ltr'><strong>quantum</strong></span> <span class='ocrx_word' id='word_1_95' title='bbox 1947 1462 1998 1513; x_wconf 92' lang='lat' dir='ltr'><strong>in</strong></span> <span class='ocrx_word' id='word_1_96' title='bbox 2034 1474 2121 1514; x_wconf 91' lang='lat' dir='ltr'><strong>me</strong></span> <span class='ocrx_word' id='word_1_97' title='bbox 2168 1467 2271 1523; x_wconf 87' lang='lat' dir='ltr'><strong>est,</strong></span> 
     </span>
    </p>
   </div>
   <div class='ocr_carea' id='block_1_14' title="bbox 706 1547 2273 1625">
    <p class='ocr_par' dir='ltr' id='par_1_14' title="bbox 706 1547 2273 1625">
     <span class='ocr_line' id='line_1_14' title="bbox 706 1547 2273 1625; baseline -0.003 -17"><span class='ocrx_word' id='word_1_98' title='bbox 706 1562 919 1625; x_wconf 86' lang='lat' dir='ltr'><strong>apertas</strong></span> <span class='ocrx_word' id='word_1_99' title='bbox 966 1552 1137 1607; x_wconf 82' lang='lat' dir='ltr'><strong>habeo</strong></span> <span class='ocrx_word' id='word_1_100' title='bbox 1182 1564 1373 1603; x_wconf 91' lang='lat' dir='ltr'><strong>manus</strong></span> <span class='ocrx_word' id='word_1_101' title='bbox 1426 1547 1741 1617; x_wconf 86' lang='lat' dir='ltr'><strong>amplectari</strong></span> <span class='ocrx_word' id='word_1_102' title='bbox 1792 1548 2114 1614; x_wconf 78' lang='lat' dir='ltr'><strong>venientem,</strong></span> <span class='ocrx_word' id='word_1_103' title='bbox 2166 1563 2273 1603; x_wconf 87' lang='lat' dir='ltr'><strong>non</strong></span> 
     </span>
    </p>
   </div>
   <div class='ocr_carea' id='block_1_15' title="bbox 711 1639 2273 1715">
    <p class='ocr_par' dir='ltr' id='par_1_15' title="bbox 711 1639 2273 1715">
     <span class='ocr_line' id='line_1_15' title="bbox 711 1639 2273 1715; baseline -0.003 -16"><span class='ocrx_word' id='word_1_104' title='bbox 711 1659 957 1715; x_wconf 77' lang='lat' dir='ltr'><strong>respuere</strong></span> <span class='ocrx_word' id='word_1_105' title='bbox 985 1649 1313 1713; x_wconf 80' lang='lat' dir='ltr'><strong>precantem.</strong></span> <span class='ocrx_word' id='word_1_106' title='bbox 1358 1639 1469 1695; x_wconf 85' lang='lat' dir='ltr'><strong>Hoc</strong></span> <span class='ocrx_word' id='word_1_107' title='bbox 1499 1640 1637 1709; x_wconf 86' lang='lat' dir='ltr'><strong>apud</strong></span> <span class='ocrx_word' id='word_1_108' title='bbox 1660 1655 1846 1695; x_wconf 92' lang='lat' dir='ltr'><strong>omnes</strong></span> <span class='ocrx_word' id='word_1_109' title='bbox 1879 1655 2096 1695; x_wconf 89' lang='lat' dir='ltr'><strong>servare</strong></span> <span class='ocrx_word' id='word_1_110' title='bbox 2132 1656 2273 1711; x_wconf 75' lang='lat' dir='ltr'><strong>pra:-</strong></span> 
     </span>
    </p>
   </div>
   <div class='ocr_carea' id='block_1_16' title="bbox 710 1728 2276 1800">
    <p class='ocr_par' dir='ltr' id='par_1_16' title="bbox 710 1728 2276 1800">
     <span class='ocr_line' id='line_1_16' title="bbox 710 1728 2276 1800; baseline -0.003 -11"><span class='ocrx_word' id='word_1_111' title='bbox 710 1734 876 1797; x_wconf 82' lang='lat' dir='ltr'><strong>tinivi,</strong></span> <span class='ocrx_word' id='word_1_112' title='bbox 904 1740 964 1786; x_wconf 92' lang='lat' dir='ltr'><strong>ut</strong></span> <span class='ocrx_word' id='word_1_113' title='bbox 995 1730 1200 1789; x_wconf 81' lang='lat' dir='ltr'><strong>nullum</strong></span> <span class='ocrx_word' id='word_1_114' title='bbox 1246 1728 1555 1799; x_wconf 80' lang='lat' dir='ltr'><strong>abjicerem,</strong></span> <span class='ocrx_word' id='word_1_115' title='bbox 1608 1730 1723 1794; x_wconf 87' lang='lat' dir='ltr'><strong>sed,</strong></span> <span class='ocrx_word' id='word_1_116' title='bbox 1774 1745 2145 1800; x_wconf 77' lang='lat' dir='ltr'><strong>quemcunque</strong></span> <span class='ocrx_word' id='word_1_117' title='bbox 2186 1744 2276 1799; x_wconf 88' lang='lat' dir='ltr'><strong>po-</strong></span> 
     </span>
    </p>
   </div>
   <div class='ocr_carea' id='block_1_17' title="bbox 712 1818 2277 1892">
    <p class='ocr_par' dir='ltr' id='par_1_17' title="bbox 712 1818 2277 1892">
     <span class='ocr_line' id='line_1_17' title="bbox 712 1818 2277 1892; baseline -0.001 -16"><span class='ocrx_word' id='word_1_118' title='bbox 712 1824 952 1885; x_wconf 88' lang='lat' dir='ltr'><strong>tuissem,</strong></span> <span class='ocrx_word' id='word_1_119' title='bbox 984 1821 1330 1875; x_wconf 77' lang='lat' dir='ltr'><strong>attraherem.</strong></span> <span class='ocrx_word' id='word_1_120' title='bbox 1371 1818 1606 1892; x_wconf 87' lang='lat' dir='ltr'><strong>[Quanto</strong></span> <span class='ocrx_word' id='word_1_121' title='bbox 1628 1819 1797 1889; x_wconf 88' lang='lat' dir='ltr'><strong>magis</strong></span> <span class='ocrx_word' id='word_1_122' title='bbox 1822 1820 1888 1874; x_wconf 90' lang='lat' dir='ltr'><strong>de</strong></span> <span class='ocrx_word' id='word_1_123' title='bbox 1916 1828 2023 1873; x_wconf 89' lang='lat' dir='ltr'><strong>tam</strong></span> <span class='ocrx_word' id='word_1_124' title='bbox 2050 1821 2277 1889; x_wconf 88' lang='lat' dir='ltr'><strong>probato</strong></span> 
     </span>
    </p>
   </div>
   <div class='ocr_carea' id='block_1_18' title="bbox 712 1910 2274 1979">
    <p class='ocr_par' dir='ltr' id='par_1_18' title="bbox 712 1910 2274 1979">
     <span class='ocr_line' id='line_1_18' title="bbox 712 1910 2274 1979; baseline -0.003 -14"><span class='ocrx_word' id='word_1_125' title='bbox 712 1913 828 1967; x_wconf 86' lang='lat' dir='ltr'><strong>viro</strong></span> <span class='ocrx_word' id='word_1_126' title='bbox 850 1920 905 1966; x_wconf 91' lang='lat' dir='ltr'><strong>et</strong></span> <span class='ocrx_word' id='word_1_127' title='bbox 934 1921 1042 1965; x_wconf 85' lang='lat' dir='ltr'><strong>tam</strong></span> <span class='ocrx_word' id='word_1_128' title='bbox 1063 1910 1312 1964; x_wconf 88' lang='lat' dir='ltr'><strong>laudabili</strong></span> <span class='ocrx_word' id='word_1_129' title='bbox 1334 1924 1563 1979; x_wconf 86' lang='lat' dir='ltr'><strong>persona</strong></span> <span class='ocrx_word' id='word_1_130' title='bbox 1585 1917 1638 1963; x_wconf 91' lang='lat' dir='ltr'><strong>et</strong></span> <span class='ocrx_word' id='word_1_131' title='bbox 1660 1910 1824 1963; x_wconf 86' lang='lat' dir='ltr'><strong>tantis</strong></span> <span class='ocrx_word' id='word_1_132' title='bbox 1852 1910 1982 1963; x_wconf 88' lang='lat' dir='ltr'><strong>mihi</strong></span> <span class='ocrx_word' id='word_1_133' title='bbox 2010 1910 2167 1964; x_wconf 89' lang='lat' dir='ltr'><strong>bonis</strong></span> <span class='ocrx_word' id='word_1_134' title='bbox 2209 1923 2274 1963; x_wconf 86' lang='lat' dir='ltr'><strong>ex</strong></span> 
     </span>
    </p>
   </div>
   <div class='ocr_carea' id='block_1_19' title="bbox 2364 735 3966 810">
    <p class='ocr_par' dir='ltr' id='par_1_19' title="bbox 2364 735 3966 810">
     <span class='ocr_line' id='line_1_19' title="bbox 2364 735 3966 810; baseline 0.002 -20"><span class='ocrx_word' id='word_1_135' title='bbox 2364 736 2521 810; x_wconf 89' lang='lat' dir='ltr'><strong>forte]</strong></span> <span class='ocrx_word' id='word_1_136' title='bbox 2550 737 2879 806; x_wconf 83' lang='lat' dir='ltr'><strong>aliquantum</strong></span> <span class='ocrx_word' id='word_1_137' title='bbox 2902 737 3187 805; x_wconf 72' lang='lat' dir='ltr'><strong>temporis,</strong></span> <span class='ocrx_word' id='word_1_138' title='bbox 3208 735 3423 791; x_wconf 83' lang='lat' dir='ltr'><strong>Christo</strong></span> <span class='ocrx_word' id='word_1_139' title='bbox 3448 736 3756 799; x_wconf 85' lang='lat' dir='ltr'><strong>miserante,</strong></span> <span class='ocrx_word' id='word_1_140' title='bbox 3792 739 3966 793; x_wconf 77' lang='lat' dir='ltr'><strong>nobis</strong></span> 
     </span>
    </p>
   </div>
   <div class='ocr_carea' id='block_1_20' title="bbox 2364 826 3965 898">
    <p class='ocr_par' dir='ltr' id='par_1_20' title="bbox 2364 826 3965 898">
     <span class='ocr_line' id='line_1_20' title="bbox 2364 826 3965 898; baseline 0.001 -18"><span class='ocrx_word' id='word_1_141' title='bbox 2364 837 2721 898; x_wconf 75' lang='lat' dir='ltr'><strong>Opportunum</strong></span> <span class='ocrx_word' id='word_1_142' title='bbox 2777 835 2917 882; x_wconf 83' lang='lat' dir='ltr'><strong>esset</strong></span> <span class='ocrx_word' id='word_1_143' title='bbox 2970 826 3128 880; x_wconf 65' lang='lat' dir='ltr'><strong>simul</strong></span> <span class='ocrx_word' id='word_1_144' title='bbox 3173 828 3457 889; x_wconf 87' lang='lat' dir='ltr'><strong>habitare,</strong></span> <span class='ocrx_word' id='word_1_145' title='bbox 3500 838 3562 881; x_wconf 88' lang='lat' dir='ltr'><strong>ut</strong></span> <span class='ocrx_word' id='word_1_146' title='bbox 3606 827 3965 897; x_wconf 81' lang='lat' dir='ltr'><strong>frangeretur</strong></span> 
     </span>
    </p>
   </div>
   <div class='ocr_carea' id='block_1_21' title="bbox 2365 917 3959 989">
    <p class='ocr_par' dir='ltr' id='par_1_21' title="bbox 2365 917 3959 989">
     <span class='ocr_line' id='line_1_21' title="bbox 2365 917 3959 989; baseline -0.001 -18"><span class='ocrx_word' id='word_1_147' title='bbox 2365 920 2708 989; x_wconf 70' lang='lat' dir='ltr'><strong>propheticus</strong></span> <span class='ocrx_word' id='word_1_148' title='bbox 2754 919 2908 987; x_wconf 90' lang='lat' dir='ltr'><strong>panis</strong></span> <span class='ocrx_word' id='word_1_149' title='bbox 2947 918 3090 971; x_wconf 91' lang='lat' dir='ltr'><strong>inter</strong></span> <span class='ocrx_word' id='word_1_150' title='bbox 3149 933 3269 981; x_wconf 90' lang='lat' dir='ltr'><strong>nos,</strong></span> <span class='ocrx_word' id='word_1_151' title='bbox 3299 919 3364 972; x_wconf 91' lang='lat' dir='ltr'><strong>de</strong></span> <span class='ocrx_word' id='word_1_152' title='bbox 3410 921 3517 987; x_wconf 81' lang='lat' dir='ltr'><strong>quo</strong></span> <span class='ocrx_word' id='word_1_153' title='bbox 3564 917 3767 972; x_wconf 76' lang='lat' dir='ltr'><strong>dictum</strong></span> <span class='ocrx_word' id='word_1_154' title='bbox 3818 928 3959 973; x_wconf 88' lang='lat' dir='ltr'><strong>est:</strong></span> 
     </span>
    </p>
   </div>
   <div class='ocr_carea' id='block_1_22' title="bbox 2366 1006 3967 1078">
    <p class='ocr_par' dir='ltr' id='par_1_22' title="bbox 2366 1006 3967 1078">
     <span class='ocr_line' id='line_1_22' title="bbox 2366 1006 3967 1078; baseline -0.001 -17"><span class='ocrx_word' id='word_1_155' title='bbox 2366 1007 2577 1078; x_wconf 75' lang='lat' dir='ltr'><strong>Frange</strong></span> <span class='ocrx_word' id='word_1_156' title='bbox 2603 1008 2852 1061; x_wconf 75' lang='lat' dir='ltr'><strong>esurienti</strong></span> <span class='ocrx_word' id='word_1_157' title='bbox 2877 1025 3065 1076; x_wconf 80' lang='lat' dir='ltr'><strong>partem</strong></span> <span class='ocrx_word' id='word_1_158' title='bbox 3088 1018 3233 1060; x_wconf 79' lang='lat' dir='ltr'><strong>tuum</strong></span> <span class='ocrx_word' id='word_1_159' title='bbox 3278 1006 3433 1074; x_wconf 87' lang='lat' dir='ltr'><strong>(Isai.</strong></span> <span class='ocrx_word' id='word_1_160' title='bbox 3459 1023 3608 1070; x_wconf 85' lang='lat' dir='ltr'><strong>Lvm,</strong></span> <span class='ocrx_word' id='word_1_161' title='bbox 3634 1006 3709 1076; x_wconf 90' lang='grc'><strong>7).</strong></span> <span class='ocrx_word' id='word_1_162' title='bbox 3743 1007 3967 1060; x_wconf 62' lang='grc' dir='ltr'><strong>[ἰςυίςι</strong></span> 
     </span>
    </p>
   </div>
   <div class='ocr_carea' id='block_1_23' title="bbox 2368 1096 3965 1155">
    <p class='ocr_par' dir='ltr' id='par_1_23' title="bbox 2368 1096 3965 1155">
     <span class='ocr_line' id='line_1_23' title="bbox 2368 1096 3965 1155; baseline -0.004 0"><span class='ocrx_word' id='word_1_163' title='bbox 2368 1109 2449 1155; x_wconf 89' lang='lat' dir='ltr'><strong>set</strong></span> <span class='ocrx_word' id='word_1_164' title='bbox 2476 1101 2628 1153; x_wconf 60' lang='lat' dir='ltr'><strong>nobis</strong></span> <span class='ocrx_word' id='word_1_165' title='bbox 2653 1100 2865 1153; x_wconf 76' lang='lat' dir='ltr'><strong>assidue</strong></span> <span class='ocrx_word' id='word_1_166' title='bbox 2890 1114 2993 1152; x_wconf 90' lang='lat' dir='ltr'><strong>una</strong></span> <span class='ocrx_word' id='word_1_167' title='bbox 3024 1114 3152 1153; x_wconf 82' lang='lat' dir='ltr'><strong>voce</strong></span> <span class='ocrx_word' id='word_1_168' title='bbox 3190 1107 3245 1151; x_wconf 89' lang='lat' dir='ltr'><strong>et</strong></span> <span class='ocrx_word' id='word_1_169' title='bbox 3273 1113 3376 1151; x_wconf 88' lang='lat' dir='ltr'><strong>una</strong></span> <span class='ocrx_word' id='word_1_170' title='bbox 3402 1096 3505 1153; x_wconf 83' lang='lat' dir='ltr'><strong>ﬁde</strong></span> <span class='ocrx_word' id='word_1_171' title='bbox 3546 1106 3765 1152; x_wconf 85' lang='lat' dir='ltr'><strong>cantare</strong></span> <span class='ocrx_word' id='word_1_172' title='bbox 3798 1116 3810 1150; x_wconf 91' lang='lat'><strong>:</strong></span> <span class='ocrx_word' id='word_1_173' title='bbox 3846 1096 3965 1151; x_wconf 72' lang='grc' dir='ltr'><strong>Ραο</strong></span> 
     </span>
    </p>
   </div>
   <div class='ocr_carea' id='block_1_24' title="bbox 2369 1182 3969 1259">
    <p class='ocr_par' dir='ltr' id='par_1_24' title="bbox 2369 1182 3969 1259">
     <span class='ocr_line' id='line_1_24' title="bbox 2369 1182 3969 1259; baseline -0.003 -15"><span class='ocrx_word' id='word_1_174' title='bbox 2369 1207 2482 1244; x_wconf 84' lang='lat' dir='ltr'><strong>nem</strong></span> <span class='ocrx_word' id='word_1_175' title='bbox 2509 1199 2738 1243; x_wconf 84' lang='lat' dir='ltr'><strong>nostrum</strong></span> <span class='ocrx_word' id='word_1_176' title='bbox 2759 1188 3119 1259; x_wconf 70' lang='lat' dir='ltr'><strong>quotidianum</strong></span> <span class='ocrx_word' id='word_1_177' title='bbox 3147 1188 3215 1240; x_wconf 83' lang='lat' dir='ltr'><strong>da</strong></span> <span class='ocrx_word' id='word_1_178' title='bbox 3238 1188 3385 1240; x_wconf 87' lang='lat' dir='ltr'><strong>nobis</strong></span> <span class='ocrx_word' id='word_1_179' title='bbox 3403 1187 3556 1240; x_wconf 81' lang='lat' dir='ltr'><strong>hodie</strong></span> <span class='ocrx_word' id='word_1_180' title='bbox 3587 1186 3736 1256; x_wconf 85' lang='lat' dir='ltr'><strong>(Luc.</strong></span> <span class='ocrx_word' id='word_1_181' title='bbox 3763 1202 3844 1251; x_wconf 72' lang='grc' dir='ltr'>ιι,</span> <span class='ocrx_word' id='word_1_182' title='bbox 3876 1182 3969 1257; x_wconf 76' lang='lat'><strong>3).</strong></span> 
     </span>
    </p>
   </div>
   <div class='ocr_carea' id='block_1_25' title="bbox 2371 1275 3965 1351">
    <p class='ocr_par' dir='ltr' id='par_1_25' title="bbox 2371 1275 3965 1351">
     <span class='ocr_line' id='line_1_25' title="bbox 2371 1275 3965 1351; baseline -0.002 -19"><span class='ocrx_word' id='word_1_183' title='bbox 2371 1278 2481 1351; x_wconf 87' lang='lat' dir='ltr'><strong>[Et]</strong></span> <span class='ocrx_word' id='word_1_184' title='bbox 2519 1292 2585 1331; x_wconf 89' lang='lat' dir='ltr'><strong>ex</strong></span> <span class='ocrx_word' id='word_1_185' title='bbox 2613 1294 2677 1333; x_wconf 89' lang='lat' dir='ltr'><strong>eo</strong></span> <span class='ocrx_word' id='word_1_186' title='bbox 2704 1282 2869 1340; x_wconf 82' lang='lat' dir='ltr'><strong>vesci,</strong></span> <span class='ocrx_word' id='word_1_187' title='bbox 2894 1278 2985 1346; x_wconf 90' lang='lat' dir='ltr'><strong>qui</strong></span> <span class='ocrx_word' id='word_1_188' title='bbox 3030 1278 3104 1330; x_wconf 90' lang='lat' dir='ltr'><strong>ait</strong></span> <span class='ocrx_word' id='word_1_189' title='bbox 3135 1295 3147 1329; x_wconf 89' lang='lat'><strong>:</strong></span> <span class='ocrx_word' id='word_1_190' title='bbox 3196 1275 3308 1346; x_wconf 80' lang='lat' dir='ltr'><strong>Ego</strong></span> <span class='ocrx_word' id='word_1_191' title='bbox 3350 1292 3463 1329; x_wconf 84' lang='lat' dir='ltr'><strong>sum</strong></span> <span class='ocrx_word' id='word_1_192' title='bbox 3490 1277 3638 1346; x_wconf 84' lang='lat' dir='ltr'><strong>panis</strong></span> <span class='ocrx_word' id='word_1_193' title='bbox 3669 1278 3834 1341; x_wconf 75' lang='lat' dir='ltr'><strong>uirus,</strong></span> <span class='ocrx_word' id='word_1_194' title='bbox 3868 1276 3965 1347; x_wconf 74' lang='lat' dir='ltr'><strong>qui</strong></span> 
     </span>
    </p>
   </div>
   <div class='ocr_carea' id='block_1_26' title="bbox 2370 1367 3964 1437">
    <p class='ocr_par' dir='ltr' id='par_1_26' title="bbox 2370 1367 3964 1437">
     <span class='ocr_line' id='line_1_26' title="bbox 2370 1367 3964 1437; baseline -0.003 -12"><span class='ocrx_word' id='word_1_195' title='bbox 2370 1368 2580 1425; x_wconf 13' lang='lat' dir='ltr'><strong>dercwlo</strong></span> <span class='ocrx_word' id='word_1_196' title='bbox 2620 1368 2889 1431; x_wconf 75' lang='lat' dir='ltr'><strong>descendi,</strong></span> <span class='ocrx_word' id='word_1_197' title='bbox 2930 1369 2975 1421; x_wconf 89' lang='lat' dir='ltr'><strong>si</strong></span> <span class='ocrx_word' id='word_1_198' title='bbox 3001 1369 3115 1437; x_wconf 77' lang='lat' dir='ltr'><strong>quis</strong></span> <span class='ocrx_word' id='word_1_199' title='bbox 3146 1367 3535 1420; x_wconf 73' lang='lat' dir='ltr'><strong>manducauerit</strong></span> <span class='ocrx_word' id='word_1_200' title='bbox 3564 1382 3629 1419; x_wconf 77' lang='lat' dir='ltr'><strong>ea:</strong></span> <span class='ocrx_word' id='word_1_201' title='bbox 3670 1368 3767 1421; x_wconf 83' lang='lat' dir='ltr'><strong>hoc</strong></span> <span class='ocrx_word' id='word_1_202' title='bbox 3795 1384 3964 1437; x_wconf 75' lang='lat' dir='ltr'><strong>parte,</strong></span> 
     </span>
    </p>
   </div>
   <div class='ocr_carea' id='block_1_27' title="bbox 2354 1454 3963 1535">
    <p class='ocr_par' dir='ltr' id='par_1_27' title="bbox 2354 1454 3963 1535">
     <span class='ocr_line' id='line_1_27' title="bbox 2354 1454 3963 1535; baseline -0.004 -21"><span class='ocrx_word' id='word_1_203' title='bbox 2354 1462 2496 1514; x_wconf 66' lang='lat' dir='ltr'><strong>rit&#39;ct</strong></span> <span class='ocrx_word' id='word_1_204' title='bbox 2525 1460 2578 1535; x_wconf 59' lang='lat' dir='ltr'><strong>iis</strong></span> <span class='ocrx_word' id='word_1_205' title='bbox 2625 1469 2872 1512; x_wconf 67' lang='lat' dir='ltr'><strong>(sternunt</strong></span> <span class='ocrx_word' id='word_1_206' title='bbox 2912 1457 3093 1527; x_wconf 85' lang='lat' dir='ltr'><strong>(Joan.</strong></span> <span class='ocrx_word' id='word_1_207' title='bbox 3146 1472 3220 1517; x_wconf 71' lang='grc' dir='ltr'><strong>γι,</strong></span> <span class='ocrx_word' id='word_1_208' title='bbox 3258 1456 3343 1517; x_wconf 83' lang='lat'><strong>5|,</strong></span> <span class='ocrx_word' id='word_1_209' title='bbox 3386 1455 3497 1526; x_wconf 66' lang='lat'><strong>52).</strong></span> <span class='ocrx_word' id='word_1_210' title='bbox 3530 1454 3611 1511; x_wconf 72' lang='grc' dir='ltr'><strong>ΟΞ</strong></span> <span class='ocrx_word' id='word_1_211' title='bbox 3651 1470 3816 1524; x_wconf 77' lang='lat' dir='ltr'><strong>quam</strong></span> <span class='ocrx_word' id='word_1_212' title='bbox 3864 1456 3963 1525; x_wconf 81' lang='lat' dir='ltr'><strong>ju-</strong></span> 
     </span>
    </p>
   </div>
   <div class='ocr_carea' id='block_1_28' title="bbox 2373 1548 3965 1618">
    <p class='ocr_par' dir='ltr' id='par_1_28' title="bbox 2373 1548 3965 1618">
     <span class='ocr_line' id='line_1_28' title="bbox 2373 1548 3965 1618; baseline -0.002 -14"><span class='ocrx_word' id='word_1_213' title='bbox 2373 1552 2546 1604; x_wconf 89' lang='lat' dir='ltr'><strong>cunda</strong></span> <span class='ocrx_word' id='word_1_214' title='bbox 2570 1557 2652 1604; x_wconf 90' lang='lat' dir='ltr'><strong>est</strong></span> <span class='ocrx_word' id='word_1_215' title='bbox 2687 1550 2946 1613; x_wconf 85' lang='lat' dir='ltr'><strong>eharitas,</strong></span> <span class='ocrx_word' id='word_1_216' title='bbox 2978 1557 3032 1603; x_wconf 91' lang='lat' dir='ltr'><strong>et</strong></span> <span class='ocrx_word' id='word_1_217' title='bbox 3059 1564 3222 1617; x_wconf 83' lang='lat' dir='ltr'><strong>quam</strong></span> <span class='ocrx_word' id='word_1_218' title='bbox 3261 1548 3430 1603; x_wconf 85' lang='lat' dir='ltr'><strong>dulcis</strong></span> <span class='ocrx_word' id='word_1_219' title='bbox 3460 1553 3744 1618; x_wconf 73' lang='lat' dir='ltr'><strong>przesentia</strong></span> <span class='ocrx_word' id='word_1_220' title='bbox 3789 1549 3965 1611; x_wconf 83' lang='lat' dir='ltr'><strong>illius,</strong></span> 
     </span>
    </p>
   </div>
   <div class='ocr_carea' id='block_1_29' title="bbox 2372 1637 3969 1709">
    <p class='ocr_par' dir='ltr' id='par_1_29' title="bbox 2372 1637 3969 1709">
     <span class='ocr_line' id='line_1_29' title="bbox 2372 1637 3969 1709; baseline 0 -16"><span class='ocrx_word' id='word_1_221' title='bbox 2372 1647 2429 1693; x_wconf 89' lang='lat' dir='ltr'><strong>et</strong></span> <span class='ocrx_word' id='word_1_222' title='bbox 2464 1653 2625 1708; x_wconf 88' lang='lat' dir='ltr'><strong>quam</strong></span> <span class='ocrx_word' id='word_1_223' title='bbox 2651 1637 2773 1692; x_wconf 80' lang='lat' dir='ltr'><strong>felix</strong></span> <span class='ocrx_word' id='word_1_224' title='bbox 2798 1638 2924 1700; x_wconf 88' lang='lat' dir='ltr'><strong>vita,</strong></span> <span class='ocrx_word' id='word_1_225' title='bbox 2954 1638 3043 1691; x_wconf 92' lang='lat' dir='ltr'><strong>ubi</strong></span> <span class='ocrx_word' id='word_1_226' title='bbox 3068 1654 3343 1707; x_wconf 81' lang='lat' dir='ltr'><strong>nunquam</strong></span> <span class='ocrx_word' id='word_1_227' title='bbox 3372 1638 3542 1692; x_wconf 88' lang='lat' dir='ltr'><strong>deerit</strong></span> <span class='ocrx_word' id='word_1_228' title='bbox 3572 1640 3712 1707; x_wconf 88' lang='lat' dir='ltr'><strong>quod</strong></span> <span class='ocrx_word' id='word_1_229' title='bbox 3742 1654 3969 1709; x_wconf 86' lang='lat' dir='ltr'><strong>semper</strong></span> 
     </span>
    </p>
   </div>
   <div class='ocr_carea' id='block_1_30' title="bbox 2376 1727 3966 1801">
    <p class='ocr_par' dir='ltr' id='par_1_30' title="bbox 2376 1727 3966 1801">
     <span class='ocr_line' id='line_1_30' title="bbox 2376 1727 3966 1801; baseline 0.002 -21"><span class='ocrx_word' id='word_1_230' title='bbox 2376 1728 2614 1781; x_wconf 82' lang='lat' dir='ltr'><strong>amatur!</strong></span> <span class='ocrx_word' id='word_1_231' title='bbox 2646 1743 2764 1797; x_wconf 69' lang='lat' dir='ltr'><strong>qua:</strong></span> <span class='ocrx_word' id='word_1_232' title='bbox 2786 1743 2925 1782; x_wconf 90' lang='lat' dir='ltr'><strong>nunc</strong></span> <span class='ocrx_word' id='word_1_233' title='bbox 2949 1729 3001 1782; x_wconf 92' lang='lat' dir='ltr'><strong>in</strong></span> <span class='ocrx_word' id='word_1_234' title='bbox 3026 1728 3298 1783; x_wconf 89' lang='lat' dir='ltr'><strong>absentem</strong></span> <span class='ocrx_word' id='word_1_235' title='bbox 3328 1727 3472 1799; x_wconf 79' lang='lat' dir='ltr'><strong>.[Al.,</strong></span> <span class='ocrx_word' id='word_1_236' title='bbox 3503 1728 3745 1801; x_wconf 79' lang='lat' dir='ltr'><strong>absente]</strong></span> <span class='ocrx_word' id='word_1_237' title='bbox 3782 1732 3966 1794; x_wconf 80' lang='lat' dir='ltr'><strong>ardet,</strong></span> 
     </span>
    </p>
   </div>
   <div class='ocr_carea' id='block_1_31' title="bbox 2377 1818 3968 1890">
    <p class='ocr_par' dir='ltr' id='par_1_31' title="bbox 2377 1818 3968 1890">
     <span class='ocr_line' id='line_1_31' title="bbox 2377 1818 3968 1890; baseline 0.001 -18"><span class='ocrx_word' id='word_1_238' title='bbox 2377 1826 2505 1872; x_wconf 90' lang='lat' dir='ltr'><strong>tunc</strong></span> <span class='ocrx_word' id='word_1_239' title='bbox 2530 1818 2583 1871; x_wconf 90' lang='lat' dir='ltr'><strong>in</strong></span> <span class='ocrx_word' id='word_1_240' title='bbox 2604 1826 2867 1888; x_wconf 64' lang='lat' dir='ltr'><strong>praesente</strong></span> <span class='ocrx_word' id='word_1_241' title='bbox 2890 1823 3121 1873; x_wconf 72' lang='lat' dir='ltr'><strong>uelatur.</strong></span> <span class='ocrx_word' id='word_1_242' title='bbox 3151 1818 3302 1873; x_wconf 85' lang='lat' dir='ltr'><strong>Licet</strong></span> <span class='ocrx_word' id='word_1_243' title='bbox 3331 1820 3528 1888; x_wconf 90' lang='lat' dir='ltr'><strong>ubique</strong></span> <span class='ocrx_word' id='word_1_244' title='bbox 3558 1820 3699 1874; x_wconf 89' lang='lat' dir='ltr'><strong>Deus</strong></span> <span class='ocrx_word' id='word_1_245' title='bbox 3718 1836 3968 1890; x_wconf 72' lang='lat' dir='ltr'><strong>prmsens</strong></span> 
     </span>
    </p>
   </div>
   <div class='ocr_carea' id='block_1_32' title="bbox 2377 1906 3964 1978">
    <p class='ocr_par' dir='ltr' id='par_1_32' title="bbox 2377 1906 3964 1978">
     <span class='ocr_line' id='line_1_32' title="bbox 2377 1906 3964 1978; baseline 0.002 -18"><span class='ocrx_word' id='word_1_246' title='bbox 2377 1908 2467 1969; x_wconf 88' lang='lat' dir='ltr'><strong>sit,</strong></span> <span class='ocrx_word' id='word_1_247' title='bbox 2502 1914 2677 1961; x_wconf 89' lang='lat' dir='ltr'><strong>tamen</strong></span> <span class='ocrx_word' id='word_1_248' title='bbox 2723 1906 2878 1961; x_wconf 87' lang='lat' dir='ltr'><strong>aliter</strong></span> <span class='ocrx_word' id='word_1_249' title='bbox 2899 1908 2952 1961; x_wconf 91' lang='lat' dir='ltr'><strong>in</strong></span> <span class='ocrx_word' id='word_1_250' title='bbox 2993 1908 3232 1977; x_wconf 79' lang='lat' dir='ltr'><strong>imagine</strong></span> <span class='ocrx_word' id='word_1_251' title='bbox 3251 1924 3347 1977; x_wconf 90' lang='lat' dir='ltr'><strong>per</strong></span> <span class='ocrx_word' id='word_1_252' title='bbox 3385 1910 3658 1978; x_wconf 89' lang='lat' dir='ltr'><strong>speculum</strong></span> <span class='ocrx_word' id='word_1_253' title='bbox 3686 1911 3964 1975; x_wconf 86' lang='lat' dir='ltr'><strong>cernitur,</strong></span> 
     </span>
    </p>
   </div>
   <div class='ocr_carea' id='block_1_33' title="bbox 714 1998 3964 2073">
    <p class='ocr_par' dir='ltr' id='par_1_33' title="bbox 714 1998 3964 2073">
     <span class='ocr_line' id='line_1_33' title="bbox 714 1998 3964 2073; baseline 0 -17"><span class='ocrx_word' id='word_1_254' title='bbox 714 2003 879 2058; x_wconf 85' lang='lat' dir='ltr'><strong>multo</strong></span> <span class='ocrx_word' id='word_1_255' title='bbox 913 2011 1151 2070; x_wconf 87' lang='lat' dir='ltr'><strong>tempore</strong></span> <span class='ocrx_word' id='word_1_256' title='bbox 1198 1999 1500 2067; x_wconf 80' lang='lat' dir='ltr'><strong>conjuncta,</strong></span> <span class='ocrx_word' id='word_1_257' title='bbox 1532 2001 1753 2055; x_wconf 85' lang='lat' dir='ltr'><strong>credere</strong></span> <span class='ocrx_word' id='word_1_258' title='bbox 1794 2000 2073 2055; x_wconf 90' lang='lat' dir='ltr'><strong>dissidium</strong></span> <span class='ocrx_word' id='word_1_259' title='bbox 2121 1998 2269 2071; x_wconf 77' lang='lat' dir='ltr'><strong>[Ms.,</strong></span> <span class='ocrx_word' id='word_1_260' title='bbox 2306 2004 2351 2062; x_wconf 80' lang='grc' dir='ltr'><strong><em>Β</em></strong></span> <span class='ocrx_word' id='word_1_261' title='bbox 2381 1999 2537 2052; x_wconf 87' lang='lat' dir='ltr'><strong>aliter</strong></span> <span class='ocrx_word' id='word_1_262' title='bbox 2568 1999 2625 2053; x_wconf 88' lang='lat' dir='ltr'><strong>in</strong></span> <span class='ocrx_word' id='word_1_263' title='bbox 2645 2001 2930 2069; x_wconf 72' lang='lat' dir='ltr'><strong>pnesentia</strong></span> <span class='ocrx_word' id='word_1_264' title='bbox 2962 2014 3063 2070; x_wconf 85' lang='lat' dir='ltr'><strong>per</strong></span> <span class='ocrx_word' id='word_1_265' title='bbox 3090 2001 3323 2069; x_wconf 89' lang='lat' dir='ltr'><strong>speciem</strong></span> <span class='ocrx_word' id='word_1_266' title='bbox 3346 2001 3555 2056; x_wconf 89' lang='lat' dir='ltr'><strong>videtur</strong></span> <span class='ocrx_word' id='word_1_267' title='bbox 3582 2021 3593 2053; x_wconf 94' lang='lat'><strong>:</strong></span> <span class='ocrx_word' id='word_1_268' title='bbox 3620 2003 3685 2056; x_wconf 92' lang='lat' dir='ltr'><strong>de</strong></span> <span class='ocrx_word' id='word_1_269' title='bbox 3708 2018 3813 2071; x_wconf 81' lang='lat' dir='ltr'><strong>qua</strong></span> <span class='ocrx_word' id='word_1_270' title='bbox 3844 2004 3964 2073; x_wconf 76' lang='lat' dir='ltr'><strong>ipsa</strong></span> 
     </span>
    </p>
   </div>
   <div class='ocr_carea' id='block_1_34' title="bbox 715 2081 2281 2161">
    <p class='ocr_par' dir='ltr' id='par_1_34' title="bbox 715 2081 2281 2161">
     <span class='ocr_line' id='line_1_34' title="bbox 715 2081 2281 2161; baseline -0.001 -15"><span class='ocrx_word' id='word_1_271' title='bbox 715 2089 1041 2161; x_wconf 84' lang='lat' dir='ltr'><strong>descidium]</strong></span> <span class='ocrx_word' id='word_1_272' title='bbox 1090 2104 1195 2143; x_wconf 89' lang='lat' dir='ltr'><strong>non</strong></span> <span class='ocrx_word' id='word_1_273' title='bbox 1242 2081 1425 2143; x_wconf 68' lang='lat' dir='ltr'><strong>debuii</strong></span> <span class='ocrx_word' id='word_1_274' title='bbox 1461 2098 1644 2147; x_wconf 83' lang='lat' dir='ltr'><strong>saneta</strong></span> <span class='ocrx_word' id='word_1_275' title='bbox 1690 2097 1746 2143; x_wconf 90' lang='lat' dir='ltr'><strong>et</strong></span> <span class='ocrx_word' id='word_1_276' title='bbox 1792 2090 2110 2145; x_wconf 79' lang='lat' dir='ltr'><strong>venerabilis</strong></span> <span class='ocrx_word' id='word_1_277' title='bbox 2155 2106 2281 2161; x_wconf 89' lang='lat' dir='ltr'><strong>pru-</strong></span> 
     </span>
    </p>
   </div>
   <div class='ocr_carea' id='block_1_35' title="bbox 717 2178 2282 2245">
    <p class='ocr_par' dir='ltr' id='par_1_35' title="bbox 717 2178 2282 2245">
     <span class='ocr_line' id='line_1_35' title="bbox 717 2178 2282 2245; baseline -0.001 -8"><span class='ocrx_word' id='word_1_278' title='bbox 717 2182 892 2237; x_wconf 87' lang='lat' dir='ltr'><strong>dentia</strong></span> <span class='ocrx_word' id='word_1_279' title='bbox 928 2192 1125 2236; x_wconf 89' lang='lat' dir='ltr'><strong>vestra.</strong></span> <span class='ocrx_word' id='word_1_280' title='bbox 1147 2179 1311 2245; x_wconf 70' lang='lat' dir='ltr'><strong>Quod</strong></span> <span class='ocrx_word' id='word_1_281' title='bbox 1338 2194 1467 2235; x_wconf 87' lang='lat' dir='ltr'><strong>vero</strong></span> <span class='ocrx_word' id='word_1_282' title='bbox 1494 2180 1559 2235; x_wconf 91' lang='lat' dir='ltr'><strong>de</strong></span> <span class='ocrx_word' id='word_1_283' title='bbox 1585 2180 1695 2233; x_wconf 78' lang='lat' dir='ltr'><strong>lilio</strong></span> <span class='ocrx_word' id='word_1_284' title='bbox 1717 2194 1856 2244; x_wconf 92' lang='lat' dir='ltr'><strong>meo,</strong></span> <span class='ocrx_word' id='word_1_285' title='bbox 1886 2178 2056 2234; x_wconf 89' lang='lat' dir='ltr'><strong>fratre</strong></span> <span class='ocrx_word' id='word_1_286' title='bbox 2089 2188 2143 2236; x_wconf 90' lang='lat' dir='ltr'><strong>et</strong></span> <span class='ocrx_word' id='word_1_287' title='bbox 2189 2196 2282 2235; x_wconf 79' lang='lat' dir='ltr'><strong>ne-</strong></span> 
     </span>
    </p>
   </div>
   <div class='ocr_carea' id='block_1_36' title="bbox 716 2270 2283 2341">
    <p class='ocr_par' dir='ltr' id='par_1_36' title="bbox 716 2270 2283 2341">
     <span class='ocr_line' id='line_1_36' title="bbox 716 2270 2283 2341; baseline -0.001 -15"><span class='ocrx_word' id='word_1_288' title='bbox 716 2282 837 2341; x_wconf 83' lang='lat' dir='ltr'><strong>pote</strong></span> <span class='ocrx_word' id='word_1_289' title='bbox 862 2279 971 2335; x_wconf 92' lang='lat' dir='ltr'><strong>tuo,</strong></span> <span class='ocrx_word' id='word_1_290' title='bbox 1000 2270 1184 2325; x_wconf 87' lang='lat' dir='ltr'><strong>durius</strong></span> <span class='ocrx_word' id='word_1_291' title='bbox 1224 2270 1503 2341; x_wconf 89' lang='lat' dir='ltr'><strong>scripsisti,</strong></span> <span class='ocrx_word' id='word_1_292' title='bbox 1533 2270 1712 2324; x_wconf 88' lang='lat' dir='ltr'><strong>videat</strong></span> <span class='ocrx_word' id='word_1_293' title='bbox 1739 2270 1973 2324; x_wconf 76' lang='lat' dir='ltr'><strong>Charitas</strong></span> <span class='ocrx_word' id='word_1_294' title='bbox 2014 2280 2068 2324; x_wconf 91' lang='lat' dir='ltr'><strong>et</strong></span> <span class='ocrx_word' id='word_1_295' title='bbox 2112 2270 2283 2340; x_wconf 89' lang='lat' dir='ltr'><strong>pietas</strong></span> 
     </span>
    </p>
   </div>
   <div class='ocr_carea' id='block_1_37' title="bbox 720 2340 2282 2427">
    <p class='ocr_par' dir='ltr' id='par_1_37' title="bbox 720 2340 2282 2427">
     <span class='ocr_line' id='line_1_37' title="bbox 720 2340 2282 2427; baseline 0 -14"><span class='ocrx_word' id='word_1_296' title='bbox 720 2340 807 2416; x_wconf 82' lang='lat' dir='ltr'><strong>tua</strong></span> <span class='ocrx_word' id='word_1_297' title='bbox 842 2374 907 2414; x_wconf 89' lang='lat' dir='ltr'><strong>ne</strong></span> <span class='ocrx_word' id='word_1_298' title='bbox 935 2360 1108 2414; x_wconf 89' lang='lat' dir='ltr'><strong>inanis</strong></span> <span class='ocrx_word' id='word_1_299' title='bbox 1135 2356 1226 2412; x_wconf 81' lang='lat' dir='ltr'><strong>ilat</strong></span> <span class='ocrx_word' id='word_1_300' title='bbox 1251 2340 1404 2412; x_wconf 66' lang='lat' dir='ltr'><strong>labor</strong></span> <span class='ocrx_word' id='word_1_301' title='bbox 1430 2366 1629 2423; x_wconf 85' lang='lat' dir='ltr'><strong>noster,</strong></span> <span class='ocrx_word' id='word_1_302' title='bbox 1661 2369 1715 2413; x_wconf 91' lang='lat' dir='ltr'><strong>et</strong></span> <span class='ocrx_word' id='word_1_303' title='bbox 1741 2373 1808 2412; x_wconf 91' lang='lat' dir='ltr'><strong>ne</strong></span> <span class='ocrx_word' id='word_1_304' title='bbox 1827 2359 2080 2427; x_wconf 84' lang='lat' dir='ltr'><strong>perdatur</strong></span> <span class='ocrx_word' id='word_1_305' title='bbox 2105 2358 2282 2413; x_wconf 86' lang='lat' dir='ltr'><strong>anima</strong></span> 
     </span>
    </p>
   </div>
   <div class='ocr_carea' id='block_1_38' title="bbox 719 2434 2285 2520">
    <p class='ocr_par' dir='ltr' id='par_1_38' title="bbox 719 2434 2285 2520">
     <span class='ocr_line' id='line_1_38' title="bbox 719 2434 2285 2520; baseline -0.001 -15"><span class='ocrx_word' id='word_1_306' title='bbox 719 2467 817 2519; x_wconf 89' lang='lat' dir='ltr'><strong>pro</strong></span> <span class='ocrx_word' id='word_1_307' title='bbox 839 2466 943 2520; x_wconf 89' lang='lat' dir='ltr'><strong>qua</strong></span> <span class='ocrx_word' id='word_1_308' title='bbox 968 2448 1214 2505; x_wconf 87' lang='lat' dir='ltr'><strong>Christus</strong></span> <span class='ocrx_word' id='word_1_309' title='bbox 1243 2449 1378 2504; x_wconf 88' lang='lat' dir='ltr'><strong>mori</strong></span> <span class='ocrx_word' id='word_1_310' title='bbox 1421 2463 1528 2502; x_wconf 92' lang='lat' dir='ltr'><strong>non</strong></span> <span class='ocrx_word' id='word_1_311' title='bbox 1566 2449 1843 2503; x_wconf 88' lang='lat' dir='ltr'><strong>dubitavit.</strong></span> <span class='ocrx_word' id='word_1_312' title='bbox 1885 2434 2025 2503; x_wconf 86' lang='lat' dir='ltr'><strong>Ecce</strong></span> <span class='ocrx_word' id='word_1_313' title='bbox 2050 2463 2172 2503; x_wconf 89' lang='lat' dir='ltr'><strong>eum</strong></span> <span class='ocrx_word' id='word_1_314' title='bbox 2202 2464 2285 2503; x_wconf 87' lang='lat' dir='ltr'><strong>re-</strong></span> 
     </span>
    </p>
   </div>
   <div class='ocr_carea' id='block_1_39' title="bbox 724 2530 2287 2602">
    <p class='ocr_par' dir='ltr' id='par_1_39' title="bbox 724 2530 2287 2602">
     <span class='ocr_line' id='line_1_39' title="bbox 724 2530 2287 2602; baseline -0.001 -11"><span class='ocrx_word' id='word_1_315' title='bbox 724 2540 843 2593; x_wconf 85' lang='lat' dir='ltr'><strong>misi</strong></span> <span class='ocrx_word' id='word_1_316' title='bbox 877 2547 983 2592; x_wconf 70' lang='lat' dir='ltr'><strong>tuze</strong></span> <span class='ocrx_word' id='word_1_317' title='bbox 1014 2537 1302 2602; x_wconf 90' lang='lat' dir='ltr'><strong>dilectioni,</strong></span> <span class='ocrx_word' id='word_1_318' title='bbox 1334 2545 1393 2591; x_wconf 91' lang='lat' dir='ltr'><strong>ut</strong></span> <span class='ocrx_word' id='word_1_319' title='bbox 1425 2534 1591 2591; x_wconf 84' lang='lat' dir='ltr'><strong>facias</strong></span> <span class='ocrx_word' id='word_1_320' title='bbox 1633 2537 1700 2591; x_wconf 91' lang='lat' dir='ltr'><strong>de</strong></span> <span class='ocrx_word' id='word_1_321' title='bbox 1728 2536 1819 2591; x_wconf 89' lang='lat' dir='ltr'><strong>illo</strong></span> <span class='ocrx_word' id='word_1_322' title='bbox 1861 2536 2000 2590; x_wconf 88' lang='lat' dir='ltr'><strong>sicut</strong></span> <span class='ocrx_word' id='word_1_323' title='bbox 2026 2530 2287 2591; x_wconf 82' lang='lat' dir='ltr'><strong>&#39;videatur</strong></span> 
     </span>
    </p>
   </div>
   <div class='ocr_carea' id='block_1_40' title="bbox 721 2628 2285 2703">
    <p class='ocr_par' dir='ltr' id='par_1_40' title="bbox 721 2628 2285 2703">
     <span class='ocr_line' id='line_1_40' title="bbox 721 2628 2285 2703; baseline 0 -18"><span class='ocrx_word' id='word_1_324' title='bbox 721 2630 1015 2702; x_wconf 71' lang='lat' dir='ltr'><strong>prudentiae</strong></span> <span class='ocrx_word' id='word_1_325' title='bbox 1058 2628 1188 2701; x_wconf 79' lang='grc' dir='ltr'><strong>[Αι.,</strong></span> <span class='ocrx_word' id='word_1_326' title='bbox 1235 2630 1601 2703; x_wconf 70' lang='lat' dir='ltr'><strong>providentiae]</strong></span> <span class='ocrx_word' id='word_1_327' title='bbox 1641 2640 1862 2697; x_wconf 63' lang='lat' dir='ltr'><strong>vestrm;</strong></span> <span class='ocrx_word' id='word_1_328' title='bbox 1909 2632 1964 2686; x_wconf 88' lang='lat' dir='ltr'><strong>in</strong></span> <span class='ocrx_word' id='word_1_329' title='bbox 2002 2638 2093 2685; x_wconf 87' lang='lat' dir='ltr'><strong>tua</strong></span> <span class='ocrx_word' id='word_1_330' title='bbox 2141 2632 2285 2686; x_wconf 90' lang='lat' dir='ltr'><strong>enim</strong></span> 
     </span>
    </p>
   </div>
   <div class='ocr_carea' id='block_1_41' title="bbox 720 2719 2329 2790">
    <p class='ocr_par' dir='ltr' id='par_1_41' title="bbox 720 2719 2329 2790">
     <span class='ocr_line' id='line_1_41' title="bbox 720 2719 2329 2790; baseline -0.002 -16"><span class='ocrx_word' id='word_1_331' title='bbox 720 2728 981 2790; x_wconf 87' lang='lat' dir='ltr'><strong>potestate</strong></span> <span class='ocrx_word' id='word_1_332' title='bbox 1006 2720 1090 2773; x_wconf 82' lang='lat' dir='ltr'><strong>est</strong></span> <span class='ocrx_word' id='word_1_333' title='bbox 1130 2719 1211 2774; x_wconf 89' lang='lat' dir='ltr'><strong>vel</strong></span> <span class='ocrx_word' id='word_1_334' title='bbox 1258 2719 1369 2782; x_wconf 90' lang='lat' dir='ltr'><strong>ille,</strong></span> <span class='ocrx_word' id='word_1_335' title='bbox 1402 2720 1771 2775; x_wconf 70' lang='lat' dir='ltr'><strong>vel-beneficia</strong></span> <span class='ocrx_word' id='word_1_336' title='bbox 1798 2736 1917 2789; x_wconf 70' lang='lat' dir='ltr'><strong>quas</strong></span> <span class='ocrx_word' id='word_1_337' title='bbox 1950 2721 2130 2776; x_wconf 86' lang='lat' dir='ltr'><strong>habet.</strong></span> <span class='ocrx_word' id='word_1_338' title='bbox 2178 2720 2287 2776; x_wconf 85' lang='lat' dir='ltr'><strong>Fac</strong></span> <span class='ocrx_word' id='word_1_339' title='bbox 2320 2764 2329 2770; x_wconf 93' lang='lat'><strong>.</strong></span> 
     </span>
    </p>
   </div>
   <div class='ocr_carea' id='block_1_42' title="bbox 722 2808 2283 2879">
    <p class='ocr_par' dir='ltr' id='par_1_42' title="bbox 722 2808 2283 2879">
     <span class='ocr_line' id='line_1_42' title="bbox 722 2808 2283 2879; baseline 0.001 -16"><span class='ocrx_word' id='word_1_340' title='bbox 722 2811 1012 2864; x_wconf 77' lang='lat' dir='ltr'><strong>secundum</strong></span> <span class='ocrx_word' id='word_1_341' title='bbox 1040 2809 1180 2877; x_wconf 85' lang='lat' dir='ltr'><strong>quod</strong></span> <span class='ocrx_word' id='word_1_342' title='bbox 1215 2824 1281 2862; x_wconf 86' lang='lat' dir='ltr'><strong>ex</strong></span> <span class='ocrx_word' id='word_1_343' title='bbox 1303 2809 1447 2863; x_wconf 88' lang='lat' dir='ltr'><strong>illius</strong></span> <span class='ocrx_word' id='word_1_344' title='bbox 1469 2808 1751 2879; x_wconf 76' lang='lat' dir='ltr'><strong>intelligas,</strong></span> <span class='ocrx_word' id='word_1_345' title='bbox 1779 2816 1903 2864; x_wconf 84' lang='lat' dir='ltr'><strong>ante</strong></span> <span class='ocrx_word' id='word_1_346' title='bbox 1931 2811 2116 2865; x_wconf 86' lang='lat' dir='ltr'><strong>oculos</strong></span> <span class='ocrx_word' id='word_1_347' title='bbox 2142 2818 2283 2877; x_wconf 87' lang='lat' dir='ltr'><strong>tuos,</strong></span> 
     </span>
    </p>
   </div>
   <div class='ocr_carea' id='block_1_43' title="bbox 652 2896 2309 2961">
    <p class='ocr_par' dir='ltr' id='par_1_43' title="bbox 652 2896 2309 2961">
     <span class='ocr_line' id='line_1_43' title="bbox 652 2896 2309 2961; baseline 0.001 -9"><span class='ocrx_word' id='word_1_348' title='bbox 652 2954 655 2959; x_wconf 36' lang='grc' dir='ltr'>η</span> <span class='ocrx_word' id='word_1_349' title='bbox 724 2899 950 2961; x_wconf 76' lang='lat' dir='ltr'><strong>meritis,</strong></span> <span class='ocrx_word' id='word_1_350' title='bbox 977 2913 1083 2951; x_wconf 90' lang='lat' dir='ltr'><strong>non</strong></span> <span class='ocrx_word' id='word_1_351' title='bbox 1110 2896 1400 2951; x_wconf 88' lang='lat' dir='ltr'><strong>secundum</strong></span> <span class='ocrx_word' id='word_1_352' title='bbox 1440 2899 1603 2953; x_wconf 84' lang='lat' dir='ltr'><strong>verba</strong></span> <span class='ocrx_word' id='word_1_353' title='bbox 1632 2899 1950 2954; x_wconf 86' lang='lat' dir='ltr'><strong>invidorum.</strong></span> <span class='ocrx_word' id='word_1_354' title='bbox 1980 2899 2120 2953; x_wconf 80' lang='lat' dir='ltr'><strong>Nihil</strong></span> <span class='ocrx_word' id='word_1_355' title='bbox 2144 2901 2309 2956; x_wconf 82' lang='lat' dir='ltr'><strong>enim</strong></span> 
     </span>
    </p>
   </div>
   <div class='ocr_carea' id='block_1_44' title="bbox 722 2989 2288 3061">
    <p class='ocr_par' dir='ltr' id='par_1_44' title="bbox 722 2989 2288 3061">
     <span class='ocr_line' id='line_1_44' title="bbox 722 2989 2288 3061; baseline 0.003 -16"><span class='ocrx_word' id='word_1_356' title='bbox 722 3002 931 3045; x_wconf 77' lang='lat' dir='ltr'><strong>mecum</strong></span> <span class='ocrx_word' id='word_1_357' title='bbox 972 2997 1147 3058; x_wconf 86' lang='lat' dir='ltr'><strong>potest</strong></span> <span class='ocrx_word' id='word_1_358' title='bbox 1191 2990 1242 3043; x_wconf 93' lang='lat' dir='ltr'><strong>in</strong></span> <span class='ocrx_word' id='word_1_359' title='bbox 1296 2989 1526 3045; x_wconf 63' lang='lat' dir='ltr'><strong>tristitia</strong></span> <span class='ocrx_word' id='word_1_360' title='bbox 1570 2991 1759 3059; x_wconf 86' lang='lat' dir='ltr'><strong>spiritu</strong></span> <span class='ocrx_word' id='word_1_361' title='bbox 1803 2992 2080 3061; x_wconf 80' lang='lat' dir='ltr'><strong>proﬁcere.</strong></span> <span class='ocrx_word' id='word_1_362' title='bbox 2112 2993 2288 3050; x_wconf 88' lang='lat' dir='ltr'><strong>Unum</strong></span> 
     </span>
    </p>
   </div>
   <div class='ocr_carea' id='block_1_45' title="bbox 726 3080 2290 3138">
    <p class='ocr_par' dir='ltr' id='par_1_45' title="bbox 726 3080 2290 3138">
     <span class='ocr_line' id='line_1_45' title="bbox 726 3080 2290 3138; baseline 0.001 -2"><span class='ocrx_word' id='word_1_363' title='bbox 726 3097 757 3136; x_wconf 86' lang='lat' dir='ltr'><strong>e</strong></span> <span class='ocrx_word' id='word_1_364' title='bbox 806 3081 1011 3136; x_wconf 85' lang='lat' dir='ltr'><strong>duobus</strong></span> <span class='ocrx_word' id='word_1_365' title='bbox 1047 3080 1177 3134; x_wconf 90' lang='lat' dir='ltr'><strong>mihi</strong></span> <span class='ocrx_word' id='word_1_366' title='bbox 1232 3080 1442 3134; x_wconf 85' lang='lat' dir='ltr'><strong>videtur</strong></span> <span class='ocrx_word' id='word_1_367' title='bbox 1476 3080 1759 3135; x_wconf 89' lang='lat' dir='ltr'><strong>consilium</strong></span> <span class='ocrx_word' id='word_1_368' title='bbox 1802 3099 1815 3133; x_wconf 90' lang='lat'><strong>:</strong></span> <span class='ocrx_word' id='word_1_369' title='bbox 1864 3091 1957 3136; x_wconf 90' lang='lat' dir='ltr'><strong>aut</strong></span> <span class='ocrx_word' id='word_1_370' title='bbox 1998 3098 2061 3138; x_wconf 81' lang='lat' dir='ltr'><strong>ex</strong></span> <span class='ocrx_word' id='word_1_371' title='bbox 2108 3092 2290 3138; x_wconf 89' lang='lat' dir='ltr'><strong>nostra</strong></span> 
     </span>
    </p>
   </div>
   <div class='ocr_carea' id='block_1_46' title="bbox 725 3161 2294 3239">
    <p class='ocr_par' dir='ltr' id='par_1_46' title="bbox 725 3161 2294 3239">
     <span class='ocr_line' id='line_1_46' title="bbox 725 3161 2294 3239; baseline 0.001 -16"><span class='ocrx_word' id='word_1_372' title='bbox 725 3161 900 3239; x_wconf 53' lang='lat' dir='ltr'><strong>gratia</strong></span> <span class='ocrx_word' id='word_1_373' title='bbox 930 3183 1053 3224; x_wconf 86' lang='lat' dir='ltr'><strong>eum</strong></span> <span class='ocrx_word' id='word_1_374' title='bbox 1083 3169 1279 3223; x_wconf 86' lang='lat' dir='ltr'><strong>domno</strong></span> <span class='ocrx_word' id='word_1_375' title='bbox 1316 3168 1429 3237; x_wconf 86' lang='lat' dir='ltr'><strong>regi</strong></span> <span class='ocrx_word' id='word_1_376' title='bbox 1465 3170 1833 3236; x_wconf 77' lang='lat' dir='ltr'><strong>commendes;</strong></span> <span class='ocrx_word' id='word_1_377' title='bbox 1865 3170 1949 3224; x_wconf 87' lang='lat' dir='ltr'><strong>vel</strong></span> <span class='ocrx_word' id='word_1_378' title='bbox 1987 3180 2163 3225; x_wconf 87' lang='lat' dir='ltr'><strong>tecum</strong></span> <span class='ocrx_word' id='word_1_379' title='bbox 2200 3172 2294 3225; x_wconf 87' lang='lat' dir='ltr'><strong>ha-</strong></span> 
     </span>
    </p>
   </div>
   <div class='ocr_carea' id='block_1_47' title="bbox 714 3257 2294 3329">
    <p class='ocr_par' dir='ltr' id='par_1_47' title="bbox 714 3257 2294 3329">
     <span class='ocr_line' id='line_1_47' title="bbox 714 3257 2294 3329; baseline 0 -15"><span class='ocrx_word' id='word_1_380' title='bbox 714 3262 886 3324; x_wconf 80' lang='lat' dir='ltr'><strong>‘heas;</strong></span> <span class='ocrx_word' id='word_1_381' title='bbox 937 3257 1108 3312; x_wconf 86' lang='lat' dir='ltr'><strong>donec</strong></span> <span class='ocrx_word' id='word_1_382' title='bbox 1136 3271 1393 3326; x_wconf 85' lang='lat' dir='ltr'><strong>agnoscas</strong></span> <span class='ocrx_word' id='word_1_383' title='bbox 1422 3272 1487 3311; x_wconf 86' lang='lat' dir='ltr'><strong>ex</strong></span> <span class='ocrx_word' id='word_1_384' title='bbox 1515 3257 1655 3311; x_wconf 89' lang='lat' dir='ltr'><strong>illius</strong></span> <span class='ocrx_word' id='word_1_385' title='bbox 1696 3259 2114 3322; x_wconf 86' lang='lat' dir='ltr'><strong>conversatione,</strong></span> <span class='ocrx_word' id='word_1_386' title='bbox 2165 3260 2294 3329; x_wconf 90' lang='lat' dir='ltr'><strong>quid</strong></span> 
     </span>
    </p>
   </div>
   <div class='ocr_carea' id='block_1_48' title="bbox 2382 2090 3959 2161">
    <p class='ocr_par' dir='ltr' id='par_1_48' title="bbox 2382 2090 3959 2161">
     <span class='ocr_line' id='line_1_48' title="bbox 2382 2090 3959 2161; baseline 0.001 -16"><span class='ocrx_word' id='word_1_387' title='bbox 2382 2090 2595 2145; x_wconf 81' lang='lat' dir='ltr'><strong>Veritas</strong></span> <span class='ocrx_word' id='word_1_388' title='bbox 2620 2092 2695 2144; x_wconf 87' lang='lat' dir='ltr'><strong>ait</strong></span> <span class='ocrx_word' id='word_1_389' title='bbox 2724 2106 2736 2143; x_wconf 89' lang='lat'><strong>:</strong></span> <span class='ocrx_word' id='word_1_390' title='bbox 2768 2090 2916 2144; x_wconf 82' lang='lat' dir='ltr'><strong>Beati</strong></span> <span class='ocrx_word' id='word_1_391' title='bbox 2945 2090 3139 2143; x_wconf 78' lang='lat' dir='ltr'><strong>mundo</strong></span> <span class='ocrx_word' id='word_1_392' title='bbox 3179 2090 3353 2154; x_wconf 84' lang='lat' dir='ltr'><strong>corde,</strong></span> <span class='ocrx_word' id='word_1_393' title='bbox 3383 2093 3630 2161; x_wconf 84' lang='lat' dir='ltr'><strong>quoniam</strong></span> <span class='ocrx_word' id='word_1_394' title='bbox 3653 2094 3751 2161; x_wconf 83' lang='lat' dir='ltr'><strong>ipsi</strong></span> <span class='ocrx_word' id='word_1_395' title='bbox 3782 2093 3959 2147; x_wconf 75' lang='lat' dir='ltr'><strong>Deum</strong></span> 
     </span>
    </p>
   </div>
   <div class='ocr_carea' id='block_1_49' title="bbox 2382 2179 3969 2251">
    <p class='ocr_par' dir='ltr' id='par_1_49' title="bbox 2382 2179 3969 2251">
     <span class='ocr_line' id='line_1_49' title="bbox 2382 2179 3969 2251; baseline 0.001 -17"><span class='ocrx_word' id='word_1_396' title='bbox 2382 2181 2621 2234; x_wconf 80' lang='lat' dir='ltr'><strong>uidebunt</strong></span> <span class='ocrx_word' id='word_1_397' title='bbox 2648 2180 2860 2251; x_wconf 75' lang='lat' dir='ltr'><strong>(Matth.</strong></span> <span class='ocrx_word' id='word_1_398' title='bbox 2900 2196 2952 2244; x_wconf 91' lang='lat' dir='ltr'><strong>v,</strong></span> <span class='ocrx_word' id='word_1_399' title='bbox 3002 2181 3079 2251; x_wconf 91' lang='lat'><strong>8).</strong></span> <span class='ocrx_word' id='word_1_400' title='bbox 3112 2179 3395 2234; x_wconf 82' lang='lat' dir='ltr'><strong>Mundetur</strong></span> <span class='ocrx_word' id='word_1_401' title='bbox 3441 2182 3601 2235; x_wconf 90' lang='lat' dir='ltr'><strong>modo</strong></span> <span class='ocrx_word' id='word_1_402' title='bbox 3632 2198 3725 2237; x_wconf 87' lang='lat' dir='ltr'><strong>cor</strong></span> <span class='ocrx_word' id='word_1_403' title='bbox 3760 2184 3817 2237; x_wconf 88' lang='lat' dir='ltr'><strong>in</strong></span> <span class='ocrx_word' id='word_1_404' title='bbox 3861 2184 3969 2237; x_wconf 86' lang='lat' dir='ltr'><strong>hac</strong></span> 
     </span>
    </p>
   </div>
   <div class='ocr_carea' id='block_1_50' title="bbox 2382 2269 3969 2339">
    <p class='ocr_par' dir='ltr' id='par_1_50' title="bbox 2382 2269 3969 2339">
     <span class='ocr_line' id='line_1_50' title="bbox 2382 2269 3969 2339; baseline 0.001 -15"><span class='ocrx_word' id='word_1_405' title='bbox 2382 2269 2832 2339; x_wconf 78' lang='lat' dir='ltr'><strong>peregrinatione,</strong></span> <span class='ocrx_word' id='word_1_406' title='bbox 2867 2276 2925 2323; x_wconf 89' lang='lat' dir='ltr'><strong>ut</strong></span> <span class='ocrx_word' id='word_1_407' title='bbox 2974 2270 3027 2323; x_wconf 92' lang='lat' dir='ltr'><strong>in</strong></span> <span class='ocrx_word' id='word_1_408' title='bbox 3070 2269 3242 2339; x_wconf 87' lang='lat' dir='ltr'><strong>patria</strong></span> <span class='ocrx_word' id='word_1_409' title='bbox 3275 2269 3416 2323; x_wconf 88' lang='lat' dir='ltr'><strong>illius</strong></span> <span class='ocrx_word' id='word_1_410' title='bbox 3445 2270 3769 2325; x_wconf 69' lang='lat' dir='ltr'><strong>beatissima:</strong></span> <span class='ocrx_word' id='word_1_411' title='bbox 3798 2272 3969 2325; x_wconf 88' lang='lat' dir='ltr'><strong>visio-</strong></span> 
     </span>
    </p>
   </div>
   <div class='ocr_carea' id='block_1_51' title="bbox 2384 2355 3967 2428">
    <p class='ocr_par' dir='ltr' id='par_1_51' title="bbox 2384 2355 3967 2428">
     <span class='ocr_line' id='line_1_51' title="bbox 2384 2355 3967 2428; baseline 0.003 -18"><span class='ocrx_word' id='word_1_412' title='bbox 2384 2357 2467 2411; x_wconf 87' lang='lat' dir='ltr'><strong>nis</strong></span> <span class='ocrx_word' id='word_1_413' title='bbox 2486 2355 2591 2411; x_wconf 91' lang='lat' dir='ltr'><strong>frui</strong></span> <span class='ocrx_word' id='word_1_414' title='bbox 2620 2356 2797 2412; x_wconf 90' lang='lat' dir='ltr'><strong>liceat.</strong></span> <span class='ocrx_word' id='word_1_415' title='bbox 2827 2357 3052 2413; x_wconf 89' lang='lat' dir='ltr'><strong>Utamur</strong></span> <span class='ocrx_word' id='word_1_416' title='bbox 3090 2357 3193 2411; x_wconf 89' lang='lat' dir='ltr'><strong>hoc</strong></span> <span class='ocrx_word' id='word_1_417' title='bbox 3228 2360 3426 2413; x_wconf 90' lang='lat' dir='ltr'><strong>mundo</strong></span> <span class='ocrx_word' id='word_1_418' title='bbox 3451 2360 3692 2428; x_wconf 91' lang='lat' dir='ltr'><strong>perituro</strong></span> <span class='ocrx_word' id='word_1_419' title='bbox 3728 2361 3783 2414; x_wconf 90' lang='lat' dir='ltr'><strong>in</strong></span> <span class='ocrx_word' id='word_1_420' title='bbox 3830 2361 3967 2415; x_wconf 79' lang='lat' dir='ltr'><strong>eba-</strong></span> 
     </span>
    </p>
   </div>
   <div class='ocr_carea' id='block_1_52' title="bbox 2386 2448 3971 2523">
    <p class='ocr_par' dir='ltr' id='par_1_52' title="bbox 2386 2448 3971 2523">
     <span class='ocr_line' id='line_1_52' title="bbox 2386 2448 3971 2523; baseline 0.001 -20"><span class='ocrx_word' id='word_1_421' title='bbox 2386 2450 2545 2503; x_wconf 89' lang='lat' dir='ltr'><strong>ritate</strong></span> <span class='ocrx_word' id='word_1_422' title='bbox 2572 2464 2676 2501; x_wconf 90' lang='lat' dir='ltr'><strong>non</strong></span> <span class='ocrx_word' id='word_1_423' title='bbox 2706 2448 2967 2517; x_wconf 89' lang='lat' dir='ltr'><strong>peritura,</strong></span> <span class='ocrx_word' id='word_1_424' title='bbox 3006 2457 3065 2501; x_wconf 91' lang='lat' dir='ltr'><strong>ut</strong></span> <span class='ocrx_word' id='word_1_425' title='bbox 3098 2448 3340 2503; x_wconf 87' lang='lat' dir='ltr'><strong>fruamur</strong></span> <span class='ocrx_word' id='word_1_426' title='bbox 3384 2450 3493 2505; x_wconf 91' lang='lat' dir='ltr'><strong>Deo</strong></span> <span class='ocrx_word' id='word_1_427' title='bbox 3538 2452 3591 2505; x_wconf 94' lang='lat' dir='ltr'><strong>in</strong></span> <span class='ocrx_word' id='word_1_428' title='bbox 3631 2452 3798 2521; x_wconf 78' lang='lat' dir='ltr'><strong>gloria</strong></span> <span class='ocrx_word' id='word_1_429' title='bbox 3841 2466 3971 2523; x_wconf 58' lang='lat' dir='ltr'><strong>per.</strong></span> 
     </span>
    </p>
   </div>
   <div class='ocr_carea' id='block_1_53' title="bbox 2386 2536 3973 2611">
    <p class='ocr_par' dir='ltr' id='par_1_53' title="bbox 2386 2536 3973 2611">
     <span class='ocr_line' id='line_1_53' title="bbox 2386 2536 3973 2611; baseline 0.003 -20"><span class='ocrx_word' id='word_1_430' title='bbox 2386 2545 2651 2593; x_wconf 88' lang='lat' dir='ltr'><strong>manente.</strong></span> <span class='ocrx_word' id='word_1_431' title='bbox 2697 2537 2741 2593; x_wconf 95' lang='grc' dir='ltr'><strong>Ο</strong></span> <span class='ocrx_word' id='word_1_432' title='bbox 2790 2538 3040 2592; x_wconf 88' lang='lat' dir='ltr'><strong>Domine!</strong></span> <span class='ocrx_word' id='word_1_433' title='bbox 3097 2536 3268 2609; x_wconf 76' lang='lat' dir='ltr'><strong>[lesu]</strong></span> <span class='ocrx_word' id='word_1_434' title='bbox 3296 2538 3380 2594; x_wconf 88' lang='lat' dir='ltr'><strong>fac</strong></span> <span class='ocrx_word' id='word_1_435' title='bbox 3418 2555 3516 2595; x_wconf 92' lang='lat' dir='ltr'><strong>nos</strong></span> <span class='ocrx_word' id='word_1_436' title='bbox 3558 2540 3779 2611; x_wconf 82' lang='lat' dir='ltr'><strong>diligere</strong></span> <span class='ocrx_word' id='word_1_437' title='bbox 3806 2550 3882 2607; x_wconf 90' lang='lat' dir='ltr'><strong>te,</strong></span> <span class='ocrx_word' id='word_1_438' title='bbox 3914 2552 3973 2597; x_wconf 88' lang='lat' dir='ltr'><strong>ct</strong></span> 
     </span>
    </p>
   </div>
   <div class='ocr_carea' id='block_1_54' title="bbox 2385 2626 3963 2701">
    <p class='ocr_par' dir='ltr' id='par_1_54' title="bbox 2385 2626 3963 2701">
     <span class='ocr_line' id='line_1_54' title="bbox 2385 2626 3963 2701; baseline 0.004 -22"><span class='ocrx_word' id='word_1_439' title='bbox 2385 2626 2559 2681; x_wconf 86' lang='lat' dir='ltr'><strong>odisse</strong></span> <span class='ocrx_word' id='word_1_440' title='bbox 2592 2643 2714 2682; x_wconf 82' lang='lat' dir='ltr'><strong>eum</strong></span> <span class='ocrx_word' id='word_1_441' title='bbox 2741 2628 2805 2682; x_wconf 92' lang='lat' dir='ltr'><strong>de</strong></span> <span class='ocrx_word' id='word_1_442' title='bbox 2834 2643 2938 2696; x_wconf 89' lang='lat' dir='ltr'><strong>quo</strong></span> <span class='ocrx_word' id='word_1_443' title='bbox 2984 2628 3165 2681; x_wconf 80' lang='lat' dir='ltr'><strong>dixisti</strong></span> <span class='ocrx_word' id='word_1_444' title='bbox 3196 2646 3208 2678; x_wconf 88' lang='lat'><strong><em>:</em></strong></span> <span class='ocrx_word' id='word_1_445' title='bbox 3246 2628 3474 2682; x_wconf 77' lang='lat' dir='ltr'><strong>Mundus</strong></span> <span class='ocrx_word' id='word_1_446' title='bbox 3505 2647 3586 2684; x_wconf 75' lang='lat' dir='ltr'><strong>me</strong></span> <span class='ocrx_word' id='word_1_447' title='bbox 3634 2632 3743 2685; x_wconf 88' lang='lat' dir='ltr'><strong>odit</strong></span> <span class='ocrx_word' id='word_1_448' title='bbox 3774 2632 3963 2701; x_wconf 74' lang='lat' dir='ltr'><strong>(Joan.</strong></span> 
     </span>
    </p>
   </div>
   <div class='ocr_carea' id='block_1_55' title="bbox 2388 2716 3967 2794">
    <p class='ocr_par' dir='ltr' id='par_1_55' title="bbox 2388 2716 3967 2794">
     <span class='ocr_line' id='line_1_55' title="bbox 2388 2716 3967 2794; baseline 0.005 -23"><span class='ocrx_word' id='word_1_449' title='bbox 2388 2732 2475 2782; x_wconf 87' lang='lat' dir='ltr'><strong>xv,</strong></span> <span class='ocrx_word' id='word_1_450' title='bbox 2513 2718 2620 2787; x_wconf 80' lang='grc'><strong>18).</strong></span> <span class='ocrx_word' id='word_1_451' title='bbox 2647 2716 2719 2774; x_wconf 88' lang='lat' dir='ltr'><strong>Ut</strong></span> <span class='ocrx_word' id='word_1_452' title='bbox 2752 2732 2847 2787; x_wconf 91' lang='lat' dir='ltr'><strong>per</strong></span> <span class='ocrx_word' id='word_1_453' title='bbox 2870 2727 2920 2772; x_wconf 88' lang='lat' dir='ltr'><strong>te</strong></span> <span class='ocrx_word' id='word_1_454' title='bbox 2945 2718 3142 2773; x_wconf 90' lang='lat' dir='ltr'><strong>donum</strong></span> <span class='ocrx_word' id='word_1_455' title='bbox 3173 2718 3404 2789; x_wconf 86' lang='lat' dir='ltr'><strong>Spiritus</strong></span> <span class='ocrx_word' id='word_1_456' title='bbox 3433 2721 3696 2778; x_wconf 84' lang='lat' dir='ltr'><strong>Paraeleti</strong></span> <span class='ocrx_word' id='word_1_457' title='bbox 3726 2725 3967 2794; x_wconf 82' lang='lat' dir='ltr'><strong>accipia—</strong></span> 
     </span>
    </p>
   </div>
   <div class='ocr_carea' id='block_1_56' title="bbox 2388 2812 3971 2882">
    <p class='ocr_par' dir='ltr' id='par_1_56' title="bbox 2388 2812 3971 2882">
     <span class='ocr_line' id='line_1_56' title="bbox 2388 2812 3971 2882; baseline 0.003 -22"><span class='ocrx_word' id='word_1_458' title='bbox 2388 2822 2527 2869; x_wconf 88' lang='lat' dir='ltr'><strong>mus,</strong></span> <span class='ocrx_word' id='word_1_459' title='bbox 2564 2822 2715 2875; x_wconf 83' lang='lat' dir='ltr'><strong>quem</strong></span> <span class='ocrx_word' id='word_1_460' title='bbox 2737 2819 2962 2861; x_wconf 82' lang='lat' dir='ltr'><strong>munaus</strong></span> <span class='ocrx_word' id='word_1_461' title='bbox 2980 2824 3084 2861; x_wconf 87' lang='lat' dir='ltr'><strong>non</strong></span> <span class='ocrx_word' id='word_1_462' title='bbox 3103 2819 3267 2876; x_wconf 86' lang='lat' dir='ltr'><strong>potest</strong></span> <span class='ocrx_word' id='word_1_463' title='bbox 3296 2812 3544 2881; x_wconf 85' lang='lat' dir='ltr'><strong>accipere,</strong></span> <span class='ocrx_word' id='word_1_464' title='bbox 3563 2816 3685 2882; x_wconf 85' lang='lat' dir='ltr'><strong>quia</strong></span> <span class='ocrx_word' id='word_1_465' title='bbox 3707 2828 3811 2865; x_wconf 84' lang='lat' dir='ltr'><strong>non</strong></span> <span class='ocrx_word' id='word_1_466' title='bbox 3830 2814 3971 2867; x_wconf 80' lang='lat' dir='ltr'><strong>ridet</strong></span> 
     </span>
    </p>
   </div>
   <div class='ocr_carea' id='block_1_57' title="bbox 2387 2897 3969 2971">
    <p class='ocr_par' dir='ltr' id='par_1_57' title="bbox 2387 2897 3969 2971">
     <span class='ocr_line' id='line_1_57' title="bbox 2387 2897 3969 2971; baseline 0.005 -23"><span class='ocrx_word' id='word_1_467' title='bbox 2387 2911 2526 2961; x_wconf 75' lang='lat' dir='ltr'><strong>eum,</strong></span> <span class='ocrx_word' id='word_1_468' title='bbox 2564 2912 2653 2949; x_wconf 83' lang='lat' dir='ltr'><strong>nec</strong></span> <span class='ocrx_word' id='word_1_469' title='bbox 2680 2897 2775 2949; x_wconf 89' lang='lat' dir='ltr'><strong>scit</strong></span> <span class='ocrx_word' id='word_1_470' title='bbox 2802 2913 2919 2950; x_wconf 88' lang='lat' dir='ltr'><strong>eum</strong></span> <span class='ocrx_word' id='word_1_471' title='bbox 2966 2897 3146 2964; x_wconf 82' lang='lat' dir='ltr'><strong>(Joan.</strong></span> <span class='ocrx_word' id='word_1_472' title='bbox 3180 2914 3291 2964; x_wconf 80' lang='lat' dir='ltr'><strong>xiv,</strong></span> <span class='ocrx_word' id='word_1_473' title='bbox 3337 2901 3445 2971; x_wconf 81' lang='lat' dir='ltr'><strong>i7).</strong></span> <span class='ocrx_word' id='word_1_474' title='bbox 3491 2900 3607 2955; x_wconf 86' lang='lat' dir='ltr'><strong>Noli</strong></span> <span class='ocrx_word' id='word_1_475' title='bbox 3648 2916 3742 2956; x_wconf 94' lang='lat' dir='ltr'><strong>nos</strong></span> <span class='ocrx_word' id='word_1_476' title='bbox 3772 2916 3969 2956; x_wconf 87' lang='lat' dir='ltr'><strong>secun-</strong></span> 
     </span>
    </p>
   </div>
   <div class='ocr_carea' id='block_1_58' title="bbox 2390 2986 3967 3061">
    <p class='ocr_par' dir='ltr' id='par_1_58' title="bbox 2390 2986 3967 3061">
     <span class='ocr_line' id='line_1_58' title="bbox 2390 2986 3967 3061; baseline 0.003 -20"><span class='ocrx_word' id='word_1_477' title='bbox 2390 2986 2514 3042; x_wconf 91' lang='lat' dir='ltr'><strong>dum</strong></span> <span class='ocrx_word' id='word_1_478' title='bbox 2547 2996 2650 3042; x_wconf 76' lang='lat' dir='ltr'><strong>tua:</strong></span> <span class='ocrx_word' id='word_1_479' title='bbox 2678 2987 2917 3042; x_wconf 82' lang='lat' dir='ltr'><strong>veritatis</strong></span> <span class='ocrx_word' id='word_1_480' title='bbox 2948 2988 3358 3057; x_wconf 89' lang='lat' dir='ltr'><strong>promissionem</strong></span> <span class='ocrx_word' id='word_1_481' title='bbox 3394 2990 3662 3058; x_wconf 87' lang='lat' dir='ltr'><strong>orphanos</strong></span> <span class='ocrx_word' id='word_1_482' title='bbox 3690 2992 3967 3061; x_wconf 54' lang='lat' dir='ltr'><strong>relinquev</strong></span> 
     </span>
    </p>
   </div>
   <div class='ocr_carea' id='block_1_59' title="bbox 2392 3076 3965 3150">
    <p class='ocr_par' dir='ltr' id='par_1_59' title="bbox 2392 3076 3965 3150">
     <span class='ocr_line' id='line_1_59' title="bbox 2392 3076 3965 3150; baseline 0.003 -19"><span class='ocrx_word' id='word_1_483' title='bbox 2392 3093 2481 3142; x_wconf 91' lang='lat' dir='ltr'><strong>re,</strong></span> <span class='ocrx_word' id='word_1_484' title='bbox 2509 3076 2602 3133; x_wconf 88' lang='lat' dir='ltr'><strong>sed</strong></span> <span class='ocrx_word' id='word_1_485' title='bbox 2626 3079 2777 3143; x_wconf 77' lang='lat' dir='ltr'><strong>mitte</strong></span> <span class='ocrx_word' id='word_1_486' title='bbox 2800 3077 2852 3132; x_wconf 88' lang='lat' dir='ltr'><strong>in</strong></span> <span class='ocrx_word' id='word_1_487' title='bbox 2884 3092 2981 3132; x_wconf 89' lang='lat' dir='ltr'><strong>nos</strong></span> <span class='ocrx_word' id='word_1_488' title='bbox 3000 3078 3246 3147; x_wconf 81' lang='lat' dir='ltr'><strong>spiritum</strong></span> <span class='ocrx_word' id='word_1_489' title='bbox 3272 3080 3540 3144; x_wconf 86' lang='lat' dir='ltr'><strong>veritatis,</strong></span> <span class='ocrx_word' id='word_1_490' title='bbox 3564 3084 3653 3150; x_wconf 88' lang='lat' dir='ltr'><strong>qui</strong></span> <span class='ocrx_word' id='word_1_491' title='bbox 3682 3083 3965 3137; x_wconf 79' lang='lat' dir='ltr'><strong>nobiscum</strong></span> 
     </span>
    </p>
   </div>
   <div class='ocr_carea' id='block_1_60' title="bbox 2394 3167 3964 3240">
    <p class='ocr_par' dir='ltr' id='par_1_60' title="bbox 2394 3167 3964 3240">
     <span class='ocr_line' id='line_1_60' title="bbox 2394 3167 3964 3240; baseline 0.002 -18"><span class='ocrx_word' id='word_1_492' title='bbox 2394 3175 2607 3222; x_wconf 88' lang='lat' dir='ltr'><strong>maneat</strong></span> <span class='ocrx_word' id='word_1_493' title='bbox 2649 3168 2701 3221; x_wconf 92' lang='lat' dir='ltr'><strong>in</strong></span> <span class='ocrx_word' id='word_1_494' title='bbox 2753 3176 3013 3223; x_wconf 73' lang='lat' dir='ltr'><strong>mternum</strong></span> <span class='ocrx_word' id='word_1_495' title='bbox 3065 3167 3228 3238; x_wconf 86' lang='lat' dir='ltr'><strong>(Ibid.</strong></span> <span class='ocrx_word' id='word_1_496' title='bbox 3256 3209 3271 3234; x_wconf 92' lang='lat'><strong>,</strong></span> <span class='ocrx_word' id='word_1_497' title='bbox 3320 3169 3578 3235; x_wconf 80' lang='lat' dir='ltr'><strong>rers._l6,</strong></span> <span class='ocrx_word' id='word_1_498' title='bbox 3609 3171 3717 3240; x_wconf 85' lang='lat' dir='ltr'><strong>l7).</strong></span> <span class='ocrx_word' id='word_1_499' title='bbox 3769 3170 3814 3225; x_wconf 92' lang='grc' dir='ltr'><strong>Ο</strong></span> <span class='ocrx_word' id='word_1_500' title='bbox 3849 3170 3964 3226; x_wconf 82' lang='lat' dir='ltr'><strong>Rex</strong></span> 
     </span>
    </p>
   </div>
   <div class='ocr_carea' id='block_1_61' title="bbox 2393 3259 3966 3327">
    <p class='ocr_par' dir='ltr' id='par_1_61' title="bbox 2393 3259 3966 3327">
     <span class='ocr_line' id='line_1_61' title="bbox 2393 3259 3966 3327; baseline 0.002 -15"><span class='ocrx_word' id='word_1_501' title='bbox 2393 3259 2579 3327; x_wconf 67' lang='lat' dir='ltr'><strong>gloriae</strong></span> <span class='ocrx_word' id='word_1_502' title='bbox 2613 3268 2669 3319; x_wconf 86' lang='lat' dir='ltr'><strong>et</strong></span> <span class='ocrx_word' id='word_1_503' title='bbox 2710 3260 2934 3315; x_wconf 86' lang='lat' dir='ltr'><strong>Domine</strong></span> <span class='ocrx_word' id='word_1_504' title='bbox 2981 3260 3238 3315; x_wconf 88' lang='lat' dir='ltr'><strong>virtutum</strong></span> <span class='ocrx_word' id='word_1_505' title='bbox 3285 3260 3455 3325; x_wconf 81' lang='lat' dir='ltr'><strong>(Psal.</strong></span> <span class='ocrx_word' id='word_1_506' title='bbox 3501 3262 3806 3327; x_wconf 78' lang='lat' dir='ltr'><strong>xxm,10l,</strong></span> <span class='ocrx_word' id='word_1_507' title='bbox 3853 3263 3966 3317; x_wconf 80' lang='lat' dir='ltr'><strong>bel-</strong></span> 
     </span>
    </p>
   </div>
   <div class='ocr_carea' id='block_1_62' title="bbox 730 3342 3963 3422">
    <p class='ocr_par' dir='ltr' id='par_1_62' title="bbox 730 3342 3963 3422">
     <span class='ocr_line' id='line_1_62' title="bbox 730 3342 3963 3422; baseline 0.001 -19"><span class='ocrx_word' id='word_1_508' title='bbox 730 3348 798 3403; x_wconf 86' lang='lat' dir='ltr'><strong>de</strong></span> <span class='ocrx_word' id='word_1_509' title='bbox 822 3361 888 3402; x_wconf 90' lang='lat' dir='ltr'><strong>eo</strong></span> <span class='ocrx_word' id='word_1_510' title='bbox 920 3345 1052 3400; x_wconf 87' lang='lat' dir='ltr'><strong>utile</strong></span> <span class='ocrx_word' id='word_1_511' title='bbox 1086 3344 1175 3409; x_wconf 91' lang='lat' dir='ltr'><strong>sit,</strong></span> <span class='ocrx_word' id='word_1_512' title='bbox 1204 3343 1373 3399; x_wconf 90' lang='lat' dir='ltr'><strong>donec</strong></span> <span class='ocrx_word' id='word_1_513' title='bbox 1420 3342 1614 3400; x_wconf 87' lang='lat' dir='ltr'><strong>iterum</strong></span> <span class='ocrx_word' id='word_1_514' title='bbox 1661 3354 1863 3412; x_wconf 87' lang='lat' dir='ltr'><strong>nostra,</strong></span> <span class='ocrx_word' id='word_1_515' title='bbox 1914 3348 2123 3403; x_wconf 85' lang='lat' dir='ltr'><strong>volente</strong></span> <span class='ocrx_word' id='word_1_516' title='bbox 2156 3350 2286 3415; x_wconf 88' lang='lat' dir='ltr'><strong>Deo,</strong></span> <span class='ocrx_word' id='word_1_517' title='bbox 2318 3357 2364 3417; x_wconf 71' lang='grc' dir='ltr'>ι]</span> <span class='ocrx_word' id='word_1_518' title='bbox 2394 3348 2530 3403; x_wconf 90' lang='lat' dir='ltr'><strong>lator</strong></span> <span class='ocrx_word' id='word_1_519' title='bbox 2558 3358 2741 3405; x_wconf 89' lang='lat' dir='ltr'><strong>noster</strong></span> <span class='ocrx_word' id='word_1_520' title='bbox 2762 3358 2817 3403; x_wconf 89' lang='lat' dir='ltr'><strong>et</strong></span> <span class='ocrx_word' id='word_1_521' title='bbox 2835 3365 2937 3419; x_wconf 86' lang='lat' dir='ltr'><strong>pax</strong></span> <span class='ocrx_word' id='word_1_522' title='bbox 2960 3362 3161 3413; x_wconf 78' lang='lat' dir='ltr'><strong>nostra,</strong></span> <span class='ocrx_word' id='word_1_523' title='bbox 3184 3352 3275 3419; x_wconf 92' lang='lat' dir='ltr'><strong>qui</strong></span> <span class='ocrx_word' id='word_1_524' title='bbox 3299 3352 3483 3406; x_wconf 87' lang='lat' dir='ltr'><strong>dixisti</strong></span> <span class='ocrx_word' id='word_1_525' title='bbox 3511 3367 3526 3405; x_wconf 90' lang='lat'><strong>:</strong></span> <span class='ocrx_word' id='word_1_526' title='bbox 3555 3350 3839 3414; x_wconf 73' lang='lat' dir='ltr'><strong>Conﬁdite,</strong></span> <span class='ocrx_word' id='word_1_527' title='bbox 3870 3368 3963 3422; x_wconf 86' lang='lat' dir='ltr'><strong>ego</strong></span> 
     </span>
    </p>
   </div>
   <div class='ocr_carea' id='block_1_63' title="bbox 730 3435 2292 3513">
    <p class='ocr_par' dir='ltr' id='par_1_63' title="bbox 730 3435 2292 3513">
     <span class='ocr_line' id='line_1_63' title="bbox 730 3435 2292 3513; baseline 0.001 -21"><span class='ocrx_word' id='word_1_528' title='bbox 730 3437 1013 3493; x_wconf 90' lang='lat' dir='ltr'><strong>collocutio</strong></span> <span class='ocrx_word' id='word_1_529' title='bbox 1042 3436 1150 3490; x_wconf 84' lang='lat' dir='ltr'><strong>tiat.</strong></span> <span class='ocrx_word' id='word_1_530' title='bbox 1195 3435 1408 3505; x_wconf 75' lang='lat' dir='ltr'><strong>Aliquid</strong></span> <span class='ocrx_word' id='word_1_531' title='bbox 1436 3444 1613 3491; x_wconf 85' lang='lat' dir='ltr'><strong>tamen</strong></span> <span class='ocrx_word' id='word_1_532' title='bbox 1637 3445 1693 3493; x_wconf 91' lang='lat' dir='ltr'><strong>ut</strong></span> <span class='ocrx_word' id='word_1_533' title='bbox 1738 3438 1932 3500; x_wconf 88' lang='lat' dir='ltr'><strong>habeat</strong></span> <span class='ocrx_word' id='word_1_534' title='bbox 1972 3441 2292 3513; x_wconf 47' lang='lat' dir='ltr'><strong>consonatiog</strong></span> 
     </span>
    </p>
   </div>
   <div class='ocr_carea' id='block_1_64' title="bbox 734 3524 2291 3590">
    <p class='ocr_par' dir='ltr' id='par_1_64' title="bbox 734 3524 2291 3590">
     <span class='ocr_line' id='line_1_64' title="bbox 734 3524 2291 3590; baseline 0.002 -9"><span class='ocrx_word' id='word_1_535' title='bbox 734 3528 837 3590; x_wconf 91' lang='lat' dir='ltr'><strong>nis,</strong></span> <span class='ocrx_word' id='word_1_536' title='bbox 870 3525 1005 3580; x_wconf 90' lang='lat' dir='ltr'><strong>forte</strong></span> <span class='ocrx_word' id='word_1_537' title='bbox 1032 3524 1221 3579; x_wconf 88' lang='lat' dir='ltr'><strong>melius</strong></span> <span class='ocrx_word' id='word_1_538' title='bbox 1264 3534 1369 3589; x_wconf 91' lang='lat' dir='ltr'><strong>est,</strong></span> <span class='ocrx_word' id='word_1_539' title='bbox 1413 3526 1702 3581; x_wconf 82' lang='lat' dir='ltr'><strong>secundum</strong></span> <span class='ocrx_word' id='word_1_540' title='bbox 1745 3527 2062 3584; x_wconf 82' lang='lat' dir='ltr'><strong>humilitatis</strong></span> <span class='ocrx_word' id='word_1_541' title='bbox 2084 3536 2140 3582; x_wconf 89' lang='lat' dir='ltr'><strong>et</strong></span> <span class='ocrx_word' id='word_1_542' title='bbox 2165 3530 2291 3584; x_wconf 83' lang='lat' dir='ltr'><strong>obe-</strong></span> 
     </span>
    </p>
   </div>
   <div class='ocr_carea' id='block_1_65' title="bbox 732 3602 2291 3682">
    <p class='ocr_par' dir='ltr' id='par_1_65' title="bbox 732 3602 2291 3682">
     <span class='ocr_line' id='line_1_65' title="bbox 732 3602 2291 3682; baseline -0.001 -12"><span class='ocrx_word' id='word_1_543' title='bbox 732 3616 945 3671; x_wconf 73' lang='lat' dir='ltr'><strong>dientize</strong></span> <span class='ocrx_word' id='word_1_544' title='bbox 969 3606 1397 3682; x_wconf 87' lang='lat' dir='ltr'><strong>promissionem,</strong></span> <span class='ocrx_word' id='word_1_545' title='bbox 1430 3628 1497 3666; x_wconf 90' lang='lat' dir='ltr'><strong>ne</strong></span> <span class='ocrx_word' id='word_1_546' title='bbox 1527 3614 1779 3668; x_wconf 85' lang='lat' dir='ltr'><strong>continua</strong></span> <span class='ocrx_word' id='word_1_547' title='bbox 1807 3602 2154 3669; x_wconf 81' lang='lat' dir='ltr'><strong>absorbeatur</strong></span> <span class='ocrx_word' id='word_1_548' title='bbox 2191 3616 2291 3670; x_wconf 84' lang='lat' dir='ltr'><strong>tri-</strong></span> 
     </span>
    </p>
   </div>
   <div class='ocr_carea' id='block_1_66' title="bbox 733 3698 2294 3774">
    <p class='ocr_par' dir='ltr' id='par_1_66' title="bbox 733 3698 2294 3774">
     <span class='ocr_line' id='line_1_66' title="bbox 733 3698 2294 3774; baseline 0.001 -17"><span class='ocrx_word' id='word_1_549' title='bbox 733 3700 979 3774; x_wconf 81' lang='lat' dir='ltr'><strong>stitia(ll</strong></span> <span class='ocrx_word' id='word_1_550' title='bbox 1007 3698 1129 3756; x_wconf 85' lang='lat' dir='ltr'><strong>Cor.</strong></span> <span class='ocrx_word' id='word_1_551' title='bbox 1154 3700 1308 3769; x_wconf 70' lang='lat'><strong>11,7).</strong></span> <span class='ocrx_word' id='word_1_552' title='bbox 1338 3698 1464 3754; x_wconf 85' lang='lat' dir='ltr'><strong>Etsi</strong></span> <span class='ocrx_word' id='word_1_553' title='bbox 1485 3711 1511 3740; x_wconf 74' lang='grc' dir='ltr'><strong>ι</strong></span> <span class='ocrx_word' id='word_1_554' title='bbox 1535 3699 1705 3755; x_wconf 83' lang='lat' dir='ltr'><strong>Witto</strong></span> <span class='ocrx_word' id='word_1_555' title='bbox 1728 3701 1908 3756; x_wconf 86' lang='lat' dir='ltr'><strong>veniat</strong></span> <span class='ocrx_word' id='word_1_556' title='bbox 1928 3702 1995 3756; x_wconf 89' lang='lat' dir='ltr'><strong>ad</strong></span> <span class='ocrx_word' id='word_1_557' title='bbox 2022 3717 2137 3766; x_wconf 86' lang='lat' dir='ltr'><strong>vos,</strong></span> <span class='ocrx_word' id='word_1_558' title='bbox 2153 3704 2294 3773; x_wconf 87' lang='lat' dir='ltr'><strong>apud</strong></span> 
     </span>
    </p>
   </div>
   <div class='ocr_carea' id='block_1_67' title="bbox 732 3776 2293 3861">
    <p class='ocr_par' dir='ltr' id='par_1_67' title="bbox 732 3776 2293 3861">
     <span class='ocr_line' id='line_1_67' title="bbox 732 3776 2293 3861; baseline 0.003 -15"><span class='ocrx_word' id='word_1_559' title='bbox 732 3809 854 3849; x_wconf 85' lang='lat' dir='ltr'><strong>eum</strong></span> <span class='ocrx_word' id='word_1_560' title='bbox 887 3776 1093 3849; x_wconf 74' lang='lat' dir='ltr'><strong>discere</strong></span> <span class='ocrx_word' id='word_1_561' title='bbox 1120 3798 1313 3861; x_wconf 78' lang='lat' dir='ltr'><strong>potest.</strong></span> <span class='ocrx_word' id='word_1_562' title='bbox 1347 3790 1412 3845; x_wconf 86' lang='lat' dir='ltr'><strong>Et</strong></span> <span class='ocrx_word' id='word_1_563' title='bbox 1438 3790 1505 3860; x_wconf 75' lang='lat' dir='ltr'><strong>si,</strong></span> <span class='ocrx_word' id='word_1_564' title='bbox 1537 3791 1646 3850; x_wconf 82' lang='lat' dir='ltr'><strong>Deo</strong></span> <span class='ocrx_word' id='word_1_565' title='bbox 1666 3778 1915 3855; x_wconf 29' lang='lat' dir='ltr'><strong>‘volente,</strong></span> <span class='ocrx_word' id='word_1_566' title='bbox 1943 3793 2142 3859; x_wconf 89' lang='lat' dir='ltr'><strong>veniat,</strong></span> <span class='ocrx_word' id='word_1_567' title='bbox 2173 3795 2293 3850; x_wconf 87' lang='lat' dir='ltr'><strong>vide</strong></span> 
     </span>
    </p>
   </div>
   <div class='ocr_carea' id='block_1_68' title="bbox 734 3878 2292 3955">
    <p class='ocr_par' dir='ltr' id='par_1_68' title="bbox 734 3878 2292 3955">
     <span class='ocr_line' id='line_1_68' title="bbox 734 3878 2292 3955; baseline -0.001 -18"><span class='ocrx_word' id='word_1_568' title='bbox 734 3882 1049 3953; x_wconf 82' lang='lat' dir='ltr'><strong>diligenter:</strong></span> <span class='ocrx_word' id='word_1_569' title='bbox 1083 3896 1149 3935; x_wconf 90' lang='lat' dir='ltr'><strong>ne</strong></span> <span class='ocrx_word' id='word_1_570' title='bbox 1198 3880 1371 3935; x_wconf 89' lang='lat' dir='ltr'><strong>inanis</strong></span> <span class='ocrx_word' id='word_1_571' title='bbox 1402 3878 1493 3955; x_wconf 83' lang='lat' dir='ltr'><strong>fiat</strong></span> <span class='ocrx_word' id='word_1_572' title='bbox 1541 3879 1799 3934; x_wconf 87' lang='lat' dir='ltr'><strong>habitatio</strong></span> <span class='ocrx_word' id='word_1_573' title='bbox 1828 3880 1969 3934; x_wconf 91' lang='lat' dir='ltr'><strong>illius</strong></span> <span class='ocrx_word' id='word_1_574' title='bbox 1996 3880 2292 3947; x_wconf 88' lang='lat' dir='ltr'><strong>vobiscum,</strong></span> 
     </span>
    </p>
   </div>
   <div class='ocr_carea' id='block_1_69' title="bbox 736 3967 2297 4041">
    <p class='ocr_par' dir='ltr' id='par_1_69' title="bbox 736 3967 2297 4041">
     <span class='ocr_line' id='line_1_69' title="bbox 736 3967 2297 4041; baseline 0.001 -17"><span class='ocrx_word' id='word_1_575' title='bbox 736 3978 795 4024; x_wconf 91' lang='lat' dir='ltr'><strong>ut</strong></span> <span class='ocrx_word' id='word_1_576' title='bbox 814 3972 1070 4041; x_wconf 82' lang='lat' dir='ltr'><strong>quantum</strong></span> <span class='ocrx_word' id='word_1_577' title='bbox 1100 3983 1184 4023; x_wconf 84' lang='lat' dir='ltr'><strong>me</strong></span> <span class='ocrx_word' id='word_1_578' title='bbox 1229 3967 1499 4024; x_wconf 88' lang='lat' dir='ltr'><strong>tristificat</strong></span> <span class='ocrx_word' id='word_1_579' title='bbox 1520 3968 1760 4021; x_wconf 86' lang='lat' dir='ltr'><strong>absentia</strong></span> <span class='ocrx_word' id='word_1_580' title='bbox 1787 3967 1947 4032; x_wconf 84' lang='lat' dir='ltr'><strong>illius,</strong></span> <span class='ocrx_word' id='word_1_581' title='bbox 1977 3976 2180 4023; x_wconf 87' lang='lat' dir='ltr'><strong>tantum</strong></span> <span class='ocrx_word' id='word_1_582' title='bbox 2201 3986 2297 4026; x_wconf 79' lang='lat' dir='ltr'><strong>vos</strong></span> 
     </span>
    </p>
   </div>
   <div class='ocr_carea' id='block_1_70' title="bbox 733 4054 2299 4129">
    <p class='ocr_par' dir='ltr' id='par_1_70' title="bbox 733 4054 2299 4129">
     <span class='ocr_line' id='line_1_70' title="bbox 733 4054 2299 4129; baseline -0.001 -15"><span class='ocrx_word' id='word_1_583' title='bbox 733 4057 970 4114; x_wconf 59' lang='lat' dir='ltr'><strong>latitiuet</strong></span> <span class='ocrx_word' id='word_1_584' title='bbox 989 4059 1300 4127; x_wconf 74' lang='lat' dir='ltr'><strong>praesentia,</strong></span> <span class='ocrx_word' id='word_1_585' title='bbox 1327 4065 1381 4110; x_wconf 87' lang='lat' dir='ltr'><strong>et</strong></span> <span class='ocrx_word' id='word_1_586' title='bbox 1422 4054 1663 4110; x_wconf 83' lang='lat' dir='ltr'><strong>defectus</strong></span> <span class='ocrx_word' id='word_1_587' title='bbox 1696 4070 1847 4110; x_wconf 88' lang='lat' dir='ltr'><strong>meus</strong></span> <span class='ocrx_word' id='word_1_588' title='bbox 1874 4065 2051 4111; x_wconf 84' lang='lat' dir='ltr'><strong>vester</strong></span> <span class='ocrx_word' id='word_1_589' title='bbox 2078 4058 2148 4111; x_wconf 88' lang='lat' dir='ltr'><strong>sit</strong></span> <span class='ocrx_word' id='word_1_590' title='bbox 2174 4073 2299 4129; x_wconf 86' lang='lat' dir='ltr'><strong>pro-</strong></span> 
     </span>
    </p>
   </div>
   <div class='ocr_carea' id='block_1_71' title="bbox 738 4144 2299 4213">
    <p class='ocr_par' dir='ltr' id='par_1_71' title="bbox 738 4144 2299 4213">
     <span class='ocr_line' id='line_1_71' title="bbox 738 4144 2299 4213; baseline 0.001 -12"><span class='ocrx_word' id='word_1_591' title='bbox 738 4148 927 4203; x_wconf 87' lang='lat' dir='ltr'><strong>fectus.</strong></span> <span class='ocrx_word' id='word_1_592' title='bbox 979 4144 1046 4199; x_wconf 82' lang='lat' dir='ltr'><strong>Et</strong></span> <span class='ocrx_word' id='word_1_593' title='bbox 1068 4146 1113 4199; x_wconf 88' lang='lat' dir='ltr'><strong>si</strong></span> <span class='ocrx_word' id='word_1_594' title='bbox 1140 4144 1471 4213; x_wconf 80' lang='lat' dir='ltr'><strong>aliquantum</strong></span> <span class='ocrx_word' id='word_1_595' title='bbox 1518 4145 1771 4213; x_wconf 86' lang='lat' dir='ltr'><strong>temporis</strong></span> <span class='ocrx_word' id='word_1_596' title='bbox 1819 4144 1901 4199; x_wconf 90' lang='lat' dir='ltr'><strong>vis</strong></span> <span class='ocrx_word' id='word_1_597' title='bbox 1943 4160 2066 4199; x_wconf 90' lang='lat' dir='ltr'><strong>eum</strong></span> <span class='ocrx_word' id='word_1_598' title='bbox 2097 4146 2149 4201; x_wconf 89' lang='lat' dir='ltr'><strong>in</strong></span> <span class='ocrx_word' id='word_1_599' title='bbox 2190 4162 2299 4203; x_wconf 84' lang='lat' dir='ltr'><strong>mo-</strong></span> 
     </span>
    </p>
   </div>
   <div class='ocr_carea' id='block_1_72' title="bbox 740 4232 2296 4294">
    <p class='ocr_par' dir='ltr' id='par_1_72' title="bbox 740 4232 2296 4294">
     <span class='ocr_line' id='line_1_72' title="bbox 740 4232 2296 4294; baseline 0 -3"><span class='ocrx_word' id='word_1_600' title='bbox 740 4236 1027 4294; x_wconf 60' lang='lat' dir='ltr'><strong>nasteriO‘b</strong></span> <span class='ocrx_word' id='word_1_601' title='bbox 1056 4236 1224 4289; x_wconf 88' lang='lat' dir='ltr'><strong>sancti</strong></span> <span class='ocrx_word' id='word_1_602' title='bbox 1268 4232 1554 4289; x_wconf 80' lang='lat' dir='ltr'><strong>Hrodberti</strong></span> <span class='ocrx_word' id='word_1_603' title='bbox 1597 4233 1863 4289; x_wconf 89' lang='lat' dir='ltr'><strong>demorari</strong></span> <span class='ocrx_word' id='word_1_604' title='bbox 1892 4250 2108 4291; x_wconf 85' lang='lat' dir='ltr'><strong>necesse</strong></span> <span class='ocrx_word' id='word_1_605' title='bbox 2130 4236 2181 4291; x_wconf 90' lang='lat' dir='ltr'><strong>ei</strong></span> <span class='ocrx_word' id='word_1_606' title='bbox 2207 4251 2296 4291; x_wconf 79' lang='lat' dir='ltr'><strong>es-</strong></span> 
     </span>
    </p>
   </div>
   <div class='ocr_carea' id='block_1_73' title="bbox 739 4328 2301 4403">
    <p class='ocr_par' dir='ltr' id='par_1_73' title="bbox 739 4328 2301 4403">
     <span class='ocr_line' id='line_1_73' title="bbox 739 4328 2301 4403; baseline -0.001 -16"><span class='ocrx_word' id='word_1_607' title='bbox 739 4341 841 4397; x_wconf 84' lang='lat' dir='ltr'><strong>set,</strong></span> <span class='ocrx_word' id='word_1_608' title='bbox 882 4340 1101 4403; x_wconf 81' lang='lat' dir='ltr'><strong>propter</strong></span> <span class='ocrx_word' id='word_1_609' title='bbox 1138 4329 1458 4399; x_wconf 72' lang='lat' dir='ltr'><strong>adiutorium</strong></span> <span class='ocrx_word' id='word_1_610' title='bbox 1506 4328 1783 4383; x_wconf 86' lang='lat' dir='ltr'><strong>hominum</strong></span> <span class='ocrx_word' id='word_1_611' title='bbox 1820 4328 2123 4398; x_wconf 69' lang='lat' dir='ltr'><strong>linguaque</strong></span> <span class='ocrx_word' id='word_1_612' title='bbox 2164 4331 2301 4385; x_wconf 85' lang='lat' dir='ltr'><strong>uoti-</strong></span> 
     </span>
    </p>
   </div>
   <div class='ocr_carea' id='block_1_74' title="bbox 744 4416 2301 4497">
    <p class='ocr_par' dir='ltr' id='par_1_74' title="bbox 744 4416 2301 4497">
     <span class='ocr_line' id='line_1_74' title="bbox 744 4416 2301 4497; baseline 0 -23"><span class='ocrx_word' id='word_1_613' title='bbox 744 4422 892 4482; x_wconf 83' lang='lat' dir='ltr'><strong>tiam,</strong></span> <span class='ocrx_word' id='word_1_614' title='bbox 918 4431 942 4460; x_wconf 74' lang='grc' dir='ltr'><strong>ο</strong></span> <span class='ocrx_word' id='word_1_615' title='bbox 982 4418 1353 4497; x_wconf 73' lang='grc' dir='ltr'><strong>Δοὰηδεηιιω</strong></span> <span class='ocrx_word' id='word_1_616' title='bbox 1392 4416 1591 4471; x_wconf 75' lang='lat' dir='ltr'><strong>habere</strong></span> <span class='ocrx_word' id='word_1_617' title='bbox 1634 4430 1835 4483; x_wconf 84' lang='lat' dir='ltr'><strong>secum,</strong></span> <span class='ocrx_word' id='word_1_618' title='bbox 1859 4425 1917 4472; x_wconf 88' lang='lat' dir='ltr'><strong>ut</strong></span> <span class='ocrx_word' id='word_1_619' title='bbox 1944 4420 2139 4475; x_wconf 76' lang='lat' dir='ltr'><strong>nostris</strong></span> <span class='ocrx_word' id='word_1_620' title='bbox 2179 4432 2301 4474; x_wconf 86' lang='lat' dir='ltr'><strong>eru—</strong></span> 
     </span>
    </p>
   </div>
   <div class='ocr_carea' id='block_1_75' title="bbox 743 4505 2301 4573">
    <p class='ocr_par' dir='ltr' id='par_1_75' title="bbox 743 4505 2301 4573">
     <span class='ocr_line' id='line_1_75' title="bbox 743 4505 2301 4573; baseline -0.001 -7"><span class='ocrx_word' id='word_1_621' title='bbox 743 4507 1029 4566; x_wconf 79' lang='lat' dir='ltr'><strong>ditionibus</strong></span> <span class='ocrx_word' id='word_1_622' title='bbox 1076 4514 1348 4573; x_wconf 82' lang='lat' dir='ltr'><strong>assuetus,</strong></span> <span class='ocrx_word' id='word_1_623' title='bbox 1376 4513 1432 4559; x_wconf 89' lang='lat' dir='ltr'><strong>et</strong></span> <span class='ocrx_word' id='word_1_624' title='bbox 1475 4505 1687 4562; x_wconf 86' lang='lat' dir='ltr'><strong>illorum</strong></span> <span class='ocrx_word' id='word_1_625' title='bbox 1731 4506 1971 4561; x_wconf 85' lang='lat' dir='ltr'><strong>moribus</strong></span> <span class='ocrx_word' id='word_1_626' title='bbox 2021 4505 2301 4572; x_wconf 73' lang='lat' dir='ltr'><strong>educatus.</strong></span> 
     </span>
    </p>
   </div>
   <div class='ocr_carea' id='block_1_76' title="bbox 744 4594 2299 4665">
    <p class='ocr_par' dir='ltr' id='par_1_76' title="bbox 744 4594 2299 4665">
     <span class='ocr_line' id='line_1_76' title="bbox 744 4594 2299 4665; baseline -0.002 -9"><span class='ocrx_word' id='word_1_627' title='bbox 744 4598 957 4659; x_wconf 75' lang='lat' dir='ltr'><strong>medius</strong></span> <span class='ocrx_word' id='word_1_628' title='bbox 980 4596 1095 4657; x_wconf 40' lang='lat' dir='ltr'><strong>fiat.</strong></span> <span class='ocrx_word' id='word_1_629' title='bbox 1116 4594 1178 4651; x_wconf 83' lang='lat' dir='ltr'><strong>in</strong></span> <span class='ocrx_word' id='word_1_630' title='bbox 1202 4594 1481 4651; x_wconf 80' lang='lat' dir='ltr'><strong>ambarum</strong></span> <span class='ocrx_word' id='word_1_631' title='bbox 1505 4596 1740 4663; x_wconf 80' lang='lat' dir='ltr'><strong>partium</strong></span> <span class='ocrx_word' id='word_1_632' title='bbox 1780 4595 2043 4665; x_wconf 68' lang='lat' dir='ltr'><strong>proiectu.</strong></span> <span class='ocrx_word' id='word_1_633' title='bbox 2074 4596 2299 4663; x_wconf 77' lang='lat' dir='ltr'><strong>Tamen,</strong></span> 
     </span>
    </p>
   </div>
   <div class='ocr_carea' id='block_1_77' title="bbox 2394 3438 3965 3509">
    <p class='ocr_par' dir='ltr' id='par_1_77' title="bbox 2394 3438 3965 3509">
     <span class='ocr_line' id='line_1_77' title="bbox 2394 3438 3965 3509; baseline 0.002 -17"><span class='ocrx_word' id='word_1_634' title='bbox 2394 3440 2489 3492; x_wconf 78' lang='lat' dir='ltr'><strong>uici</strong></span> <span class='ocrx_word' id='word_1_635' title='bbox 2518 3439 2767 3493; x_wconf 75' lang='lat' dir='ltr'><strong>muudum</strong></span> <span class='ocrx_word' id='word_1_636' title='bbox 2791 3438 2970 3508; x_wconf 81' lang='lat' dir='ltr'><strong>(Joan.</strong></span> <span class='ocrx_word' id='word_1_637' title='bbox 2996 3454 3102 3503; x_wconf 78' lang='lat' dir='ltr'><strong>xvi,</strong></span> <span class='ocrx_word' id='word_1_638' title='bbox 3126 3440 3238 3509; x_wconf 75' lang='lat'><strong>53).</strong></span> <span class='ocrx_word' id='word_1_639' title='bbox 3273 3441 3439 3496; x_wconf 74' lang='lat' dir='ltr'><strong>Vince</strong></span> <span class='ocrx_word' id='word_1_640' title='bbox 3463 3442 3589 3497; x_wconf 84' lang='lat' dir='ltr'><strong>etin</strong></span> <span class='ocrx_word' id='word_1_641' title='bbox 3617 3443 3769 3497; x_wconf 85' lang='lat' dir='ltr'><strong>nobis</strong></span> <span class='ocrx_word' id='word_1_642' title='bbox 3793 3446 3965 3497; x_wconf 82' lang='lat' dir='ltr'><strong>servis</strong></span> 
     </span>
    </p>
   </div>
   <div class='ocr_carea' id='block_1_78' title="bbox 2396 3526 3963 3602">
    <p class='ocr_par' dir='ltr' id='par_1_78' title="bbox 2396 3526 3963 3602">
     <span class='ocr_line' id='line_1_78' title="bbox 2396 3526 3963 3602; baseline 0.002 -20"><span class='ocrx_word' id='word_1_643' title='bbox 2396 3529 2516 3583; x_wconf 87' lang='lat' dir='ltr'><strong>tuis.</strong></span> <span class='ocrx_word' id='word_1_644' title='bbox 2547 3528 2649 3601; x_wconf 83' lang='lat' dir='ltr'><strong>[Tu</strong></span> <span class='ocrx_word' id='word_1_645' title='bbox 2698 3526 2826 3602; x_wconf 89' lang='lat' dir='ltr'><strong>scis]</strong></span> <span class='ocrx_word' id='word_1_646' title='bbox 2856 3529 2979 3597; x_wconf 91' lang='lat' dir='ltr'><strong>quia</strong></span> <span class='ocrx_word' id='word_1_647' title='bbox 3026 3530 3141 3585; x_wconf 89' lang='lat' dir='ltr'><strong>sine</strong></span> <span class='ocrx_word' id='word_1_648' title='bbox 3185 3538 3238 3585; x_wconf 87' lang='lat' dir='ltr'><strong>te</strong></span> <span class='ocrx_word' id='word_1_649' title='bbox 3286 3532 3417 3585; x_wconf 83' lang='lat' dir='ltr'><strong>nihil</strong></span> <span class='ocrx_word' id='word_1_650' title='bbox 3453 3530 3630 3587; x_wconf 82' lang='lat' dir='ltr'><strong>facere</strong></span> <span class='ocrx_word' id='word_1_651' title='bbox 3675 3546 3963 3601; x_wconf 88' lang='lat' dir='ltr'><strong>possumus</strong></span> 
     </span>
    </p>
   </div>
   <div class='ocr_carea' id='block_1_79' title="bbox 2395 3618 3961 3692">
    <p class='ocr_par' dir='ltr' id='par_1_79' title="bbox 2395 3618 3961 3692">
     <span class='ocr_line' id='line_1_79' title="bbox 2395 3618 3961 3692; baseline 0.004 -21"><span class='ocrx_word' id='word_1_652' title='bbox 2395 3618 2573 3691; x_wconf 83' lang='lat' dir='ltr'><strong>(Joan.</strong></span> <span class='ocrx_word' id='word_1_653' title='bbox 2592 3636 2681 3685; x_wconf 84' lang='lat' dir='ltr'><strong>xv,</strong></span> <span class='ocrx_word' id='word_1_654' title='bbox 2706 3620 2782 3690; x_wconf 87' lang='lat'><strong>5).</strong></span> <span class='ocrx_word' id='word_1_655' title='bbox 2802 3621 2875 3675; x_wconf 87' lang='lat' dir='ltr'><strong>Da</strong></span> <span class='ocrx_word' id='word_1_656' title='bbox 2895 3636 3012 3676; x_wconf 89' lang='lat' dir='ltr'><strong>cum</strong></span> <span class='ocrx_word' id='word_1_657' title='bbox 3036 3622 3417 3676; x_wconf 78' lang='lat' dir='ltr'><strong>iiduciaservis</strong></span> <span class='ocrx_word' id='word_1_658' title='bbox 3444 3624 3548 3677; x_wconf 91' lang='lat' dir='ltr'><strong>tuis</strong></span> <span class='ocrx_word' id='word_1_659' title='bbox 3567 3622 3711 3692; x_wconf 87' lang='lat' dir='ltr'><strong>loqui</strong></span> <span class='ocrx_word' id='word_1_660' title='bbox 3740 3626 3961 3678; x_wconf 78' lang='lat' dir='ltr'><strong>verbum</strong></span> 
     </span>
    </p>
   </div>
   <div class='ocr_carea' id='block_1_80' title="bbox 2395 3710 3961 3794">
    <p class='ocr_par' dir='ltr' id='par_1_80' title="bbox 2395 3710 3961 3794">
     <span class='ocr_line' id='line_1_80' title="bbox 2395 3710 3961 3794; baseline 0.004 -32"><span class='ocrx_word' id='word_1_661' title='bbox 2395 3717 2564 3772; x_wconf 87' lang='lat' dir='ltr'><strong>tuum,</strong></span> <span class='ocrx_word' id='word_1_662' title='bbox 2592 3717 2645 3764; x_wconf 90' lang='lat' dir='ltr'><strong>et</strong></span> <span class='ocrx_word' id='word_1_663' title='bbox 2672 3710 3012 3779; x_wconf 87' lang='lat' dir='ltr'><strong>loquentibus</strong></span> <span class='ocrx_word' id='word_1_664' title='bbox 3037 3712 3299 3794; x_wconf 68' lang='lat' dir='ltr'><strong>exemplis</strong></span> <span class='ocrx_word' id='word_1_665' title='bbox 3338 3714 3641 3778; x_wconf 84' lang='lat' dir='ltr'><strong>ostendere,</strong></span> <span class='ocrx_word' id='word_1_666' title='bbox 3674 3715 3815 3784; x_wconf 82' lang='lat' dir='ltr'><strong>quod</strong></span> <span class='ocrx_word' id='word_1_667' title='bbox 3866 3728 3961 3769; x_wconf 90' lang='lat' dir='ltr'><strong>ore</strong></span> 
     </span>
    </p>
   </div>
   <div class='ocr_carea' id='block_1_81' title="bbox 2394 3796 3960 3874">
    <p class='ocr_par' dir='ltr' id='par_1_81' title="bbox 2394 3796 3960 3874">
     <span class='ocr_line' id='line_1_81' title="bbox 2394 3796 3960 3874; baseline 0.003 -22"><span class='ocrx_word' id='word_1_668' title='bbox 2394 3796 2700 3874; x_wconf 69' lang='lat' dir='ltr'><strong>praedicent.</strong></span> <span class='ocrx_word' id='word_1_669' title='bbox 2733 3799 2808 3853; x_wconf 86' lang='lat' dir='ltr'><strong>Da</strong></span> <span class='ocrx_word' id='word_1_670' title='bbox 2844 3799 2976 3855; x_wconf 89' lang='lat' dir='ltr'><strong>velle</strong></span> <span class='ocrx_word' id='word_1_671' title='bbox 3001 3809 3055 3855; x_wconf 90' lang='lat' dir='ltr'><strong>et</strong></span> <span class='ocrx_word' id='word_1_672' title='bbox 3080 3800 3334 3871; x_wconf 85' lang='lat' dir='ltr'><strong>perficere</strong></span> <span class='ocrx_word' id='word_1_673' title='bbox 3361 3802 3613 3874; x_wconf 74' lang='lat' dir='ltr'><strong>(Philipp.</strong></span> <span class='ocrx_word' id='word_1_674' title='bbox 3639 3820 3713 3867; x_wconf 88' lang='grc' dir='ltr'>ιι,</span> <span class='ocrx_word' id='word_1_675' title='bbox 3744 3805 3863 3873; x_wconf 76' lang='grc'><strong>15);</strong></span> <span class='ocrx_word' id='word_1_676' title='bbox 3895 3804 3960 3856; x_wconf 87' lang='lat' dir='ltr'><strong>da</strong></span> 
     </span>
    </p>
   </div>
   <div class='ocr_carea' id='block_1_82' title="bbox 2396 3870 3961 3963">
    <p class='ocr_par' dir='ltr' id='par_1_82' title="bbox 2396 3870 3961 3963">
     <span class='ocr_line' id='line_1_82' title="bbox 2396 3870 3961 3963; baseline 0.003 -23"><span class='ocrx_word' id='word_1_677' title='bbox 2396 3870 2455 3940; x_wconf 79' lang='lat' dir='ltr'><strong>ut</strong></span> <span class='ocrx_word' id='word_1_678' title='bbox 2489 3887 2851 3942; x_wconf 85' lang='lat' dir='ltr'><strong>misericordia</strong></span> <span class='ocrx_word' id='word_1_679' title='bbox 2884 3898 2971 3944; x_wconf 91' lang='lat' dir='ltr'><strong>tua</strong></span> <span class='ocrx_word' id='word_1_680' title='bbox 3013 3870 3307 3960; x_wconf 62' lang='lat' dir='ltr'><strong>praeveniat</strong></span> <span class='ocrx_word' id='word_1_681' title='bbox 3332 3870 3503 3961; x_wconf 70' lang='lat' dir='ltr'><strong>(Psal.</strong></span> <span class='ocrx_word' id='word_1_682' title='bbox 3529 3870 3687 3956; x_wconf 52' lang='lat' dir='ltr'><strong>im,</strong></span> <span class='ocrx_word' id='word_1_683' title='bbox 3739 3870 3824 3963; x_wconf 80' lang='lat' dir='ltr'><strong>il)</strong></span> <span class='ocrx_word' id='word_1_684' title='bbox 3848 3933 3863 3955; x_wconf 91' lang='lat'><strong>,</strong></span> <span class='ocrx_word' id='word_1_685' title='bbox 3909 3902 3961 3947; x_wconf 91' lang='lat' dir='ltr'><strong>et</strong></span> 
     </span>
    </p>
   </div>
   <div class='ocr_carea' id='block_1_83' title="bbox 2326 3976 3955 4054">
    <p class='ocr_par' dir='ltr' id='par_1_83' title="bbox 2326 3976 3955 4054">
     <span class='ocr_line' id='line_1_83' title="bbox 2326 3976 3955 4054; baseline 0.005 -25"><span class='ocrx_word' id='word_1_686' title='bbox 2326 4042 2335 4051; x_wconf 38' lang='lat'><strong><em>.</em></strong></span> <span class='ocrx_word' id='word_1_687' title='bbox 2396 3976 2760 4031; x_wconf 86' lang='lat' dir='ltr'><strong>misericordia</strong></span> <span class='ocrx_word' id='word_1_688' title='bbox 2811 3986 2897 4031; x_wconf 89' lang='lat' dir='ltr'><strong>tua</strong></span> <span class='ocrx_word' id='word_1_689' title='bbox 2942 3982 3298 4049; x_wconf 84' lang='lat' dir='ltr'><strong>subsequatur</strong></span> <span class='ocrx_word' id='word_1_690' title='bbox 3342 3997 3441 4037; x_wconf 90' lang='lat' dir='ltr'><strong>nos</strong></span> <span class='ocrx_word' id='word_1_691' title='bbox 3485 3982 3654 4051; x_wconf 83' lang='lat' dir='ltr'><strong>(Psal.</strong></span> <span class='ocrx_word' id='word_1_692' title='bbox 3686 4000 3822 4049; x_wconf 86' lang='lat' dir='ltr'><strong>xxu,</strong></span> <span class='ocrx_word' id='word_1_693' title='bbox 3854 3983 3955 4054; x_wconf 79' lang='lat'><strong>6):</strong></span> 
     </span>
    </p>
   </div>
   <div class='ocr_carea' id='block_1_84' title="bbox 2395 4064 3955 4144">
    <p class='ocr_par' dir='ltr' id='par_1_84' title="bbox 2395 4064 3955 4144">
     <span class='ocr_line' id='line_1_84' title="bbox 2395 4064 3955 4144; baseline 0.01 -30"><span class='ocrx_word' id='word_1_694' title='bbox 2395 4064 2683 4131; x_wconf 67' lang='lat' dir='ltr'><strong>praeveniat</strong></span> <span class='ocrx_word' id='word_1_695' title='bbox 2723 4066 2790 4119; x_wconf 89' lang='lat' dir='ltr'><strong>ad</strong></span> <span class='ocrx_word' id='word_1_696' title='bbox 2844 4067 3242 4137; x_wconf 87' lang='lat' dir='ltr'><strong>incipiendum,</strong></span> <span class='ocrx_word' id='word_1_697' title='bbox 3278 4073 3633 4142; x_wconf 85' lang='lat' dir='ltr'><strong>subsequatur</strong></span> <span class='ocrx_word' id='word_1_698' title='bbox 3679 4075 3745 4128; x_wconf 83' lang='lat' dir='ltr'><strong>ad</strong></span> <span class='ocrx_word' id='word_1_699' title='bbox 3796 4073 3955 4144; x_wconf 79' lang='lat' dir='ltr'><strong>perii-</strong></span> 
     </span>
    </p>
   </div>
   <div class='ocr_carea' id='block_1_85' title="bbox 2397 4150 3957 4229">
    <p class='ocr_par' dir='ltr' id='par_1_85' title="bbox 2397 4150 3957 4229">
     <span class='ocr_line' id='line_1_85' title="bbox 2397 4150 3957 4229; baseline 0.006 -23"><span class='ocrx_word' id='word_1_700' title='bbox 2397 4150 2641 4206; x_wconf 89' lang='lat' dir='ltr'><strong>ciendum</strong></span> <span class='ocrx_word' id='word_1_701' title='bbox 2695 4150 2826 4224; x_wconf 80' lang='grc' dir='ltr'><strong>[Αι.,</strong></span> <span class='ocrx_word' id='word_1_702' title='bbox 2885 4155 3256 4228; x_wconf 75' lang='grc' dir='ltr'>ἱιιιρι.ιιιίιιιιιι].</span> <span class='ocrx_word' id='word_1_703' title='bbox 3311 4159 3447 4224; x_wconf 88' lang='lat' dir='ltr'><strong>Quid</strong></span> <span class='ocrx_word' id='word_1_704' title='bbox 3501 4160 3652 4229; x_wconf 87' lang='lat' dir='ltr'><strong>plura</strong></span> <span class='ocrx_word' id='word_1_705' title='bbox 3705 4162 3957 4217; x_wconf 80' lang='lat' dir='ltr'><strong>habemus</strong></span> 
     </span>
    </p>
   </div>
   <div class='ocr_carea' id='block_1_86' title="bbox 2397 4242 3956 4325">
    <p class='ocr_par' dir='ltr' id='par_1_86' title="bbox 2397 4242 3956 4325">
     <span class='ocr_line' id='line_1_86' title="bbox 2397 4242 3956 4325; baseline 0.007 -29"><span class='ocrx_word' id='word_1_706' title='bbox 2397 4242 2593 4305; x_wconf 86' lang='lat' dir='ltr'><strong>dicere,</strong></span> <span class='ocrx_word' id='word_1_707' title='bbox 2624 4244 2724 4297; x_wconf 87' lang='lat' dir='ltr'><strong>nisi</strong></span> <span class='ocrx_word' id='word_1_708' title='bbox 2754 4254 2811 4297; x_wconf 91' lang='lat' dir='ltr'><strong>ut</strong></span> <span class='ocrx_word' id='word_1_709' title='bbox 2842 4244 2935 4299; x_wconf 83' lang='lat' dir='ltr'><strong>fiat</strong></span> <span class='ocrx_word' id='word_1_710' title='bbox 2960 4247 3203 4303; x_wconf 78' lang='lat' dir='ltr'><strong>voluntas</strong></span> <span class='ocrx_word' id='word_1_711' title='bbox 3235 4257 3324 4302; x_wconf 89' lang='lat' dir='ltr'><strong>tua</strong></span> <span class='ocrx_word' id='word_1_712' title='bbox 3349 4290 3363 4314; x_wconf 91' lang='lat'><strong>,</strong></span> <span class='ocrx_word' id='word_1_713' title='bbox 3413 4252 3503 4319; x_wconf 89' lang='lat' dir='ltr'><strong>qui</strong></span> <span class='ocrx_word' id='word_1_714' title='bbox 3538 4251 3618 4305; x_wconf 85' lang='lat' dir='ltr'><strong>vis</strong></span> <span class='ocrx_word' id='word_1_715' title='bbox 3644 4266 3829 4325; x_wconf 85' lang='lat' dir='ltr'><strong>omnes</strong></span> <span class='ocrx_word' id='word_1_716' title='bbox 3866 4252 3956 4306; x_wconf 83' lang='lat' dir='ltr'><strong>bo-</strong></span> 
     </span>
    </p>
   </div>
   <div class='ocr_carea' id='block_1_87' title="bbox 2399 4331 3952 4415">
    <p class='ocr_par' dir='ltr' id='par_1_87' title="bbox 2399 4331 3952 4415">
     <span class='ocr_line' id='line_1_87' title="bbox 2399 4331 3952 4415; baseline 0.009 -31"><span class='ocrx_word' id='word_1_717' title='bbox 2399 4332 2568 4386; x_wconf 86' lang='lat' dir='ltr'><strong>mines</strong></span> <span class='ocrx_word' id='word_1_718' title='bbox 2594 4331 2769 4415; x_wconf 77' lang='lat' dir='ltr'><strong>salvos</strong></span> <span class='ocrx_word' id='word_1_719' title='bbox 2796 4332 2950 4387; x_wconf 82' lang='lat' dir='ltr'><strong>ﬂeri?</strong></span> <span class='ocrx_word' id='word_1_720' title='bbox 2975 4332 3026 4406; x_wconf 83' lang='grc'><strong>(1</strong></span> <span class='ocrx_word' id='word_1_721' title='bbox 3075 4336 3207 4391; x_wconf 88' lang='lat' dir='ltr'><strong>Tim.</strong></span> <span class='ocrx_word' id='word_1_722' title='bbox 3241 4352 3278 4392; x_wconf 87' lang='grc' dir='ltr'><strong>ιι</strong></span> <span class='ocrx_word' id='word_1_723' title='bbox 3298 4378 3313 4403; x_wconf 93' lang='lat'><strong>,</strong></span> <span class='ocrx_word' id='word_1_724' title='bbox 3353 4338 3433 4409; x_wconf 71' lang='grc'><strong>4.)</strong></span> <span class='ocrx_word' id='word_1_725' title='bbox 3466 4338 3577 4394; x_wconf 85' lang='lat' dir='ltr'><strong>&#39;l&#39;ua</strong></span> <span class='ocrx_word' id='word_1_726' title='bbox 3606 4341 3849 4396; x_wconf 78' lang='lat' dir='ltr'><strong>voluntas</strong></span> <span class='ocrx_word' id='word_1_727' title='bbox 3874 4356 3952 4397; x_wconf 46' lang='lat' dir='ltr'><strong>sar</strong></span> 
     </span>
    </p>
   </div>
   <div class='ocr_carea' id='block_1_88' title="bbox 2398 4421 3881 4494">
    <p class='ocr_par' dir='ltr' id='par_1_88' title="bbox 2398 4421 3881 4494">
     <span class='ocr_line' id='line_1_88' title="bbox 2398 4421 3881 4494; baseline 0.007 -19"><span class='ocrx_word' id='word_1_728' title='bbox 2398 4421 2481 4476; x_wconf 85' lang='lat' dir='ltr'><strong>ius</strong></span> <span class='ocrx_word' id='word_1_729' title='bbox 2509 4431 2591 4476; x_wconf 89' lang='lat' dir='ltr'><strong>est</strong></span> <span class='ocrx_word' id='word_1_730' title='bbox 2624 4432 2830 4487; x_wconf 85' lang='lat' dir='ltr'><strong>nostra,</strong></span> <span class='ocrx_word' id='word_1_731' title='bbox 2858 4423 3029 4494; x_wconf 84' lang='lat' dir='ltr'><strong>gloria</strong></span> <span class='ocrx_word' id='word_1_732' title='bbox 3067 4436 3252 4481; x_wconf 90' lang='lat' dir='ltr'><strong>nostra</strong></span> <span class='ocrx_word' id='word_1_733' title='bbox 3296 4437 3352 4482; x_wconf 90' lang='lat' dir='ltr'><strong>et</strong></span> <span class='ocrx_word' id='word_1_734' title='bbox 3379 4429 3655 4485; x_wconf 85' lang='lat' dir='ltr'><strong>beatitudo</strong></span> <span class='ocrx_word' id='word_1_735' title='bbox 3680 4441 3881 4486; x_wconf 86' lang='lat' dir='ltr'><strong>nostra.</strong></span> 
     </span>
    </p>
   </div>
   <div class='ocr_carea' id='block_1_89' title="bbox 2469 4499 3948 4584">
    <p class='ocr_par' dir='ltr' id='par_1_89' title="bbox 2469 4499 3948 4584">
     <span class='ocr_line' id='line_1_89' title="bbox 2469 4499 3948 4584; baseline 0.007 -19"><span class='ocrx_word' id='word_1_736' title='bbox 2469 4509 2573 4565; x_wconf 78' lang='lat' dir='ltr'><strong>Per</strong></span> <span class='ocrx_word' id='word_1_737' title='bbox 2594 4512 2881 4580; x_wconf 81' lang='lat' dir='ltr'><strong>quemdam</strong></span> <span class='ocrx_word' id='word_1_738' title='bbox 2894 4516 3395 4581; x_wconf 79' lang='lat' dir='ltr'><strong>mentisexcessum,</strong></span> <span class='ocrx_word' id='word_1_739' title='bbox 3412 4531 3447 4571; x_wconf 95' lang='lat' dir='ltr'><strong>o</strong></span> <span class='ocrx_word' id='word_1_740' title='bbox 3461 4516 3625 4572; x_wconf 80' lang='lat' dir='ltr'><strong>frater</strong></span> <span class='ocrx_word' id='word_1_741' title='bbox 3634 4499 3948 4584; x_wconf 78' lang='lat' dir='ltr'><strong>venerande,</strong></span> 
     </span>
    </p>
   </div>
   <div class='ocr_carea' id='block_1_90' title="bbox 2401 4598 3951 4677">
    <p class='ocr_par' dir='ltr' id='par_1_90' title="bbox 2401 4598 3951 4677">
     <span class='ocr_line' id='line_1_90' title="bbox 2401 4598 3951 4677; baseline 0.006 -23"><span class='ocrx_word' id='word_1_742' title='bbox 2401 4599 2516 4654; x_wconf 71' lang='lat' dir='ltr'><strong>hac</strong></span> <span class='ocrx_word' id='word_1_743' title='bbox 2540 4598 2748 4654; x_wconf 68' lang='lat' dir='ltr'><strong>inuitus</strong></span> <span class='ocrx_word' id='word_1_744' title='bbox 2771 4615 2910 4667; x_wconf 87' lang='lat' dir='ltr'><strong>sum,</strong></span> <span class='ocrx_word' id='word_1_745' title='bbox 2933 4616 3039 4657; x_wconf 89' lang='lat' dir='ltr'><strong>non</strong></span> <span class='ocrx_word' id='word_1_746' title='bbox 3062 4612 3170 4658; x_wconf 89' lang='lat' dir='ltr'><strong>tam</strong></span> <span class='ocrx_word' id='word_1_747' title='bbox 3210 4607 3454 4661; x_wconf 88' lang='lat' dir='ltr'><strong>ordinate</strong></span> <span class='ocrx_word' id='word_1_748' title='bbox 3477 4621 3637 4677; x_wconf 86' lang='lat' dir='ltr'><strong>quam</strong></span> <span class='ocrx_word' id='word_1_749' title='bbox 3665 4609 3951 4677; x_wconf 83' lang='lat' dir='ltr'><strong>epistolaris</strong></span> 
     </span>
    </p>
   </div>
   <div class='ocr_carea' id='block_1_91' title="bbox 745 4682 3953 4768">
    <p class='ocr_par' dir='ltr' id='par_1_91' title="bbox 745 4682 3953 4768">
     <span class='ocr_line' id='line_1_91' title="bbox 745 4682 3953 4768; baseline 0.003 -22"><span class='ocrx_word' id='word_1_750' title='bbox 745 4696 808 4745; x_wconf 67' lang='lat' dir='ltr'><strong>ut</strong></span> <span class='ocrx_word' id='word_1_751' title='bbox 823 4687 978 4746; x_wconf 74' lang='lat' dir='ltr'><strong>vobis</strong></span> <span class='ocrx_word' id='word_1_752' title='bbox 996 4683 1231 4751; x_wconf 65' lang='lat' dir='ltr'><strong>videtnr,</strong></span> <span class='ocrx_word' id='word_1_753' title='bbox 1416 4690 1473 4739; x_wconf 82' lang='lat' dir='ltr'><strong>et</strong></span> <span class='ocrx_word' id='word_1_754' title='bbox 1490 4683 1651 4741; x_wconf 71' lang='lat' dir='ltr'><strong>citius</strong></span> <span class='ocrx_word' id='word_1_755' title='bbox 1667 4698 1755 4740; x_wconf 87' lang='lat' dir='ltr'><strong>me</strong></span> <span class='ocrx_word' id='word_1_756' title='bbox 1783 4685 1929 4743; x_wconf 86' lang='lat' dir='ltr'><strong>scire</strong></span> <span class='ocrx_word' id='word_1_757' title='bbox 1949 4683 2157 4745; x_wconf 62' lang='grc' dir='ltr'><strong>ἰπὶθὼ</strong></span> <span class='ocrx_word' id='word_1_758' title='bbox 2174 4688 2301 4756; x_wconf 83' lang='lat' dir='ltr'><strong>quid</strong></span> <span class='ocrx_word' id='word_1_759' title='bbox 2337 4699 2383 4759; x_wconf 76' lang='grc' dir='ltr'><strong>ο</strong></span> <span class='ocrx_word' id='word_1_760' title='bbox 2404 4687 2643 4758; x_wconf 82' lang='lat' dir='ltr'><strong>postulat</strong></span> <span class='ocrx_word' id='word_1_761' title='bbox 2658 4692 2925 4760; x_wconf 78' lang='lat' dir='ltr'><strong>angustia,</strong></span> <span class='ocrx_word' id='word_1_762' title='bbox 2946 4692 3038 4755; x_wconf 86' lang='lat' dir='ltr'><strong>sed</strong></span> <span class='ocrx_word' id='word_1_763' title='bbox 3066 4703 3172 4749; x_wconf 83' lang='lat' dir='ltr'><strong>tam</strong></span> <span class='ocrx_word' id='word_1_764' title='bbox 3198 4694 3441 4752; x_wconf 68' lang='lat' dir='ltr'><strong>allective</strong></span> <span class='ocrx_word' id='word_1_765' title='bbox 3456 4712 3616 4768; x_wconf 75' lang='lat' dir='ltr'><strong>quam</strong></span> <span class='ocrx_word' id='word_1_766' title='bbox 3642 4698 3828 4755; x_wconf 81' lang='lat' dir='ltr'><strong>intima</strong></span> <span class='ocrx_word' id='word_1_767' title='bbox 3841 4713 3953 4755; x_wconf 75' lang='lat' dir='ltr'><strong>cor-</strong></span> 
     </span>
    </p>
   </div>
   <div class='ocr_carea' id='block_1_92' title="bbox 745 4767 2302 4845">
    <p class='ocr_par' dir='ltr' id='par_1_92' title="bbox 745 4767 2302 4845">
     <span class='ocr_line' id='line_1_92' title="bbox 745 4767 2302 4845; baseline -0.006 -14"><span class='ocrx_word' id='word_1_768' title='bbox 745 4767 1614 4845; x_wconf 60' lang='lat' dir='ltr'><strong>vobisplamtlit‘dedomni</strong></span> <span class='ocrx_word' id='word_1_769' title='bbox 1657 4772 2302 4844; x_wconf 54' lang='lat' dir='ltr'><strong>regiam-co.</strong></span> 
     </span>
    </p>
   </div>
   <div class='ocr_carea' id='block_1_93' title="bbox 747 4861 2295 4937">
    <p class='ocr_par' dir='ltr' id='par_1_93' title="bbox 747 4861 2295 4937">
     <span class='ocr_line' id='line_1_93' title="bbox 747 4861 2295 4937; baseline 0.001 -18"><span class='ocrx_word' id='word_1_770' title='bbox 747 4876 966 4935; x_wconf 76' lang='lat' dir='ltr'><strong>stroqu</strong></span> <span class='ocrx_word' id='word_1_771' title='bbox 990 4862 1184 4921; x_wconf 78' lang='lat' dir='ltr'><strong>itinere</strong></span> <span class='ocrx_word' id='word_1_772' title='bbox 1208 4861 1293 4919; x_wconf 84' lang='lat' dir='ltr'><strong>vel</strong></span> <span class='ocrx_word' id='word_1_773' title='bbox 1318 4861 1667 4929; x_wconf 77' lang='lat' dir='ltr'><strong>habitatione,</strong></span> <span class='ocrx_word' id='word_1_774' title='bbox 1686 4870 1743 4919; x_wconf 84' lang='lat' dir='ltr'><strong>et</strong></span> <span class='ocrx_word' id='word_1_775' title='bbox 1765 4864 1835 4920; x_wconf 79' lang='lat' dir='ltr'><strong>de</strong></span> <span class='ocrx_word' id='word_1_776' title='bbox 1854 4865 2053 4924; x_wconf 70' lang='lat' dir='ltr'><strong>dorum</strong></span> <span class='ocrx_word' id='word_1_777' title='bbox 2077 4875 2295 4937; x_wconf 75' lang='lat' dir='ltr'><strong>aposto-</strong></span> 
     </span>
    </p>
   </div>
   <div class='ocr_carea' id='block_1_94' title="bbox 748 4951 2301 5028">
    <p class='ocr_par' dir='ltr' id='par_1_94' title="bbox 748 4951 2301 5028">
     <span class='ocr_line' id='line_1_94' title="bbox 748 4951 2301 5028; baseline 0.004 -20"><span class='ocrx_word' id='word_1_778' title='bbox 748 4957 869 5021; x_wconf 78' lang='lat' dir='ltr'><strong>lico,</strong></span> <span class='ocrx_word' id='word_1_779' title='bbox 905 4952 924 4993; x_wconf 75' lang='grc' dir='ltr'>ί</span> <span class='ocrx_word' id='word_1_780' title='bbox 952 4960 1008 5010; x_wconf 81' lang='lat' dir='ltr'><strong>et</strong></span> <span class='ocrx_word' id='word_1_781' title='bbox 1046 4954 1219 5010; x_wconf 79' lang='lat' dir='ltr'><strong>sancti</strong></span> <span class='ocrx_word' id='word_1_782' title='bbox 1240 4951 1391 5007; x_wconf 70' lang='lat' dir='ltr'><strong>Pauli</strong></span> <span class='ocrx_word' id='word_1_783' title='bbox 1428 4968 1613 5019; x_wconf 76' lang='lat' dir='ltr'><strong>causa,</strong></span> <span class='ocrx_word' id='word_1_784' title='bbox 1639 4962 1697 5010; x_wconf 82' lang='lat' dir='ltr'><strong>es</strong></span> <span class='ocrx_word' id='word_1_785' title='bbox 1735 4954 1950 5011; x_wconf 71' lang='lat' dir='ltr'><strong>caterls</strong></span> <span class='ocrx_word' id='word_1_786' title='bbox 1994 4958 2301 5028; x_wconf 64' lang='lat' dir='ltr'><strong>rebusque</strong></span> 
     </span>
    </p>
   </div>
   <div class='ocr_carea' id='block_1_95' title="bbox 748 5042 2305 5117">
    <p class='ocr_par' dir='ltr' id='par_1_95' title="bbox 748 5042 2305 5117">
     <span class='ocr_line' id='line_1_95' title="bbox 748 5042 2305 5117; baseline 0 -16"><span class='ocrx_word' id='word_1_787' title='bbox 748 5045 903 5105; x_wconf 86' lang='lat' dir='ltr'><strong>nobis</strong></span> <span class='ocrx_word' id='word_1_788' title='bbox 927 5051 1052 5099; x_wconf 84' lang='lat' dir='ltr'><strong>sunt</strong></span> <span class='ocrx_word' id='word_1_789' title='bbox 1077 5042 1375 5100; x_wconf 82' lang='lat' dir='ltr'><strong>necessaria</strong></span> <span class='ocrx_word' id='word_1_790' title='bbox 1420 5042 1521 5116; x_wconf 77' lang='grc'><strong>71</strong></span> <span class='ocrx_word' id='word_1_791' title='bbox 1551 5044 1633 5101; x_wconf 81' lang='lat' dir='ltr'><strong>vel</strong></span> <span class='ocrx_word' id='word_1_792' title='bbox 1668 5043 1906 5117; x_wconf 78' lang='lat' dir='ltr'><strong>jucunda</strong></span> <span class='ocrx_word' id='word_1_793' title='bbox 1942 5046 2147 5105; x_wconf 74' lang='lat' dir='ltr'><strong>avdire.</strong></span> <span class='ocrx_word' id='word_1_794' title='bbox 2191 5048 2305 5108; x_wconf 79' lang='lat' dir='ltr'><strong>Boe</strong></span> 
     </span>
    </p>
   </div>
   <div class='ocr_carea' id='block_1_96' title="bbox 750 5131 2305 5208">
    <p class='ocr_par' dir='ltr' id='par_1_96' title="bbox 750 5131 2305 5208">
     <span class='ocr_line' id='line_1_96' title="bbox 750 5131 2305 5208; baseline 0.005 -18"><span class='ocrx_word' id='word_1_795' title='bbox 750 5136 888 5191; x_wconf 85' lang='lat' dir='ltr'><strong>scias</strong></span> <span class='ocrx_word' id='word_1_796' title='bbox 936 5131 1236 5191; x_wconf 82' lang='lat' dir='ltr'><strong>certissime</strong></span> <span class='ocrx_word' id='word_1_797' title='bbox 1276 5133 1421 5203; x_wconf 85' lang='lat' dir='ltr'><strong>quod</strong></span> <span class='ocrx_word' id='word_1_798' title='bbox 1464 5135 1521 5192; x_wconf 82' lang='lat' dir='ltr'><strong>in</strong></span> <span class='ocrx_word' id='word_1_799' title='bbox 1560 5134 1839 5194; x_wconf 68' lang='lat' dir='ltr'><strong>Toronic&#39;u</strong></span> <span class='ocrx_word' id='word_1_800' title='bbox 1882 5136 2131 5208; x_wconf 75' lang='lat' dir='ltr'><strong>partibus</strong></span> <span class='ocrx_word' id='word_1_801' title='bbox 2169 5153 2305 5208; x_wconf 77' lang='lat' dir='ltr'><strong>pene</strong></span> 
     </span>
    </p>
   </div>
   <div class='ocr_carea' id='block_1_97' title="bbox 751 5210 2309 5295">
    <p class='ocr_par' dir='ltr' id='par_1_97' title="bbox 751 5210 2309 5295">
     <span class='ocr_line' id='line_1_97' title="bbox 751 5210 2309 5295; baseline 0.004 -20"><span class='ocrx_word' id='word_1_802' title='bbox 751 5210 1337 5295; x_wconf 36' lang='lat' dir='ltr'><strong>nihil&#39;remansitlvini.</strong></span> <span class='ocrx_word' id='word_1_803' title='bbox 1379 5220 1697 5294; x_wconf 71' lang='lat' dir='ltr'><strong>frugumque</strong></span> <span class='ocrx_word' id='word_1_804' title='bbox 1742 5227 2069 5281; x_wconf 80' lang='lat' dir='ltr'><strong>abundantia</strong></span> <span class='ocrx_word' id='word_1_805' title='bbox 2100 5227 2187 5281; x_wconf 88' lang='lat' dir='ltr'><strong>vix</strong></span> <span class='ocrx_word' id='word_1_806' title='bbox 2237 5230 2309 5282; x_wconf 75' lang='lat' dir='ltr'><strong>ad</strong></span> 
     </span>
    </p>
   </div>
   <div class='ocr_carea' id='block_1_98' title="bbox 753 5312 2298 5382">
    <p class='ocr_par' dir='ltr' id='par_1_98' title="bbox 753 5312 2298 5382">
     <span class='ocr_line' id='line_1_98' title="bbox 753 5312 2298 5382; baseline 0.003 -15"><span class='ocrx_word' id='word_1_807' title='bbox 753 5313 1090 5379; x_wconf 67' lang='lat' dir='ltr'><strong>medietatem</strong></span> <span class='ocrx_word' id='word_1_808' title='bbox 1106 5314 1328 5367; x_wconf 86' lang='lat' dir='ltr'><strong>alterius</strong></span> <span class='ocrx_word' id='word_1_809' title='bbox 1352 5312 1494 5365; x_wconf 85' lang='lat' dir='ltr'><strong>anni.</strong></span> <span class='ocrx_word' id='word_1_810' title='bbox 1528 5312 1649 5367; x_wconf 82' lang='lat' dir='ltr'><strong>ideo</strong></span> <span class='ocrx_word' id='word_1_811' title='bbox 1682 5317 1889 5376; x_wconf 78' lang='lat' dir='ltr'><strong>vadum.</strong></span> <span class='ocrx_word' id='word_1_812' title='bbox 1912 5317 2140 5371; x_wconf 76' lang='lat' dir='ltr'><strong>“volente</strong></span> <span class='ocrx_word' id='word_1_813' title='bbox 2166 5317 2298 5382; x_wconf 82' lang='lat' dir='ltr'><strong>Deo,</strong></span> 
     </span>
    </p>
   </div>
   <div class='ocr_carea' id='block_1_99' title="bbox 753 5398 2306 5475">
    <p class='ocr_par' dir='ltr' id='par_1_99' title="bbox 753 5398 2306 5475">
     <span class='ocr_line' id='line_1_99' title="bbox 753 5398 2306 5475; baseline 0.007 -23"><span class='ocrx_word' id='word_1_814' title='bbox 753 5401 968 5455; x_wconf 81' lang='lat' dir='ltr'><strong>visitare</strong></span> <span class='ocrx_word' id='word_1_815' title='bbox 1009 5398 1213 5464; x_wconf 68' lang='lat' dir='ltr'><strong>fratres,</strong></span> <span class='ocrx_word' id='word_1_816' title='bbox 1242 5415 1294 5457; x_wconf 91' lang='lat' dir='ltr'><strong>et</strong></span> <span class='ocrx_word' id='word_1_817' title='bbox 1323 5402 1570 5457; x_wconf 88' lang='lat' dir='ltr'><strong>ordinare</strong></span> <span class='ocrx_word' id='word_1_818' title='bbox 1594 5419 1678 5459; x_wconf 88' lang='lat' dir='ltr'><strong>res</strong></span> <span class='ocrx_word' id='word_1_819' title='bbox 1706 5405 1939 5472; x_wconf 86' lang='lat' dir='ltr'><strong>illorum,</strong></span> <span class='ocrx_word' id='word_1_820' title='bbox 1970 5422 2218 5475; x_wconf 83' lang='lat' dir='ltr'><strong>reversus</strong></span> <span class='ocrx_word' id='word_1_821' title='bbox 2252 5410 2306 5463; x_wconf 91' lang='lat' dir='ltr'><strong>in</strong></span> 
     </span>
    </p>
   </div>
   <div class='ocr_carea' id='block_1_100' title="bbox 754 5490 2304 5566">
    <p class='ocr_par' dir='ltr' id='par_1_100' title="bbox 754 5490 2304 5566">
     <span class='ocr_line' id='line_1_100' title="bbox 754 5490 2304 5566; baseline 0.004 -21"><span class='ocrx_word' id='word_1_822' title='bbox 754 5490 839 5547; x_wconf 73' lang='lat' dir='ltr'><strong>his</strong></span> <span class='ocrx_word' id='word_1_823' title='bbox 858 5492 1051 5547; x_wconf 83' lang='lat' dir='ltr'><strong>iterum</strong></span> <span class='ocrx_word' id='word_1_824' title='bbox 1077 5507 1281 5547; x_wconf 80' lang='lat' dir='ltr'><strong>morare</strong></span> <span class='ocrx_word' id='word_1_825' title='bbox 1307 5492 1565 5562; x_wconf 66' lang='lat' dir='ltr'><strong>partibus.</strong></span> <span class='ocrx_word' id='word_1_826' title='bbox 1602 5492 1660 5547; x_wconf 86' lang='lat' dir='ltr'><strong>Si</strong></span> <span class='ocrx_word' id='word_1_827' title='bbox 1700 5495 1894 5563; x_wconf 73' lang='lat' dir='ltr'><strong>domno</strong></span> <span class='ocrx_word' id='word_1_828' title='bbox 1933 5497 2043 5566; x_wconf 83' lang='lat' dir='ltr'><strong>regi</strong></span> <span class='ocrx_word' id='word_1_829' title='bbox 2076 5498 2304 5565; x_wconf 85' lang='lat' dir='ltr'><strong>placuis-</strong></span> 
     </span>
    </p>
   </div>
   <div class='ocr_carea' id='block_1_101' title="bbox 827 5600 2309 5684">
    <p class='ocr_par' dir='ltr' id='par_1_101' title="bbox 827 5600 2309 5684">
     <span class='ocr_line' id='line_1_101' title="bbox 827 5600 2309 5684; baseline 0.007 -12"><span class='ocrx_word' id='word_1_830' title='bbox 827 5631 851 5658; x_wconf 78' lang='grc' dir='ltr'><strong>ι</strong></span> <span class='ocrx_word' id='word_1_831' title='bbox 893 5616 1075 5674; x_wconf 80' lang='lat' dir='ltr'><strong>Witto.</strong></span> <span class='ocrx_word' id='word_1_832' title='bbox 1125 5617 1299 5674; x_wconf 74' lang='lat' dir='ltr'><strong>Witzu</strong></span> <span class='ocrx_word' id='word_1_833' title='bbox 1328 5600 1461 5684; x_wconf 70' lang='lat' dir='ltr'><strong>forte</strong></span> <span class='ocrx_word' id='word_1_834' title='bbox 1498 5635 1590 5675; x_wconf 81' lang='lat' dir='ltr'><strong>seu</strong></span> <span class='ocrx_word' id='word_1_835' title='bbox 1617 5618 1885 5681; x_wconf 79' lang='lat' dir='ltr'><strong>Candidus</strong></span> <span class='ocrx_word' id='word_1_836' title='bbox 1905 5626 2112 5681; x_wconf 80' lang='lat' dir='ltr'><strong>Alcuini</strong></span> <span class='ocrx_word' id='word_1_837' title='bbox 2150 5628 2309 5683; x_wconf 80' lang='lat' dir='ltr'><strong>disci-</strong></span> 
     </span>
    </p>
   </div>
   <div class='ocr_carea' id='block_1_102' title="bbox 758 5685 1551 5757">
    <p class='ocr_par' dir='ltr' id='par_1_102' title="bbox 758 5685 1551 5757">
     <span class='ocr_line' id='line_1_102' title="bbox 758 5685 1551 5757; baseline 0.004 -17"><span class='ocrx_word' id='word_1_838' title='bbox 758 5685 938 5757; x_wconf 77' lang='lat' dir='ltr'><strong>pulus,</strong></span> <span class='ocrx_word' id='word_1_839' title='bbox 964 5688 1028 5757; x_wconf 62' lang='lat' dir='ltr'><strong>de</strong></span> <span class='ocrx_word' id='word_1_840' title='bbox 1056 5692 1160 5757; x_wconf 87' lang='lat' dir='ltr'><strong>quo</strong></span> <span class='ocrx_word' id='word_1_841' title='bbox 1180 5687 1551 5757; x_wconf 15' lang='lat' dir='ltr'><strong>alibigsaepius.</strong></span> 
     </span>
    </p>
   </div>
   <div class='ocr_carea' id='block_1_103' title="bbox 832 5747 2349 5826">
    <p class='ocr_par' dir='ltr' id='par_1_103' title="bbox 832 5747 2349 5826">
     <span class='ocr_line' id='line_1_103' title="bbox 832 5747 2349 5826; baseline 0.007 -18"><span class='ocrx_word' id='word_1_842' title='bbox 832 5758 855 5793; x_wconf 75' lang='grc' dir='ltr'>υ</span> <span class='ocrx_word' id='word_1_843' title='bbox 895 5747 955 5826; x_wconf 80' lang='lat' dir='ltr'><strong>s.</strong></span> <span class='ocrx_word' id='word_1_844' title='bbox 982 5747 1274 5811; x_wconf 66' lang='lat' dir='ltr'><strong>Hrddberti.</strong></span> <span class='ocrx_word' id='word_1_845' title='bbox 1307 5755 1363 5811; x_wconf 88' lang='lat' dir='ltr'><strong>s.</strong></span> <span class='ocrx_word' id='word_1_846' title='bbox 1390 5747 1626 5826; x_wconf 69' lang='lat' dir='ltr'><strong>Ruperti,</strong></span> <span class='ocrx_word' id='word_1_847' title='bbox 1664 5761 1819 5817; x_wconf 88' lang='lat' dir='ltr'><strong>modo</strong></span> <span class='ocrx_word' id='word_1_848' title='bbox 1852 5760 1907 5815; x_wconf 90' lang='lat' dir='ltr'><strong>s.</strong></span> <span class='ocrx_word' id='word_1_849' title='bbox 1949 5762 2093 5821; x_wconf 81' lang='lat' dir='ltr'><strong>Petri</strong></span> <span class='ocrx_word' id='word_1_850' title='bbox 2139 5747 2349 5821; x_wconf 51' lang='lat' dir='ltr'><strong>satis?</strong></span> 
     </span>
    </p>
   </div>
   <div class='ocr_carea' id='block_1_104' title="bbox 764 5825 2315 5959">
    <p class='ocr_par' dir='ltr' id='par_1_104' title="bbox 764 5825 2315 5959">
     <span class='ocr_line' id='line_1_104' title="bbox 764 5825 2315 5959; baseline 0.013 -19"><span class='ocrx_word' id='word_1_851' title='bbox 764 5825 1259 5946; x_wconf 49' lang='lat' dir='ltr'><strong>Luigkediibcrtum.</strong></span> <span class='ocrx_word' id='word_1_852' title='bbox 1288 5894 1447 5950; x_wconf 84' lang='lat' dir='ltr'><strong>Forte</strong></span> <span class='ocrx_word' id='word_1_853' title='bbox 1478 5896 1520 5952; x_wconf 88' lang='lat' dir='ltr'><strong>is</strong></span> <span class='ocrx_word' id='word_1_854' title='bbox 1560 5906 1639 5951; x_wconf 80' lang='lat' dir='ltr'><strong>est</strong></span> <span class='ocrx_word' id='word_1_855' title='bbox 1665 5899 1970 5956; x_wconf 76' lang='lat' dir='ltr'><strong>Adalbertus</strong></span> <span class='ocrx_word' id='word_1_856' title='bbox 1998 5900 2202 5957; x_wconf 72' lang='lat' dir='ltr'><strong>Alcuini</strong></span> <span class='ocrx_word' id='word_1_857' title='bbox 2238 5907 2315 5959; x_wconf 90' lang='lat' dir='ltr'><strong>di-</strong></span> 
     </span>
    </p>
   </div>
   <div class='ocr_carea' id='block_1_105' title="bbox 2404 4769 3954 4855">
    <p class='ocr_par' dir='ltr' id='par_1_105' title="bbox 2404 4769 3954 4855">
     <span class='ocr_line' id='line_1_105' title="bbox 2404 4769 3954 4855; baseline 0.003 -16"><span class='ocrx_word' id='word_1_858' title='bbox 2404 4769 2851 4850; x_wconf 80' lang='lat' dir='ltr'><strong>discompnnctin</strong></span> <span class='ocrx_word' id='word_1_859' title='bbox 2890 4786 3086 4854; x_wconf 73' lang='lat' dir='ltr'><strong>exegit.</strong></span> <span class='ocrx_word' id='word_1_860' title='bbox 3117 4782 3199 4840; x_wconf 78' lang='lat' dir='ltr'><strong>Tu</strong></span> <span class='ocrx_word' id='word_1_861' title='bbox 3248 4795 3452 4855; x_wconf 68' lang='lat' dir='ltr'><strong>minus,</strong></span> <span class='ocrx_word' id='word_1_862' title='bbox 3478 4786 3785 4843; x_wconf 78' lang='lat' dir='ltr'><strong>dulcissime</strong></span> <span class='ocrx_word' id='word_1_863' title='bbox 3805 4785 3954 4843; x_wconf 76' lang='lat' dir='ltr'><strong>Pater</strong></span> 
     </span>
    </p>
   </div>
   <div class='ocr_carea' id='block_1_106' title="bbox 2404 4869 3949 4943">
    <p class='ocr_par' dir='ltr' id='par_1_106' title="bbox 2404 4869 3949 4943">
     <span class='ocr_line' id='line_1_106' title="bbox 2404 4869 3949 4943; baseline 0.006 -20"><span class='ocrx_word' id='word_1_864' title='bbox 2404 4879 2462 4943; x_wconf 74' lang='lat' dir='ltr'><strong>et</strong></span> <span class='ocrx_word' id='word_1_865' title='bbox 2484 4869 2768 4929; x_wconf 79' lang='lat' dir='ltr'><strong>familiaris</strong></span> <span class='ocrx_word' id='word_1_866' title='bbox 2801 4884 2953 4927; x_wconf 81' lang='lat' dir='ltr'><strong>meus</strong></span> <span class='ocrx_word' id='word_1_867' title='bbox 2971 4911 2987 4938; x_wconf 91' lang='lat'><strong>,</strong></span> <span class='ocrx_word' id='word_1_868' title='bbox 3032 4875 3301 4943; x_wconf 80' lang='lat' dir='ltr'><strong>patienter</strong></span> <span class='ocrx_word' id='word_1_869' title='bbox 3342 4877 3547 4934; x_wconf 86' lang='lat' dir='ltr'><strong>sustine</strong></span> <span class='ocrx_word' id='word_1_870' title='bbox 3564 4879 3743 4934; x_wconf 84' lang='lat' dir='ltr'><strong>cordis</strong></span> <span class='ocrx_word' id='word_1_871' title='bbox 3762 4878 3857 4935; x_wconf 83' lang='lat' dir='ltr'><strong>mel</strong></span> <span class='ocrx_word' id='word_1_872' title='bbox 3880 4875 3949 4933; x_wconf 84' lang='lat' dir='ltr'><strong>ls-</strong></span> 
     </span>
    </p>
   </div>
   <div class='ocr_carea' id='block_1_107' title="bbox 2406 4962 3949 5039">
    <p class='ocr_par' dir='ltr' id='par_1_107' title="bbox 2406 4962 3949 5039">
     <span class='ocr_line' id='line_1_107' title="bbox 2406 4962 3949 5039; baseline 0.007 -26"><span class='ocrx_word' id='word_1_873' title='bbox 2406 4974 2638 5031; x_wconf 83' lang='lat' dir='ltr'><strong>crymas,</strong></span> <span class='ocrx_word' id='word_1_874' title='bbox 2664 4967 2721 5014; x_wconf 84' lang='lat' dir='ltr'><strong>et</strong></span> <span class='ocrx_word' id='word_1_875' title='bbox 2750 4968 2925 5016; x_wconf 76' lang='lat' dir='ltr'><strong>tecum</strong></span> <span class='ocrx_word' id='word_1_876' title='bbox 2950 4962 3177 5020; x_wconf 87' lang='lat' dir='ltr'><strong>reconde</strong></span> <span class='ocrx_word' id='word_1_877' title='bbox 3200 4967 3342 5039; x_wconf 85' lang='lat' dir='ltr'><strong>quod</strong></span> <span class='ocrx_word' id='word_1_878' title='bbox 3365 4982 3574 5025; x_wconf 88' lang='lat' dir='ltr'><strong>mecum</strong></span> <span class='ocrx_word' id='word_1_879' title='bbox 3602 4967 3949 5036; x_wconf 84' lang='lat' dir='ltr'><strong>audisti.0uis</strong></span> 
     </span>
    </p>
   </div>
   <div class='ocr_carea' id='block_1_108' title="bbox 2404 5049 3949 5121">
    <p class='ocr_par' dir='ltr' id='par_1_108' title="bbox 2404 5049 3949 5121">
     <span class='ocr_line' id='line_1_108' title="bbox 2404 5049 3949 5121; baseline 0.003 -14"><span class='ocrx_word' id='word_1_880' title='bbox 2404 5052 2532 5120; x_wconf 85' lang='lat' dir='ltr'><strong>scit,</strong></span> <span class='ocrx_word' id='word_1_881' title='bbox 2556 5049 2659 5107; x_wconf 84' lang='lat' dir='ltr'><strong>nisi</strong></span> <span class='ocrx_word' id='word_1_882' title='bbox 2681 5051 2770 5106; x_wconf 85' lang='lat' dir='ltr'><strong>ille</strong></span> <span class='ocrx_word' id='word_1_883' title='bbox 2801 5053 2895 5121; x_wconf 83' lang='lat' dir='ltr'><strong>qni</strong></span> <span class='ocrx_word' id='word_1_884' title='bbox 2926 5055 3103 5109; x_wconf 86' lang='lat' dir='ltr'><strong>omnia</strong></span> <span class='ocrx_word' id='word_1_885' title='bbox 3130 5055 3253 5120; x_wconf 84' lang='lat' dir='ltr'><strong>scit,</strong></span> <span class='ocrx_word' id='word_1_886' title='bbox 3281 5057 3327 5111; x_wconf 89' lang='lat' dir='ltr'><strong>si</strong></span> <span class='ocrx_word' id='word_1_887' title='bbox 3351 5072 3473 5113; x_wconf 85' lang='lat' dir='ltr'><strong>cras</strong></span> <span class='ocrx_word' id='word_1_888' title='bbox 3495 5058 3627 5113; x_wconf 84' lang='lat' dir='ltr'><strong>mihi</strong></span> <span class='ocrx_word' id='word_1_889' title='bbox 3655 5056 3812 5113; x_wconf 75' lang='lat' dir='ltr'><strong>liceat</strong></span> <span class='ocrx_word' id='word_1_890' title='bbox 3833 5058 3949 5112; x_wconf 84' lang='lat' dir='ltr'><strong>scri-</strong></span> 
     </span>
    </p>
   </div>
   <div class='ocr_carea' id='block_1_109' title="bbox 2406 5143 3947 5214">
    <p class='ocr_par' dir='ltr' id='par_1_109' title="bbox 2406 5143 3947 5214">
     <span class='ocr_line' id='line_1_109' title="bbox 2406 5143 3947 5214; baseline 0.006 -19"><span class='ocrx_word' id='word_1_891' title='bbox 2406 5144 2533 5198; x_wconf 87' lang='lat' dir='ltr'><strong>bere</strong></span> <span class='ocrx_word' id='word_1_892' title='bbox 2562 5143 2696 5207; x_wconf 92' lang='lat' dir='ltr'><strong>tibi,</strong></span> <span class='ocrx_word' id='word_1_893' title='bbox 2755 5152 2847 5197; x_wconf 84' lang='lat' dir='ltr'><strong>aut</strong></span> <span class='ocrx_word' id='word_1_894' title='bbox 2892 5153 3010 5214; x_wconf 83' lang='lat' dir='ltr'><strong>post</strong></span> <span class='ocrx_word' id='word_1_895' title='bbox 3046 5161 3167 5199; x_wconf 84' lang='lat' dir='ltr'><strong>cras</strong></span> <span class='ocrx_word' id='word_1_896' title='bbox 3213 5146 3397 5203; x_wconf 81' lang='lat' dir='ltr'><strong>dulces</strong></span> <span class='ocrx_word' id='word_1_897' title='bbox 3437 5157 3614 5203; x_wconf 86' lang='lat' dir='ltr'><strong>tecum</strong></span> <span class='ocrx_word' id='word_1_898' title='bbox 3658 5148 3947 5204; x_wconf 70' lang='lat' dir='ltr'><strong>collatione!</strong></span> 
     </span>
    </p>
   </div>
   <div class='ocr_carea' id='block_1_110' title="bbox 2407 5234 3943 5307">
    <p class='ocr_par' dir='ltr' id='par_1_110' title="bbox 2407 5234 3943 5307">
     <span class='ocr_line' id='line_1_110' title="bbox 2407 5234 3943 5307; baseline 0.004 -20"><span class='ocrx_word' id='word_1_899' title='bbox 2407 5234 2546 5306; x_wconf 82' lang='grc' dir='ltr'><strong>[Αι.,</strong></span> <span class='ocrx_word' id='word_1_900' title='bbox 2586 5236 3010 5307; x_wconf 70' lang='lat' dir='ltr'><strong>consolationes]</strong></span> <span class='ocrx_word' id='word_1_901' title='bbox 3048 5238 3223 5293; x_wconf 90' lang='lat' dir='ltr'><strong>dicere</strong></span> <span class='ocrx_word' id='word_1_902' title='bbox 3260 5239 3342 5292; x_wconf 89' lang='lat' dir='ltr'><strong>vel</strong></span> <span class='ocrx_word' id='word_1_903' title='bbox 3388 5239 3603 5294; x_wconf 83' lang='lat' dir='ltr'><strong>audire?</strong></span> <span class='ocrx_word' id='word_1_904' title='bbox 3640 5237 3802 5294; x_wconf 83' lang='lat' dir='ltr'><strong>Hodie</strong></span> <span class='ocrx_word' id='word_1_905' title='bbox 3828 5239 3943 5294; x_wconf 85' lang='lat' dir='ltr'><strong>mihi</strong></span> 
     </span>
    </p>
   </div>
   <div class='ocr_carea' id='block_1_111' title="bbox 2408 5326 3947 5398">
    <p class='ocr_par' dir='ltr' id='par_1_111' title="bbox 2408 5326 3947 5398">
     <span class='ocr_line' id='line_1_111' title="bbox 2408 5326 3947 5398; baseline 0.005 -21"><span class='ocrx_word' id='word_1_906' title='bbox 2408 5326 2551 5379; x_wconf 81' lang='lat' dir='ltr'><strong>dedit</strong></span> <span class='ocrx_word' id='word_1_907' title='bbox 2588 5327 2817 5395; x_wconf 87' lang='lat' dir='ltr'><strong>spatium</strong></span> <span class='ocrx_word' id='word_1_908' title='bbox 2862 5328 3032 5394; x_wconf 83' lang='lat' dir='ltr'><strong>pietas</strong></span> <span class='ocrx_word' id='word_1_909' title='bbox 3080 5327 3196 5394; x_wconf 91' lang='lat' dir='ltr'><strong>illa,</strong></span> <span class='ocrx_word' id='word_1_910' title='bbox 3242 5344 3359 5398; x_wconf 71' lang='lat' dir='ltr'><strong>qum</strong></span> <span class='ocrx_word' id='word_1_911' title='bbox 3382 5329 3558 5387; x_wconf 83' lang='lat' dir='ltr'><strong>omnia</strong></span> <span class='ocrx_word' id='word_1_912' title='bbox 3583 5329 3712 5385; x_wconf 87' lang='lat' dir='ltr'><strong>mihi</strong></span> <span class='ocrx_word' id='word_1_913' title='bbox 3745 5331 3947 5387; x_wconf 81' lang='lat' dir='ltr'><strong>contulit</strong></span> 
     </span>
    </p>
   </div>
   <div class='ocr_carea' id='block_1_112' title="bbox 2408 5412 3942 5490">
    <p class='ocr_par' dir='ltr' id='par_1_112' title="bbox 2408 5412 3942 5490">
     <span class='ocr_line' id='line_1_112' title="bbox 2408 5412 3942 5490; baseline 0.005 -23"><span class='ocrx_word' id='word_1_914' title='bbox 2408 5415 2544 5467; x_wconf 88' lang='lat' dir='ltr'><strong>bona</strong></span> <span class='ocrx_word' id='word_1_915' title='bbox 2578 5429 2694 5480; x_wconf 65' lang='lat' dir='ltr'><strong>qua:</strong></span> <span class='ocrx_word' id='word_1_916' title='bbox 2717 5412 2903 5467; x_wconf 85' lang='lat' dir='ltr'><strong>habeo.</strong></span> <span class='ocrx_word' id='word_1_917' title='bbox 2933 5416 3267 5486; x_wconf 76' lang='lat' dir='ltr'><strong>Quapropter</strong></span> <span class='ocrx_word' id='word_1_918' title='bbox 3294 5426 3472 5471; x_wconf 79' lang='lat' dir='ltr'><strong>tacere</strong></span> <span class='ocrx_word' id='word_1_919' title='bbox 3496 5431 3599 5473; x_wconf 86' lang='lat' dir='ltr'><strong>non</strong></span> <span class='ocrx_word' id='word_1_920' title='bbox 3639 5419 3794 5473; x_wconf 83' lang='lat' dir='ltr'><strong>debui</strong></span> <span class='ocrx_word' id='word_1_921' title='bbox 3832 5421 3942 5490; x_wconf 78' lang='lat' dir='ltr'><strong>quia</strong></span> 
     </span>
    </p>
   </div>
   <div class='ocr_carea' id='block_1_113' title="bbox 2410 5502 3945 5575">
    <p class='ocr_par' dir='ltr' id='par_1_113' title="bbox 2410 5502 3945 5575">
     <span class='ocr_line' id='line_1_113' title="bbox 2410 5502 3945 5575; baseline 0.007 -21"><span class='ocrx_word' id='word_1_922' title='bbox 2410 5503 2590 5555; x_wconf 84' lang='lat' dir='ltr'><strong>nescio</strong></span> <span class='ocrx_word' id='word_1_923' title='bbox 2622 5502 2750 5570; x_wconf 87' lang='lat' dir='ltr'><strong>quid</strong></span> <span class='ocrx_word' id='word_1_924' title='bbox 2774 5512 2993 5559; x_wconf 89' lang='lat' dir='ltr'><strong>ventura</strong></span> <span class='ocrx_word' id='word_1_925' title='bbox 3027 5509 3201 5575; x_wconf 86' lang='lat' dir='ltr'><strong>pariat</strong></span> <span class='ocrx_word' id='word_1_926' title='bbox 3227 5505 3358 5561; x_wconf 88' lang='lat' dir='ltr'><strong>dies.</strong></span> <span class='ocrx_word' id='word_1_927' title='bbox 3388 5505 3467 5560; x_wconf 84' lang='lat' dir='ltr'><strong>Tu</strong></span> <span class='ocrx_word' id='word_1_928' title='bbox 3498 5519 3651 5571; x_wconf 75' lang='lat' dir='ltr'><strong>vero,</strong></span> <span class='ocrx_word' id='word_1_929' title='bbox 3699 5509 3945 5565; x_wconf 85' lang='lat' dir='ltr'><strong>unanimis</strong></span> 
     </span>
    </p>
   </div>
   <div class='ocr_carea' id='block_1_114' title="bbox 2410 5630 3847 5703">
    <p class='ocr_par' dir='ltr' id='par_1_114' title="bbox 2410 5630 3847 5703">
     <span class='ocr_line' id='line_1_114' title="bbox 2410 5630 3847 5703; baseline 0.006 -18"><span class='ocrx_word' id='word_1_930' title='bbox 2410 5630 2659 5703; x_wconf 59' lang='grc' dir='ltr'><strong>θάρσευς,</strong></span> <span class='ocrx_word' id='word_1_931' title='bbox 2701 5637 2922 5703; x_wconf 69' lang='lat' dir='ltr'><strong>posthac</strong></span> <span class='ocrx_word' id='word_1_932' title='bbox 2951 5639 3117 5703; x_wconf 80' lang='lat' dir='ltr'><strong>abbas</strong></span> <span class='ocrx_word' id='word_1_933' title='bbox 3138 5634 3537 5693; x_wconf 73' lang='lat' dir='ltr'><strong>Ferrariensist</strong></span> <span class='ocrx_word' id='word_1_934' title='bbox 3836 5654 3847 5677; x_wconf 64' lang='grc' dir='ltr'><strong>ι</strong></span> 
     </span>
    </p>
   </div>
   <div class='ocr_carea' id='block_1_115' title="bbox 2554 5700 3936 5777">
    <p class='ocr_par' dir='ltr' id='par_1_115' title="bbox 2554 5700 3936 5777">
     <span class='ocr_line' id='line_1_115' title="bbox 2554 5700 3936 5777; baseline 0.005 -23"><span class='ocrx_word' id='word_1_935' title='bbox 2554 5700 2626 5754; x_wconf 80' lang='lat' dir='ltr'><strong>De</strong></span> <span class='ocrx_word' id='word_1_936' title='bbox 2644 5700 2819 5777; x_wconf 62' lang='grc' dir='ltr'><strong>ἀόριηὲ</strong></span> <span class='ocrx_word' id='word_1_937' title='bbox 2844 5708 2975 5777; x_wconf 70' lang='lat' dir='ltr'><strong>regis</strong></span> <span class='ocrx_word' id='word_1_938' title='bbox 3002 5702 3457 5777; x_wconf 38' lang='lat' dir='ltr'><strong>geuérsiongLAb&#39;</strong></span> <span class='ocrx_word' id='word_1_939' title='bbox 3486 5708 3815 5777; x_wconf 77' lang='lat' dir='ltr'><strong>expeditione</strong></span> <span class='ocrx_word' id='word_1_940' title='bbox 3851 5707 3936 5761; x_wconf 85' lang='lat' dir='ltr'><strong>Sa-</strong></span> 
     </span>
    </p>
   </div>
   <div class='ocr_carea' id='block_1_116' title="bbox 2418 5770 3385 5844">
    <p class='ocr_par' dir='ltr' id='par_1_116' title="bbox 2418 5770 3385 5844">
     <span class='ocr_line' id='line_1_116' title="bbox 2418 5770 3385 5844; baseline 0.002 -21"><span class='ocrx_word' id='word_1_941' title='bbox 2418 5770 2635 5844; x_wconf 72' lang='lat' dir='ltr'><strong>xonica;</strong></span> <span class='ocrx_word' id='word_1_942' title='bbox 2668 5773 2791 5825; x_wconf 80' lang='lat' dir='ltr'><strong>vide</strong></span> <span class='ocrx_word' id='word_1_943' title='bbox 2811 5770 2967 5842; x_wconf 74' lang='lat' dir='ltr'><strong>epiit.</strong></span> <span class='ocrx_word' id='word_1_944' title='bbox 2998 5774 3068 5829; x_wconf 70' lang='lat'><strong>53</strong></span> <span class='ocrx_word' id='word_1_945' title='bbox 3089 5776 3253 5833; x_wconf 81' lang='lat' dir='ltr'><strong>(nunc</strong></span> <span class='ocrx_word' id='word_1_946' title='bbox 3276 5772 3385 5844; x_wconf 70' lang='lat'><strong>51).</strong></span> 
     </span>
    </p>
   </div>
   <div class='ocr_carea' id='block_1_117' title="bbox 2492 5838 3452 5910">
    <p class='ocr_par' dir='ltr' id='par_1_117' title="bbox 2492 5838 3452 5910">
     <span class='ocr_line' id='line_1_117' title="bbox 2492 5838 3452 5910; baseline 0.009 -21"><span class='ocrx_word' id='word_1_947' title='bbox 2492 5852 2514 5878; x_wconf 78' lang='grc' dir='ltr'><strong>ο</strong></span> <span class='ocrx_word' id='word_1_948' title='bbox 2564 5838 3055 5910; x_wconf 64' lang='grc' dir='ltr'><strong>Υαιτοφυείειηενρ.</strong></span> <span class='ocrx_word' id='word_1_949' title='bbox 3084 5844 3213 5897; x_wconf 85' lang='lat' dir='ltr'><strong>Vide</strong></span> <span class='ocrx_word' id='word_1_950' title='bbox 3236 5838 3452 5898; x_wconf 82' lang='lat' dir='ltr'><strong>ibidem.</strong></span> 
     </span>
    </p>
   </div>
   <div class='ocr_carea' id='block_1_118' title="bbox 2494 5906 3938 5987">
    <p class='ocr_par' dir='ltr' id='par_1_118' title="bbox 2494 5906 3938 5987">
     <span class='ocr_line' id='line_1_118' title="bbox 2494 5906 3938 5987; baseline 0.006 -26"><span class='ocrx_word' id='word_1_951' title='bbox 2494 5909 2511 5946; x_wconf 74' lang='grc' dir='ltr'><strong><em>ΐ</em></strong></span> <span class='ocrx_word' id='word_1_952' title='bbox 2554 5906 2734 5961; x_wconf 71' lang='lat' dir='ltr'><strong>Sancti</strong></span> <span class='ocrx_word' id='word_1_953' title='bbox 2752 5906 2925 5963; x_wconf 63' lang='lat' dir='ltr'><strong>&#39;Pauli</strong></span> <span class='ocrx_word' id='word_1_954' title='bbox 2949 5912 3274 5968; x_wconf 76' lang='lat' dir='ltr'><strong>causa.Vide</strong></span> <span class='ocrx_word' id='word_1_955' title='bbox 3303 5913 3498 5967; x_wconf 79' lang='lat' dir='ltr'><strong>ibidem</strong></span> <span class='ocrx_word' id='word_1_956' title='bbox 3528 5921 3581 5965; x_wconf 80' lang='lat' dir='ltr'><strong>et</strong></span> <span class='ocrx_word' id='word_1_957' title='bbox 3602 5912 3727 5967; x_wconf 84' lang='lat' dir='ltr'><strong>alibi</strong></span> <span class='ocrx_word' id='word_1_958' title='bbox 3751 5917 3938 5987; x_wconf 61' lang='grc' dir='ltr'><strong>ξενίας.</strong></span> 
     </span>
    </p>
   </div>
  </div>
