4232 6432
76 376 209 459 ³2η

1552 393 1928 449 EPISTOLE.

3257 391 3365 448 εις

96 511 307 569 frater,
333 481 562 561 aeternos
594 504 705 559 dies
732 518 941 571 semper
962 503 1157 557 habeto
1181 503 1236 555 in
1268 512 1474 564 mente,
1506 512 1559 556 et
1602 518 1695 571 per
1724 506 1770 564 Α
1798 502 1973 557 nullus
2001 503 2182 557 seculi
2206 502 2380 566 luxus.
2406 502 2522 580 ipso
2562 502 2866 571 azquissimo
2886 500 3092 567 Iudice,
3126 517 3365 573 accepta-

98 597 432 669 patientiam
481 608 638 649 curre
674 594 775 647 iter
813 594 955 661 quod
1006 592 1101 646 tibi
1127 591 1373 647 Christus
1424 593 1686 657 ostendit;

100 684 242 756 quia
278 684 368 753 qui
398 682 639 752 sequitur
660 681 948 743 illum,non
976 680 1215 734 ambulat
1242 681 1293 733 in
1324 681 1577 744 tenebris,
1600 682 1694 735 sed

102 775 343 833 habebit
373 773 551 827 lumen
598 771 720 825 vita:
747 770 926 841 (Joan.
954 785 1074 833 vui,
1103 770 1211 838 i2).
1257 768 1347 823 Ille
1377 770 1471 825 tibi
1515 770 1585 823 sit
1612 770 1694 825 ci-

103 864 222 920 bus
254 871 307 916 et
335 871 513 932 potus,
544 860 777 914 cltaritas
806 868 859 913 et
904 858 1093 927 gloria.
1138 857 1253 911 Non
1300 858 1574 937 subvertet
1602 872 1697 911 cor

106 964 275 1009 tuum
297 952 518 1008 ambitio
556 950 755 1012 s'eculi,
785 949 1117 1002 adulantium
1144 946 1341 1011 ofiicia,
1370 948 1575 1016 specics
1604 964 1696 1002 va-

108 1043 330 1105 nitatis,
354 1043 513 1096 timor
540 1040 834 1109 potentium
852 1079 866 1101 ,
908 1040 1062 1091 mina:
1089 1038 1417 1100 crudelium;
1457 1038 1550 1091 sed
1573 1037 1697 1092 tedi—

111 1134 221 1188 fica
249 1133 464 1188 domum
493 1141 639 1184 tuam
663 1144 824 1199 supra
858 1124 1067 1183 ili-mam
1096 1137 1304 1197 petram
1346 1128 1559 1199 (Matth.
1595 1144 1692 1194 vn,

107 1224 209 1289 9A,
243 1223 358 1294 25),
384 1222 523 1276 unde
545 1230 596 1275 te
630 1220 788 1275 nulla:
819 1227 1162 1288 tempestates
1205 1218 1433 1273 evellere
1462 1218 1693 1273 valeant.

111 1315 228 1369 Sed
258 1324 339 1368 sta
357 1312 885 1383 intrepizlus’linguas
910 1311 1302 1365 detrahentium
1327 1319 1694 1373 contemnens,

110 1414 174 1459 ct
201 1419 298 1459 ora
324 1404 651 1458 laudantium
678 1419 781 1457 non
826 1417 1053 1465 curans;
1081 1409 1135 1454 et
1166 1415 1512 1469 quoscunque
1544 1408 1696 1469 pote-

112 1496 219 1559 ris,
248 1496 420 1565 gratia
450 1494 739 1548 auxiliante
766 1490 1062 1564 [superna]
1111 1499 1284 1545 tecum
1325 1491 1377 1544 in
1421 1490 1565 1544 hunc
1591 1498 1698 1543 sta-

114 1596 239 1641 tum
276 1587 403 1641 vitae
456 1601 583 1656 rape
616 1585 883 1655 precibus,
914 1582 1132 1637 monitis
1159 1623 1172 1645 ,
1222 1582 1695 1653 castigationibus.

112 1675 403 1746 exemplis,
430 1682 486 1729 ut
509 1690 628 1729 cum
659 1673 935 1743 multiplici
970 1673 1167 1728 laboris
1209 1672 1385 1728 fructu
1414 1672 1697 1742 multiplici

1792 592 1916 648 bilis
1954 595 2075 647 erit.
2107 588 2219 646 Nisi
2246 591 2359 647 sola
2392 591 2851 663 elecmosynarum
2888 591 3130 663 largitio,
3174 602 3224 647 et
3254 611 3363 651 me-

1794 682 2019 737 ritorum
2037 680 2408 752 multiplicatio
2426 681 2688 737 bonorum
2713 682 2968 751 proderit.
2991 682 3256 753 Quidquid
3276 686 3363 742 hic

1796 774 1998 847 geritur
2022 812 2039 837 ,
2086 773 2197 828 illic
2220 773 2559 843 diiudicatur.
2590 773 2656 826 Et
2692 775 2868 833 omnis
2895 774 3104 829 bonitas
3146 776 3366 846 praemio

1796 864 2144 919 coronabitur
2196 871 2491 934 perpetuo,
2546 861 2826 931 omnisque
2855 863 3119 933 iniquitas
3153 866 3367 919 :eternis

1796 956 2137 1012 damnabitur
2174 956 2475 1011 tormentis.

1866 1044 1993 1099 Haec
2034 1045 2228 1100 animis
2270 1046 2569 1100 inhzereant
2602 1045 2824 1109 nostris,
2844 1046 2948 1102 hoc
2972 1046 3209 1114 prudens
3234 1061 3371 1115 pra:-

1795 1134 1975 1189 n'deat
2003 1125 2230 1190 cautela.
2259 1133 2338 1188 Ne
2364 1133 2460 1187 illa
2476 1133 2564 1189 die
2588 1134 2743 1204 inops
2766 1133 3025 1189 bonorum
3052 1135 3369 1189 meritorum

1798 1226 1976 1296 lugeat
1998 1220 2009 1251 ἠ
2027 1225 2237 1290 anima;
2280 1224 2375 1281 sed
2400 1235 2459 1279 ut
2478 1225 2543 1279 de
2568 1222 2797 1294 simplici
2834 1225 3067 1296 gaudeat
3115 1225 3373 1280 bonitatis

1797 1316 1973 1372 fructu
1999 1356 2021 1381 ν
2060 1316 2296 1391 maxima
2330 1331 2461 1371 cura
2513 1314 2856 1385 cogitandum
2903 1322 3004 1369 est.
3056 1314 3168 1371 Hoc
3192 1326 3371 1370 vestra

1796 1423 1972 1463 meam
1994 1406 2232 1461 fraterna
2260 1407 2563 1477 sollicitudo
2607 1406 2902 1475 segnitiem,
2936 1414 3247 1462 sanctarum
3294 1406 3375 1461 lit-

1799 1506 2036 1552 terarum
2061 1497 2220 1559 serie,
2244 1497 2440 1566 smpius
2461 1497 2768 1551 admoneat.
2794 1496 2925 1550 Nam
2966 1512 3097 1551 mea:
3120 1497 3375 1552 exhorta-

1800 1588 1961 1642 tionis
1989 1588 2149 1643 verba
2176 1601 2316 1641 vera:
2336 1585 2637 1641 dilectionis
2655 1585 2795 1656 stglo
2818 1594 2946 1641 sunt
2967 1594 3204 1645 exarata.
3234 1583 3373 1662 Quo-

1798 1678 1928 1732 tidie
1951 1691 2236 1747 operemur
2278 1676 2503 1741 bonum,
2528 1675 2655 1729 dum
2698 1668 2907 1744 tempus
2937 1675 3199 1733 habemus
3227 1672 3377 1745 (Gal.

114 1767 318 1837 dignus
358 1766 605 1821 mercede
642 1782 900 1836 apparens
937 1766 993 1820 in
1037 1776 1323 1835 conspectu
1356 1766 1565 1820 Domini
1601 1753 1713 1820 Dei.
1800 1784 1879 1831 vr,
1910 1767 2027 1838 10);
2067 1782 2135 1821 ne
2156 1782 2254 1821 nos
2282 1766 2515 1821 tenebras
2554 1765 3008 1836 comprehendant
3043 1764 3225 1836 (locis.
3254 1780 3373 1832 xu,

112 1857 219 1921 tui.
250 1857 490 1927 mihique
518 1866 623 1912 tuae
649 1858 838 1921 salutis
863 1858 1113 1912 consocio
1137 1857 1366 1911 assiduis
1399 1856 1699 1910 sanctitatis
1736 1838 1775 1895 Β
1802 1859 1912 1929 55),
1937 1873 2037 1913 nec
2061 1858 2356 1927 imparatos
2395 1856 2484 1910 illa
2527 1854 2813 1911 metuenda
2857 1855 2971 1911 dies
2998 1854 3251 1909 inveniat.
3293 1853 3375 1910 τα

118 1957 229 2002 tuae
255 1946 507 2016 precibus
535 1946 821 2001 subvenire
867 1954 1170 1999 memento:
1213 1953 1477 2013 quatenus
1516 1941 1701 1996 Salva—

117 2048 210 2093 tor
245 2036 485 2091 omnium
515 2050 600 2090 me
624 2036 807 2091 multis
845 2043 1189 2106 peccatorum
1218 2032 1528 2087 vulneribus
1572 2047 1701 2087 con-

118 2124 327 2180 fessum
346 2166 359 2185 ,
390 2122 538 2195 larga
564 2138 674 2190 suae
701 2122 919 2194 pietatis
951 2122 1236 2179 clementia
1266 2121 1473 2177 salvare
1519 2120 1703 2189 digne-

116 2222 213 2268 tur
233 2224 289 2270 et
309 2215 636 2270 constituere
659 2256 672 2278 ,
719 2214 843 2269 licet
875 2222 1198 2278 extremum,
1237 2214 1290 2267 in
1320 2222 1464 2268 sorte
1489 2220 1702 2267 aeternae

118 2306 473 2362 beatitudinis
498 2313 695 2370 tecum,
723 2305 1041 2360 charissima
1066 2304 1246 2370 Pater,
1271 2291 1443 2357 frater
1468 2312 1523 2359 et
1545 2301 1636 2357 illi.

616 2425 641 2456 ι
662 2412 1015 2471 ,EPlSTOLA
1054 2414 1214 2470 LXX.

547 2522 615 2560 AD
650 2519 929 2559 SPERA‘I‘UI
968 2519 1272 2561 εριεεορωι.

742 2592 917 2661 (Anno
956 2593 1106 2665 797.)

125 2684 290 2737 Ilium
325 2700 357 2737 a
403 2684 715 2739 vanitatibus
751 2684 907 2753 hujus
948 2686 1065 2740 vita:
1094 2687 1433 2751 dehortatur;
1478 2687 1706 2741 inculcat

412 2769 529 2807 vero
554 2753 731 2823 ofﬁcia
757 2755 1008 2824 episcopis
1047 2757 1421 2810 convenientia.

195 2841 550 2899 Sanctissimo
601 2844 755 2899 fratri
793 2852 848 2900 et
885 2843 997 2901 filio
1047 2846 1366 2903 charissima
1403 2845 1436 2886 δ
1480 2842 1708 2917 Sperate

122 2931 402 3001 episcopo,
427 2932 646 2987 humilis
675 2933 835 2988 Pater
856 2934 1081 2990 Albinus
1108 2935 1355 2991 salutem.

197 3020 366 3075 Valde
390 3036 495 3083 me,
521 3029 714 3078 vestra:
740 3023 1021 3078 charitatis
1041 3039 1195 3078 amor
1221 3024 1461 3095 quotidie
1492 3024 1667 3081 reiicit
1690 3067 1705 3091 ,

124 3119 181 3165 et
203 3110 473 3166 ﬁdelitatis
494 3120 727 3168 mentem
758 3129 932 3168 meam
959 3116 1226 3175 certitudo
1259 3116 1593 3171 abundanter
1619 3117 1709 3172 lie.

126 3199 318 3265 tiﬁcat,
341 3201 491 3256 itaut
512 3202 566 3257 in
590 3202 795 3271 primos
814 3204 1094 3273 parvitatis
1116 3218 1246 3260 mea
1275 3204 1496 3267 amicos,
1512 3211 1705 3259 vestrae

99 3293 392 3350 .bonitatis
429 3309 624 3350 nomen
662 3304 718 3349 et
752 3296 1034 3352 suavitatis
1059 3296 1225 3352 iacies
1253 3297 1419 3351 menti
1460 3310 1591 3350 mete
1620 3308 1705 3348 ra-

127 3383 329 3441 dicitus
365 3385 588 3440 inﬁxum
644 3396 979 3455 permaneat.
1034 3388 1103 3443 Et
1138 3389 1209 3444 ob
1261 3388 1399 3452 hoc,
1445 3397 1703 3458 quantum

128 3477 412 3534 charitatis
436 3482 738 3535 recordatio
778 3481 1049 3548 laztiilcat,
1098 3492 1304 3538 tantum
1339 3484 1595 3540 absentia:
1622 3484 1703 3538 la-

129 3580 375 3636 crymosa
424 3569 787 3638 longinquitas
820 3572 1144 3627 mmstiilcat.
1186 3572 1292 3627 Sed
1334 3566 1703 3641 patienter‘fe-

130 3654 355 3713 randum
378 3654 623 3729 estquod
657 3662 959 3717 necessario
986 3662 1319 3717 tolerandum
1360 3676 1479 3719 esse
1516 3664 1704 3734 digno-

130 3747 322 3803 scitur.
366 3751 430 3804 Et
478 3764 701 3824 currens
725 3753 967 3808 chartula
994 3753 1242 3810 ostendat
1265 3754 1319 3808 in
1347 3754 1540 3815 litteris
1564 3754 1706 3824 quod

132 3837 313 3909 lingua
342 3856 595 3897 resonare
623 3857 727 3898 non
761 3844 901 3899 valet
946 3845 998 3900 in
1025 3845 1265 3908 auribus,
1289 3851 1555 3915 quatenus
1578 3860 1707 3901 ocu-

132 3928 305 3985 lorum
326 3928 508 3987 ofilcio
532 3933 663 3988 illud
688 3945 944 4005 agnoscat
986 3938 1129 4006 quod
1151 3937 1279 3992 olim
1310 3938 1519 3992 aurium
1550 3936 1706 3991 mini-

132 4020 300 4089 sterio
325 4021 503 4076 cordis
528 4035 794 4078 secretum
825 4027 1094 4094 cognovit.

201 4110 389 4166 Vestra
439 4127 568 4168 vero
611 4115 913 4169 veneranda
970 4116 1229 4171 sanctitas
1297 4115 1477 4170 varios
1521 4115 1703 4170 sseculi

131 4204 358 4257 eventUs
386 4195 587 4275 saepius
608 4206 943 4270 consideret,
982 4213 1037 4260 et
1081 4206 1202 4275 quis
1247 4220 1405 4261 casus
1429 4206 1583 4262 nobis
1620 4219 1702 4260 re-

1801 1964 1932 2005 vero
1962 1945 2222 2017 pastorali,
2246 1946 2443 2013 pietate
2463 1960 2527 1998 ac
2554 1944 2871 1999 sacerdotali
2900 1943 3243 2007 auctoritate,
3265 1957 3376 1998 non

1803 2038 1972 2093 solum
1994 2053 2168 2092 meam
2189 2037 2452 2091 suscitare
2482 2035 2676 2090 litteris
2700 2036 3000 2091 socordiam
3027 2035 3261 2113 studeas,
3282 2033 3376 2092 sed

1803 2128 1965 2183 etiam
1995 2126 2245 2182 omnibus
2266 2137 2319 2181 te
2356 2126 2690 2201 audientibus
2715 2126 2801 2194 pia
2836 2125 3181 2195 paternitate,
3207 2132 3267 2183 ut
3301 2113 3378 2177 vi-

1804 2217 1990 2289 gilent,
2020 2216 2314 2287 praedicare
2343 2230 2449 2270 non
2499 2229 2695 2270 cesses.
2730 2212 2787 2269 Si
2811 2213 2990 2283 lingua
3032 2211 3376 2269 sacerdotalis

1805 2309 1969 2365 clavis
1994 2316 2076 2363 est
2101 2306 2335 2363 cmlestis
2360 2306 2535 2377 regni,
2562 2306 2715 2361 decet
2741 2314 2799 2360 ut
2839 2313 3023 2375 guttur
3062 2302 3205 2358 illius
3249 2302 3378 2357 tuba

1806 2402 1878 2457 sit
1897 2402 2083 2457 aeterni
2104 2401 2285 2470 Regis,
2310 2398 2521 2455 dicente
2541 2399 2843 2470 propheta:
2873 2396 3072 2460 Clama,
3098 2413 3161 2452 nc
3181 2411 3375 2458 cesses;

1806 2494 1981 2550 exulta
2008 2495 2141 2550 sicut
2161 2493 2285 2547 tuba
2306 2508 2475 2546 uocem
2498 2500 2642 2544 tuam
2665 2489 2820 2560 (Isai.
2859 2505 3012 2553 ινιιι,
3034 2488 3107 2558 i).
3133 2481 3267 2558 Quis
3318 2502 3377 2543 se

1807 2591 1963 2656 parat
1982 2583 2088 2653 73
2109 2583 2176 2639 ad
2195 2581 2412 2646 bellum,
2436 2582 2481 2635 si
2506 2595 2681 2650 praeco
2712 2579 2765 2633 in
2792 2579 2985 2634 castris
3022 2593 3128 2633 non
3153 2576 3380 2633 clamat!

1809 2672 1940 2740 Quis
1976 2672 2223 2727 hostibus
2248 2657 2554 2727 succinctus
2577 2670 2630 2725 in
2654 2669 2822 2726 armis
2847 2669 3055 2727 obsistit
3081 2668 3375 2730 introitum.

1809 2766 1854 2821 si
1884 2765 2187 2834 speculator
2215 2765 2270 2819 in
2319 2764 2464 2819 celso
2509 2764 2674 2819 turris
2708 2764 2921 2834 fastigio
2975 2763 3204 2818 dormit?
3247 2762 3378 2834 Quis

1809 2867 2025 2924 gregem
2052 2868 2083 2909 a
2108 2853 2355 2922 luporum
2385 2852 2534 2907 rabie
2567 2851 2822 2916 defendit,
2854 2852 2898 2906 si
2933 2859 3119 2922 pastor
3134 2852 3189 2906 in
3214 2850 3375 2906 silve-

1811 2944 2012 3000 stribus
2055 2942 2283 2997 luxuriat
2324 2942 2502 2998 dumis
2541 2942 2752 3003 latitat?
2784 2940 2915 3009 Quis
2959 2940 3198 2996 ﬂorentis
3233 2940 3377 2999 ruris

1810 3048 2011 3103 pascua
2039 3032 2184 3103 gregi
2214 3030 2571 3091 demonstrat,
2603 3029 2650 3089 si
2693 3029 2882 3085 ductor
2917 3028 3245 3098 vagabundis
3281 3042 3380 3099 per
3474 3066 3479 3076 ι

1812 3127 1997 3184 foveas
2026 3126 2265 3196 vestigiis
2287 3125 2467 3181 errat?
2510 3124 2651 3194 Lege
2680 3123 2895 3193 saepius,
2928 3110 3153 3178 obsecro
3177 3161 3197 3188 ,
3235 3117 3406 3191 beati'

1808 3217 2051 3286 Gregorii
2103 3216 2469 3287 przedicatoris
2523 3214 2693 3270 nostri
2741 3213 2977 3269 libellum
3025 3212 3092 3267 de
3122 3210 3377 3283 pastorali

1806 3321 1957 3372 cura,
1988 3314 2048 3359 ut
2074 3305 2127 3359 in
2174 3319 2240 3359 eo
2267 3304 2566 3375 periculum
2611 3300 2957 3358 sacerdotalis
2995 3299 3162 3357 ofﬁcii
3206 3314 3371 3371 agno-
3408 3322 3426 3335 ι

1808 3412 1949 3461 scas,
1984 3404 2041 3453 et
2066 3396 2205 3452 bene
2227 3393 2502 3465 operantis
2539 3394 2679 3450 servi
2710 3393 3019 3449 mercedem,
3040 3407 3147 3449 non
3189 3389 3378 3447 oblivi-

1808 3489 1997 3544 scaris.
2013 3486 2117 3542 iste
2140 3474 2278 3543 liber
2304 3484 2410 3539 tuis
2432 3483 2626 3554 sapius
2646 3472 2905 3541 iuberent
2930 3482 3211 3546 manibus;
3236 3478 3379 3541 illius

1806 3583 2128 3635 scnsus‘tum
2172 3577 2402 3632 ﬁrmiter
2449 3576 2738 3646 inﬁgantur
2782 3574 3091 3636 memoriae,
3141 3579 3200 3627 ut
3240 3572 3380 3626 scias

1805 3667 2035 3738 qualiter
2058 3666 2285 3736 quisque
2307 3664 2376 3717 ad
2401 3662 2789 3721 sacerdotalem
2816 3662 3074 3717 honorem
3101 3658 3375 3719 accedere,

1805 3767 1860 3817 et
1882 3760 2146 3815 accedens
2173 3763 2372 3827 quanta
2413 3754 2843 3819 consideratione
2885 3751 3119 3823 seipsum
3149 3748 3381 3807 circum-

1806 3850 2012 3920 spicere
2059 3848 2279 3911 debeat;
2322 3852 2377 3901 et
2404 3844 2599 3915 quibus
2649 3841 2908 3911 exemplis
2940 3839 3120 3895 vivere
3162 3852 3379 3894 necesse

1806 3939 1910 4003 sit;
1962 3946 2021 3997 et
2064 3942 2262 4007 quanta
2312 3934 2607 4015 intentiope
2636 3930 2929 4002 praedicare
2989 3928 3281 4001 iubeatur;
3322 3930 3415 3982 etv

1805 4028 1934 4096 quid
1960 4028 2045 4082 cui
2071 4040 2314 4096 personae
2349 4022 2658 4086 conveniat)
2679 4021 2915 4076 maxima
2942 4018 3262 4076 discretione
3280 4015 3377 4070 de-

1804 4117 2039 4186 scripsit.
3026 4180 3030 4185 μ

1877 4207 1997 4262 Scis
2023 4206 2245 4276 optime,
2276 4213 2477 4274 quanta
2523 4202 2818 4256 intentione
2846 4210 2867 4238 °
2901 4214 2994 4254 rex
3034 4196 3121 4254 ille
3147 4194 3378 4253 clarissi-

132 4303 369 4360 maneat,
391 4311 499 4352 non
543 4298 800 4354 obliviosa
853 4307 1030 4354 mente
1064 4300 1360 4354 retineatur
1389 4317 1401 4352 :
1435 4298 1706 4368 totiusque
1807 4314 1927 4355 mus
1960 4297 2125 4353 lilium
2169 4278 2559 4368 suum‘[Edit.,
2591 4292 2700 4347 ﬁlio
2743 4288 2863 4365 suo]
2908 4288 3262 4363 praeparavit.
3311 4292 3376 4342 ut

133 4382 351 4437 humani
377 4385 588 4455 generis
612 4387 853 4457 exempla
885 4403 984 4443 nos
1017 4389 1262 4453 doceant,
1291 4403 1451 4458 quam
1496 4387 1706 4455 pericu-
1807 4389 2189 4455 arbitrabatur,
2230 4402 2395 4461 regno
2419 4386 2717 4441 hzeredem:
2753 4385 2864 4449 sed,
2916 4392 2976 4439 ut
3003 4398 3185 4447 rerum
3220 4394 3381 4438 even-

134 4474 247 4531 losa
284 4474 417 4537 dies.
443 4492 605 4545 quam
640 4481 982 4534 metuendum
1029 4481 1287 4550 judicium
1326 4481 1529 4535 incerto
1568 4486 1703 4533 tem-
1733 4513 1778 4571 υ
1808 4488 1895 4533 tus
1914 4479 2336 4541 demonstrabat,
2364 4476 2581 4531 exemit.
2608 4474 2733 4529 inde
2749 4474 2950 4545 poteris
2971 4472 3279 4571 excuterem
3304 4467 3389 4571 in?

133 4577 263 4631 pore
296 4563 449 4619 nobis
474 4565 769 4621 immineat.
802 4566 1172 4637 Praeparemus
1196 4583 1294 4623 nos
1333 4569 1386 4622 in
1417 4582 1699 4622 occursum
1734 4557 1775 4571 υ
1807 4566 2044 4635 telligere
2080 4564 2427 4634 sapientiam,
2472 4571 2527 4617 et
2553 4578 2712 4633 quam
2760 4577 2945 4617 verum
2970 4568 3084 4627 est,
3134 4568 3195 4614 ut
3231 4557 3382 4615 Psal—

136 4654 311 4723 magni
356 4653 517 4725 Regis
544 4655 744 4728 (Amos,
777 4672 828 4711 tv
853 4696 869 4722 ,
916 4657 1001 4728 η)
1028 4698 1043 4721 ,
1093 4665 1153 4711 ut
1200 4658 1345 4727 pium
1370 4658 1705 4712 inveniamus
1804 4656 1961 4709 mista
1990 4654 2173 4708 canit:
2226 4651 2346 4707 Nisi
2388 4651 2642 4706 Dominus
2669 4651 3000 4720 aediﬁcaverit
3029 4640 3377 4722 [custodierit]

136 4758 302 4811 quem
323 4744 502 4799 nullus
534 4745 770 4816 eil'ugem
795 4746 1007 4807 valeat-
1034 4749 1171 4816 Quid
1195 4764 1321 4805 vero
1358 4750 1596 4804 muneris
1649 4749 1702 4803 in
1803 4750 2035 4811 domum,
2066 4750 2120 4803 in
2146 4764 2336 4803 vanum
2373 4745 2701 4817 vigilant'qui
2730 4745 3024 4801 custodiunt
3051 4760 3165 4799 eam
3201 4743 3373 4817 (Psal.

137 4836 383 4889 manibus
406 4834 674 4903 feramus,
716 4842 956 4907 quotidie
974 4843 1315 4913 cogitandum
1338 4851 1455 4907 est,
1497 4843 1705 4897 dicente
1803 4834 1983 4905 exxvt,
2018 4841 2089 4912 i).
2140 4840 2312 4896 llomo
2354 4840 2573 4910 cogitat,
2615 4838 2754 4894 Deus
2784 4836 3011 4907 iudicat.
3060 4833 3265 4891 incerta
3295 4839 3379 4890 est

139 4926 415 5019 scriptura
438 4945 451 4981 :
480 4926 605 4985 Non
632 4947 884 5000 appareas
902 4949 1093 5019 vacuus
1120 4936 1172 4988 in
1194 4946 1468 5004 conspectu
1498 4933 1706 5007 Domini

138 5018 233 5073 Dei
252 5020 330 5074 tui
356 5018 545 5091 (Eccli.
596 5037 764 5087 xxxv;
783 5019 859 5093 6).
887 5023 1041 5077 Nulla
1092 5026 1165 5079 ibi
1194 5026 1535 5080 metallorum
1567 5040 1705 5095 spec

139 5109 266 5174 cies,
299 5110 475 5167 nullus
497 5106 829 5182 gemmarum
856 5112 1051 5184 fulgor,
1077 5114 1219 5167 nulla
1246 5115 1474 5170 vestium
1498 5116 1708 5171 vanitas

207 5295 239 5361 ξι
259 5281 402 5361 ﬁdit.
431 5283 683 5361 Quercet.
716 5288 910 5361 108_ex
937 5303 1036 5343 ms.
1068 5287 1320 5361 (Froben,
1349 5288 1463 5357 56).

207 5353 236 5394 δ
263 5349 505 5430 Sperate
525 5357 780 5430 episcopo.
822 5359 996 5430 _l\'emo
1031 5349 1211 5429 prodit
1238 5358 1390 5430 cujus
1422 5349 1567 5416 scdis
1601 5359 1709 5430 epi-

141 5418 332 5499 scopus
372 5418 657 5499 fuerit.’_ln
697 5418 893 5499 'Ar‘iglia'
939 5418 1119 5499 tanien
1168 5418 1532 5499 episcopatum
1574 5418 1711 5483 obti-

140 5493 319 5548 nuisse
346 5504 411 5569 ex
442 5505 556 5569 Ipsa
577 5496 687 5550 hac
699 5493 921 5569 epistola
947 5497 1124 5569 colligi
1150 5493 1309 5569 posse
1326 5493 1569 5562 videtur;
1591 5498 1713 5552 hor-

141 5513 319 5548 nutsso
346 5513 410 5545 ex
443 5513 556 5562 Ipsa
578 5513 687 5550 nae
699 5513 921 5566 epistula
947 5513 1048 5553 con
1109 5514 1124 5549 ι
1150 5513 1309 5569 posse
1326 5513 1569 5562 tacetur;
1593 5513 1713 5552 nor-

141 5572 284 5618 tatur
308 5562 450 5644 enim
474 5562 878 5644 E‘Legejayius
897 5567 1031 5632 beati
1054 5513 1291 5637 gregarii
1316 5581 1717 5643 scenicum

142 5646 329 5706 sos'rl_u
367 5630 617 5706 libellum.
637 5630 784 5706 _Vide
808 5630 969 5692 etiam
996 5648 1108 5702 not.
1139 5630 1251 5706 seq.

210 5713 233 5791 ξ
401 5698 856 5791 i112~clgzissimus.
896 5698 1055 5791 Dira;
1074 5698 1231 5791 puto,-
1254 5722 1348 5761 rex
1371 5705 1707 5791 Mcrciorum,

143 5772 229 5839 qui
253 5787 393 5827 anno
426 5770 526 5830 787
557 5771 721 5828 lilium
749 5789 906 5829 suum
948 5770 1219 5846 tt‘gfridzmt
1256 5780 1433 5848 regem
1462 5775 1711 5833 coronari

1806 4933 2053 4986 humana:
2094 4931 2391 5002 prudentia:
2438 4929 2780 4984 saecularibus
2818 4926 3149 5000 providentia
3192 4924 3372 4979 rebus.

1808 5021 1918 5077 lloc
1937 5022 2109 5076 solum
2139 5021 2205 5073 de
2232 5019 2422 5072 futuris
2446 5017 2871 5074 considerantem
2906 5033 3011 5071 non
3039 5013 3202 5077 fallat,
3233 5011 3376 5084 quod

1807 5114 2042 5189 charitas
2069 5114 2121 5166 in
2143 5110 2424 5182 praeceptis
2451 5110 2542 5163 Dei
2568 5108 2727 5177 hujus
2752 5110 2874 5164 vita:
2896 5106 3218 5177 temporibus
3255 5119 3376 5175 per«

1808 5290 1971 5363 iecit,
2018 5293 2108 5363 qui
2152 5301 2327 5345 tamen
2355 5296 2578 5363 parente
2615 5295 2825 5343 mortuo
2854 5300 2958 5363 non
3008 5284 3108 5338 nisi
3140 5283 3375 5363 quinque

1810 5354 2081 5418 mensibus
2119 5374 2340 5429 regnum
2356 5354 2578 5421 tenuit,
2624 5366 2795 5413 morte
2836 5354 3127 5429 sublatus:
3161 5354 3373 5429 non'ob

1808 5438 2031 5503 peccata
2057 5444 2151 5484 sua
2171 5422 2207 5492 ,⁷
2228 5428 2324 5503 sed
2349 5429 2474 5497 quia
2514 5436 2667 5503 pater
2689 5440 2823 5503 suus
2840 5422 3375 5503 ηερ.ωώψᾷῳο

1946 5499 2101 5567 iejus
2140 5492 2383 5568 multum"
2402 5492 2711 5568 sanguinem
2742 5493 2967 5568 euadit,
2987 5512 3009 5546 ›
3049 5500 3108 5548 ut
3134 5492 3263 5568 alibi
3294 5493 3375 5549 lo-

1811 5562 1992 5641 quitur
2012 5562 2269 5641 lglcuinus
2296 5567 2353 5621 in
2394 5562 2615 5637 epistola
2648 5564 2715 5619 ad
2751 5562 3369 5641 Osbertumpatrlicium,

1812 5623 1931 5710 aliis
1956 5638 2312 5710 desideratur.
2358 5646 2411 5692 et
2427 5623 2501 5710 ὀξ
2532 5633 2916 5710 (praealverba
2937 5623 3370 5710 citat'bialmesb.

1813 5699 1904 5777 lib.
1938 5722 1955 5760 ι
1997 5722 2107 5777 reg.
2140 5706 2290 5775 Angl.
2324 5722 2443 5777 cap.
2474 5705 2522 5757 ι.
2550 5699 2675 5759 Viti.
2720 5701 2919 5759 Alford.
2970 5702 3158 5758 Annal.
3187 5699 3382 5774 Anglo-

1817 5775 1940 5832 Sax.
1972 5775 2123 5833 annis
2150 5778 2250 5833 787
2274 5786 2324 5830 et
2350 5775 2471 5830 796.
3174 5829 3176 5831 ,
3234 5802 3239 5807 ·
