4232 6402
643 354 751 409 163

1488 346 1547 400 s.
1590 308 1651 399 r.
1692 341 1914 397 ALBINI
1955 337 2084 393 seu
2127 332 2400 391 stertat
2436 332 2714 389 OPERL‘M
2749 328 2926 386 rans
2964 328 3002 382 ι.

645 470 773 539 agit.
819 466 901 522 Sit
949 465 1044 521 tibi
1073 464 1219 532 larga
1258 476 1447 515 Inanus
1471 460 1524 515 in
1564 453 1956 525 eleemosynis;
1995 450 2065 505 sit
2103 456 2215 504 stu-
2245 446 2292 507 Α
2316 460 2410 500 cro
2436 486 2452 509 ,
2493 443 2777 499 charitatis
2819 443 3479 510 hortamentaspernere.
3529 435 3655 492 Scio
3696 434 3896 507 [Edit.,

645 558 793 616 diosa
809 558 990 628 lingua
1006 557 1060 611 in
1074 553 1453 625 praxiicatione
1471 568 1486 615 ;
1508 549 1580 604 sit
1594 547 1776 604 sobria
1797 544 1903 599 vita
1926 544 1979 597 in
1992 554 2218 597 conver-

643 653 890 715 satione;
940 647 1010 703 sit
1053 643 1405 702 sacerdotalis
1448 640 1743 696 auctoritas
1789 638 1845 692 in
1893 631 2219 703 castigandis

644 740 925 811 mprobis;
954 740 1027 795 sit
1054 738 1284 807 benigna
1309 732 1609 790 sollicitudo
1636 732 1691 785 in
1718 726 2020 783 refovendis
2047 721 2222 777 humi-

642 832 803 888 libus.
856 830 942 884 Sit
982 827 1077 882 tibi
1104 827 1253 882 clara
1281 826 1334 880 in
1378 823 1625 878 veritatis
1663 819 1963 875 assertione
2005 813 2220 876 fiducia,

645 922 771 977 nulli
797 935 1024 993 parcens
1047 931 1310 988 personae,
1353 928 1460 986 quo
1486 913 1661 967 minus
1688 907 1955 979 aequitatis
1982 902 2226 974 proferas

638 1014 918 1085 judicium.
952 1011 1028 1065 Sit
1058 1009 1152 1065 tibi
1180 1005 1501 1063 venerabilis
1528 1000 1869 1072 quotidianus
1907 1011 2037 1050 usus
2066 996 2225 1048 inec—

642 1104 959 1161 clcsiasticis
984 1100 1193 1161 ofﬁciis,
1225 1104 1283 1153 ut
1303 1096 1482 1152 omnia
1505 1090 1797 1148 honoriﬁce
1818 1087 1947 1142 ﬁant
1975 1098 2095 1154 qua:
2135 1090 2225 1135 tua

642 1195 876 1269 dignitas
904 1193 957 1247 in
987 1190 1081 1245 Dei
1109 1190 1255 1245 cultu
1301 1179 1820 1241 dcbeatobservare.
1870 1178 2005 1244 Quia
2033 1172 2226 1229 melius

641 1263 753 1352 esi,
792 1284 1129 1341 sacerdotem
1170 1278 1374 1335 Christi
1421 1278 1474 1330 in
1518 1271 1881 1329 ecclesiastico
1925 1263 2225 1322 ministerio

643 1378 865 1439 laudari.
900 1390 1061 1446 quam
1091 1375 1144 1427 in
1174 1369 1541 1426 conviviorum
1566 1371 1824 1435 apparatu
1856 1358 2035 1430 (Prov.
2067 1368 2223 1419 xxiii,

640 1470 753 1539 20).
782 1469 911 1535 Quae
938 1467 1055 1521 laus
1078 1475 1163 1519 est
1191 1471 1397 1516 tantum
1418 1455 1759 1513 accumulare
1784 1465 2026 1509 mensam
2053 1457 2223 1511 tuam,

643 1571 699 1638 ut
725 1561 816 1619 vix
848 1557 1051 1631 portari
1081 1555 1270 1625 possit,
1322 1560 1376 1606 et
1414 1548 1664 1607 Christus
1697 1553 1821 1600 ante
1869 1542 2067 1598 ostium
2098 1555 2226 1595 esu-

643 1630 789 1705 rint?
830 1648 923 1719 qui
950 1646 1192 1701 dicturus
1217 1643 1322 1698 erit
1351 1638 1404 1695 in
1434 1639 1521 1694 die
1551 1634 1779 1693 terribili
1804 1652 1817 1687 ε
1857 1631 2106 1698 Quandiu
2135 1630 2225 1683 nni

640 1757 705 1796 ex
747 1738 977 1795 minimis
1018 1736 1145 1791 meis
1179 1733 1393 1804 fecistis,
1437 1729 1563 1783 mihi
1611 1726 1805 1799 fecistis
1832 1722 2047 1797 (Matth.
2095 1736 2221 1783 xxv,

642 1833 755 1903 to).
1120 1836 1123 1843 ·
1962 1812 1967 1815 ’

712 1920 943 1978 Omnino
967 1918 1167 1972 habeas
1188 1916 1241 1970 in
1271 1914 1528 1970 comitatu
1556 1921 1649 1967 tuo
1672 1910 1991 1981 prudentem
2015 1906 2229 1976 dispen-

644 2024 900 2078 satorem,
932 2011 1022 2082 qui
1045 2021 1342 2080 pauperum
1365 2019 1553 2059 curam
1582 2001 1805 2057 sollicita
1831 2000 2029 2071 pietate
2051 1997 2231 2068 provi-

642 2108 788 2162 deat.
823 2101 1011 2158 Melius
1038 2108 1121 2154 est
1148 2110 1409 2168 pauperes
1437 2093 1597 2150 edere
1620 2092 1688 2148 de
1715 2105 1899 2147 mensa
1929 2096 2042 2153 tua,
2068 2101 2231 2159 quam

646 2199 937 2257 histriones
973 2194 1057 2269 vel
1092 2193 1399 2247 luxuriosos
1440 2187 1727 2260 quoslibet.
1773 2184 2103 2269 Ebrietatem
2142 2192 2230 2233 se-

646 2299 877 2355 ctantes,
912 2267 1075 2343 beato
1103 2284 1435 2353 llieronymo
1464 2280 1697 2342 dicente,
1747 2268 1901 2345 quasi
1934 2269 2129 2326 inferni
2156 2267 2234 2322 fo-

646 2395 803 2437 veam
830 2378 1031 2458 devita.
1066 2375 1181 2429 Duo
1204 2371 1347 2427 mala
1372 2378 1515 2426 sunt.
1562 2367 1804 2422 Primum
1830 2380 1842 2416 ε
1877 2368 2065 2417 contra
2092 2373 2233 2429 pra:—

648 2480 864 2545 ceptum
885 2451 982 2525 Dei
1009 2482 1187 2538 agerc,
1218 2464 1311 2536 qui
1342 2465 1457 2517 ait:
1486 2459 1670 2517 Cavete
1698 2474 1785 2512 ros
1815 2455 1879 2510 ab
1910 2454 2050 2508 omni
2074 2451 2239 2506 ebrie-

648 2574 755 2619 tate
801 2572 852 2617 et
895 2558 1112 2632 crapula
1150 2556 1314 2630 (Luc.
1362 2570 1472 2617 xxx,
1526 2552 1653 2623 54).
1709 2546 2064 2605 Secundum:
2115 2544 2238 2598 inde

652 2655 864 2710 laudem
900 2665 1176 2721 qumrere,
1220 2646 1363 2701 unde
1410 2642 1780 2716 pmnitentiam
1828 2652 1989 2721 agere
2035 2634 2236 2692 debuit.

654 2747 848 2800 Beatus
872 2720 1025 2800 homo
1051 2740 1141 2811 qui
1182 2755 1286 2792 non
1326 2733 1528 2805 respicit
1553 2734 1609 2787 in
1635 2720 1960 2787 ranitates'et
1995 2726 2064 2781 ad
2098 2727 2242 2780 insa-

655 2840 769 2892 nias
807 2836 972 2907 falsas
1015 2833 1188 2907 (Psal.
1236 2847 1420 2895 suis,
1470 2828 1544 2900 5).
1590 2828 1804 2882 insania
1842 2832 1927 2881 est
1953 2822 2243 2878 vestimen-

657 2941 833 2987 torum
856 2942 1074 2999 pompa,
1104 2934 1159 2980 et
1182 2924 1393 2979 assidua
1421 2920 1700 2977 ebrietatis
1724 2918 1957 2991 luxuria,
1980 2915 2241 2987 propheta

656 3020 909 3077 dicente:
955 3017 1041 3073 Vae
1075 3017 1215 3072 vobis
1243 3015 1332 3087 qui
1357 3021 1587 3087 potentes
1615 3011 1736 3067 estis
1767 3010 1836 3064 ad
1863 3008 2137 3063 bibendum
2170 3006 2246 3059 ei—

2318 532 2477 605 seito]
2504 543 2559 616 te
2590 533 2703 587 haec
2742 532 2922 586 omnia
2957 529 3149 585 melius
3173 544 3331 616 nosse
3354 537 3411 584 ct
3447 527 3738 599 perfectius
3767 540 3899 597 ope-

2322 627 2451 681 rari.
2482 611 2586 679 Sed
2617 619 2793 693 magni
2824 622 3024 677 amoris
3054 608 3277 676 aﬂ'ectus
3307 636 3391 675 me
3412 620 3614 690 optima
3642 617 3741 672 tibi
3769 632 3900 671 sua-

2321 719 2449 772 dere
2472 714 2635 782 cogit.
2664 712 2903 781 Equum
2931 720 3014 766 est
3038 719 3097 765 ut
3118 710 3260 779 quod
3283 710 3522 763 charitas
3544 706 3779 763 libenter
3798 707 3903 762 im-

2324 806 2525 878 pendit,
2557 804 2832 860 humilitas
2851 810 3128 875 gratanter
3144 802 3394 887 accipiat.
3443 842 3449 853 .

2395 944 2618 997 Summa
2647 940 2741 995 Dei
2769 939 2943 1010 pietas
2972 938 3155 992 multis
3192 936 3418 992 feliciter
3442 937 3595 991 annis

2462 1033 2756 1088 Conservet
2776 1032 2994 1094 charos,
3019 1039 3179 1098 teque
3204 1039 3432 1098 tuosque
3458 1028 3646 1103 simul;

2397 1124 2484 1180 Sis
2510 1136 2718 1177 memor
2740 1120 2940 1185 Albini,
2975 1129 3247 1176 memoret,
3265 1127 3317 1173 te
3336 1118 3582 1173 Christus
3604 1117 3656 1171 in
3676 1132 3878 1180 mrum,

2446 1212 2585 1267 ‘Jam
2615 1212 2712 1267 tibi
2738 1218 3052 1282 perpetuum
3079 1209 3151 1261 sit
3182 1209 3297 1261 sine
3323 1207 3429 1262 ﬁnc
3454 1207 3633 1265 decus.

2842 1338 3177 1395 EPISTOLA
3203 1337 3385 1393 LXXI.

2762 1470 2829 1507 AD
2856 1467 3132 1508 SPER.\TCI
3168 1466 3474 1507 EPISCOPL'H.

2327 1567 2555 1637 Exoptat
2585 1564 2725 1619 illius
2752 1565 3039 1637 amicitiam
3066 1564 3367 1637 continuam
3397 1572 3446 1616 et
3470 1562 3715 1617 hortatur
3742 1562 3814 1615 ad
3837 1562 3911 1616 ri-

2798 1645 2905 1688 tam
2933 1635 3170 1704 episcopo
3194 1634 3426 1703 dignam.

2401 1749 2755 1808 Dilectissimo
2791 1747 2940 1802 Patri
2971 1758 2994 1786 ο
3029 1744 3538 1816 Speratoepiscopo
3577 1742 3755 1799 ﬁdelis
3779 1745 3912 1799 alni-
3954 1792 3959 1795 .

2329 1858 2428 1899 cus
2450 1841 2711 1895 Alcuinus
2736 1837 2985 1892 salutem.
3260 1849 3266 1853 '

2400 1930 2743 2001 Sempiterna
2780 1942 2866 1981 me
2896 1927 3039 1995 cogit
3066 1926 3305 1981 charitas
3326 1926 3519 1995 sapius
3552 1934 3749 1981 vestrm
3783 1924 3915 1980 diie—

2332 2021 2495 2079 ctioni
2528 2020 2794 2075 litterulas
2834 2018 3071 2089 dirigere
3095 2059 3111 2082 ,
3150 2018 3273 2074 licet
3300 2018 3475 2073 minus
3499 2018 3732 2074 videaris
3760 2017 3915 2073 nobis

2333 2117 2506 2171 vicem
2537 2113 2830 2184 rependere
2874 2112 2982 2166 tuis
3006 2111 3241 2177 litteris;
3281 2119 3457 2165 tamen
3496 2097 3732 2182 egonon
3762 2121 3917 2165 cesso

2337 2207 2430 2261 tibi
2456 2204 2865 2275 prosperitatum
2889 2211 3098 2269 optare,
3124 2209 3178 2255 et
3200 2216 3304 2270 per
3318 2198 3533 2255 chartas
3553 2208 3657 2254 tua:
3674 2199 3917 2254 innotes-

2335 2313 2458 2354 cere
2488 2295 2761 2352 sanctitati
2795 2294 2937 2362 quod
2963 2292 3271 2347 nullatenus
3298 2303 3448 2360 mens
3475 2306 3592 2345 mea
3621 2290 3698 2344 tui
3723 2290 3922 2343 habeat

2336 2389 2679 2450 oblivionem,
2728 2385 2821 2442 sed
2846 2384 3167 2440 omnimodis
3195 2382 3346 2438 ﬁrma
3376 2383 3555 2439 radice
3576 2380 3651 2437 tui
3687 2380 3922 2436 nominis

2337 2485 2582 2541 obtineat
2604 2481 2947 2537 memoriam.
3488 2496 3497 2507 ·
3618 2490 3625 2496 '

2412 2575 2686 2631 Recordor
2737 2573 3072 2629 dulcedinem
3121 2580 3357 2627 vestram
3407 2578 3463 2626 et
3509 2569 3925 2642 germanitatem

2341 2687 2501 2740 quam
2527 2668 2814 2725 habuimus
2853 2667 2996 2722 inter
3032 2681 3131 2721 nos
3158 2662 3442 2737 praesentia
3480 2661 3770 2728 corporali,
3806 2674 3926 2731 qua

2339 2765 2503 2821 etiam
2529 2762 2841 2833 spiritaliter
2866 2762 3144 2823 observari
3169 2760 3348 2831 debet,
3390 2756 3627 2813 nec-ulla
3656 2764 3926 2812 terrarum

2342 2825 2730 2925 longinquitate
2754 2851 2940 2916 deleri,
2978 2826 3244 2922 quatenus
3268 2849 3503 2904 amicitia
3522 2847 3650 2904 olim
3677 2825 3935 2903 condicta

2342 2947 2729 3021 perpetualiter
2754 2955 3122 3009 conservetur.
3157 2944 3237 2999 Tu
3269 2958 3419 3005 vero,
3463 2942 3805 2997 sanctissime
3828 2940 3929 2995 Pa-

2347 3052 2449 3104 ter.
2480 3042 2764 3099 considera
2786 3039 3071 3109 diligenter
3092 3037 3269 3092 locum
3298 3035 3527 3090 nominis
3548 3033 3649 3098 tui,
3692 3031 3785 3087 ubi
3816 3047 3930 3087 ma-

657 3131 808 3181 mm’
831 3123 880 3206 ᾳ
916 3112 1012 3166 ’Μ
1039 3109 1197 3206 [ΨΜ
1227 3107 1295 3161 ad
1321 3104 1638 3206 misc’fdf‘m
1682 3102 1980 3206 ebrif‘awm
2006 3097 2161 3206 Us?"
2188 3112 2242 3162 γ’
2268 3138 2315 3206 ρ
2348 3097 2504 3198 neas,
2535 3132 2628 3189 ubi
2663 3138 2862 3186 statuta
2882 3097 2954 3184 sit
2977 3128 3349 3198 dignitas-tua,
3378 3134 3434 3180 et
3458 3125 3601 3195 quod
3628 3123 3829 3179 diceris
3861 3123 3931 3176 ab

656 3208 772 3281 ει).
806 3205 912 3280 Qui
936 3207 1016 3262 his
1044 3202 1351 3266 delectatur,
1393 3207 1453 3253 ut
1477 3198 1728 3254 Salomon
1771 3195 1863 3259 ait,
1902 3211 2004 3247 non
2025 3194 2122 3247 erit
2148 3209 2239 3246 sa-

658 3303 806 3373 piens
827 3297 1009 3372 (Prov.
1041 3311 1131 3359 xx,
1162 3294 1235 3364 l).
1279 3293 1337 3347 in
1377 3301 1427 3346 te
1454 3290 1599 3346 enim
1637 3286 1943 3359 exemplum
1978 3285 2049 3340 sit
2076 3284 2242 3339 totius

659 3390 968 3450 sobrietatis
994 3395 1048 3443 et
1077 3383 1439 3442 continentiae.
1472 3382 1649 3437 Verba
1678 3380 1772 3434 Dei
1803 3378 2049 3448 legantur
2068 3376 2122 3430 in
2158 3389 2245 3430 sa-

659 3480 916 3540 cerdotali
959 3476 1224 3534 convivio.
1274 3473 1352 3529 lbi
1398 3473 1551 3529 decet
1596 3470 1852 3525 lectorem
1882 3468 2088 3531 audire,
2136 3480 2244 3522 non

659 3575 1017 3633 citharistam.
1039 3570 1280 3641 Angusta
1303 3574 1386 3622 est
1404 3565 1623 3630 domus;
1651 3572 1909 3631 utrosque
1933 3569 2119 3615 tenere
2137 3572 2245 3613 non

662 3666 881 3739 poterit.
932 3660 1048 3718 Non
1077 3660 1191 3716 vult
1208 3672 1305 3735 rex
1332 3656 1567 3712 cmlestis
1589 3668 1713 3739 cum
1744 3650 1965 3723 paganis
1991 3657 2049 3703 et
2071 3647 2248 3719 perdi-

662 3762 735 3815 tis
761 3756 1140 3813 nominetenus
1175 3734 1391 3823 regibus
1418 3734 1850 3803 communionem
1876 3740 2096 3806 habere,
2119 3739 2247 3810 quia

628 3878 631 3887 λ
665 3852 781 3908 Rex
810 3850 897 3906 ille
924 3857 1158 3903 :eternus
1200 3849 1390 3914 regnat
1426 3841 1478 3894 in
1509 3838 1697 3902 cmlis,
1744 3835 1833 3891 ille
1860 3847 2102 3903 paganus
2128 3846 2250 3900 per—

662 3947 809 4002 ditus
835 3939 1040 4015 plangit
1082 3938 1135 3992 in
1168 3933 1414 3989 inferno:
1457 3945 1617 3986 voces
1663 3927 1952 3998 legentium
1984 3924 2169 3979 audire
2195 3923 2249 3978 in

664 4036 912 4092 domibus
940 4035 1067 4095 tuis,
1094 4044 1201 4084 non
1223 4025 1510 4081 ridentium
1550 4023 1763 4076 turbam
1794 4019 1848 4073 in
1876 4015 2086 4088 plateis.

735 4122 1067 4179 Clericorum
1094 4116 1227 4171 tales
1251 4115 1453 4169 habeas
1473 4112 1748 4174 socios,ex
1770 4120 2001 4176 quorum
2027 4118 2251 4157 conver-

667 4215 874 4273 satione
901 4220 990 4267 tua
1015 4209 1262 4264 laudetur
1290 4203 1602 4260 auctoritas.
1636 4198 1811 4255 Filius
1849 4196 2057 4269 sapiens
2083 4195 2252 4268 gloria

667 4318 742 4363 est
765 4308 954 4378 patris,
983 4312 1037 4359 et
1058 4311 1246 4358 contra
1271 4299 1414 4371 filius
1442 4295 1631 4353 stultus
1657 4294 1946 4365 ignominia
1967 4301 2042 4346 est
2068 4290 2253 4346 matris

670 4396 851 4471 (Prov.
881 4410 937 4460 χ,
970 4391 1043 4462 i).
1075 4389 1374 4458 Quomodo,
1406 4387 1615 4441 dicente
1642 4381 1898 4452 Apostolo
1922 4379 1979 4451 (I
2002 4378 2136 4433 Tim.
2165 4394 2250 4443 Ill,

668 4469 745 4561 ts),
776 4502 960 4547 curam
985 4482 1241 4540 Ecclesia:
1263 4479 1460 4551 poterit
1482 4477 1702 4540 habere,
1733 4475 1823 4545 qui
1851 4469 2003 4529 suam
2032 4473 2249 4528 domum

670 4580 840 4638 nescit
869 4576 1096 4650 regere?
1124 4572 1345 4630 Ovicula
1368 4585 1489 4641 qute
1509 4570 1576 4625 de
1599 4584 1783 4623 mensa
1808 4565 2040 4623 comedit
2069 4572 2252 4635 pasto-

674 4672 771 4735 ris,
821 4666 1331 4742 vagahundisoerrat
1366 4662 1659 4730 gressibus.
1709 4658 1987 4728 Quomodo
2024 4663 2251 4735 cautim

671 4763 836 4820 habet
876 4756 1337 4817 conversationem
1362 4795 1376 4819 ,
1421 4767 1542 4826 quae
1580 4751 1751 4807 libero
1775 4751 1909 4822 pede
1951 4766 2048 4820 per
2076 4748 2249 4819 campi

674 4856 1006 4912 latitudinem
1047 4849 1345 4906 discurrit?
1397 4847 1464 4903 Et
1491 4862 1556 4901 ex
1584 4844 1827 4900 doctrina
1866 4843 2248 4912 discipulorum

673 4955 898 5020 augetur
926 4943 1186 5017 sapientia
1223 4940 1461 4996 doctoris
1491 4954 1506 4993 :
1549 4938 1642 5010 qui
1665 4936 1903 4994 studiose
1929 4935 2088 4990 docet
2108 4935 2249 5006 quod

675 5037 843 5103 novit,
888 5049 1029 5107 saepe
1076 5031 1331 5103 agnovit,
1380 5029 1574 5091 divina,
1593 5028 1825 5083 donante
1864 5027 2058 5098 gratia,
2110 5026 2252 5095 quod

675 5130 903 5199 ignorat.
931 5124 1247 5180 Maledictus
1274 5120 1365 5190 qui
1396 5117 1674 5174 abscondit
1696 5116 1960 5173 frumenta
1999 5118 2052 5171 in
2088 5133 2255 5188 popu-

678 5219 742 5271 lis
768 5214 947 5287 (Prov.
980 5231 1057 5279 xi,
1082 5212 1196 5286 26),
1224 5219 1278 5267 et
1302 5212 1486 5264 beatus
1504 5208 1595 5279 qui
1622 5207 1856 5263 seminat
1882 5221 2045 5277 super
2068 5222 2258 5261 omnes

675 5321 854 5383 agros.
873 5302 1031 5358 Mane
1058 5303 1254 5356 semina
1281 5315 1456 5354 semen
1480 5306 1707 5373 tuum,_et
1736 5310 1939 5363 vespere
1962 5309 2065 5347 non
2095 5303 2252 5348 cesset

676 5396 785 5470 74
815 5411 1001 5450 manus
1044 5402 1155 5446 tua.
1204 5389 1343 5456 Quia
1368 5388 1536 5443 neseis
1555 5386 1682 5457 quid
1702 5384 1887 5439 melius
1916 5385 2138 5445 oriatur,
2158 5384 2252 5437 etsi

676 5498 951 5555 utrumque
973 5484 1070 5537 hoc
1093 5482 1342 5551 optimum
1373 5486 1447 5533 est
1476 5475 1675 5550 (Eccle.
1727 5491 1800 5537 st,
1833 5473 1908 5543 6).
1940 5473 2128 5529 Nullus
2150 5472 2255 5528 erit

678 5580 729 5632 ia
765 5577 866 5634 hoc
890 5574 1087 5633 seculo
1112 5572 1470 5641 sempiternus
1496 5587 1510 5635 ;
1550 5568 1671 5624 ideo
1696 5567 1984 5624 contendat
2006 5567 2257 5639 quisque,

677 5677 735 5722 ut
770 5666 845 5725 ibi
871 5668 1008 5725 bene
1035 5666 1180 5721 vivat
1222 5662 1313 5719 ubi
1346 5662 1708 5735 sempiternus
1743 5658 1869 5713 erit.
1917 5657 2072 5724 Noli,
2104 5658 2263 5713 obse-

2342 3226 2616 3289 omnibus,
2662 3225 2765 3279 hoc
2808 3235 2970 3292 apere
3018 3206 3262 3289 impleas.
3317 3215 3664 3272 Fiducialiter
3693 3215 3931 3284 praedica

2342 3309 2781 3390 omni‘personae,
2808 3320 3123 3387 opportune,
3153 3312 3475 3382 importune,
3493 3308 3637 3365 idem
3657 3307 3859 3361 volenti
3877 3316 3932 3362 et

2344 3409 2546 3467 nolenti
2576 3406 2662 3481 (II
2694 3405 2829 3461 Tim.
2856 3402 2954 3473 tv).
2997 3402 3055 3458 lu
3083 3403 3325 3456 moribus
3348 3400 3455 3456 tuis
3483 3397 3722 3467 fulgeant
3750 3410 3932 3450 exem-

2347 3503 2435 3573 pla
2463 3498 2786 3563 sanctitatis,
2830 3496 2969 3552 etin
2993 3493 3173 3548 verbis
3214 3491 3457 3547 veritatis
3495 3488 3810 3560 prtedicatio
3850 3488 3933 3542 ni-

2346 3603 2541 3660 tescat,
2583 3592 2709 3663 quia
2747 3592 2864 3646 hmo
2901 3585 3006 3645 du'o
3032 3587 3267 3642 maxime
3303 3585 3628 3641 conveniunt
3653 3582 3929 3653 episcopo,

2348 3699 2407 3746 ut
2443 3688 2601 3745 bonis
2639 3685 2786 3741 vivat
2828 3682 3071 3739 moribus
3114 3689 3169 3735 et
3208 3677 3604 3753 praedicationis
3631 3676 3792 3728 verba
3825 3689 3933 3727 non

2348 3790 2539 3846 taceat,
2568 3782 2709 3836 sicut
2746 3779 2862 3848 ipsa
2885 3775 3099 3831 Veritas
3129 3773 3243 3827 ait:
3278 3770 3397 3825 Sint
3419 3768 3580 3823 lumbi
3618 3767 3774 3821 uestri
3795 3782 3934 3836 prce-

2348 3858 2505 3929 cincti
2532 3882 2581 3927 et
2618 3853 2856 3925 lucernis
2886 3867 3129 3922 ardentes
3174 3866 3231 3918 in
3271 3862 3511 3917 manibus
3550 3861 3728 3915 vestris
3774 3858 3929 3931 (Luc.

2350 3966 2471 4037 xu).
2516 3966 2571 4020 In
2602 3962 2799 4017 lumbis
2826 3974 3037 4015 morum
3066 3957 3292 4014 castitas
3329 3964 3384 4010 et
3417 3956 3471 4010 in
3503 3954 3718 4009 lucerna
3750 3952 3934 4007 lumen

2348 4056 2500 4113 verbi
2526 4056 2620 4112 Dei
2641 4054 3058 4110 demonstratur.
3091 4048 3303 4102 Habeas
3324 4042 3825 4116 irreprehensibiles
3847 4057 3935 4095 so-

2350 4150 2485 4214 cios,
2521 4156 2584 4203 ut
2608 4162 2674 4201 ex
2719 4144 2824 4201 illis
2866 4142 3025 4197 alieni
3070 4141 3285 4196 discant
3316 4139 3439 4193 vita:
3478 4137 3831 4207 religionem;
3879 4140 3935 4188 ct

2350 4238 2682 4297 aediﬁcentur
2708 4233 3017 4303 quicunque
3042 4229 3262 4283 veniant
3286 4228 3355 4282 ad
3390 4236 3464 4291 te,
3492 4226 3604 4281 sive
3625 4242 3690 4279 ex
3715 4233 3769 4279 te
3793 4225 3928 4295 ipso,

2354 4333 2467 4388 sive
2501 4344 2570 4384 ex
2606 4326 2731 4382 illis.
2781 4322 3051 4379 Lectionis
3078 4334 3206 4374 vero
3250 4318 3487 4373 studium
3523 4316 3829 4371 nullatenus
3853 4316 3934 4370 di—

2352 4422 2528 4482 mitte,
2555 4418 2649 4473 sed
2675 4415 2876 4471 habeas
2902 4412 3037 4468 tales
3065 4408 3293 4480 juvenes
3319 4408 3458 4480 apud
3486 4407 3686 4476 te,‘qui
3723 4421 3937 4476 semper

2279 4517 2328 4579 ι)
2354 4516 2580 4576 discant,
2604 4520 2660 4566 et
2688 4510 2862 4579 magis
2889 4507 3157 4579 gaudeant
3201 4505 3409 4560 discere
3429 4516 3590 4572 quam
3632 4500 3888 4555 inebriari
3916 4516 3932 4561 ;

2354 4606 2466 4660 Deo
2504 4602 2709 4659 servire
2742 4610 2797 4655 et
2821 4614 2930 4655 non
2965 4595 3148 4653 smcuii
3185 4593 3379 4651 sectari
3405 4604 3647 4661 pompas.
3675 4582 3858 4643 Talem
3882 4600 3934 4643 te

2352 4713 2503 4769 para,
2552 4684 2767 4765 qualem
2795 4700 2849 4746 te
2877 4690 3062 4759 cupias
3106 4695 3252 4742 stare
3280 4692 3407 4738 ante
3435 4681 3666 4738 tribunal
3689 4680 3890 4737 Christi
3915 4699 3929 4747 ;

2355 4788 2569 4857 meique
2594 4796 2808 4852 semper
2830 4794 3039 4834 memor
3063 4786 3182 4833 esto
3209 4776 3263 4830 in
3289 4775 3621 4831 orationibus
3649 4774 3775 4837 tuis,
3803 4789 3937 4843 qua-

2354 4887 2512 4933 tenus
2537 4875 2718 4930 divina
2751 4869 3040 4928 clementia
3083 4867 3200 4923 dies
3226 4882 3376 4923 meos
3414 4866 3482 4921 ad
3510 4865 3670 4919 ﬁnem
3707 4863 3935 4919 deducat

2353 4970 2671 5042 perfectum,
2694 4975 2751 5021 et
2794 4973 2855 5020 ut
2878 4972 2935 5019 tu
2959 4962 3160 5018 habeas
3184 4960 3487 5017 mercedem
3508 4959 3703 5013 bonam
3730 4969 3797 5009 es
3823 4970 3931 5015 me,

2351 5073 2407 5119 et
2429 5077 2535 5132 ego
2557 5057 2927 5115 remissionem
2951 5063 3301 5124 peccatorum
3325 5065 3422 5122 per
3444 5059 3518 5103 te.
3544 5047 3702 5103 Fides
3726 5060 3855 5101 vero
3880 5056 3938 5101 et

2354 5151 2571 5208 dilectio
2593 5153 2777 5204 sancta
2802 5156 3079 5214 nunquam
3105 5142 3357 5214 frigescat
3397 5139 3450 5192 in
3492 5136 3687 5191 animis
3713 5136 3930 5196 nostris.

2355 5244 2452 5301 sed
2490 5254 2705 5311 semper
2728 5237 2900 5308 magis
2929 5237 3209 5309 magisque
3243 5236 3502 5301 augeatur
3524 5270 3541 5293 ,
3570 5216 3805 5285 Christo.
3824 5225 3936 5282 Deo

2360 5334 2674 5394 miserante,
2706 5326 2799 5399 qui
2819 5326 2976 5382 nobis
3002 5322 3269 5397 propitius
3303 5321 3374 5377 sit
3400 5320 3455 5374 in
3483 5327 3761 5381 internum.
3796 5316 3934 5387 Opta

2361 5432 2414 5479 te
2437 5422 2639 5495 valere,
2662 5408 2798 5476 et'in
2813 5414 3018 5495 Christi
3036 5412 3300 5473 charitate
3323 5409 3606 5484 proﬁcere,
3629 5406 3937 5468 dalian

2327 5503 2557 5571 'Pater!

748 5815 771 5845 ι
812 5801 1028 5874 ερρικιο
1071 5802 1322 5870 episcopo.
1381 5798 1599 5855 incerta!
1649 5797 1789 5852 sedis
1838 5796 1889 5852 in
1932 5793 2140 5866 Anglia,
2174 5792 2238 5847 ad
2264 5807 2421 5864 quem
2452 5789 2616 5847 etiam
2645 5795 2820 5844 exstat
2845 5786 3071 5857 epistola
3109 5782 3177 5841 36
3208 5785 3370 5858 (nunc
3393 5781 3503 5846 70).

3788 320 3895 378 εει
