4232 6474
532 570 559 598 ι
590 554 920 612 EPISTOLA
945 552 1154 608 LXXII.

477 664 544 702 Δυ
571 661 836 703 ειςεοξηειι
857 657 1222 699 ελεειυοτει.

556 753 733 825 (Cirm
765 766 966 806 annum
998 747 1147 838 797.)

65 866 326 924 Hortatur
361 865 431 918 ad
478 864 700 931 oﬂicium
753 858 1046 931 episcopale
1093 856 1310 931 solerter
1351 856 1642 910 obeundum

316 928 638 1005 periculosis
656 933 710 985 in
731 928 1011 985 Britannia
1036 928 1375 997 temporibus.

131 1044 466 1102 Charissil'no
493 1042 602 1098 ﬁlio
620 1042 651 1082 ιι
676 1040 915 1096 Simeoni
940 1039 1210 1095 sacerdoti
1235 1037 1459 1093 Albinus
1485 1036 1648 1092 Pater

63 1138 314 1192 salutem.
1241 1169 1246 1174 .

129 1226 188 1281 Si
220 1225 559 1297 gaudendum
598 1231 683 1278 est
726 1221 793 1277 de
839 1235 1086 1284 ascensu,
1132 1217 1427 1273 timendum
1463 1225 1548 1271 est
1583 1216 1649 1272 de

61 1318 232 1387 lapsu,
285 1314 413 1385 quia
454 1314 520 1368 de
551 1311 732 1366 altiori
776 1310 897 1365 loco
934 1306 1286 1379 periculosior
1318 1314 1403 1361 est
1444 1305 1646 1375 lapsus.

60 1409 183 1463 Ideo
205 1392 496 1462 secundum
515 1417 710 1458 nomen
736 1398 1027 1477 tuum‘esto
1054 1396 1521 1470 superspeculator
1542 1411 1650 1449 non

63 1500 239 1554 solum
276 1495 455 1568 gregis
492 1494 589 1549 tibi
610 1492 915 1557 commissi,
955 1490 1048 1546 sed
1072 1491 1236 1545 etiam
1261 1490 1338 1543 tui
1360 1489 1550 1559 ipsius,
1586 1496 1653 1541 ut

65 1591 117 1643 in
155 1587 345 1658 paucis
364 1584 553 1640 diebus
581 1582 783 1638 laboris
816 1581 1105 1653 plurimam
1145 1579 1406 1658 merearis
1448 1576 1651 1632 habere

65 1647 374 1735 mercedem
411 1676 777 1733 beatitudinis.
818 1647 1088 1744 :1'empora
1111 1647 1413 1743 periculosa
1443 1677 1570 1726 sunt
1596 1669 1651 1724 in

67 1770 386 1835 Britannia;
432 1776 488 1823 et
523 1782 672 1822 mors
697 1780 881 1836 regum
923 1763 1156 1819 miseriae
1189 1762 1401 1833 signum
1431 1768 1551 1826 est;
1600 1767 1657 1815 et

66 1862 340 1919 discordia
382 1859 710 1931 captivitatis
748 1859 938 1928 origo;
970 1866 1026 1911 et
1056 1856 1321 1911 festinant
1357 1871 1486 1909 vera
1530 1856 1649 1909 esse

67 1935 190 2024 quae
228 1952 425 2022 saepius
460 1949 658 2005 audisti
691 1964 721 2002 a
744 1956 931 2002 nostro
967 1933 1185 2018 pnedici
1211 1946 1484 2016 magistro.
1532 1944 1651 1999 Noli

64 2046 296 2118 cupidus
318 2058 438 2099 esse
460 2042 527 2098 de
553 2056 687 2096 auro
714 2048 769 2095 et
798 2047 1020 2111 argento
1037 2080 1051 2103 ,
1102 2039 1197 2094 sed
1236 2039 1302 2093 de
1346 2038 1651 2092 animarum

64 2138 241 2192 lucro.
290 2133 373 2189 Me
410 2148 539 2188 vero
576 2132 630 2199 in
677 2130 1015 2186 orationibus
1050 2137 1107 2185 et
1142 2127 1498 2199 eleemosyuis
1540 2142 1651 2184 me-

24 2296 25 2299 ,
66 2243 224 2283 mora
252 2226 524 2298 quotidie,
573 2230 630 2279 et
664 2232 716 2277 te
750 2222 804 2277 in
852 2221 1229 2299 observatione
1266 2219 1652 2279 mandatorum

63 2319 161 2373 Dei
193 2333 450 2388 semper;
478 2324 534 2372 et
557 2317 603 2372 si
634 2323 927 2386 tempestas
953 2315 1185 2385 undique
1222 2314 1519 2379 immineat,
1552 2311 1654 2385 gu-

59 2411 237 2465 berna
274 2406 505 2462 viriliter
549 2422 742 2461 navem
785 2405 1025 2470 Christi,
1070 2413 1133 2459 nt
1176 2404 1498 2476 quandoque
1531 2418 1657 2459 cum

63 2499 174 2552 tuis
205 2495 384 2550 nautis
424 2494 480 2549 in
502 2502 717 2565 portum
751 2494 1035 2564 pervenias
1064 2494 1459 2565 prosperitatis.
1513 2493 1658 2552 Nun-

62 2602 233 2658 quam
270 2600 303 2639 a
327 2591 515 2639 saneta
535 2583 915 2653 prmdicatione
949 2582 1129 2654 lingua
1165 2582 1337 2649 sileat,
1382 2599 1658 2654 nunquam

64 2695 96 2731 a
116 2678 271 2734 bono
295 2689 460 2745 Opere
486 2688 677 2727 manus
700 2680 1002 2743 torpescat;
1036 2680 1093 2727 et
1116 2689 1438 2744 quocunque
1466 2674 1654 2740 vadas,

59 2768 209 2822 liber
228 2764 402 2821 sancti
424 2762 670 2834 Gregorii
694 2761 988 2817 Pastoralis
1017 2768 1194 2816 tecum
1216 2747 1433 2834 pergat.
1451 2763 1659 2833 Saepius

64 2856 223 2911 illum
259 2854 408 2924 legas
452 2862 511 2907 et
561 2852 787 2924 relegas,
837 2859 1104 2923 quatenus
1151 2851 1383 2922 teipsum
1416 2860 1471 2906 et
1504 2860 1656 2907 tuum

63 2961 205 3019 opus
232 2958 529 3017 cognoscas
555 2944 610 2997 in
638 2944 760 3006 illo,
789 2952 850 2998 ut
884 2943 1117 3013 qualiter
1150 2944 1333 2999 vivere
1360 2943 1444 2998 vel
1464 2944 1659 3000 docere

62 3036 286 3101 debeas,
317 3042 440 3091 ante
462 3031 647 3088 oculos
673 3032 875 3088 habeas
899 3050 914 3087 :
946 3034 1223 3103 speculum
1253 3041 1335 3090 est
1364 3035 1507 3089 enim
1529 3050 1661 3106 pon-

65 3125 286 3183 tiﬁcalis
332 3124 457 3180 vita:
491 3134 551 3179 et
598 3123 863 3178 medicina
900 3130 1090 3177 contra
1133 3124 1345 3194 singula
1384 3125 1660 3181 diabolicae

65 3218 280 3274 fraudis
307 3216 551 3271 vulnera.
582 3213 701 3268 Non
737 3212 1018 3269 mollescat
1047 3212 1257 3268 animus
1284 3221 1408 3267 tuus
1444 3213 1500 3267 in
1525 3216 1659 3268 adu-
1684 3221 1731 3283 ο

66 3310 273 3366 latione
298 3309 621 3380 principum,
662 3321 762 3362 nec
789 3312 1057 3376 torpescat
1084 3305 1138 3360 in
1168 3305 1509 3360 correctione
1534 3305 1661 3360 sub-

61 3402 359 3473 iectorum.
415 3399 532 3455 Non
574 3408 628 3454 te
656 3398 925 3469 decipiant
970 3396 1150 3453 saeculi
1186 3397 1498 3464 blanditiae;
1554 3395 1662 3453 non

68 3493 318 3548 exaltant
348 3491 582 3545 honores
619 3496 995 3562 transeuntes;
1039 3503 1146 3543 non
1180 3489 1497 3544 subvertant
1520 3488 1666 3543 favo—

72 3579 395 3652 respopnli.
447 3579 576 3633 Esto
618 3576 866 3631 columna
910 3574 1222 3630 ﬁrmissima
1256 3576 1312 3630 in
1351 3576 1511 3632 domo
1542 3577 1660 3638 Dei,

74 3691 183 3733 non
205 3673 417 3731 arundo
437 3681 600 3728 vento
620 3671 818 3743 agitata
838 3668 1050 3742 (Matth.
1074 3686 1151 3735 χι,
1179 3670 1255 3743 7).
1288 3662 1417 3725 Esto
1441 3670 1662 3726 lucerna

75 3781 241 3837 super
263 3764 643 3823 candelabrum
664 3764 861 3835 posita,
893 3777 997 3817 non
1025 3763 1125 3818 sub
1150 3761 1327 3817 modio
1351 3760 1663 3816 abscondita

76 3857 296 3927 (Matth.
327 3873 382 3920 v,
418 3855 527 3926 15).
575 3855 704 3910 Esto
733 3854 1094 3910 omnibus'via
1128 3852 1337 3917 salutis,
1385 3869 1491 3908 non
1526 3866 1664 3907 vena

73 3946 415 4017 perditionis,
433 3952 494 3998 ut
519 3959 617 4014 per
646 3952 696 3999 te
720 3944 937 4013 plurimi
968 3943 1330 4013 corrigantur,
1362 3943 1660 4009 salventnr,

75 4016 223 4093 etad
259 4034 430 4107 vitam
473 4041 652 4088 tecum
689 4016 1461 4103 pen'eniant'sempiternam.
1507 4034 1658 4098 Vive,

75 4128 195 4182 vale
223 4125 460 4183 feliciter
505 4132 561 4179 et
596 4123 767 4179 nostri
807 4138 1016 4177 memor
1056 4124 1310 4193 proﬁcias
1354 4138 1569 4193 semper
1607 4124 1663 4177 in

77 4235 243 4291 opere
278 4218 395 4273 Dei.
545 4274 552 4280 ,
1022 4243 1026 4248 -
1102 4264 1107 4268 .
1195 4251 1199 4255 ν

539 4316 563 4345 ε
603 4305 939 4363 EPISTOLA
971 4304 1201 4360 LXXIII.

454 4436 536 4474 λυ
573 4434 841 4474 ελιγιδωι
876 4434 1067 4474 PRESBY
1077 4434 1278 4474 τεκωι.

560 4528 580 4600 (
605 4528 762 4582 Circa
791 4530 994 4583 annum
1023 4529 1145 4583 797.
1172 4529 1190 4599 )

76 4643 347 4698 I'ortatur
382 4642 451 4695 ad
489 4634 834 4711 contemptum
861 4640 1161 4711 divitiarum
1198 4650 1246 4692 et
1281 4639 1534 4711 honorum
1564 4658 1662 4711 saf-

153 4715 259 4769 culi
290 4731 311 4770 :
349 4712 644 4768 Simeonem
679 4709 938 4764 suninmm
974 4709 1293 4763 sacerdotem
1341 4710 1530 4778 swpius
1568 4710 1664 4762 ad-

155 4784 359 4841 moneri
387 4783 525 4852 cupit
553 4797 571 4834 :
600 4780 698 4834 sibi
740 4781 807 4834 ab
841 4779 1230 4834 adulationibus
1270 4796 1477 4841 cavere,
1522 4796 1663 4832 cum:

86 4936 337 5065 diu;
361 4932 619 5013 lneditam
655 4907 1287 5055 hactcmiiproducimus
1314 4950 1379 4991 ex
1408 4935 1527 4991 cod.
1560 4950 1662 4989 ms.

88 5046 101 5062 .
338 5019 510 5065 gensr.
542 5001 719 5065 (Apud
756 5001 864 5054 Fro
936 5019 989 5055 n.
1022 5003 1137 5065 57.)

88 5001 510 5082 Saﬁsburgensi.
542 5001 989 5082 (Apudﬂr‘t‘iben.
1022 5003 1137 5075 57.)

158 5078 188 5119 ι»
230 5071 466 5132 δὸιηὲοηὶ
491 5071 767 5145 sacerdoti.
796 5071 1015 5145 Eidem_,
1045 5071 1205 5141 puto,
1234 5091 1393 5141 quem
1424 5077 1478 5130 in
1509 5078 1663 5145 epist.

88 5151 158 5205 ad
192 5144 479 5203 Calvinum
511 5144 776 5198 summum
814 5140 1148 5198 sacerdotem
1176 5140 1353 5198 vocat.
1379 5146 1454 5200 De
1481 5140 1671 5201 eo'l.e-

89 5217 320 5279 landus,
361 5214 561 5283 Seript.
606 5212 740 5283 Brit.
785 5227 907 5282 pag.
946 5209 1086 5283 liti,
1133 5213 1267 5283 haec
1292 5215 1491 5270 habet:
1524 5235 1542 5266 ι
1579 5216 1669 5270 Si-

89 5286 306 5345 meonis
357 5280 558 5337 claram
613 5282 741 5336 facit
788 5280 1121 5337 mentionem
1173 5282 1397 5340 Flaccus
1448 5286 1672 5341 Albinus

88 5358 270 5426 cpist._
306 5352 387 5426 ad_
417 5352 699 5426 Calvinum
743 5391 758 5406 .
797 5391 811 5404 .
857 5388 873 5405 .
908 5351 1099 5406 Exstat
1139 5349 1402 5426 praeterea
1445 5357 1670 5425 epistola

92 5422 275 5503 Albini
321 5422 413 5503 δᾲ-
433 5422 613 5503 ipsum
643 5422 983 5503 Simeonem,
1031 5438 1136 5492 qua
1176 5422 1536 5482 collaudatum
1574 5428 1673 5481 ad-

95 5501 284 5552 monet
328 5489 866 5565 olllcii,_e_t_alioqui
917 5506 1015 5565 sua
1049 5489 1441 5565 properantem
1482 5508 1674 5565 sponte

96 5565 358 5622 concitat.
393 5560 548 5641 Apud
585 5555 837 5644 glbi‘nuiin
873 5561 1017 5644 nulla
1050 5555 1115 5616 de
1153 5555 1431 5644 sedse-jus
1463 5555 1693 5635 epist-or

98 5645 261 5713 palus
288 5631 568 5713 memoria.
600 5630 853 5713 ln_Gal_lia
883 5632 1047 5713 fuisse
1074 5648 1196 5713 eum
1220 5630 1531 5713 episcopum
1559 5653 1677 5689 mea

98 5702 340 5775 quidem;
365 5702 552 5775 opinio
590 5710 692 5756 est.
724 5719 741 5751 ι
769 5702 862 5775 ιω,
890 5702 1193 5775 ιιςιςιιιάυδ.
1220 5703 1344 5775 Mihi
1389 5713 1571 5759 tamen
1609 5721 1676 5760 ex

245 5770 489 5851 epistola:
515 5770 1004 5851 textuverplonge
1037 5773 1267 5851 similius
1290 5774 1523 5851 videtur,
1553 5791 1677 5829 eum

101 5840 622 5915 l’uisse’cpiscopum
665 5841 719 5897 in
758 5840 1072 5909 Britannia;
1117 5845 1362 5899 hortatur
1399 5844 1540 5899 enim
1588 5852 1674 5902 ut.

1488 434 1866 494 EPISTOLE.

1666 552 1713 610 Α
1808 545 2105 599 animarum
2136 541 2352 596 solerter
2379 541 2672 607 intendere,
2703 551 2747 594 et
2779 539 3089 595 Cluisliaua'
3118 539 3317 591 vittatis

3198 426 3259 481 24
3268 423 3302 475 li

1814 615 2060 668 exercitia
2087 613 2293 667 suadet.

1815 709 2172 766 Dilectissimo
2220 709 2331 765 ﬁlio
2380 708 2408 749 ει
2461 708 2685 765 Calvino
2732 708 3045 785 presbytero
3093 704 3317 761 Albinus

1745 803 1967 858 devotus
1995 803 2049 856 in
2077 802 2336 858 cbaritate
2362 802 2521 857 Pater
2546 802 2794 858 salutem.
2906 786 2934 803 ⁴“

1815 896 2070 963 Quamvis
2100 896 2364 967 corporali
2400 896 2581 967 specie
2614 895 2774 950 amici
2812 894 3206 965 disjnngantur,
3247 900 3327 948 ta-

1748 1003 1871 1043 men
1894 987 2179 1043 charitatis
2203 985 2388 1042 ofﬁcio
2409 1000 2631 1061 semper
2644 994 2938 1055 prazsentes
2959 998 3081 1044 esse
3100 990 3322 1054 queunt.

1745 1077 1856 1133 Nec
1882 1084 2148 1150 terrarum
2175 1074 2565 1146 longinquitate
2589 1081 2928 1142 separantur,
2962 1072 3052 1142 qui
3082 1070 3325 1127 dilectio-

1747 1170 1831 1225 nis
1855 1168 2137 1224 dulcedine
2152 1167 2470 1238 junguntur.
2498 1166 2625 1220 Hmc
2647 1174 2732 1220 est
2750 1180 2870 1233 qua:
2895 1178 3168 1232 nunquam
3192 1176 3329 1231 pra:-

1746 1261 1906 1324 terit,
1933 1260 2055 1314 siin
2077 1258 2302 1314 veritate
2323 1256 2554 1312 ﬁdeliter
2578 1255 2827 1311 habetur.
2852 1254 2998 1309 Proh
3022 1252 3173 1308 dolor
3193 1255 3207 1305 l
3233 1251 3327 1306 sed

1750 1366 1871 1407 rare
1903 1351 2271 1416 inveniuntur,
2300 1362 2534 1419 quorum
2567 1347 2776 1427 integra
2804 1344 2936 1400 ﬁdes
2963 1357 3146 1399 veram
3183 1340 3330 1397 foras

1746 1440 1995 1497 ostendat
2030 1442 2348 1496 charitatem
2368 1480 2384 1505 ,
2412 1455 2533 1510 quae
2560 1438 2822 1509 plurimos
2846 1436 3011 1492 habet
3048 1436 3330 1507 impugna-

1751 1541 1921 1595 tores,
1947 1531 2042 1586 sed
2069 1531 2303 1585 maxime
2331 1528 2514 1585 saeculi
2542 1529 2782 1593 divitias,
2808 1541 2927 1596 quae
2951 1524 3127 1580 fallaci
3156 1510 3332 1595 specie

1750 1621 2007 1677 infestant
2049 1621 2215 1676 corda
2258 1618 2613 1689 quaerentium
2655 1617 2813 1681 illas;
2862 1624 2925 1671 ut
2963 1617 3053 1670 vix
3100 1617 3334 1685 antiquae

1752 1712 2053 1769 dilectionis
2074 1712 2326 1781 quaelibet
2348 1708 2579 1765 scintilla
2605 1708 2817 1764 eluceat
2845 1707 2989 1760 inter
3011 1706 3334 1777 caliginosas

1754 1813 2090 1858 terrenorum
2130 1801 2522 1857 desideriorum
2561 1798 2801 1853 umbras.
2844 1796 2992 1850 lianc
3020 1810 3147 1850 vero
3172 1797 3334 1865 pesti-

1683 1875 1727 1934 Β
1754 1892 1925 1949 feram
1971 1892 2150 1950 saeculi
2191 1891 2544 1969 cupiditatem
2582 1905 2614 1943 a
2655 1896 2747 1942 tuo
2773 1876 2987 1949 animo,
3016 1885 3334 1940 charissime

1753 1984 1857 2049 ﬁli,
1885 1983 2180 2049 miserante
2208 1981 2343 2046 Deo,
2364 1978 2649 2048 adiuvante
2675 1977 2849 2048 gratia
2878 1975 3065 2045 procul
3090 1973 3331 2044 expelle;

1752 2082 2018 2145 quatenus
2043 2072 2332 2142 tranquilla
2357 2086 2490 2141 pace
2517 2071 2572 2126 in
2602 2084 2700 2140 spe
2730 2069 3036 2134 suavitatis,
3067 2076 3122 2122 et
3148 2067 3201 2121 in
3235 2066 3338 2121 ﬁde

1752 2163 2031 2228 veritatis,
2057 2170 2114 2219 et
2139 2159 2783 2229 charitatisperfectione
2822 2159 2932 2214 Deo
2971 2158 3187 2213 Christo
3225 2171 3340 2212 ser-

1753 2252 1870 2308 vire
1897 2251 2108 2314 valeas,
2145 2251 2349 2306 habens
2377 2247 2633 2304 sazculum
2677 2258 2928 2329 tanquam
2970 2263 3078 2302 non
3114 2248 3335 2303 habeas.

1756 2344 1813 2400 Si
1843 2359 1974 2401 vero
2011 2343 2305 2400 sentias'in
2348 2340 2528 2396 animo
2564 2350 2656 2396 tuo
2684 2340 2777 2395 tibi
2806 2339 3188 2409 impedimento
3213 2351 3335 2391 esse

1754 2437 1995 2510 paciﬁca:
2030 2436 2343 2513 servitutis,
2378 2450 2485 2505 qua
2522 2433 2748 2487 Domino
2789 2430 2900 2486 Deo
2939 2429 3208 2508 deservire
3246 2427 3339 2482 de—

1756 2531 1908 2595 beas,
1934 2528 2209 2584 szecularis
2229 2526 2500 2597 possessio
2524 2523 2863 2596 [smcularem
2890 2518 3333 2592 possessionem],

1759 2622 1956 2677 melius
1993 2630 2077 2675 est
2117 2619 2409 2691 prmcidere
2436 2615 2618 2671 funem
2648 2613 2949 2684 iniquitatis
2976 2612 3146 2674 illius,
3180 2624 3339 2680 quam

1757 2726 1899 2766 vana
1945 2726 2042 2781 spe
2089 2709 2325 2765 lamenta
2373 2708 2428 2761 in
2472 2706 2690 2776 longum
2732 2693 3050 2775 protrahere
3093 2710 3341 2770 tempus,

1756 2802 2008 2857 nesciens
2034 2801 2165 2870 quid
2190 2808 2415 2854 ventura
2441 2799 2559 2853 dies
2582 2798 2777 2868 pariat.
2808 2796 2947 2851 Sunt
2985 2794 3131 2849 enim
3170 2790 3343 2848 homi—

1758 2907 1857 2947 nes
1884 2890 1976 2962 qui
2005 2905 2100 2960 spe
2131 2896 2324 2953 ruunt,
2352 2887 2565 2955 longam
2594 2886 2695 2940 sibi
2722 2885 3102 2953 promittentes
3129 2883 3294 2937 vitam
3321 2896 3337 2945 ;

1758 2992 1817 3039 et
1851 2982 2031 3038 subito
2072 2981 2357 3052 rapiuntur
2396 2979 2462 3033 de
2501 2978 2603 3032 hac
2627 2976 2779 3041 luce,
2806 2984 2863 3030 et
2887 2974 3029 3044 quod
3071 2972 3342 3040 cogitave-

1759 3083 1918 3137 runt,
1966 3087 2072 3127 non
2113 3069 2475 3142 perfecerunt.
2519 3067 2640 3122 Tibi
2682 3080 2813 3120 vero
2841 3079 2871 3118 a
2900 3065 3010 3119 Deo
3050 3063 3173 3117 data
3218 3074 3343 3130 pru-

1760 3166 1942 3222 dentia
1965 3164 2289 3235 pnevideat,
2318 3177 2427 3232 quo
2455 3169 2578 3214 tuus
2602 3166 2657 3212 te
2696 3156 2836 3213 ferat
2864 3155 3111 3219 animus;
3142 3160 3199 3208 et
3225 3151 3334 3207 noli

1767 3256 1983 3311 tardare
2010 3255 2066 3310 in
2093 3268 2160 3309 eo
2187 3254 2333 3323 quod
2361 3252 2457 3306 tibi
2487 3251 2750 3321 optimum
2773 3249 2964 3319 eligas.
3034 3286 3037 3289 μ

1834 3344 1915 3398 Tu
1958 3357 2088 3398 vero
2130 3342 2273 3397 scias
2312 3356 2420 3409 quo
2451 3339 2752 3401 desiderio;
2784 3352 2889 3407 qua
2913 3335 3128 3407 quiete,
3161 3334 3342 3390 szeculi

1763 3433 2340 3507 possideas_honores.
2382 3430 2440 3484 Si
2481 3430 2578 3484 tibi
2618 3428 2751 3484 nihil
2792 3424 3157 3497 impedimenti
3186 3438 3345 3495 gene-

1764 3533 1890 3580 rant
1926 3523 2169 3594 pristinze
2196 3521 2484 3590 religiones
2506 3534 2645 3590 quas
2673 3516 2989 3590 [religionis
3015 3512 3218 3584 quam]
3252 3513 3346 3567 ha-

1762 3614 1960 3675 buisti,
2009 3621 2064 3665 et
2105 3626 2320 3678 semper
2361 3610 2563 3664 habere
2608 3616 2738 3677 opto
2773 3607 2828 3660 in
2852 3605 3057 3662 Christi
3098 3602 3341 3659 servitio.

1764 3703 1848 3757 Nil
1901 3703 1994 3757 tibi
2044 3701 2235 3757 deesse
2277 3699 2488 3753 assumo
2537 3698 2593 3751 in
2616 3700 2649 3737 “e
2677 3697 2810 3752 cella
2848 3695 3030 3750 sancti
3079 3692 3337 3761 Stephani

1762 3795 2002 3849 honestae
2023 3788 2468 3854 conversationis,
2490 3802 2598 3858 quo
2617 3794 2676 3840 ut
2697 3787 2793 3841 tibi
2815 3798 3033 3840 necesse
3057 3780 3148 3854 [1".
3170 3781 3340 3851 suppl.

1762 3883 1894 3957 non]
1922 3883 1993 3939 sit
2019 3882 2166 3937 foras
2192 3895 2287 3951 per
2310 3879 2494 3934 varias
2522 3886 2788 3932 terrarum
2814 3875 3024 3946 species
3047 3873 3260 3943 vagari,
3292 3882 3347 3928 et

1764 3972 1953 4029 audire
1985 3973 2212 4027 aliorum
2245 3970 2610 4032 inﬁdelitates,
2641 3976 2697 4022 et
2719 3975 2908 4021 contra
2938 3974 3161 4035 peccata
3187 3962 3343 4016 irasci

1764 4065 1971 4128 aliena,
1999 4071 2056 4117 et
2082 4062 2282 4117 mentis
2310 4069 2414 4114 tua:
2443 4058 2808 4114 dulcissimam
2836 4056 3062 4125 perdere
3090 4053 3343 4125 quietem.

1765 4155 2000 4218 Tamen,
2041 4161 2100 4207 ut
2140 4153 2285 4216 dixi,
2314 4152 2581 4221 sapientia
2612 4159 2703 4203 tua
2735 4149 3038 4203 consideret
3065 4162 3224 4217 quem
3254 4148 3348 4200 ha-

1763 4245 1894 4298 beas
1924 4242 2227 4314 prol‘ectnm
2257 4243 2311 4296 in
2341 4241 2588 4296 habendo
2614 4255 2702 4294 res
2730 4240 2965 4301 alienas,
2997 4240 3042 4294 si
3073 4237 3348 4293 sufﬁciant

1767 4334 1863 4389 tibi
1911 4334 1979 4388 ad
2023 4334 2457 4403 elemosynarum
2504 4331 2560 4384 in
2606 4331 2836 4384 miseros
2878 4328 3257 4399 largitionem;
3302 4330 3345 4383 si

1766 4425 2004 4480 scholam
2034 4423 2329 4494 legentium
2376 4420 2577 4477 habere
2619 4414 2830 4490 possis,
2870 4420 2917 4473 si
2960 4434 3227 4489 pauperes
3260 4434 3349 4483 ve-
3430 4456 3431 4461 η

1769 4514 1925 4574 stire,
1967 4512 2015 4566 si
2055 4513 2373 4581 peregrinos
2412 4510 2686 4579 recipere,
2734 4510 2779 4563 si
2823 4508 3007 4577 quiete
3045 4509 3255 4571 vivere,
3302 4510 3345 4561 si

1766 4618 1953 4673 pacem
1982 4617 2121 4655 cum-
2136 4602 2218 4655 eis
2247 4602 2338 4669 qui
2365 4600 2495 4654 foris
2520 4608 2646 4654 sunt
2670 4601 2872 4653 habere
2897 4600 3098 4652 valeas.
3127 4598 3346 4652 l’lurimi

1765 4701 1890 4747 sunt
1936 4692 2341 4761 impugnatores
2387 4689 2645 4743 Ecclesia:
2690 4688 2925 4749 Christi,
2976 4688 3067 4757 qui
3111 4689 3350 4757 quotidie

1766 4782 1967 4853 aliquid
2010 4782 2097 4837 vel
2145 4797 2338 4853 prece,
2392 4781 2476 4837 vel
2528 4780 2782 4835 violentia
2832 4795 3024 4849 rapere
3074 4781 3347 4851 gestiunt;

1766 4957 1891 4999 cum
1918 4942 1987 4998 ob
2015 4958 2200 5013 regum
2236 4952 2464 4998 mortem
2502 4942 2612 4997 sint
2644 4943 2946 5012 periculosa
2983 4943 3038 4996 in
3072 4941 3351 5013 Britannia

1769 5023 2040 5082 tempora,
2068 5011 2114 5069 si
2156 5012 2279 5068 inde
2318 5021 2612 5081 tempestas
2651 5011 2961 5076 immineat,
2991 5011 3221 5082 viriliter
3246 5026 3354 5082 gna-

1768 5080 1894 5137 veni
1906 5082 2116 5138 'Christi
2144 5084 2406 5153 gubernet
2425 5080 2526 5153 ,_et
2550 5097 2890 5137 communem
2914 5082 3144 5153 utrique
3184 5080 3352 5135 ίίιίεευ

1770 5154 2088 5240 magistrpm
2107 5195 2121 5217 ,
2152 5151 2337 5222 utique
2365 5154 2417 5210 in
2448 5151 2755 5216 Britannia,
2786 5151 3071 5223 signiﬁcat.

1845 5235 1866 5262 ε
1910 5224 2051 5279 Edtl.
2083 5224 2337 5291 Quercet.
2371 5221 2464 5275 lOl
2496 5237 2561 5291 ex
2595 5239 2695 5277 ms.
2715 5223 2979 5291 jFroben.
3000 5219 3090 5286 58)

1841 5293 1870 5332 ἀ
1908 5284 2129 5364 Calvino
2148 5293 2461 5364 presbytero.
2493 5284 2625 5357 Quis
2652 5284 2742 5347 aut
2769 5291 2839 5364 sit
2865 5303 3022 5364 nemo
3042 5284 3223 5364 edicit.
3245 5287 3357 5364 an.

1774 5363 1920 5437 glum
1951 5363 2115 5437 fuisse
2137 5358 2201 5416 ex
2224 5358 2521 5437 mentione
2554 5360 2824 5417 Simeonis
2855 5358 3091 5429 episcopi
3132 5358 3356 5430 intelligi

1772 5431 2121 5505 potest.__VidA.
2152 5431 2258 5505 col.
2284 5447 2414 5505 seq.
2432 5442 2547 5505 not.
2580 5444 2629 5485 ³.

1852 5516 1875 5543 ο
1901 5502 2045 5557 Cella
2072 5503 2132 5556 S.
2163 5498 2436 5570 Stephani.
2466 5501 2549 5555 An
2577 5502 2712 5570 cella
2740 5501 2844 5555 ista
2872 5499 2941 5570 sit
2971 5498 3359 5570 monasterium

1777 5571 1962 5629 Sancti
1987 5566 2631 5641 Stephani'Cauciacense
2652 5568 2894 5641 (Choisy‘;
2916 5584 3083 5641 prope
3097 5566 3361 5641 Compen—
3384 5583 3389 5587 '

1779 5646 1959 5705 dium,
2001 5642 2052 5695 in
2080 5636 2223 5712 Quod
2247 5639 2493 5712 Caluinus
2519 5656 2584 5695 ex
2626 5636 2818 5712 Anglia
2841 5636 3248 5712 Venienslortc'
3266 5654 3372 5712 rsc-

1778 5721 2045 5794 cesserat;
2080 5707 2147 5767 an
2182 5726 2310 5767 vero
2344 5710 2475 5765 illud
2515 5712 2568 5766 in
2613 5707 2806 5782 Anglia
2845 5707 3194 5782 quaerendum
3248 5709 3362 5787 sit.

1783 5797 2008 5852 ignoro:
2178 5809 2183 5813 ~
2566 5803 2573 5809 -
3142 5797 3161 5817 λ
3220 5794 3223 5797 ‘
3248 5793 3254 5800 '
