4232 6404
739 375 841 429 2‘7

1620 373 1679 424 Β.
1724 370 1782 422 ι’.
1827 367 2048 423 ALBINl
2087 366 2216 422 SEU
2254 366 2529 423 ALCUM
2567 367 2846 422 OPERL'M
2885 365 3064 423 PARS
3101 369 3140 420 Ι.

3849 413 3872 429 .
3893 373 4001 428 ﬁt!

741 495 793 540 et
843 473 948 536 non
991 490 1148 545 sunt,
1199 484 1298 535 nisi
1341 482 1696 546 verboteuus,
1745 480 1939 544 amici,
1985 479 2142 535 factis
2184 493 2315 532 vero
2345 483 2388 534 Α
2417 476 2610 530 amico.
2667 474 2852 530 Melius
2899 487 2982 531 est
3024 479 3266 533 cauterio
3317 488 3509 534 sanare
3559 480 3784 547 vulnus,
3811 498 4000 551 quam

743 588 964 626 llllmlCl.

811 663 1012 716 lloruni
1043 663 1369 732 perversitas
1396 663 1617 716 multum
1651 663 1950 732 inquietare
1979 661 2114 716 solet
2140 670 2320 716 custo-

741 753 834 806 des
878 751 1240 804 Ecclesiarnm
1285 753 1520 814 Christi,
1565 754 1703 806 sicut
1745 753 1797 806 in
1841 753 2164 808 charissitno
2208 754 2319 807 ﬁlio

741 857 860 894 meo
887 854 910 880 ο
947 839 1436 915 Simeonesummo
1475 845 1756 897 sacerdote
1797 844 2090 912 intelligere
2132 855 2317 915 potes,

741 933 952 986 easdem
972 934 1036 985 ab
1063 933 1243 1001 impiis
1270 935 1505 1004 patiente
1532 935 1820 997 molestias,
1853 953 1985 1004 quas
2011 947 2316 992 antecesso-

745 1040 828 1077 res
869 1025 1008 1077 illius
1037 1025 1104 1078 ab
1137 1025 1367 1079 inimicis
1398 1027 1596 1080 Christi
1630 1019 1868 1095 perpessi
1901 1039 2043 1082 sunt.
2077 1029 2313 1094 Quorum

739 1117 1096 1170 mntrarietas
1145 1118 1326 1171 debito
1377 1119 1516 1176 line.
1567 1107 1857 1174 secundum
1903 1115 2162 1188 judicium
2211 1122 2319 1190 76

737 1204 863 1270 justi
911 1205 1001 1259 Dei
1043 1207 1181 1274 pcrit
1229 1207 1240 1276 [
1273 1205 1360 1271 F.,
1395 1208 1633 1278 periit],
1666 1211 1805 1264 sicut
1833 1215 1894 1262 et‘
1918 1211 2001 1263 his
2029 1211 2121 1280 qui
2154 1212 2316 1265 modo

741 1297 1092 1348 adversantur
1129 1299 1494 1368 pnedicatiqni
1534 1300 1772 1366 przedicti
1802 1301 1893 1352 lilii
1926 1302 2092 1354 nostri
2123 1311 2178 1355 et
2205 1318 2318 1356 scr—

739 1401 928 1440 vorum
959 1386 1079 1444 Dei.
1114 1389 1237 1456 quia
1271 1397 1386 1457 post
1416 1403 1508 1442 vos
1537 1399 1694 1453 sunt,
1734 1400 1880 1444 certa
1923 1399 2162 1445 remanet
2197 1408 2318 1460 per-

740 1476 888 1528 ditio.
936 1475 1012 1530 Tu
1059 1486 1235 1531 tamen
1283 1478 1423 1533 illius
1465 1480 1656 1534 bonam
1700 1482 2026 1535 voluntatem
2067 1484 2316 1551 precibus

739 1566 1026 1633 adjuvare.
1081 1569 1547 1622 exhortationibus
1600 1571 1920 1635 admonere,
1977 1581 2036 1626 ut
2087 1574 2316 1627 viriliter

739 1666 898 1724 agat,
930 1658 1229 1713 nullatenus
1269 1659 1466 1713 desiste
1497 1679 1508 1711 :
1541 1662 1665 1728 quia
1710 1663 1762 1714 in
1800 1662 1973 1716 salute
2014 1663 2156 1718 illius
2194 1681 2315 1733 pro-

739 1749 968 1816 speritas
995 1759 1173 1802 vestra
1201 1751 1480 1812 consistit,
1530 1761 1585 1804 et
1631 1754 1682 1806 in
1733 1754 1974 1822 profectu
2023 1755 2314 1811 voluntatis

2421 563 2803 619 blandimentis
2830 567 3037 622 nutrire
3058 606 3074 632 ,
3103 578 3162 622 ut
3187 567 3338 638 pejor
3366 566 3562 643 [pejus]
3593 571 3705 628 ﬁat.

2492 653 2806 710 Consideret
2843 658 3109 726 sagacitas
3137 668 3226 712 tua
3257 669 3465 730 tempus
3483 701 3498 725 ,
3527 661 3699 716 locum
3725 671 3780 717 et
3806 678 4000 733 perso-

2420 759 2583 810 nam;
2639 761 2745 815 quo
2793 756 3058 816 tempore,
3109 765 3214 818 quo
3257 750 3408 814 loco,
3452 753 3536 806 cui
3579 768 3819 822 personae
3861 753 3996 823 thTd

2419 835 2702 891 dicendum
2741 839 2831 892 sit.
2873 839 3002 906 Quae
3031 843 3232 910 optime
3272 843 3324 896 in
3361 843 3496 912 lllgro
3529 845 3671 898 beati
3705 845 3990 916 Gregorii,

2419 930 2507 997 qui
2536 929 2828 986 Pastoralis
2858 933 3075 998 dicitur,
3109 934 3207 1004 legi
3237 943 3290 988 et
3317 936 3543 990 discerni
3574 947 3813 1006 possunt.
3843 937 3994 991 Nun-

2418 1034 2577 1086 quam
2618 1036 2774 1074 saera
2813 1020 2983 1076 lectio
3012 1024 3341 1093 temporibus
3379 1027 3688 1094 opportunis
3725 1028 3789 1081 de
3819 1029 3994 1081 mani-

2419 1109 2518 1161 bus
2549 1111 2761 1163 recedat
2787 1112 2909 1164 tuis.
2941 1112 3098 1167 Vices
3122 1129 3244 1167 snas
3271 1115 3502 1168 habeant
3531 1115 3686 1170 lectio
3711 1126 3766 1170 et
3791 1119 3986 1170 oratio.

2420 1197 2486 1251 Et
2513 1215 2616 1252 non
2647 1215 2751 1252 nox
2772 1240 2787 1264 ,
2822 1215 2995 1270 neque
3023 1203 3138 1256 dies
3167 1205 3512 1271 protrahatur
3539 1206 3591 1258 in
3620 1207 3883 1260 conviviis
3912 1210 3992 1263 vel

2417 1289 2797 1354 ebrietatibus,
2831 1301 2922 1344 aut
2958 1287 3480 1349 confalmlationibus
3514 1313 3616 1350 non
3651 1297 3990 1351 necessariis.

2419 1383 2561 1436 Inter
2598 1385 2790 1454 pocula
2833 1401 2997 1440 sonus
3034 1395 3086 1440 et
3119 1402 3296 1441 sermo
3335 1389 3702 1443 mdilicationis
3744 1365 3996 1441 audiatur

2419 1490 2598 1529 coram
2632 1475 3044 1532 admonentibus
3073 1476 3199 1549 [1-1,
3229 1476 3675 1549 admanentibns]
3704 1477 3785 1531 vel
3814 1478 3995 1548 palam

2417 1566 2688 1627 omnibus,
2705 1566 2786 1618 vel
2807 1567 3024 1620 cuilibet
3039 1567 3355 1622 cousizlenti.
3374 1567 3740 1622 Puerilisa‘tas
3757 1569 3866 1622 tuis
3887 1583 3998 1622 ser-

2419 1655 2668 1708 monibus
2698 1671 2726 1707 a
2758 1653 2967 1708 ﬁamma
2995 1667 3242 1710 servetur
3266 1658 3542 1718 vitiorum,
3573 1668 3838 1728 quatenus
3861 1667 4001 1713 aetas

2421 1744 2628 1798 illorum
2656 1745 2750 1798 tibi
2779 1747 3022 1815 proﬁciat
3053 1748 3104 1800 in
3135 1749 3434 1803 mercedem
3456 1759 3724 1820 perpetuae
3749 1766 3999 1805 remune-

739 1837 889 1890 bona:
917 1839 1068 1891 nobis
1092 1840 1340 1893 omnibus
1367 1857 1572 1896 merces
1598 1845 1734 1912 apud
1766 1845 1931 1898 Deum
1962 1849 2311 1916 reputabitti’r.
2351 1827 2390 1885 Β

2351 1827 2390 1885 Β
2425 1836 2666 1900 rationis.
2708 1835 2822 1890 Non
2848 1839 2955 1901 ,tibi
2989 1840 3058 1891 sit
3093 1839 3213 1892 viiis
3243 1839 3450 1903 anima,
3480 1856 3577 1908 pro
3605 1855 3709 1909 qua
3740 1841 3997 1894 Dominus

739 1929 870 1991 Quia
891 1944 1013 1995 ego.
1039 1928 1156 1983 licet
1184 1930 1429 1999 indignus
1452 1933 1628 1986 Pater.
1657 1936 1853 1988 nutrivi
1872 1977 1884 1998 ,
1908 1937 2162 2000 educavi,
2182 1949 2235 1992 et
2259 1941 2323 1994 ad

697 2061 703 2072 .
741 2020 1039 2086 perfectum
1069 2021 1289 2088 perduxi
1317 2021 1486 2074 virum
1510 2038 1668 2091 quem
1693 2039 1788 2076 vos
1810 2025 2044 2091 elegistis
2077 2027 2128 2079 in
2149 2028 2325 2096 ponti-

746 2110 936 2162 tieatus
961 2109 1240 2162 honorem.
1259 2109 1464 2178 Sa'pius
1485 2112 1710 2165 admone
1735 2113 1882 2166 illum
1912 2115 1976 2167 de
2001 2117 2326 2185 precationis

744 2195 865 2268 μ’..
897 2197 1324 2269 praedicationis]
1358 2201 1507 2254 verbi
1538 2201 1630 2255 Dei
1672 2204 1925 2256 instantia
1965 2215 2018 2258 et
2055 2207 2328 2273 patientiae

740 2288 915 2352 bono,
949 2304 1066 2356 qua:
1095 2288 1252 2344 valde
1293 2294 1594 2346 necessaria
1638 2303 1722 2347 est
1767 2295 1841 2347 illi
1884 2296 2147 2350 habitanti
2189 2299 2330 2356 inter

742 2379 896 2450 lupos
923 2390 977 2435 et
1006 2391 1300 2450 serpentes.
1337 2382 1540 2436 Memor
1567 2385 1636 2438 sit
1664 2387 1892 2440 dicentis
1921 2387 2122 2443 Christi
2155 2407 2166 2442 :
2197 2388 2332 2443 Coit-

743 2473 922 2539 ﬁdite,
953 2488 1044 2540 ego
1078 2474 1170 2525 riei
1199 2475 1449 2547 mundum
1479 2476 1671 2541 (Joan.
1697 2494 1786 2531 xv:
1807 2519 1821 2542 ,
1844 2480 1954 2547 55).
1991 2479 2121 2534 Item
2151 2493 2330 2537 mente

745 2563 1039 2630 szepissime
1093 2564 1398 2618 consideret
1440 2545 1572 2634 'quid
1628 2569 1741 2637 ipsa
1797 2569 2010 2624 Veritas
2057 2572 2331 2640 discipulis

746 2659 864 2709 suis
884 2655 1255 2720 pra-cepisset,
1288 2655 1414 2708 dum
1457 2671 1551 2709 eos
1588 2659 1654 2709 a:l
1697 2660 2094 2726 praedicationis
2134 2661 2334 2716 direxit

751 2742 989 2794 ohicium
1019 2759 1030 2794 :
1070 2741 1201 2795 Ecce
1235 2760 1326 2813 ego
1362 2747 1508 2799 mitto
1538 2763 1623 2800 ros
1649 2749 1780 2806 sicut
1811 2765 1926 2802 ores
1961 2751 2014 2803 in
2048 2753 2217 2805 medio
2247 2752 2334 2806 lu-

747 2850 950 2897 porum.
984 2833 1164 2888 Estote
1192 2851 1312 2904 ergo
1339 2839 1616 2906 prudentes
1641 2842 1773 2892 sicut
1808 2853 2097 2908 serpentes,
2128 2853 2174 2894 et
2208 2845 2334 2896 sime

744 2924 903 2990 plices
931 2924 1064 2976 sicut
1091 2924 1362 2977 columbam
1397 2925 1582 2980 Cavete
1611 2928 1674 2979 ab
1703 2930 1998 2983 hominibus
2026 2931 2240 2999 (Matth.
2276 2948 2328 2994 ι,

755 3015 854 3077 lli,
893 3013 1014 3085 l7).
1063 3014 1304 3071 Admone
1347 3016 1492 3071 illum
1535 3019 1868 3090 diligentius.
1921 3038 1988 3078 ne
2030 3026 2101 3078 sit
2150 3011 2332 3080 saeculi

748 3116 977 3167 amator,
1029 3122 1096 3160 ne
1147 3108 1516 3163 adulatoribus
1559 3114 1938 3175 consentiens,
1993 3130 2060 3169 ne
2108 3125 2330 3186 propter

2423 1925 2659 1977 omnium
2690 1925 2823 1978 mori
2847 1927 3093 1994 dignatus
3119 1939 3220 1981 est.
3259 1927 3335 1982 Ne
3365 1929 3512 1984 dicas
3542 1930 3593 1983 in
3627 1929 3839 1993 animo,
3867 1929 3998 1998 quid

2426 2012 2492 2065 ad
2518 2028 2602 2065 me
2627 2015 2889 2081 pertinet,
2916 2015 3028 2068 sive
3057 2017 3192 2070 bene
3214 2057 3227 2079 ,
3258 2017 3369 2071 sive
3398 2018 3533 2072 male
3561 2017 3761 2074 faciat?
3791 2019 3890 2074 Ubi
3917 2027 4000 2072 est

2426 2102 2681 2165 cbaritas,
2711 2105 2757 2158 si
2785 2115 3056 2163 errantem
3083 2109 3351 2176 corrigere
3380 2125 3482 2164 non
3511 2112 3712 2166 curas?
3734 2111 3999 2165 Memento

2427 2191 2739 2261 Apostolum
2799 2195 3106 2249 dicentem:
3160 2197 3287 2262 Quis
3333 2199 3752 2265 scandalizatur,
3807 2211 3854 2253 et
3908 2217 4000 2269 ego

2430 2297 2532 2333 non
2560 2299 2686 2335 uror
2715 2282 2801 2354 (11
2829 2283 2951 2338 Cor.
2979 2301 3031 2338 XI
3052 2287 3219 2356 ,"£9)?
3245 2287 3475 2342 Alterius
3504 2298 3780 2357 peccatum
3799 2331 3814 2356 ,
3843 2306 3999 2344 suum

2431 2368 2556 2424 fecit
2581 2372 2840 2427 dolorem.
2881 2373 3019 2441 Quid
3047 2377 3214 2431 babes
3241 2376 3579 2450 Redemptori
3611 2388 3702 2435 tuo
3731 2391 3786 2437 ct
3827 2379 3998 2436 Judici

2431 2464 2671 2516 omnium
2702 2464 2754 2518 in
2785 2466 2870 2520 die
2896 2482 3090 2537 magno
3117 2469 3432 2532 ostendere.
3464 2471 3508 2524 si
3537 2472 3746 2525 animas
3774 2487 3877 2526 non
3909 2473 4002 2525 ba-

2433 2553 2549 2618 bes,
2581 2562 2672 2610 tuo
2699 2555 2882 2610 labore
2914 2559 3214 2628 redemptos
3243 2575 3271 2612 a
3297 2559 3492 2615 diaboli
3521 2563 3795 2626 Servitute,
3823 2572 4002 2617 osten-

2432 2642 2670 2698 dendas?
2697 2643 2938 2710 Quantas
2966 2647 3019 2702 in
3048 2649 3150 2703 hoc
3178 2649 3369 2704 exsilio
3397 2652 3500 2705 tuis
3525 2651 3783 2707 doctrinis
3806 2653 3875 2706 ab
3905 2654 4004 2705 ini-

2433 2737 2638 2804 quitate
2666 2752 2914 2800 revocas,
2945 2749 2996 2792 et
3028 2741 3082 2793 in
3113 2741 3252 2794 viam
3283 2742 3524 2796 veritatis
3550 2741 3789 2804 reducis,
3815 2742 4002 2811 procul

2434 2825 2595 2880 dubio
2625 2835 2800 2880 tantas
2827 2829 3054 2896 recipies
3082 2831 3354 2884 mercedes
3388 2830 3442 2883 in
3477 2831 3562 2885 die
3598 2830 3706 2884 illa.
3748 2830 3872 2886 ldeo
3901 2849 4003 2886 non

2434 2923 2609 2968 cesset
2643 2915 2882 2968 eharitas
2911 2916 3167 2983 operandi
3202 2918 3342 2971 bona
3369 2909 3652 2973 omnibus:
3694 2935 3800 2973 non
3837 2927 4005 2974 cesset

2433 3004 2613 3073 lingua
2657 3003 3012 3073 loquenditde
3055 3006 3208 3060 bonis
3247 3007 3313 3060 ad
3358 3022 3577 3070 omnes,
3620 3007 3720 3061 hos
3758 3010 4004 3076 precibus

2434 3095 2801 3164 persuadens,
2855 3095 2975 3149 illos
3025 3098 3311 3151 severitate
3360 3099 3662 3164 castigans,
3713 3099 4001 3153 secundum

1929 3167 1938 3175 .
1996 3167 2052 3169 η
2110 3167 2318 3186 πτην-

747 3199 1170 3266 propinquorum
1200 3200 1409 3253 turbam
1439 3216 1593 3255 suum
1635 3204 2017 3272 cupiditatibus
2059 3215 2327 3262 terrarum
2355 3167 2401 3228 ϐ

2355 3167 2401 3228 C
2433 3199 2518 3237 mo
2601 3200 2647 3237 η
2682 3185 3100 3262 uniuscuiusque
3136 3187 3310 3238 tetatis
3339 3185 3421 3240 vel
3457 3201 3716 3255 personat.
3761 3187 3889 3240 Esto
3924 3186 3999 3239 lu-

751 3287 833 3339 vel
864 3288 1170 3342 divitiarum
1212 3290 1447 3344 involvat
1483 3293 1721 3345 animum
1748 3335 1762 3358 ,
1802 3295 1896 3347 sed
1935 3296 2115 3349 divino
2155 3297 2333 3366 rigore

753 3381 952 3449 tegiam
997 3381 1135 3435 viam
1170 3382 1220 3435 in
1251 3383 1500 3435 omnibus
1545 3384 1739 3450 ubique
1787 3393 1982 3437 teneat.
2017 3385 2216 3441 Melior
2251 3395 2336 3440 est

748 3472 995 3524 Christus
1034 3472 1365 3540 propinquus
1389 3481 1444 3524 et
1471 3473 1708 3536 amicus,
1739 3487 1900 3540 quam
1951 3474 2114 3528 totius
2154 3474 2331 3528 szeculi

751 3577 1036 3614 numerosa
1067 3561 1436 3629 propinquitas
1463 3561 1548 3614 vel
1578 3563 1835 3615 amicitia.

828 3652 960 3706 Vide
990 3651 1118 3720 quid
1148 3651 1389 3706 ebaritas
1416 3650 1566 3705 facit.
1600 3652 1732 3706 Dum
1765 3653 1817 3706 te
1845 3654 2135 3709 admonere
2173 3653 2332 3708 fami-

752 3741 874 3795 liari
904 3741 1042 3812 stylo
1068 3757 1294 3796 exorsus
1322 3757 1440 3796 sum
1461 3781 1476 3803 ,
1510 3750 1730 3812 repente
1761 3759 1844 3797 me
1872 3744 2156 3798 charitatis
2183 3744 2335 3798 ﬁam-

758 3848 844 3886 ma
874 3832 1142 3886 transtulit
1171 3833 1237 3886 ad
1269 3833 1438 3887 illum.
1475 3834 1580 3888 Sed
1610 3835 1826 3904 ignosce
1854 3836 2015 3899 mihi,
2049 3837 2189 3904 quod
2221 3837 2337 3892 htec

751 3938 921 3994 pauca
950 3923 1015 3976 de
1045 3922 1186 3977 illius
1215 3921 1455 3991 profectu
1485 3925 1582 3978 tibi
1622 3926 1907 3981 destinatis
1947 3927 2147 3982 inserui
2190 3926 2332 3982 litte-

759 4016 930 4069 rulis:
972 4025 1167 4085 optans
1205 4024 1256 4068 te
1294 4025 1348 4069 et
1388 4017 1440 4070 in
1484 4016 1586 4072 hac
1627 4027 1865 4087 paterna:
1909 4019 2030 4073 ﬁdei
2072 4020 2337 4076 felicitate

758 4104 1021 4174 proﬁcere
1050 4091 1232 4158 coram
1264 4104 1372 4159 Deo
1395 4145 1408 4168 ,
1439 4114 1497 4159 ut
1535 4107 1610 4161 sis
1654 4107 1708 4160 in
1749 4109 1998 4162 onmibus
2027 4108 2168 4163 illius
2196 4111 2336 4164 veri-

757 4198 884 4251 tatis
914 4185 1170 4259 assertor,
1209 4211 1313 4250 non
1347 4195 1599 4252 falsitatis
1635 4198 1897 4252 adulator.
1939 4197 2081 4254 Bene
2115 4201 2334 4269 quidam

755 4288 1088 4342 adulatorem
1129 4288 1370 4342 deﬁnivit
1413 4289 1635 4343 dicens:
1688 4291 1948 4344 Adutator
1989 4303 2062 4346 est
2112 4293 2334 4346 blandus

755 4380 996 4432 inimicus
1021 4396 1037 4432 :
1065 4387 1120 4432 et
1145 4394 1330 4432 verum
1358 4380 1433 4432 ait
1456 4396 1470 4442 ;
1499 4381 1713 4447 plurimi
1743 4397 1974 4450 namque
2002 4392 2126 4435 sunt
2156 4383 2337 4437 adula-

759 4485 901 4528 tores
940 4474 1197 4535 divitum,
1238 4483 1292 4528 et
1330 4473 1484 4542 pauci
1526 4474 1906 4528 admonitores.
1952 4475 2018 4528 Et
2043 4475 2232 4530 melior
2255 4485 2336 4530 est

757 4581 894 4618 unus
943 4579 1132 4618 suasor
1171 4565 1419 4618 veritatis
1461 4580 1622 4632 quam
1660 4565 1802 4618 mille
1841 4567 2147 4622 adulatores
2182 4567 2333 4622 falsi-

758 4657 902 4708 tatis.
933 4656 1235 4724 Qnaproter
1261 4657 1361 4710 hoc
1395 4657 1581 4709 vitium
1609 4657 1932 4710 omnimodis
1963 4658 2058 4711 tibi
2100 4674 2295 4712 caveas
2318 4699 2333 4721 ,

755 4747 1068 4800 charissime
1091 4747 1161 4799 lili
1184 4786 1202 4803 ,Α
1224 4755 1278 4798 et
1302 4761 1516 4813 semper
1537 4761 1715 4799 sermo
1742 4753 1864 4799 tuus
1886 4749 2112 4800 veritate
2136 4749 2331 4817 vigeat.

757 4839 906 4893 Licet
934 4837 1130 4891 veritas
1160 4851 1407 4906 rugosam
1432 4835 1644 4889 .habcat
1683 4834 1946 4899 frontem,
1991 4845 2168 4890 tamen
2211 4837 2333 4892 soli-

759 4931 884 4981 dum
937 4928 1135 4981 habere
1191 4927 1325 4979 solet
1374 4925 1676 4979 consilium.
1736 4924 1789 4978 Si
1821 4939 1918 4994 pro
1968 4927 2113 4978 omni
2163 4927 2336 4981 otioso

759 5020 923 5075 verbo
952 5019 1206 5074 reddituri
1251 5019 1450 5072 erimus
1497 5020 1762 5073 rationem
1809 5019 2039 5090 (Matth.
2069 5038 2174 5084 sit,
2199 5021 2332 5091 36),

760 5118 961 5178 quanto
991 5109 1160 5178 magis
1187 5122 1288 5177 pro
1315 5109 1476 5162 noxio
1503 5109 1586 5162 vel
1617 5109 1836 5164 fallaci?
1869 5109 1940 5164 0s
1978 5113 2117 5179 quod
2151 5115 2338 5166 menti-

764 5212 848 5252 tur
873 5200 1056 5253 occidit
1085 5200 1314 5252 animam
1347 5197 1499 5267 (Sap.
1527 5215 1542 5252 ι
1567 5238 1580 5260 ,
1610 5198 1716 5269 Η).
1756 5199 1860 5253 Pro
1890 5200 2131 5254 veritatis
2158 5201 2337 5257 ofﬁcio

765 5306 940 5346 scnno
983 5299 1064 5346 est
1108 5291 1312 5346 homini
1355 5293 1543 5355 datus,
1589 5307 1694 5346 non
1737 5291 1989 5347 falsitatis
2033 5293 2334 5362 iniquitate.

768 5379 1041 5450 Nunquam
1077 5380 1321 5436 adulator
1360 5397 1521 5437 verus
1558 5391 1643 5437 cst
1678 5385 1916 5446 amicus,
1947 5384 2042 5438 sed
2074 5383 2336 5449 blandus,

765 5480 821 5523 ιιι
857 5471 1070 5534 dicitur,
1109 5471 1376 5528 inimicus.
1415 5471 1663 5527 Gladium
1708 5475 1864 5532 melle
1900 5475 2051 5532 litum
2095 5475 2340 5551 porriges

835 5653 861 5680 ⁸
898 5639 1140 5699 Simone
1157 5658 1362 5704 summa
1389 5645 1672 5703 sacerdota.
1710 5643 1862 5710 Hunc
1885 5642 2340 5705 Wormationsem

769 5711 1071 5784 spismpum
1091 5722 1248 5767 vocat
1279 5710 1555 5784 Mabill.‘in
1582 5713 1732 5784 Elog.
1757 5713 1990 5784 Alcuini,
2015 5712 2041 5784 §
2077 5713 2336 5780 12,0.66.

772 5778 876 5834 Sed
904 5778 1078 5834 verius
1106 5792 1262 5846 puto,
1302 5782 1445 5835 illum
1481 5781 1531 5836 in
1576 5778 1760 5851 Anglia
1795 5778 2160 5851 episcopatum
2197 5785 2336 5838 obti-

2431 3292 2592 3331 cerna
2629 3280 2680 3330 in
2717 3279 2876 3331 domo
2905 3277 3035 3342 Dei,
3068 3285 3122 3331 et
3152 3293 3246 3346 per
3283 3285 3335 3332 te
3372 3278 3584 3347 plurimi
3619 3278 3998 3342 illuminentur,

2433 3375 2488 3420 ct
2516 3383 2546 3421 a
2576 3367 2814 3424 tenebris
2845 3367 3095 3422 vitiorum
3127 3368 3179 3421 in
3208 3368 3349 3422 viam
3378 3377 3645 3438 perpetrm
3682 3367 3816 3422 lueis
3854 3385 4001 3428 revo-

2431 3467 2643 3512 centur.
2686 3457 2801 3512 Non
2838 3457 3011 3512 deerit
3049 3459 3144 3511 tibi
3173 3459 3340 3528 gratia
3373 3450 3676 3524 adjuvantis
3707 3459 3835 3523 Dei,
3865 3459 3908 3512 si
3939 3459 4008 3510 ii:-

2433 3549 2537 3603 erit
2570 3548 2818 3601 voluntas
2852 3548 3232 3602 admonitionis
3265 3556 3480 3602 sanetae.
3532 3546 3719 3602 Scribe
3764 3547 4001 3615 Evange-

2435 3638 2563 3691 linm
2590 3638 2696 3707 77
2725 3637 2778 3690 in
2806 3639 2966 3692 corde
2995 3647 3104 3701 tuo,
3131 3647 3182 3690 et
3209 3639 3260 3691 in
3287 3638 3542 3693 memoria
3571 3639 3820 3690 maneant
3850 3637 4004 3688 mira-

2435 3728 2576 3791 cula,
2608 3728 2693 3782 vel
2717 3729 2878 3782 verba
2904 3727 3114 3784 Domini
3142 3730 3307 3782 nostri
3327 3727 3451 3783 Iesu
3479 3727 3674 3783 Christi
3701 3769 3714 3780 .
3745 3738 3798 3780 ct
3820 3729 4005 3797 sapius

2435 3818 2759 3888 psalmorum
2789 3819 2905 3872 vice
2933 3819 3114 3874 canito
3131 3819 3486 3887 Evangelium
3505 3857 3520 3880 ,
3548 3818 3781 3890 maxime
3811 3833 4000 3871 secun-

2437 3909 2562 3960 dum
2587 3905 2846 3960 Joannem
2866 3947 2880 3970 ,
2907 3907 2996 3960 ubi
3021 3906 3211 3960 altiora
3235 3907 3482 3976 leguntur
3509 3907 3682 3960 inesse
3711 3907 3963 3975 mysteria
3987 3923 3999 3958 :

2437 3996 2490 4052 in
2521 4012 2626 4068 quo
2657 4011 2756 4069 ego
2785 3997 2851 4050 de
2881 3995 3099 4051 Patrum
3131 3997 3321 4053 libellis
3351 3997 3532 4055 laboro
3559 3997 3583 4036 l‘
3612 3997 4000 4068 Expositioneat

2436 4091 2586 4144 brevi
2618 4105 2864 4145 sermone
2905 4106 3162 4160 peragere
3190 4109 3202 4144 :
3236 4106 3370 4161 opus
3407 4091 3794 4156 necessarium,
3825 4088 3997 4146 vobis-

2435 4196 2540 4250 que
2578 4179 2905 4248 jucundum,
2954 4182 2998 4234 si
3044 4181 3276 4237 donante
3322 4181 3430 4237 Deo
3467 4179 3795 4251 perficiatur,
3845 4190 3898 4234 et
3937 4179 3998 4232 ad

2438 4285 2534 4324 vos
2562 4269 2843 4338 pervenire
2881 4271 3096 4336 poterit.

2510 4377 2589 4430 Tu
2619 4392 2748 4430 vero
2779 4391 2966 4447 pacem
2997 4392 3118 4430 cum
3145 4377 3394 4431 omnibus
3423 4374 3538 4449 [F.,
3565 4376 3891 4449 hominibus]
3916 4379 3999 4431 ba-

2439 4467 2586 4530 beas,
2619 4466 2813 4521 bellum
2839 4482 2960 4521 cum
3002 4468 3169 4531 vitiis,
3214 4456 3556 4523 concordiam
3582 4483 3703 4522 cum
3734 4467 3996 4528 fratribus.

2443 4573 2726 4630 moresque
2747 4556 3017 4626 iucundos
3055 4575 3176 4615 eum
3209 4561 3288 4614 eis
3316 4560 3407 4630 qui
3439 4567 3741 4613 sanctorum
3772 4561 4001 4613 moribus

2438 4651 2815 4704 consociantur
2841 4660 2895 4705 et
2922 4652 3107 4704 vivunt
3135 4669 3146 4704 :
3178 4653 3544 4720 patienterque
3575 4659 3693 4711 tuas
3725 4648 3886 4703 suffer
3921 4650 3996 4702 in-

2428 4739 2627 4806 jurias;
2670 4740 2751 4794 vel
2777 4741 2948 4809 magis
2971 4741 3197 4802 dimitte,
3235 4748 3293 4794 ut
3322 4740 3619 4794 dimittatur
3642 4740 3755 4795 tibi.
3786 4741 3912 4795 Esto
3950 4742 3995 4793 in

2435 4833 2556 4886 cibo
2579 4832 2873 4894 modestus,
2902 4832 2952 4886 in
2979 4831 3168 4900 poculo
3193 4846 3403 4900 parcus,
3429 4833 3482 4886 in
3505 4833 3764 4902 loquendo
3777 4834 3994 4894 sobrius,

2436 4921 2490 4975 in
2515 4921 2710 4991 vigiliis
2733 4921 2976 4986 devotus,
3002 4922 3068 4976 ad
3093 4936 3248 4976 omne
3273 4937 3408 4992 Opus
3437 4923 3528 4976 Dei
3561 4931 3857 4993 promptus,
3885 4923 3995 4990 pilis

2438 5010 2503 5064 ad
2533 5025 2796 5080 pauperes
2823 5019 2877 5064 et
2908 5011 3170 5072 inﬁrmos,
3195 5011 3498 5066 consolator
3524 5010 3878 5068 maerentium.
3910 5011 3994 5060 ad-

2430 5102 2580 5172 jutor
2606 5101 2987 5163 laborantium,
3011 5103 3340 5170 compatiens
3362 5101 3600 5154 miseriis
3623 5100 3879 5164 omnium,
3901 5101 3994 5152 lar-

2437 5211 2538 5268 gus
2577 5196 2629 5248 in
2657 5193 3012 5263 eleemosyhis
3045 5194 3337 5250 secundum
3367 5193 3510 5247 vires
3535 5190 3778 5250 habendi.
3808 5207 3993 5246 memo-

2439 5303 2566 5342 rans
2592 5285 2912 5353 evangelica:
2955 5286 3127 5340 vidua;
3164 5286 3270 5339 duo
3311 5283 3545 5344 minuta.
3593 5283 3992 5352 prophetamqne

2439 5376 2704 5430 dicentem
2730 5391 2743 5426 :
2774 5370 2984 5445 Frange
3023 5374 3268 5428 esurienti
3289 5390 3475 5443 panem
3511 5383 3656 5426 tuum
3679 5370 3826 5444 (Isai.
3855 5387 3985 5428 tvm.

2443 5468 2514 5535 7).
2544 5464 2685 5520 Cave
2730 5475 2799 5530 te,
2827 5466 3128 5536 prtevidens
3163 5461 3537 5522 discretionem
3567 5463 3693 5518 elect
3729 5475 3905 5531 .sznac
3941 5457 3991 5512 ia

2444 5644 2647 5718 nuisse.
2677 5607 2794 5718 l‘id.
2820 5646 2992 5718 epist.
3020 5643 3256 5718 priorem
3288 5640 3353 5696 ad
3381 5642 3552 5718 ipsum
3579 5639 3889 5695 Simeonem.

2514 5713 2544 5762 δ
2579 5703 3224 5787 '_Uuam
3264 5703 3630 5787 poste'audrca
3669 5719 3859 5762 annum
3897 5703 3984 5760 £00

2446 5783 2700 5845 absolvit;
2734 5797 2849 5837 eam
2883 5783 3001 5836 vide
3035 5783 3171 5837 infra
3197 5783 3348 5851 parte
3374 5798 3414 5834 ir
3446 5784 3696 5847 Operam.
