4232 6406
178 341 305 428 ’sta

1611 372 1989 429 EPISTULzﬁ.

3303 385 3411 440 250

190 487 447 548 utroque,
470 487 526 533 et
543 477 689 533 danti
713 486 766 533 et
787 459 1088 548 aceipienli,
1111 478 1357 532 solatium
1383 493 1521 533 esse.
1553 478 1759 548 Ubique
1787 486 1834 544 Λ
1861 481 1982 537 simi
2001 483 2065 537 'in
2087 483 2227 539 bello
2244 525 2257 547 ,
2289 493 2344 538 et
2381 466 2666 553 justissimi
2692 489 2744 541 in
2768 487 3014 556 judiciis;
3056 506 3264 548 morum
3313 511 3413 550 uo-

189 574 452 630 discretio
479 572 679 643 optime
707 571 880 635 valet,
908 586 1026 639 qua:
1053 583 1078 611 ι
1111 571 1248 624 inter
1272 570 1560 625 monachos
1583 579 1756 624 mater

187 663 456 718 virtutum
485 677 603 718 esse
631 663 842 725 dicitur,
882 659 1166 715 Salomone
1201 668 1484 714 attestante
1516 673 1532 713 :
1565 658 1757 728 Palpe-

188 756 304 812 ὀΐω
321 768 426 812 tua!
451 757 746 828 pmcedant
765 773 970 826 gressus
996 765 1110 810 tnos
1131 755 1310 827 (Prov.
1339 771 1409 818 tv,
1432 755 1543 822 25),
1577 755 1628 809 id
1652 761 1754 817 est,

149 892 157 899 .
186 845 450 900 discretio
470 855 620 900 actus
647 854 784 898 tuos.
825 843 919 899 Cui
943 845 1217 899 sententire
1243 853 1296 918 et
1327 843 1609 911 Apostolus
1629 858 1756 897 con-

187 946 372 998 sonat,
395 936 483 989 ubi
507 935 583 989 ait
609 953 622 986 :
657 933 844 988 Omnia
867 943 1031 987 vestra
1060 935 1266 986 honeste
1285 949 1398 984 cum
1425 932 1604 985 ordine
1622 933 1754 999 ﬁant

187 1024 246 1095 (1
295 1023 416 1079 Cor.
451 1040 562 1088 xxv,
593 1023 704 1092 40).
738 1024 802 1076 ΕΙ.
845 1024 1080 1077 comicus
1111 1022 1326 1092 quidam
1354 1022 1472 1074 ait:
1505 1019 1585 1072 Ne
1626 1020 1754 1090 quid

189 1117 370 1169 nimis.
403 1116 457 1169 ln
487 1117 628 1169 omni
659 1131 717 1182 re
748 1113 1093 1183 temperantia
1119 1113 1376 1167 servanda
1409 1120 1512 1172 est,
1533 1126 1650 1179 qua:
1673 1118 1754 1164 est

185 1205 279 1256 via
319 1206 461 1273 regia
501 1205 664 1258 totius
691 1205 812 1257 vitm
842 1212 1065 1264 nostrae,
1097 1219 1196 1256 nec
1229 1202 1292 1255 ad
1320 1203 1591 1255 dexteram
1611 1241 1626 1264 ,
1653 1215 1752 1255 nec

184 1293 260 1346 ad
287 1293 557 1346 sinistram
603 1293 893 1354 declinans,
941 1293 1031 1346 sed
1059 1299 1212 1346 caute
1239 1299 1292 1345 et
1314 1291 1580 1358 sapienter
1608 1289 1751 1342 ince-

185 1385 326 1440 dens
344 1425 358 1448 ,
385 1384 534 1452 quasi
565 1383 817 1452 providus
845 1384 1016 1436 viator
1041 1384 1106 1436 ad
1137 1397 1378 1449 superna:
1412 1382 1642 1434 civitatis
1667 1395 1754 1433 ar-

185 1492 310 1532 cem
340 1491 660 1546 properans,
690 1475 967 1528 ambulans
995 1475 1058 1529 de
1091 1476 1271 1529 virtute
1291 1477 1342 1530 in
1371 1477 1606 1528 rirtutem
1625 1515 1638 1538 ,
1663 1474 1757 1526 do-

184 1584 286 1621 nec
315 1567 549 1621 rideatur
583 1567 722 1620 Deus
761 1567 972 1620 deorum
1012 1568 1066 1620 in
1119 1566 1249 1622 Sion
1300 1565 1469 1637 (Psal.
1517 1558 1754 1630 cxxxiii,

181 1657 280 1728 8);
312 1659 363 1712 id
393 1667 508 1720 est,
546 1658 597 1711 in
643 1659 854 1726 specula
883 1667 1094 1714 aeternae
1133 1659 1496 1719 beatitudinis,
1527 1672 1644 1725 qua:
1677 1665 1759 1710 est

181 1747 430 1809 omnium
455 1755 761 1800 sanctorum
792 1762 996 1800 merces
1024 1755 1077 1800 et
1111 1747 1391 1800 retributio
1417 1746 1612 1798 laboris
1651 1745 1754 1799 sui.

180 1805 266 1890 lbi
298 1837 430 1909 beati
457 1837 649 1889 mundo
675 1836 845 1896 corde,
869 1838 991 1906 quia
1015 1837 1174 1889 Deum
1199 1837 1435 1889 videbunt
1462 1835 1674 1905 (Matth.
1699 1851 1755 1899 v,
1789 1805 1829 1860 Β

183 1925 269 1994 8).
314 1923 390 1978 lbi
437 1925 568 1977 beati
612 1926 702 1994 qui
747 1927 1147 1994 persecutionem
1185 1925 1471 1993 paﬁnutur,
1511 1926 1755 1994 quoniam

183 2017 423 2084 ipsorum
453 2024 525 2066 est
552 2031 762 2083 regnum
788 2015 1031 2068 caelorum
1059 2015 1245 2082 (Ibid.,
1273 2015 1379 2085 10).
1409 2015 1483 2068 lhi
1517 2013 1648 2067 beati
1670 2015 1758 2084 qui

182 2104 424 2158 habitant
449 2103 501 2155 in
523 2103 674 2156 domo
696 2104 927 2168 Domini,
958 2105 1080 2173 quia
1099 2106 1152 2158 in
1174 2105 1420 2158 arculum
1443 2104 1624 2158 διερειιὲ
1643 2105 1760 2156 [mt-

185 2193 389 2246 dabunt
429 2210 544 2246 eum
575 2192 746 2264 (Psal.
777 2209 998 2254 Lxxxnt,
1034 2192 1111 2261 5).

191 2333 196 2336 _
263 2282 412 2336 Hanc
453 2283 647 2338 habeto
679 2283 977 2338 chartulam
996 2324 1012 2348 ,
1041 2282 1384 2337 dilcc:issimc
1415 2281 1486 2336 [ἱΙί
1505 2323 1523 2347 ,
1552 2277 1757 2337 seciam

184 2372 311 2436 tibi,
347 2373 461 2427 vice
487 2383 722 2443 paternae
749 2375 1032 2429 charitatis
1057 2375 1149 2428 tibi
1173 2374 1475 2442 loquentem
1497 2373 1548 2426 ia
1574 2373 1755 2438 corde,

187 2471 248 2518 te
292 2463 667 2517 admonentem
718 2480 820 2525 non
873 2464 1042 2518 solum
1087 2464 1160 2520 de’
1200 2465 1371 2519 salute
1398 2473 1518 2528 tua,
1569 2478 1754 2518 verum
1795 2535 1804 2543 .

168 2555 354 2624 etiam
385 2554 452 2608 de
481 2554 768 2608 multorum
800 2554 1039 2622 profectu
1073 2565 1127 2609 et
1155 2557 1540 2625 prosperitate,
1565 2569 1756 2623 meque

183 2646 364 2714 ipsum
396 2653 728 2720 tuopectore
758 2646 993 2713 quotidie
1027 2647 1519 2710 commendantem,
1547 2655 1606 2699 ut
1632 2661 1756 2700 vera

184 2750 288 2787 nos
312 2735 552 2788 Charitas
593 2734 780 2788 llorcre
814 2734 973 2787 faciat
1015 2734 1068 2787 in
1099 2735 1379 2804 przeceptis
1404 2733 1604 2789 Christi
1637 2734 1753 2800 Dei,

167 2825 274 2879 cui
300 2824 416 2878 laus
442 2833 498 2879 et
521 2825 686 2894 gloria
717 2826 770 2879 in
801 2826 992 2881 saecula
1023 2826 1367 2894 sempiterna.

577 2936 687 3006 78
723 2936 750 2975 ι’
788 2936 1118 2990 EPISTULA
1155 2936 1365 2990 LXXIV

400 3041 466 3080 AD
492 3040 702 3094 ϐεκτειι
739 3038 806 3078 ετ
835 3041 1071 3080 Ρορυιωι
1109 3040 1543 3080 ελατυλειιοιιυι.

687 3143 705 3200 έ
779 3117 954 3187 (Anno
1002 3115 1151 3186 797.)
1779 3140 1826 3198 ε

185 3207 411 3261 Illorum
439 3207 595 3276 ﬁdem
630 3224 691 3261 nc
712 3207 1027 3261 nobilitatem
1059 3206 1299 3266 laudibus
1325 3205 1554 3268 extollit;
1582 3223 1755 3260 sacer-

257 3277 406 3330 dotes
429 3295 490 3329 ac
519 3277 711 3330 nobiles
737 3276 1046 3329 adhortatur
1083 3293 1101 3329 :
1134 3277 1452 3330 calamitates
1485 3277 1754 3346 deplorat,“

258 3356 386 3400 etut
417 3346 860 3416 archiepiscopum
900 3346 1272 3400 Aedilltardum
1304 3364 1336 3400 a
1359 3347 1482 3416 fuga
1514 3347 1756 3400 reducere

157 3454 166 3460 -
257 3425 528 3474 conentur,
557 3414 760 3470 suadet.

256 3523 617 3578 Nobilissima:
651 3523 795 3593 genti
824 3533 879 3577 et
929 3524 1123 3594 populo
1164 3524 1446 3588 laudabili,
1489 3535 1542 3580 et
1593 3541 1758 3595 regno

185 3614 451 3684 imperiali
497 3612 908 3668 Cantuariorum
937 3614 1151 3669 humilis
1185 3614 1346 3669 levita
1389 3616 1645 3670 Alcninus
1669 3631 1756 3670 sa-

185 3705 377 3759 lutem.

255 3798 436 3853 Vestri
468 3797 676 3853 decoris
718 3806 772 3852 et
798 3806 992 3852 vestra:
1029 3797 1215 3852 salutis
1237 3797 1388 3852 valde
1411 3791 1635 3866 cupidus
1657 3797 1774 3850 has,

182 3901 388 3958 paucas
414 3886 698 3950 litterulas,
721 3888 790 3941 ob
817 3887 1032 3940 nimiam
1063 3895 1254 3941 vestra:
1283 3886 1651 3955 prosperitatis
1677 3886 1757 3940 di-

183 3975 502 4039 lectionem,
557 3975 610 4028 in
641 3989 921 4028 commune
945 3975 1095 4028 vobis
1131 3975 1364 4044 dirigere
1398 3976 1602 4061 curavi.
1627 3975 1755 4040 ,Vos

183 4082 316 4122 vero
336 4063 874 4136 priucipinmsalutis
897 4064 1186 4132 Anglorum
1203 4104 1216 4125 ,
1245 4065 1453 4118 initium
1480 4064 1752 4132 prosperi-

184 4160 338 4224 tatis,
382 4166 568 4228 portus
611 4157 946 4220 intrantium,
999 4155 1254 4224 triumphi
1303 4155 1446 4219 laus,
1483 4153 1756 4224 sapientiae

182 4251 362 4320 origo,
390 4258 444 4304 et
464 4265 494 4303 a
519 4249 670 4305 vobis
696 4248 903 4318 imperii
926 4256 1160 4317 potestas
1184 4248 1354 4318 prima
1375 4248 1671 4318 processit,
1702 4255 1756 4302 et

182 4340 308 4395 fidei
340 4339 620 4394 catholicae
641 4338 792 4407 origo
814 4349 1002 4393 exorta
1021 4347 1124 4392 est.
1154 4338 1306 4406 Apud
1332 4353 1427 4392 vos
1457 4338 1754 4416 clarissima

185 4430 391 4486 lumina
413 4429 701 4482 Britannia;-
732 4430 1098 4496 requiescunt,
1127 4445 1223 4498 per
1243 4446 1378 4498 quos
1401 4431 1490 4483 lux
1514 4429 1752 4483 veritatis

184 4535 284 4592 per
315 4527 482 4573 totam
517 4516 844 4570 Britanniam
877 4517 1113 4570 emicuit.
1155 4517 1211 4570 ln
1251 4519 1400 4571 vobis
1442 4525 1750 4584 utrumque,

184 4618 241 4666 et
264 4607 648 4679 philosophica:
685 4605 976 4674 disciplina:
1022 4607 1186 4684 decus
1213 4606 1461 4669 emicuit,
1493 4613 1547 4659 et
1588 4617 1755 4659 sacra:

183 4700 377 4770 religio
401 4699 464 4752 .is
499 4699 718 4753 claritas
742 4697 958 4751 effulsit.
995 4697 1050 4751 ln
1091 4697 1242 4751 vobis
1264 4712 1392 4750 vero
1439 4696 1654 4749 fuerunt
1677 4695 1752 4749 si-

183 4789 298 4844 mul
325 4795 382 4840 et
426 4787 657 4855 religiosi
686 4787 932 4841 doctores
967 4788 1349 4844 “.ecclt~":siastic:n~
1378 4787 1497 4840 ﬁdei
1521 4827 1534 4850 ,
1584 4795 1636 4840 et
1664 4803 1778 4868 sa-‘

181 4877 504 4950 pientissimi
528 4876 794 4946 principes
822 4877 1015 4946 regalis
1039 4879 1337 4947 dignitatis,
1367 4889 1422 4934 et
1449 4879 1550 4934 viri
1581 4878 1756 4934 fortis-

255 5003 281 5032 ι
325 4991 471 5045 Inter
506 4992 803 5044 monachos.
829 4989 954 5044 lnde
975 4991 1192 5056 colligas
1216 5033 1231 5056 ,
1258 4994 1544 5050 Calvinum
1565 5010 1752 5050 mona—

255 5009 281 5032 ·
325 5009 471 5045 ιηισι·
506 5009 803 5044 ηιοηασηοε.
831 5009 954 5044 tunc
975 5009 1092 5045 COlll
1135 5009 1192 5045 as
1216 5033 1231 5056 ,
1258 5009 1364 5047 (Δι’

181 5063 346 5130 chum
371 5061 424 5114 fu
449 5076 534 5115 sse
564 5062 615 5114 in
636 5061 820 5115 eadem
844 5061 976 5114 cella
1006 5059 1061 5114 S.
1089 5009 1364 5130 Stephani.

257 5129 286 5167 ι’
325 5130 473 5185 lianc
499 5131 782 5201 epistolam
820 5147 1090 5201 nunquam
1137 5141 1289 5184 antea
1325 5133 1524 5187 editam
1554 5134 1754 5191 descri-

182 5201 477 5280 psimus“
500 5202 747 5280 cod._ms.
767 5200 960 5256 Salisb.
985 5217 998 5265 ;
1027 5200 1148 5280 data
1176 5202 1752 5280 emtemteuzporequo

181 5268 277 5352 illa
304 5269 372 5352 ad
394 5268 759 5352 Albelardum.
787 5288 904 5342 qua:
907 5273 1185 5352 sequitur.
1204 5271 1378 5352 (Apud
1392 5268 1620 5352 Froben.
1637 5268 1750 5344 59.)

258 5349 282 5415 ξε
326 5337 558 5415 Populus
614 5337 868 5411 paganus.
907 5337 1037 5397 Darii
1093 5337 1375 5415 nimi_rﬁ_m,
1424 5347 1512 5415 qui
1569 5337 1752 5401 littora

183 5409 473 5534 Brétauqta;
504 5409 718 5466 vastare
739 5421 1014 5482 coeperunt
1035 5426 1175 5467 anno
1206 5411 1329 5471 795.
1351 5409 1549 5480 sapius
1570 5423 1752 5482 postea

183 5495 242 5534 re
285 5494 385 5534 eun
415 5497 440 5529 r
478 5517 492 5530 .

183 5494 492 5536 redeuntes.

226 5548 282 5622 id
306 5620 313 5622 Α
336 5547 432 5605 Vix
457 5547 664 5622 aliqu's_
672 5551 844 5622 modo.
881 5590 898 5604 .
932 5590 946 5604 .
979 5589 991 5602 .
1027 5569 1091 5607 ea:
1117 5553 1334 5622 antiqua
1364 5569 1540 5622 regum
1564 5569 1749 5622 prosa-

183 5621 271 5686 pia
297 5619 576 5674 invenitur.
625 5617 698 5674 Ea
730 5620 796 5674 de
845 5636 901 5674 re
937 5617 1534 5677 audiendus'Malmesb.
1564 5617 1748 5679 libro:

182 5688 252 5743 de
276 5687 629 5762 Beg._Angl.,
662 5702 711 5743 c.
742 5690 762 5744 l
796 5704 812 5742 :
851 5707 871 5739 ο
902 5690 1171 5762 Pastillos
1195 5692 1484 5762 (Withredi
1517 5692 1746 5757 liberos,

183 5765 234 5810 et
265 5755 445 5814 Catitii
474 5755 626 5828 reies
647 5799 660 5822 ,
701 5773 932 5830 quorum
975 5755 1341 5822 ultimuscrat
1369 5762 1579 5819 Alricus
1603 5797 1619 5825 ,
1657 5755 1746 5833 qui

1800 5069 1801 5072 “
1856 5085 2011 5123 rosus
2055 5066 2547 5137 sanguis'el‘friguit.

1810 5169 1813 5173 -
1854 5155 1979 5209 que,
2010 5140 2096 5192 cui
2120 5136 2201 5209 vel
2226 5138 2401 5209 lingua
2427 5136 2658 5209 divitias,
2683 5137 2762 5209 ve_l
2792 5136 2956 5209 factio
2986 5145 3418 5209 terroremcorn-

1857 572 2341 643 bilitatecopspicui
2357 616 2372 640 ,
2396 576 2634 632 consiliis
2652 580 2878 647 providi,
2894 580 3086 649 pietate
3102 581 3421 652 laudabiles,

1854 661 1992 720 facie
2015 665 2352 721 honorabiles
2372 707 2387 732 ,
2415 667 2567 722 vultu
2589 671 2920 726 venerabiles
2939 712 2956 738 ,
2981 681 3035 727 et
3069 673 3212 728 omni
3244 676 3416 746 digni-

1856 758 1963 806 tate
1990 752 2290 834 clarissimi.
2321 754 2445 809 Haec
2465 771 2578 820 vos,
2602 758 2703 812 viri
2729 761 3130 828 sapientissimi,
3147 764 3197 817 in
3220 765 3422 833 quibus

1855 843 2013 896 modo
2039 841 2240 897 Cantia:
2265 845 2425 899 decus
2448 847 2718 911 consistit,
2754 850 3034 920 diligenter
3058 855 3412 922 considerate,

1853 939 1909 984 et
1961 932 2145 1002 longas
2205 937 2572 992 successiones
2631 941 3081 998 nobilissimorum
3135 957 3415 1014 parentum

1854 1029 2153 1083 vestrorum
2178 1021 2391 1077 imitare
2417 1027 2736 1081 studeamini
2769 1028 2922 1099 [.lls.,
2954 1033 3271 1107 studimini].
3309 1037 3318 1042 ’

1921 1110 2097 1165 Primo
2121 1115 2356 1170 omnium
2378 1157 2393 1180 ,
2423 1119 2511 1186 qui
2539 1119 2590 1171 in
2621 1119 2856 1174 Ecclesia
2890 1122 3084 1178 Christi
3113 1115 3220 1180 Deo
3241 1129 3423 1183 descr-

1860 1201 2176 1274 viunt[Ms.,
2207 1207 2554 1281 deserviant],
2590 1211 2796 1264 discant
2836 1213 3115 1282 diligenter
3149 1217 3423 1286 quomodo

1862 1295 1969 1348 Deo
1997 1295 2240 1364 placeant
2268 1297 2486 1366 (Coloss.
2518 1317 2554 1361 ι,
2587 1301 2697 1370 10),
2721 1305 2985 1370 quomodo
3013 1304 3167 1360 [idem
3195 1307 3419 1363 catholio

1858 1399 2160 1453 cam,quam
2189 1388 2417 1454 primum
2435 1390 2682 1445 doctores
2707 1395 2871 1448 110stri
2890 1395 2940 1448 in
2953 1396 3031 1450 eis
3047 1395 3418 1459 fundavcrunt.

1857 1472 2096 1526 obtinere
2121 1473 2346 1528 ﬁrmiter
2371 1484 2424 1530 et
2444 1479 2734 1546 prtedicare
2758 1483 3005 1553 valeant;
3025 1486 3148 1552 quia
3175 1486 3421 1556 ignoran-

1859 1561 1931 1615 tia
1981 1561 2380 1631 Scripturarum
2433 1566 2730 1635 ignorantia
2757 1569 2861 1642 .Dei
2897 1582 3024 1626 est:
3059 1585 3112 1628 et
3159 1577 3202 1630 si
3249 1592 3421 1634 caecus

1859 1664 2056 1704 caecum
2071 1651 2236 1715 ducit,
2263 1654 2456 1707 cadunt
2479 1657 2701 1720 amboin
2727 1657 2932 1714 foveam
2956 1661 3168 1725 (Matth.
3197 1681 3284 1729 xv,
3311 1666 3418 1736 14);

1861 1748 1916 1792 et
1961 1749 2179 1802 econtra
2225 1743 2507 1798 multitudo
2557 1745 2874 1813 sapientium
2919 1750 3063 1804 salus
3119 1759 3202 1805 est
3243 1753 3422 1822 populi

1861 1828 2013 1897 (Sap.
2039 1845 2114 1892 vt,
2159 1831 2267 1900 26).
2294 1831 2555 1888 Adducile
2585 1836 2734 1890 vobis
2764 1837 3009 1894 doctores
3037 1850 3091 1894 et
3133 1842 3418 1911 magistros

1857 1927 2056 1972 sant-tte
2086 1918 2398 1988 Scriptum,
2424 1937 2489 1976 ne
2523 1924 2591 1977 sit
2619 1925 2793 1994 inopia
2825 1929 2962 1996 apud
2989 1947 3084 2000 vos
3113 1933 3259 1986 verbi
3290 1932 3381 1985 Dei
3407 1949 3421 1990 ξ

1858 2017 1949 2062 aut
1975 2009 2126 2064 vobis
2151 2010 2319 2073 desit,
2353 2011 2443 2079 qui
2486 2013 2739 2080 populum
2779 2015 2873 2070 Dei
2913 2033 3099 2085 regere
3125 2020 3326 2087 valeat;
3357 2039 3424 2075 no

1856 2100 1974 2155 fons
2003 2101 2243 2156 veritatis
2269 2101 2321 2154 in
2347 2103 2497 2156 vobis
2527 2105 2854 2160 exsiccetur.
2899 2106 3072 2162 Nolite
3113 2126 3210 2164 vos
3235 2120 3422 2164 contra

1856 2190 2273 2245 ecclesiasticam
2321 2194 2756 2248 consuetudinem
2795 2178 3029 2252 vanitate
3079 2199 3424 2254 vestimento-

1857 2294 1975 2332 rum
2023 2294 2218 2334 ornare
2233 2276 2257 2344 ζ
2296 2281 2390 2334 sed
2427 2281 2667 2338 moribus
2703 2298 2798 2338 vos
2829 2286 3094 2341 ostendite
3135 2287 3335 2341 nobiles
3367 2296 3423 2342 ct

1855 2377 2113 2434 ornatos,
2140 2378 2196 2424 et
2226 2371 2604 2438 praedicatione
2631 2373 2781 2427 verbi
2801 2373 2895 2427 Dei
2925 2383 3139 2444 paratos
3159 2416 3174 2442 ,
3201 2385 3259 2444 ut
3301 2376 3423 2433 laici

1856 2468 1910 2515 et
1935 2462 2096 2515 vestri
2123 2461 2406 2516 bellatores
2449 2478 2544 2530 per
2569 2479 2662 2516 vos
2688 2464 2854 2520 fortes
2882 2465 3214 2534 efﬁciantur,
3243 2475 3295 2522 et
3327 2484 3424 2538 po-

1854 2550 2010 2620 pulus
2037 2551 2180 2604 viam
2213 2550 2400 2606 salutis
2426 2552 2654 2607 incedat.
2861 2606 2868 2615 ,
3119 2625 3124 2630 _

1927 2640 2185 2694 Similiter
2213 2642 2419 2696 nobiles
2442 2644 2531 2712 qui
2563 2644 2760 2698 suntin
2785 2645 2980 2714 populo
2997 2662 3121 2701 suas
3135 2647 3425 2718 dignitates

1854 2745 1974 2784 cum
1992 2729 2228 2784 COtlSllllS
2257 2743 2458 2800 regant,
2483 2743 2538 2785 et
2565 2733 2757 2802 populo
2774 2749 2870 2804 per
2882 2733 3146 2801 justitiam
3173 2735 3411 2804 prtesint,

1855 2827 2096 2872 amantes
2119 2826 2340 2887 paterna
2370 2827 2566 2871 statuta
2598 2819 2649 2871 in
2674 2819 2890 2888 iudiciis
2935 2821 3102 2890 magis
3133 2836 3291 2889 quam
3328 2836 3420 2889 pe-

1862 2905 2066 2960 cuniatu
2085 2947 2099 2971 ,
2147 2921 2266 2974 qua:
2292 2907 2553 2959 subvertit
2583 2909 2744 2961 verba
2764 2906 3030 2974 iustorum
3051 2949 3065 2973 ,
3098 2917 3152 2963 ct
3179 2911 3417 2964 unanimi

1855 2999 2098 3061 consilio,
2141 2997 2505 3067 quod-bonum
2528 2998 2617 3061 sit,
2664 2996 2807 3068 gbuti
2846 3009 3037 3053 vestra:
3075 3000 3302 3054 viriliter
3340 2999 3418 3055 fa-

1856 3087 2002 3140 ciant
2038 3104 2051 3139 :
2088 3095 2142 3140 et
2170 3095 2406 3140 rectores
2431 3085 2580 3163 vobis
2610 3089 2898 3156 praeponite
2925 3089 3200 3147 nobilitate
3221 3081 3419 3157 claros,

1857 3190 2065 3228 morum
2092 3175 2350 3246 dignitate
2390 3176 2777 3245 pios,justiti:e
2820 3179 3011 3232 decore
3056 3179 3415 3244 honorabiles,
3447 3217 3450 3222 η

1854 3272 2119 3342 quatenus
2146 3264 2325 3317 divina
2347 3267 2716 3321 misericordia
2741 3279 2972 3323 vestram
2999 3280 3207 3340 gentem
3227 3273 3418 3340 guber-

1854 3369 2004 3418 nare,
2033 3363 2088 3407 et
2125 3369 2467 3420 conservare,
2498 3366 2554 3412 et
2578 3359 2817 3413 exaltare
2844 3360 3109 3431 dignetur.

1922 3443 2169 3499 Imminet
2203 3461 2337 3500 vero
2384 3447 2675 3527 maaimum
2726 3448 2911 3503 insula:
2946 3450 3071 3503 huic
3121 3458 3175 3505 et
3223 3453 3418 3522 pupula
3487 3521 3490 3530 ι

1854 3533 2114 3587 habitanti
2145 3536 2198 3587 in
2236 3550 2297 3588 ea
2339 3537 2655 3602 periculum.
2682 3537 2825 3608 Ecce
2859 3541 2999 3608 quod
3039 3557 3308 3608 nunquam
3332 3558 3422 3597 ar.-

1854 3630 1941 3676 tea
1965 3622 2206 3676 auditum
2230 3620 2351 3685 fuit,
2378 3634 2399 3660 ε
2432 3624 2661 3690 populus
2689 3623 2925 3695 paganus
2955 3627 3087 3681 solet
3109 3636 3320 3682 vastare
3339 3631 3421 3699 pi-

1855 3715 2022 3770 ratico
2058 3714 2338 3768 latrocinio
2383 3713 2564 3768 littora
2605 3724 2788 3769 nostra
2826 3733 2838 3767 :
2879 3725 2932 3769 et
2976 3716 3050 3770 illi
3097 3717 3194 3786 ipsi
3234 3720 3415 3788 populi

1852 3806 2160 3874 Anglorum,
2186 3813 2242 3858 et
2265 3821 2424 3875 regna
2452 3813 2507 3859 et
2543 3820 2697 3874 rcges
2718 3804 3036 3860 dissentiunt
3059 3807 3201 3861 inter
3237 3822 3326 3872 se;
3365 3818 3421 3862 et

1841 3895 1881 3935 ’ά
1905 3896 1994 3950 vix
2022 3895 2214 3964 aliquis
2243 3894 2421 3959 modo,
2453 3895 2594 3964 quod
2630 3894 2746 3950 sine
2790 3895 3040 3966 lacrymis
3070 3912 3173 3950 non
3204 3897 3375 3952 dicam
3399 3938 3415 3961 ,

1855 4001 1920 4041 ex
1950 3988 2169 4055 antiqua
2204 4001 2388 4055 regum
2415 3987 2662 4056 prosapia
2711 3987 2982 4040 invenitur
3005 4032 3019 4053 ,
3051 3996 3105 4040 et
3160 3996 3308 4042 tanto
3337 3989 3417 4042 in-

1854 4079 2114 4131 certiores
2135 4087 2264 4130 sunt
2293 4076 2537 4146 originis,
2574 4086 2772 4145 quanto
2803 4079 3039 4132 minores
3067 4077 3241 4149 [Cod.
3277 4079 3420 4137 Har—

1853 4166 2076 4232 leianus,
2125 4153 2495 4221 ince‘rtioris...
2530 4165 2776 4238 minoris]
2804 4177 2928 4220 sunt
2950 4165 3296 4223 fortitudinis.
3335 4168 3419 4223 Si-

1855 4257 2054 4312 militer
2093 4265 2146 4310 et
2184 4272 2278 4326 per
2316 4256 2570 4311 ecclesias
2611 4256 2814 4311 Christi
2855 4257 3134 4326 perierunt
3175 4259 3422 4313 doctores

1855 4348 2122 4410 veritatis;
2164 4362 2349 4402 omnes
2376 4347 2513 4415 pene
2548 4338 2815 4401 vanitates
2863 4349 3148 4402 saecularcs
3189 4364 3420 4418 sequun-

1857 4447 2059 4502 tur,.ct
2088 4439 2397 4506 disciplinas
2434 4438 2708 4507 regulares
2729 4439 3081 4492 odioahabent
3112 4453 3128 4490 :
3166 4448 3215 4491 et
3259 4438 3420 4490 bella-

1857 4532 2001 4575 tores
2030 4522 2240 4574 illorum
2266 4522 2437 4590 magis
2465 4522 2703 4575 avaritia:
2744 4521 2960 4574 student
2989 4537 3147 4590 quam
3169 4521 3413 4589 justitite.

1855 4611 2055 4666 Discite
2083 4622 2105 4650 ο
2132 4611 2358 4682 Gylhum
2405 4610 2494 4682 [Id
2522 4610 2664 4674 cod.,
2685 4609 2984 4677 Giralduml
3009 4612 3310 4667 Brettonem
3334 4629 3419 4667 sa-

1853 4700 2264 4770 pientissimum,
2280 4708 2334 4753 et
2348 4701 2515 4754 videte
2537 4714 2601 4754 ex
2617 4700 2806 4770 quibus
2824 4701 2999 4754 causis
3017 4710 3262 4770 parentes
3280 4702 3423 4756 Brit-

1855 4800 2037 4846 tonum
2055 4791 2631 4862 perdideruntregnum
2652 4802 2706 4846 et
2727 4793 2953 4862 patriam
2980 4810 2994 4845 :
3018 4801 3071 4846 et
3085 4794 3416 4848 considerate.

1853 4894 2224 4955 vosmetipsos,
2241 4893 2295 4940 et
2307 4886 2357 4939 in
2371 4885 2522 4939 vobis
2533 4900 2666 4954 pene
2678 4885 2868 4939 similia
2889 4885 3188 4940 invenietis.
3211 4883 3422 4939 Timete

1855 5015 1996 5054 anno
2024 4999 2125 5053 794
2149 4999 2300 5068 obiit)
2329 4997 2503 5068 nobile
2528 4978 2950 5068 regumgermen
2982 4995 3189 5068 exaruit
3212 5033 3226 5056 ,
3255 5009 3438 5068 genes

2622 5082 2723 5120 unc
2743 5064 3234 5135 impudentissimus
3259 5064 3412 5130 quis-

1854 5203 2171 5278 plraverat,
2213 5208 2278 5278 ad
2306 5203 2638 5278 tyrannidem
2670 5205 2945 5278 anhelare,
2989 5205 3286 5278 tunc_regio
3327 5203 3410 5257 in—

1854 5271 1991 5358 signi
2014 5279 2178 5358 abuti.
2202 5271 2436 5358 Quorum
2454 5276 2813 5358 .Aedilbertu‘s,
2846 5271 3410 5358 illquucl’rcnacum

1854 5341 2069 5424 biennio
2097 5345 2422 5424 Cantuaritis
2454 5345 2804 5424 imperitaret,
2850 5342 2903 5394 in
2950 5341 3171 5424 blercies
3209 5341 3411 5408 majora

1852 5418 2056 5472 viribus
2097 5430 2257 5467 ausus
2284 5421 2340 5466 et
2375 5415 2441 5466 ab
2470 5412 2671 5468 ciSdem
2699 5419 2904 5480 captus,
2944 5412 3410 5474 vinculismauus,

1853 5484 2044 5536 corpus
2070 5483 2360 5536 captivitati
2392 5484 2636 5536 praebuit.
2669 5502 2688 5530 ι
3013 5497 3020 5506 ·

1853 5501 2044 5555 corpus
2070 5491 2360 5552 captivitati
2392 5491 2636 5553 praebuit.
2669 5502 2688 5530 ι
3013 5497 3020 5506 ·

1928 5567 1950 5595 ο
1986 5552 2225 5623 Gylbum.
2257 5553 2382 5623 Leg.
2417 5553 2642 5623 Cildttnt.
2674 5550 2799 5623 Ejus
2816 5551 3012 5623 j’itatn
3038 5550 3414 5623 dederunt!»

1854 5619 2127 5706 eicere.th
2142 5619 2652 5706 Αηεπθῖιιίιξηξςεεθ
2671 5619 2797 5706 ³ἐέξῐι
2816 5619 3213 5706 Etétlolail'fes
3228 5621 3300 5706 de.
3313 5620 3413 5706 l2!-

1854 5687 1994 5749 ἕὶόῖο
2016 5687 2305 5746 Britanniae
2329 5687 2503 5747 cista!
2535 5702 2662 5745 tom.
2689 5687 2797 5744 Vill
2827 5687 2958 5744 Bibl.
2990 5690 3088 5745 SS.
3123 5690 3244 5754 PR,
3278 5689 3408 5744 edit.

1855 5763 2020 5834 Lugd.
2031 5802 2044 5824 ,
2083 5772 2200 5832 pug.
2233 5761 2355 5814 707.
