4232 6400
629 347 724 401 95]
801 395 804 397 .

627 549 849 607 cleaiam
885 547 1152 620 expressit
1195 546 1380 600 dicens
1414 565 1426 598 :
1472 542 1637 598 Omne
1678 559 1890 613 regnum
1932 543 1985 594 in
2029 557 2082 594 se
2133 540 2213 592 di-

631 643 794 694 visum
825 658 926 693 non
964 638 1122 692 stabit
1148 636 1298 710 (Luc.
1336 653 1408 699 λι,
1459 635 1568 704 l7).
1609 635 1744 690 Ecce
1769 633 1964 686 divisio
2009 641 2211 701 quanta

579 759 584 762 -
631 732 875 785 estinter
901 729 1123 800 populos
1149 737 1202 781 et
1236 736 1423 798 gentes
1449 725 1778 795 Anglorum,
1814 731 1867 776 et
1893 722 2011 777 ideo
2041 723 2095 777 in
2126 738 2210 775 se-

631 824 764 891 ipsis
803 822 1097 883 deficiunt,
1128 820 1251 888 quia
1301 819 1440 871 inter
1480 818 1686 886 seipsos
1733 830 1918 885 pacem
1953 829 2057 867 non
2103 829 2215 867 ser-

631 923 757 967 vant
785 913 894 983 79
924 922 979 966 et
1007 912 1247 984 fidem}1
1280 910 1553 963 Devocate
1589 909 1654 962 ad
1698 924 1827 972 vos,
1860 907 1904 961 si
1944 905 2096 959 vobis
2136 905 2215 958 vi—

631 1007 842 1064 deatur,
873 1004 1180 1070 episcopum
1207 1009 1444 1054 vestrum
1472 998 1879 1053 Aedilhardum.
1912 996 2086 1048 virum
2118 1010 2210 1046 ve-

634 1093 924 1147 nerabilem
970 1100 1022 1146 ct
1054 1092 1347 1160 sapientem
1379 1131 1392 1154 ,
1441 1100 1495 1143 ct
1525 1090 1641 1158 ejus
1681 1087 1905 1146 consilio
1942 1087 1993 1138 in
2025 1084 2215 1137 melius

633 1185 784 1252 regni
816 1184 975 1237 vestri
1009 1191 1207 1236 statum
1242 1183 1610 1241 corroborate,
1643 1179 1990 1232 emendantes
2015 1177 2067 1229 in
2098 1191 2215 1228 mo-

635 1277 784 1328 ribus
811 1289 928 1342 qnae
959 1274 1066 1326 Deo
1097 1273 1452 1343 displiceant,
1484 1279 1536 1324 ct
1565 1286 1625 1323 ea
1657 1271 1866 1323 studcte
1898 1267 2076 1321 facere
2096 1283 2216 1335 qua:

632 1362 1202 1436 ejusniisericordiam
1233 1379 1396 1431 super
1427 1379 1522 1415 vos
1547 1361 1757 1414 valeant
1792 1374 2063 1426 revocare.
2100 1357 2214 1412 Non

631 1468 719 1510 est
741 1458 961 1518 bonum,
993 1463 1052 1507 ut
1073 1455 1227 1508 sedes
1257 1453 1428 1507 sancti
1460 1451 1742 1521 Augustini
1767 1451 1927 1519 primi
1955 1449 2215 1518 praedica-

636 1546 770 1601 toris
815 1546 982 1600 nostri
1020 1561 1186 1599 vacua
1232 1551 1576 1614 permaneat;
1620 1551 1674 1596 et
1712 1542 1850 1595 alius
1897 1557 2002 1596 non
2043 1550 2219 1609 potest

637 1638 904 1691 ullatenus
935 1637 986 1689 in
1019 1634 1133 1703 ejus
1161 1633 1398 1690 ordinari
1423 1633 1620 1687 locum.
1645 1631 1883 1685 Perditio
1921 1630 2100 1700 populi
2136 1639 2220 1684 est

638 1732 855 1800 ubique,
887 1729 1257 1783 sacerdotibus
1291 1726 1404 1780 suis
1431 1741 1536 1778 non
1561 1723 1800 1785 obedire,
1823 1733 1874 1777 et
1906 1723 2220 1792 prmdieato-

1474 342 1532 395 Β.
1577 343 1640 406 ι’.
1676 340 1898 395 ALBINI
1938 338 2065 392 εει
2112 332 2380 390 ALCL'INl
2428 333 2706 389 OPERL'SI
2747 332 2925 388 PARS
2965 331 3006 386 l.

630 459 782 514 vobis
811 457 980 526 ipsius
1021 455 1280 510 Veritatis
1327 455 1674 516 sententiam,
1705 467 1866 521 quam
1913 451 1965 503 in
1996 464 2058 502 ea
2116 447 2216 502 Ec-
2244 448 2292 506 Δ
2325 444 2482 497 ritate
2509 443 2703 513 populo
2729 457 2964 513 praeesse
2986 441 3204 497 Christi.

3795 329 3902 387 953

3352 451 3400 494 cl.
3430 452 3676 496 sanctam
3722 441 3903 498 sedem

2318 534 2492 604 dignis
2514 532 2750 588 exaltare
2776 533 3103 597 honoribus;
3147 549 3309 602 quam
3354 533 3420 587 ad
3458 543 3692 603 tempus,
3725 545 3746 572 ο
3773 549 3903 606 pro-

2316 634 2439 693 pter
2462 625 2655 694 impios
2685 623 2961 678 invasores
2991 623 3172 693 regni,
3225 622 3558 692 dereliquisti
3607 627 3906 680 secundum

2319 715 2542 770 consilia
2565 714 2906 769 sacerdotum
2926 713 3152 778 Christi,
3182 723 3241 767 ut
3270 710 3528 784 przefatus
3547 714 3679 768 mihi
3708 712 3908 771 refere-

2318 809 2408 862 bat
2424 823 2578 878 puer.
2599 807 2675 861 De
2695 822 2797 876 qua
2823 821 2903 871 re,
2921 807 3049 876 quid
3076 806 3353 872 sentirem,
3379 813 3467 860 tua
3489 822 3577 861 me
3597 810 3906 863 veneranda

2314 914 2412 968 per
2434 898 2584 953 illum
2618 899 2913 953 auctoritas
2946 899 3283 969 interrogare
3310 909 3485 954 ratum
3508 901 3737 969 putavit.
3765 899 3905 967 Quid

2318 1007 2436 1045 mea
2491 993 2731 1061 parvitas
2786 992 2931 1046 aliud
2983 994 3146 1046 habet
3194 993 3402 1058 dicere,
3459 993 3565 1047 nisi
3595 1003 3907 1048 sanctorum

2317 1079 2519 1135 Christi
2544 1082 2881 1136 sacerdotum
2902 1083 3166 1136 assentire
3201 1083 3466 1136 consilio”?
3503 1083 3549 1136 si
3578 1091 3758 1136 tamen
3791 1094 3909 1138 tan~

2321 1180 2433 1226 tum
2472 1175 2672 1228 habent
2696 1175 3076 1257 auctoritatem
3098 1174 3242 1228 illius
3269 1175 3649 1245 suggestionis,
3684 1186 3742 1230 ut
3784 1177 3909 1247 lupo

2319 1264 2565 1318 veniente
2601 1273 2786 1332 pastor
2814 1263 3004 1335 fugere
3027 1263 3239 1328 debeat,
3259 1273 3460 1333 quanta
3485 1274 3569 1322 est
3596 1267 3907 1338 evangelica

2319 1353 2636 1408 excellentia
2667 1396 2680 1419 ,
2741 1371 2862 1424 quae
2908 1355 3021 1425 80
3073 1357 3462 1410 mercenarium
3494 1357 3768 1421 nominat,
3798 1374 3909 1412 non

2320 1453 2613 1512 pastorem,
2635 1444 2728 1513 qui
2757 1444 2864 1512 lupi
2895 1445 3102 1499 rabiem
3134 1446 3357 1500 timidus
3382 1444 3588 1517 aufugit
3637 1447 3818 1518 (Joan.
3849 1465 3906 1511 x,

2324 1531 2391 1584 {2
2414 1573 2428 1596 ,
2456 1533 2564 1602 l3).
2597 1532 2759 1587 Forte
2785 1533 3083 1602 objiciunt,
3121 1535 3362 1589 Veritate
3407 1537 3618 1592 dicente
3649 1555 3661 1590 :
3693 1537 3756 1592 Si
3795 1556 3910 1607 per-

2322 1622 2485 1674 secuti
2525 1639 2608 1675 vos
2664 1623 2857 1691 fuerint
2891 1624 2947 1677 in
2986 1624 3082 1677 hac
3133 1625 3375 1690 civitate,
3429 1625 3592 1696 fugite
3638 1628 3694 1680 in
3741 1626 3907 1680 aliam

2325 1713 2540 1782 (.lIatt/t.
2576 1731 2630 1779 Χ,
2657 1714 2769 1786 23).
2832 1715 3251 1770 Discernendum
3283 1726 3461 1770 tamen
3523 1725 3605 1770 est
3653 1716 3722 1770 de
3750 1717 3908 1785 cujus

637 1836 726 1874 res
748 1787 963 1873 .salutis
1012 1833 1041 1870 a
1075 1832 1132 1871 se
1177 1815 1463 1884 expellere.
1509 1814 1768 1884 Subjicite
1816 1787 1920 1867 vos
1947 1813 2220 1866 humiliter
2254 1787 2296 1848 Β
2325 1806 2580 1874 temporis
2611 1805 2764 1876 fuga,
2815 1805 2899 1860 vel
2946 1805 3012 1860 de
3037 1821 3143 1874 qua
3171 1806 3543 1876 persecutione
3571 1806 3675 1860 hoc
3703 1806 3908 1860 dictum

637 1910 878 1978 pontilici
907 1917 1086 1962 vestro
1109 1917 1163 1962 ct
1190 1907 1533 1977 prmdicatori
1559 1905 1750 1959 salutis
1782 1915 2004 1967 veslnc,
2029 1913 2218 1972 quate-

640 2000 955 2055 nus-divina
996 2014 1092 2052 vos
1121 1997 1292 2068 gratia
1335 1996 1388 2049 in
1429 1995 1682 2050 omnibus
1727 1994 1980 2063 operibus
2029 1994 2221 2047 vestris

635 2098 1015 2158 consequatur.
1065 2087 1278 2142 Credite
1310 2087 1472 2152 mihi,
1505 2086 1810 2142 nullatenus
1852 2085 2009 2139 aliter
2052 2085 2220 2138 Deum

637 2179 789 2232 vobis
814 2179 1104 2249 propitium
1134 2179 1329 2232 habere
1357 2178 1586 2247 potestis
1616 2195 1630 2232 :
1663 2193 1758 2246 per
1785 2176 1933 2230 illum
1970 2177 2215 2245 potestis,

635 2269 821 2333 credo,
849 2285 1036 2338 pacem
1069 2269 1267 2322 habere
1295 2277 1640 2337 prtesentem,
1665 2276 1721 2320 et
1748 2268 1976 2320 salutem
2005 2281 2224 2337 sperare

637 2363 1040 2432 sempiternam.
1073 2361 1202 2414 lnite
1227 2361 1510 2416 consilium
1538 2360 1911 2431 prosperitatis
1933 2369 2145 2424 vestrte,
2171 2368 2225 2414 et

638 2456 864 2510 viriliter
889 2453 1068 2518 facite,
1094 2454 1238 2522 quod
1277 2455 1481 2525 bonum
1520 2453 1804 2506 inveniatis
1831 2493 1845 2517 ,
1875 2461 1928 2507 et
1957 2452 2224 2506 converti-

637 2545 771 2600 mini
802 2545 868 2598 ad
895 2559 1083 2614 preces
1106 2552 1160 2598 et
1195 2543 1470 2597 orationes
1495 2552 1547 2595 et
1576 2540 1802 2610 jejunia,
1845 2550 2111 2610 quatenus
2139 2541 2222 2594 di-

640 2638 758 2690 vina
797 2635 948 2690 vobis
977 2636 1294 2705 propitietur
1323 2635 1711 2697 misericordia,
1741 2643 1796 2688 et
1818 2643 2099 2688 conservet
2130 2648 2224 2687 vos

637 2727 691 2780 in
719 2725 875 2780 laude
898 2733 952 2780 et
973 2725 1140 2779 salute
1163 2724 1696 2789 vestra,etconcedat
1717 2724 1869 2777 vobis
1894 2722 2220 2778 incolumem

637 2818 1026 2872 habitationem
1061 2818 1113 2870 in
1150 2817 1325 2886 patria
1355 2824 1568 2880 vestra,
1584 2823 1638 2869 et
1665 2814 1958 2884 gloriosum
1989 2815 2044 2868 in
2067 2823 2225 2868 aater-

639 2925 706 2964 :za
754 2911 931 2980 patria
962 2909 1267 2978 imperium.
1304 2908 1532 2962 Dextera
1573 2907 1961 2977 omnipotentis
1997 2906 2091 2960 Dei
2125 2923 2224 2960 vos

636 3008 884 3070 protegat
909 3009 963 3054 et
990 3008 1159 3070 regat,
1188 3009 1242 3053 et
1273 2997 1512 3051 exaltare
1545 2999 1798 3067 dignetur
1828 2996 2078 3066 priesenti
2109 2995 2224 3050 fcli-

636 3094 820 3155 citate,
843 3101 898 3145 et
922 3100 1122 3146 aeterna
1140 3090 1490 3153 beatitudine,
1507 3089 1608 3143 viri
1634 3088 1829 3144 fratres
1842 3089 2222 3144 desiderabiles

638 3193 694 3236 et
722 3181 1072 3237 venerabiles.

1106 3271 1134 3310 δ
1175 3268 1507 3325 EPISTOLA
1547 3269 1758 3325 LXXV.

673 3381 740 3418 an
783 3380 1174 3426 ATHELABDL‘I,
1223 3377 1664 3416 CANTUARIENSEI
1712 3369 2179 3423 AltClllEPISCOPUII.

1251 3453 1426 3525 (Anno
1464 3453 1614 3525 797.)

642 3546 901 3600 Hortatur
932 3557 984 3599 ut
1016 3554 1226 3615 propter
1265 3545 1446 3614 fugam
1485 3563 1518 3598 α
1558 3545 1677 3599 sede
1725 3563 1822 3598 sua
1864 3548 2218 3614 paenitentiam

709 3628 862 3686 agat,
893 3629 939 3670 et
970 3615 1256 3686 Ecclesium
1283 3615 1518 3686 ordinet;
1555 3615 1751 3669 clerum
1800 3633 1831 3667 a
1877 3617 2102 3668 vanitate
2138 3633 2221 3668 re-

709 3683 1070 3739 alimentorum
1095 3695 1142 3738 et
1177 3683 1520 3738 immoderato
1559 3687 1904 3738 conviciorum
1943 3701 2041 3737 usu
2077 3686 2221 3738 cohi-

712 3761 848 3809 beat.

712 3874 951 3927 Summa!
980 3871 1258 3941 dignitatis
1286 3869 1422 3936 viro,
1473 3879 1634 3940 atque
1661 3871 2039 3927 ecclesiastica:
2068 3871 2224 3926 boni-

642 3964 771 4017 tatis
797 3962 940 4016 Patri
986 3961 1338 4026 Athelhardo,
1376 3962 1812 4031 archiepiscopo,
1858 3951 2045 4016 'fldelis
2085 3961 2227 4016 filius

643 4055 900 4108 Alcuinus
919 4063 1191 4122 perpetua:
1218 4052 1476 4105 bonitatis
1507 4053 1558 4105 in
1588 4051 1807 4106 Christo
1833 4053 2080 4106 salutem.
2180 4121 2189 4128 .

715 4145 1035 4200 Dulcissima
1063 4144 1342 4199 cbaritatis
1384 4145 1545 4199 verba
1592 4144 1732 4199 filius
1782 4155 1965 4200 noster
1994 4161 2091 4214 per
2130 4161 2227 4200 vos

647 4247 926 4292 revertens
955 4237 1160 4300 retulit,
1201 4236 1359 4291 simul
1390 4247 1444 4291 et
1472 4238 1719 4293 amabilia
1749 4239 2092 4310 benignitatis
2134 4253 2226 4292 ve-

646 4341 772 4384 stra:
801 4329 1116 4383 munuscula
1150 4329 1338 4385 habuit
1379 4329 1428 4381 in
1459 4331 1734 4390 manibus;
1765 4317 1818 4384 in
1863 4332 2058 4398 quibus
2085 4330 2228 4384 lacta-

649 4434 767 4482 tus,
804 4430 854 4473 te
882 4420 1010 4473 olim
1051 4418 1354 4473 condictam
1407 4419 1570 4473 etiam
1623 4422 1813 4489 agnovi
1872 4421 1922 4473 in
1968 4423 2226 4476 memoria

649 4513 848 4566 habere
871 4511 1184 4572 amicitiam,
1211 4510 1348 4562 sicut
1375 4511 1426 4563 in
1458 4511 1572 4564 viro
1594 4511 1830 4580 perfecto
1860 4512 2056 4566 veritas
2087 4528 2228 4565 sem-

647 4619 744 4670 per
767 4603 987 4670 probata
1023 4601 1288 4668 fulgescit.
1323 4601 1472 4654 L'nde
1494 4611 1595 4655 tuae
1621 4603 2069 4672 bonitati'gratias
2093 4619 2224 4668 ago,

647 4710 712 4746 ex
744 4702 853 4746 toto
886 4691 1063 4746 cordis
1099 4691 1369 4744 desiderio
1394 4698 1584 4759 optans
1609 4732 1622 4749 ,
1666 4700 1717 4744 te
1745 4691 1982 4760 longaeva
2010 4709 2228 4762 prospe-

720 4816 745 4841 ι
784 4800 1121 4854 Rerocate....
1175 4801 1571 4854 Aedilhurdnm.
1622 4801 1723 4868 Qui
1779 4818 1948 4870 nuper
1978 4803 2228 4872 fugiendo

649 4872 843 4938 impios
871 4873 1148 4941 invasores
1170 4872 1320 4937 regni
1361 4871 1539 4924 sedem
1577 4889 1729 4925 suam
1759 4872 1824 4925 ad
1852 4883 2058 4941 tempus
2105 4875 2228 4928 reli-

651 4951 860 5010 querat.
897 4941 1027 4994 Vide
1053 4940 1332 5010 epistolam
1361 4952 1694 5009 sequentem.
1881 4949 1886 4952 '

726 5012 751 5051 ι)
777 5010 1027 5078 Epistola:
1054 5008 1208 5076 lmjns
1231 5008 1450 5078 partem
1470 5011 1612 5066 Guil.
1642 5012 2134 5066 Malmcsburiensis
2151 5013 2226 5066 ci-

726 5028 751 5051 υ
777 5028 817 5064 ιι
859 5028 1027 5065 moue
1055 5028 1208 5076 nujus
1231 5028 1439 5078 partem
1470 5028 1612 5066 ιιιιιι.
1642 5028 2134 5066 Μειιιιιρδιιιιηθιιδιδ
2151 5029 2226 5066 Cl-

652 5089 751 5137 tat.
784 5028 876 5133 lit.
902 5099 916 5135 ι
945 5082 1008 5134 de
1028 5080 1206 5134 Gestis
1233 5089 1380 5147 pont.
1397 5080 1550 5148 Angl.
1574 5083 1624 5134 in
1639 5081 1944 5136 Ethelardo.
1962 5083 2040 5137 (ll.
2060 5082 2228 5149 Quer-

655 5159 878 5219 celanus
909 5151 1166 5217 majorem
1209 5150 1349 5203 illius
1373 5159 1579 5216 partem
1613 5152 1750 5205 inter
1773 5153 2028 5219 epistolas
2051 5154 2227 5208 Διειιί-

655 5221 707 5274 ni
737 5238 788 5273 ιι.
921 5221 1106 5292 edidit,
1137 5221 1227 5292 sed
1255 5221 1405 5273 initio
1435 5229 1762 5284 trum-alam,
1795 5218 1847 5275 et
1889 5223 2064 5284 alteri,
2110 5239 2228 5292 qua:

653 5300 736 5344 est
758 5291 822 5343 ad
854 5289 1101 5343 Carolum
1135 5291 1402 5358 Magnum,
1440 5304 1697 5346 assutam.
1731 5292 1996 5359 [ntegrum
2021 5307 2086 5343 ev
2124 5289 2224 5346 ius.

654 5361 722 5411 cl.
764 5360 947 5414 Usser.
983 5361 1128 5412 dedit
1175 5361 1338 5413 David
1373 5361 1620 5421 Wilkins,
1650 5374 1780 5417 tom.
1806 5363 1824 5415 Ι
1851 5363 2053 5417 Com-il.
2109 5363 2226 5415 Bri-

657 5431 851 5482 tanni:e
878 5440 930 5483 et
959 5429 1249 5500 Hiberniae,
1291 5447 1410 5500 pag.
1444 5432 1558 5494 159,
1585 5434 1834 5500 illamque
1856 5433 2228 5486 ascribitanuo

654 5501 695 5573 2_
719 5500 910 5554 Leonis
938 5515 1086 5573 papre
1111 5498 1454 5573 'lll_._quinto
1514 5498 1789 5558 Atliclardi
1838 5503 2225 5573 archiepiscopi

659 5570 937 5640 (mutuam,
961 5569 1158 5625 Christi
1182 5569 1301 5622 797.
1337 5571 1510 5638 (Apud
1538 5574 1768 5627 Froben.
1795 5575 1909 5640 60.)

730 5650 749 5672 τ
765 5637 983 5706 Propter
1003 5641 1186 5709 impios
1205 5637 1464 5693 invasere:
1483 5646 1640 5708 regni.
1662 5644 1702 5698 Η
1711 5646 1794 5696 inc
1807 5637 2018 5696 constat
2033 5644 2094 5696 ΛΞ
2106 5643 2229 5699 thel-

659 5709 902 5769 liardum,
934 5726 1036 5761 non
1068 5711 1285 5763 attentis
1315 5711 1580 5779 prioribus
1604 5714 1810 5766 Alcuini
1830 5714 2094 5768 litterisex
2111 5732 2230 5768 con-

659 5781 776 5833 ιιΙιο
810 5795 1024 5835 suorum
1050 5781 1385 5836 sacerdotum
1413 5797 1441 5836 a
1466 5798 1558 5837 sua
1595 5784 1718 5837 sedc
1742 5784 1804 5837 ad
1837 5793 2042 5852 tempus
2068 5787 2227 5838 abiis-

2320 1902 2403 1947 est
2426 1935 2440 1958 ,
2489 1903 2546 1948 et
2584 1895 2610 1933 ά
2641 1895 2708 1948 de
2741 1895 2937 1964 quibus
2962 1896 3158 1949 iterum
3188 1895 3302 1964 ipsa
3342 1894 3553 1950 Veritas
3578 1895 3722 1949 dicat
3753 1913 3766 1947 :
3802 1895 3911 1949 Bo-

2323 1997 2420 2034 nus
2439 1992 2620 2052 pastor
2637 1983 2868 2036 animam
2894 2000 3042 2037 suam
3065 1983 3210 2054 ponit
3233 2000 3327 2054 pro
3349 1984 3526 2038 ovibus
3553 1986 3685 2050 suis,
3711 2001 3910 2039 nterce-

2323 2072 2504 2125 nurius
2532 2083 2703 2125 autem
2731 2071 2862 2142 fugit
2893 2072 3074 2142 (Joan.
3118 2089 3180 2136 x,
3216 2072 3304 2138 ll,
3333 2073 3443 2144 12).
3502 2071 3655 2139 Quod
3701 2075 3911 2143 optime

2324 2158 2377 2211 in
2418 2161 2651 2213 homiliis
2690 2161 2833 2215 beati
2880 2160 3125 2232 Gregorii
3169 2177 3321 2234 papa:
3346 2201 3362 2225 ,
3400 2163 3770 2230 praedicatoris
3805 2179 3910 2217 no-

2323 2251 2445 2316 stri,
2496 2267 2591 2322 per
2619 2261 2671 2307 te
2701 2252 2882 2322 legens
2927 2253 3226 2324 intelligere
3274 2255 3494 2324 poteris.
3531 2255 3611 2309 Tu
3658 2257 3754 2311 tibi
3803 2259 3907 2327 ipsi

2323 2341 2573 2396 conscius
2593 2357 2670 2406 es,
2704 2359 2802 2411 pro
2827 2358 2932 2412 qua
2973 2359 3136 2421 causa
3193 2344 3474 2413 reliqueris
3501 2346 3681 2400 sedem
3715 2356 3861 2399 tuam
3891 2364 3906 2409 ;

2323 2433 2366 2486 si
2395 2433 2587 2487 timore
2628 2433 2820 2488 mortis
2849 2442 3367 2489 aut.tormentorum
3395 2435 3729 2491 immanitate
3753 2477 3768 2499 ,
3811 2447 3911 2490 aut

2325 2523 2644 2578 idololatria:
2694 2523 3114 2580 exsecratione'
3181 2526 3322 2582 sicut
3374 2527 3500 2582 olim
3536 2527 3912 2581 sanctissimus

2307 2617 2564 2686 ejusdem
2596 2619 2739 2674 sedis
2764 2618 3005 2688 pontifex
3033 2620 3356 2676 Laurentius
3380 2619 3513 2676 velle
3547 2620 3772 2690 legitur;
3816 2623 3910 2688 qui

2324 2718 2504 2764 tamen
2533 2709 2830 2786 apostolica
2855 2712 3180 2765 auctoritate
3227 2710 3539 2779 castigatus,
3583 2711 3652 2765 ab
3694 2710 3913 2780 incepto

2325 2801 2548 2869 resipuit
2587 2800 2717 2872 [ΑΛ.
2745 2799 3037 2872 resipiscit]
3067 2800 3308 2855 consilio.
3355 2801 3554 2856 Tamen
3575 2817 3914 2870 quaecunque

2324 2905 2484 2943 causa
2508 2888 2689 2955 fuerit,
2727 2890 2926 2944 bonum
2958 2891 3190 2954 videtur,
3223 2891 3505 2946 cbaritatis
3547 2906 3680 2945 mea:
3725 2893 3909 2945 consi-

2324 2981 2617 3042 deratione,
2650 2989 2708 3035 ut
2730 2982 3044 3049 poenitentia
3073 2981 3194 3036 inde
3222 2990 3431 3052 agatur.
3466 2979 3639 3046 Quod,
3674 2990 3733 3034 nt
3763 2983 3910 3035 vide-

2324 3083 2431 3135 tur,
2465 3073 2687 3127 honeste
2717 3072 2834 3127 fieri
2881 3073 3109 3141 poterit,
3147 3074 3193 3126 si
3241 3072 3508 3127 communi
3538 3073 3701 3126 totius
3734 3073 3914 3142 gentis

2325 3180 2592 3220 consensu
2613 3164 2875 3236 jejunium
2887 3167 3180 3222 sindicatur
3204 3167 3282 3238 (tu
3305 3175 3524 3237 propter
3554 3156 3797 3222 reliciam
3826 3185 3912 3224 se-

2326 3257 2468 3320 dem,
2500 3257 2575 3311 illi
2618 3266 2839 3327 propter
2859 3268 3138 3328 acceptum
3172 3259 3445 3330 errorem)
3487 3239 3728 3315 ut’Deus
3756 3261 3912 3316 vobis

2323 3351 2575 3406 omnibus
2620 3351 2958 3421 propitietur.
3015 3351 3299 3406 Orationes
3322 3367 3565 3420 quoque,
3595 3359 3650 3405 et
3674 3351 3911 3408 eleemo-

2223 3493 2227 3514 λ
2322 3455 2469 3510 synaa
2498 3451 2552 3494 et
2579 3441 2866 3494 missarum
2916 3441 3175 3495 solemnia
3207 3443 3337 3496 ﬁant
3356 3441 3639 3512 diligenter
3680 3443 3904 3512 ubique,

2324 3537 2383 3580 ut
2425 3527 2564 3582 Deus
2599 3527 2775 3581 deleat
2830 3529 3088 3598 quidquid
3124 3530 3248 3584 inde
3296 3547 3326 3584 a
3374 3530 3612 3600 quolibet
3659 3542 3904 3585 vestrum

2325 3625 2504 3670 actum
2533 3625 2635 3672 est.
2676 3617 2786 3671 Tua
2815 3633 3026 3688 quoque
3065 3620 3370 3674 veneranda
3409 3620 3671 3688 sapientia
3697 3622 3910 3688 specia-

2325 3707 2447 3761 liter
2467 3707 2696 3762 deducat
2725 3707 2778 3760 in
2803 3707 3021 3761 domum
3047 3708 3140 3762 Dei
3164 3709 3410 3766 lectionis
3433 3709 3687 3773 studium,
3712 3721 3771 3765 ut
3800 3712 3910 3766 sint

2324 3799 2399 3852 ibi
2429 3797 2670 3865 legentes
2695 3798 2921 3867 juvenes
2942 3808 2996 3853 et
3022 3800 3220 3854 chorus
3241 3799 3544 3855 canentium
3567 3809 3619 3854 et
3645 3799 3906 3856 librorum

2326 3887 2661 3951 exercitatio,
2705 3897 2764 3941 ut
2787 3903 2884 3956 per
2905 3898 3052 3942 tuam
3078 3889 3408 3959 diligentiam
3436 3899 3724 3945 renovetur
3763 3890 3908 3945 illius

2327 3980 2524 4032 sancta:
2552 3977 2805 4032 Ecclesia:
2831 3978 3082 4048 dignitas,
3115 3989 3174 4034 ut
3203 3981 3436 4034 habeant
3457 3981 3597 4034 unde
3619 3981 3673 4034 in
3706 3981 3906 4048 seipsis

2325 4069 2532 4141 possint
2563 4069 2760 4137 eligere
2792 4069 2892 4123 sibi
2917 4071 3247 4140 pontificem.
3279 4070 3452 4126 Simul
3493 4081 3547 4124 et
3592 4072 3906 4140 pia-dicatur

2327 4172 2416 4216 tua
2443 4163 2495 4217 in
2519 4163 2768 4218 omnibus
2792 4163 2922 4219 locis
2946 4144 3069 4229 fiat,
3091 4167 3205 4220 sive
3242 4182 3341 4234 pro
3357 4166 3619 4234 episcopis
3650 4166 3906 4220 omnibus

2327 4252 2380 4305 in
2410 4252 2679 4305 communi
2708 4254 2928 4322 synodo,
2959 4255 3024 4308 de
3045 4256 3206 4324 justis
3235 4255 3660 4311 ordinationibus
3685 4266 3740 4311 et
3768 4272 3907 4326 prae-

2329 4339 2612 4393 dicationis
2641 4339 2916 4407 instantia,
2940 4351 2993 4395 et
3015 4343 3206 4399 olliciis
3238 4345 3620 4400 ecclesiasticis
3641 4387 3656 4409 ,
3698 4358 3754 4400 et
3810 4349 3905 4402 ha-

2332 4430 2515 4498 ptismi
2546 4432 2853 4496 sanctitate,
2884 4444 2936 4488 et
2966 4435 3428 4506 eleemosynarum
3450 4437 3727 4503 largitione
3755 4457 3765 4490 :
3791 4439 3908 4494 sive

2331 4535 2428 4588 pro
2454 4537 2747 4591 pauperum
2776 4540 2903 4577 cura
2926 4541 3024 4593 per
3049 4527 3289 4596 singulas
3331 4527 3583 4580 ecclesias
3603 4537 3764 4596 atque
3813 4545 3908 4598 pa-

2333 4610 2580 4673 rochias,
2625 4613 2854 4666 maxime
2889 4614 2942 4667 in
2979 4616 3279 4669 veneranda
3333 4624 3489 4685 gente
3543 4617 3626 4670 cui
3677 4627 3725 4672 te
3761 4617 3905 4675 Deus

2328 4711 2598 4769 pastorem
2627 4718 2854 4770 praeesse
2880 4704 3252 4775 voluit.‘Sa:pe
3283 4708 3435 4763 miles
3456 4709 3763 4764 vulneratus
3794 4710 3906 4766 for-

2330 4827 2406 4864 sc.
2438 4812 2582 4865 Inter
2607 4798 2704 4867 hos
2732 4815 3017 4886 iuvasores
3063 4817 3362 4886 pracipuos
3396 4817 3531 4872 forte
3564 4818 3904 4874 Aedilbertus

2329 4883 2880 4956 cognomentoPren,
2912 4888 3004 4954 qui
3051 4883 3104 4940 in
3134 4883 3458 4956 iCaiitiorum
3508 4904 3670 4956 regno
3719 4889 3904 4942 Alrico

2328 4953 2608 5016 successit,
2638 4955 2713 5006 vel
2742 4953 2943 5023 ponus,
2967 4965 3023 5008 ut
3055 4955 3307 5027 Alfordus
3355 4959 3450 5022 ait,
3491 4953 3684 5027 regiam
3725 4958 3901 5027 digni-

2329 5033 2486 5094 tulerit
2530 5034 2651 5094 tunc
2697 5027 3123 5094 primumpsitﬁs
3166 5025 3408 5082 fortassis
3451 5025 3900 5092 Aet’helhardiun,

2327 5093 2418 5160 qui
2444 5091 2668 5165 Kenulfo
2698 5091 3018 5165 Merciorum
3062 5096 3172 5165 regi
3196 5098 3514 5159 adhaaserat,
3539 5095 3764 5151 durante
3805 5115 3901 5152 sua

2328 5162 2676 5228 usurpatione
2706 5163 2842 5215 ultra
2873 5166 3088 5218 modum
3123 5162 3372 5220 vexatum
3396 5166 3520 5219 sede
3565 5181 3658 5219 sua
3709 5170 3902 5222 cedere

2328 5230 2612 5296 compulit;
2635 5246 2795 5302 quem
2823 5243 3006 5302 postea
3036 5236 3175 5289 idem
3218 5234 3473 5288 Kenulfus
3507 5252 3646 5291 anno
3694 5254 3770 5292 se.
3797 5237 3900 5292 798

2328 5309 2631 5376 evppgnato
2668 5300 2874 5376 Cautio:
2903 5321 3068 5373 regno
3097 5307 3313 5376 am0vit.
3431 5306 3643 5376 liepist.
3667 5307 3898 5376 priorem

2329 5371 2396 5447 ad
2420 5368 2577 5447 Cent.
2603 5379 2657 5447 et
2677 5387 2806 5447 pop.
2832 5368 3260 5447 Cantuariorum.
3304 5375 3406 5447 1'58.
3438 5368 3795 5447 Corrigendus
3816 5375 3903 5428 Al-

2331 5438 2531 5511 fordus,
2559 5442 2646 5508 qui
2676 5438 2812 5496 hanc
2835 5443 3114 5511 epistolam
3155 5459 3294 5498 anno
3318 5444 3418 5498 790
3443 5447 3507 5498 ad
3554 5438 3896 5500 Lambertum

2330 5509 2791 5634 prcgiegiscopttm
2848 5509 3307 5568 Dorovernensem
3352 5517 3529 5568 datam
3575 5515 3899 5570 existimavit

2359 5595 2408 5630 ιι.
2479 5611 2501 5618 -
2559 5589 2590 5634 ).

2333 5581 2695 5723 (ηλιὶόιῗτζίὴίο
2717 5658 3035 5723 sequuntur,
3066 5652 3120 5706 in
3155 5654 3282 5723 edit.
3331 5653 3727 5723 Quercet.‘pag.
3769 5651 3898 5707 itii?»

2335 5732 2515 5793 assuta
2549 5720 2760 5772 fuerant
2778 5721 3014 5793 epistolze
3041 5723 3110 5774 ad
3139 5719 3446 5786 (iucundum.
3491 5719 3778 5793 Ncmpc'ad
3801 5725 3897 5778 Ca-

2339 5791 2527 5850 rolum,
2559 5806 2673 5860 qu;c
2707 5799 2783 5844 cst
2812 5790 2876 5843 Η
2904 5793 3065 5862 (nunc
3101 5794 3203 5859 l7).
3525 5794 3530 5797 ’
