4232 6414
267 341 392 396 253

1705 346 2081 406 EPISTOLxE.

3408 356 3515 412 234

267 451 389 507 tius
417 462 640 523 pugnat,
687 453 827 508 sicut
851 455 949 510 bos
987 454 1158 511 lassus
1201 453 1394 510 fortius
1422 455 1533 524 ﬂgit
1568 456 1837 525 ungulam.
1868 465 1916 517 Α
1945 460 2068 524 tuit,
2103 461 2293 515 melius
2321 469 2404 516 est
2439 477 2511 516 ea
2537 463 2720 520 facere
2755 467 2861 536 ει
2911 478 3035 536 qua:
3076 468 3272 521 suadeo
3299 482 3328 532 ,τ
3352 482 3516 536 quani

264 544 437 601 Sicut
462 545 703 601 diabolus
730 546 938 619 laetatus
961 556 1043 602 est
1091 549 1156 602 de
1202 546 1345 614 fuga,
1391 545 1476 600 fac
1517 555 1586 600 ut.
1618 547 1845 615 gaudeat

259 636 526 692 Christus
548 638 616 692 de
658 638 934 708 multiplici
983 640 1282 694 animarum
1316 654 1346 692 a
1384 647 1433 692 te
1471 636 1748 708 profectu;
1789 645 1845 692 et

256 736 365 782 tua
415 742 626 783 merces
649 727 824 798 major
868 737 1097 793 crescat,
1146 728 1360 783 dicente
1407 729 1520 798 ipsa
1564 729 1800 783 Veritate
1826 748 1854 796 ε,

258 813 460 885 Hujus
482 815 730 887 gaudium
768 826 842 871 est
867 818 922 870 in
950 816 1089 871 cretis
1123 833 1300 870 coram
1329 817 1525 887 angelis
1556 818 1652 871 Dei
1690 835 1844 888 super

253 921 375 959 uno
397 915 665 976 peccatore
687 907 1035 974 pwnitentiam
1065 916 1274 975 agente,
1291 923 1464 978 «quam
1492 925 1647 977 super
1679 925 1842 962 nona-

252 997 417 1064 ginta
442 1013 619 1050 novem
645 998 735 1066 qui
763 1013 864 1050 non
885 997 1112 1066 indigent
1137 1000 1432 1069 paenitentia
1457 999 1605 1068 (Luc.
1641 1015 1727 1062 xv,
1760 999 1835 1069 7).

252 1084 398 1142 Hac
446 1087 624 1143 omnia
659 1088 878 1142 omnino
905 1087 1312 1156 diligentissime
1351 1090 1696 1144 considerans
1722 1131 1736 1152 ,
1785 1091 1837 1144 in

250 1177 468 1232 Christi
497 1180 760 1234 charitate
789 1194 1004 1247 semper
1041 1179 1328 1247 proﬁcias;
1369 1197 1558 1235 amans
1587 1181 1734 1258 illum
1771 1197 1837 1236 ex

251 1279 380 1326 toto
439 1271 640 1336 corde,
711 1281 820 1326 tota
859 1274 1073 1335 .virtute
1125 1285 1179 1330 et
1216 1283 1327 1330 tota
1386 1285 1594 1338 mente,
1647 1276 1737 1344 qui
1784 1286 1836 1330 te

250 1361 521 1416 exaltavit
543 1403 574 1435 ,_
597 1361 968 1418 honbi‘iﬁcavit
1001 1362 1057 1420 et
1089 1366 1425 1421 conservavit
1443 1366 1497 1418 in
1521 1365 1661 1419 diem
1695 1365 1837 1418 salu-

251 1453 330 1506 tis
357 1461 487 1508 tute.

329 1543 698 1598 Vanissimum
727 1559 856 1598 vero
877 1545 1316 1600 vestimentorum
1343 1544 1568 1609 cultum,
1616 1551 1669 1598 et
1708 1558 1834 1597 con-

250 1631 530 1686 viviorum
561 1632 968 1687 immoderatum
990 1649 1144 1689 usum
1180 1634 1426 1697 omnino,
1456 1643 1712 1703 quantum
1743 1648 1836 1686 va-

247 1722 391 1786 leas,
423 1722 689 1792 expellere
710 1739 739 1776 a
762 1729 814 1775 te
839 1724 1052 1792 tuisque
1080 1725 1579 1789 consacerdotibus,
1607 1725 1691 1779 vel
1721 1739 1831 1777 ma-

248 1812 340 1880 gis
377 1789 529 1866 omni
571 1812 714 1866 clero
747 1820 806 1866 et
854 1789 1231 1867 ecclesiastica:
1273 1812 1550 1881 dignitatis
1579 1814 1831 1883 gradibus
1862 1789 1908 1848 Β

250 1901 672 1972 diligentissime
696 1902 928 1956 studeas.
956 1901 1152 1957 Beatus
1180 1903 1396 1966 Petrus,
1427 1904 1676 1972 princeps
1706 1919 1833 1974 apo-

247 1992 765 2056 stolorum,'trinam
793 1993 1089 2060 negationis
1111 1993 1374 2047 maculam
1399 1993 1577 2066 (Joan.
1605 2010 1714 2057 xxi,
1746 1993 1831 2065 l5)

247 2084 454 2155 triplici
476 2084 826 2157 confessionis
840 2085 1064 2138 veritate
1080 2086 1276 2149 abluit;
1301 2094 1355 2138 tu
1375 2085 1553 2155 fugam
1577 2086 1832 2154 simplicis

243 2175 462 2231 erroris
509 2173 788 2243 multiplici
843 2174 1239 2245 praedicationis
1266 2166 1413 2229 bono
1455 2176 1629 2230 ablue.
1664 2176 1730 2229 Et
1774 2185 1835 2230 ut

246 2266 495 2321 maxime
540 2273 846 2320 sanctarum
875 2265 1272 2334 Scripturarum
1326 2265 1486 2320 lectio
1537 2272 1632 2335 per
1685 2275 1830 2320 tuam

245 2356 656 2411 sanctissimam
698 2371 886 2410 curam
917 2366 1239 2422 renovetur,
1287 2365 1342 2411 et
1361 2358 1725 2412 ecclesiastica
1752 2358 1833 2411 di-

250 2449 442 2520 gnitas
475 2447 674 2517 ubique
707 2448 991 2513 exaltetur,
1013 2459 1068 2502 et
1098 2456 1284 2503 sancta
1313 2450 1483 2508 sedes,
1515 2464 1633 2516 qua:
1659 2449 1831 2516 prima

246 2539 356 2594 fuit
385 2538 439 2592 in
469 2537 591 2603 ﬁde,
619 2539 787 2608 prima
817 2539 888 2592 sit
913 2538 967 2592 in
989 2539 1133 2592 omni
1156 2539 1439 2607 sapientia,
1460 2539 1830 2603 etsanctitate,

245 2639 304 2685 et
325 2631 570 2694 honore;
603 2639 661 2684 ut
686 2629 762 2684 ibi
791 2630 1127 2699 interrogans
1146 2630 1396 2692 inveniat,
1429 2630 1684 2698 ignorans
1723 2629 1833 2683 dis-

245 2729 340 2774 cat
364 2720 513 2790 quod
559 2721 753 2790 cupiat,
813 2720 991 2774 sciens
1035 2719 1214 2773 videat
1241 2717 1384 2788 quod
1433 2717 1631 2772 laudet.
1678 2718 1745 2771 Et
1772 2725 1832 2771 ut

245 2809 512 2864 Ecclesiae
543 2811 739 2875 unitas,
771 2826 892 2880 qua:
927 2811 1123 2879 partim
1159 2809 1380 2865 discissa
1405 2815 1490 2863 est
1532 2823 1639 2862 non
1668 2808 1832 2861 ratio-

245 2901 438 2964 nabili,
473 2909 533 2955 ut
553 2899 784 2965 videtur,
812 2901 1264 2962 consideratione,
1297 2898 1392 2954 sed
1420 2900 1648 2970 quadam
1682 2907 1832 2968 pote-

243 2992 408 3046 statis
430 2989 756 3063 [Halmesb.,
776 2987 1013 3060 pietatis]
1038 2989 1349 3059 cupiditate,
1376 3001 1404 3027 α
1430 2990 1475 3042 si
1501 2988 1616 3042 ﬁeri
1638 2988 1826 3056 possit,

244 3080 481 3150 pacilice
509 3077 792 3143 adunetur,
819 3087 873 3132 et
905 3078 1092 3132 scissio
1122 3078 1473 3139 resarciatur,
1503 3077 1702 3130 bonum
1746 3078 1826 3129 vi-

245 3173 410 3227 detur
432 3185 554 3226 esse
578 3185 699 3224 cum
728 3169 951 3225 consilio
975 3169 1213 3224 omnium
1252 3168 1589 3223 sacerdotum
1621 3165 1826 3221 Christi

242 3271 298 3317 et
327 3261 632 3332 coepiscopi
657 3260 920 3334 [Usserius
946 3260 1088 3331 legit,
1119 3259 1471 3332 coepiscopis]
1519 3260 1825 3314 Eboracen-

243 3358 321 3412 sis
370 3355 628 3411 Ecclesize
653 3353 985 3418 deliberare;
1043 3354 1118 3406 ita
1147 3361 1349 3417 tamen,
1380 3360 1439 3406 ut
1470 3353 1498 3391 δ
1525 3359 1678 3422 pater
1704 3351 1824 3420 pius

245 3448 414 3519 pallio
442 3447 634 3500 diebus
661 3447 774 3499 suis
823 3460 931 3498 non
978 3453 1228 3508 exuatur,
1264 3444 1389 3498 licet
1417 3445 1683 3498 ordinatio
1714 3445 1827 3512 epi-

248 3551 543 3608 scOporum
573 3535 640 3590 ad
666 3544 903 3590 sanctam
949 3543 1006 3590 et
1048 3536 1278 3605 primam
1325 3535 1505 3590 sedem
1559 3545 1823 3590 recurrat.

254 3628 385 3686 Haec
412 3628 594 3684 omnia
623 3634 713 3681 tua
733 3627 1069 3682 sanctissima
1097 3625 1361 3695 sapientia
1395 3625 1734 3688 consideret,
1765 3635 1826 3680 ut

252 3720 541 3778 cbaritatis
565 3719 849 3775 concordia
877 3719 970 3775 ﬁat
989 3719 1129 3774 inter
1152 3719 1355 3790 primos
1375 3725 1620 3790 pastores
1656 3717 1826 3773 eccleé

251 3811 463 3866 siarum
484 3808 705 3864 Christi.

317 3901 378 3956 Si
401 3901 535 3970 quid
553 3915 680 3971 ergo
707 3900 969 3969 superﬂue
997 3903 1054 3955 in
1083 3902 1169 3955 his
1198 3901 1331 3955 meis
1373 3900 1623 3956 litterulis
1645 3900 1822 3956 dicta-

245 3993 420 4047 verim
443 4031 460 4057 ,
499 3998 592 4044 tua
632 4001 817 4046 sancta
846 3991 1103 4061 patientia
1127 3992 1375 4060 benigne,
1402 3993 1629 4046 obsecro
1649 4031 1663 4053 ,
1701 4007 1824 4045 sus—

243 4084 455 4154 cipiat,
491 4097 592 4138 nec
630 4083 761 4137 mihi
791 4079 1047 4138 scribenti
1081 4083 1340 4154 imputet,
1367 4081 1462 4137 sed
1493 4082 1589 4136 tibi
1611 4083 1818 4152 iubenti

1946 552 2215 606 omittere.
2251 551 2481 608 Omnino
2522 553 2814 610 all‘ectuosa
2841 557 3106 611 charitate
3136 557 3424 621 admoneo,
3453 567 3514 614 ut

1947 632 2210 696 instanter
2251 643 2510 712 prmdices
2558 645 2780 699 verbum
2829 646 2954 711 Dei;
3003 647 3105 701 hoc
3147 655 3228 702 est
3280 645 3511 701 alliciunt

1946 739 2096 783 tuum
2115 770 2130 794 ,
2160 731 2277 785 hare
2298 746 2505 786 merces
2525 740 2640 796 tua,
2662 733 2720 786 hi
2746 732 2955 789 fructus
2973 735 3172 803 operis,
3195 735 3308 788 iure
3336 749 3514 790 sacer-

1945 818 2087 872 dotis
2114 819 2377 889 dignitas,
2406 821 2522 874 laus
2566 829 2621 875 et
2649 823 2850 886 honor;
2913 832 3175 890 quatenus
3234 823 3512 892 multiplici

1941 908 2140 962 laboris
2167 908 2347 963 fructu
2369 910 2420 962 in
2449 919 2736 980 conspectu
2770 910 2980 964 Domini
3005 910 3104 966 Dei
3127 911 3218 966 sui
3237 921 3509 981 appareat,

1939 1006 1994 1050 et
2028 998 2220 1065 dignus
2267 998 2528 1052 eliiciatur
2585 998 2993 1072 desiderabilem
3043 1000 3228 1054 audire
3285 1015 3507 1054 vocem:

1940 1085 2280 1157 Euge,‘se‘rve
2316 1088 2446 1141 bone
2481 1100 2527 1141 et
2555 1087 2725 1158 ﬁdelis
2746 1129 2761 1153 ,
2796 1089 2923 1158 quia
2973 1105 3135 1159 super
3161 1107 3328 1158 pauca
3366 1090 3513 1158 fuisti

1937 1175 2106 1245 ﬁdelis
2125 1217 2138 1239 ,
2171 1193 2326 1246 super
2344 1176 2507 1229 multa
2535 1187 2585 1230 te
2611 1179 2924 1230 constituam
2950 1194 2966 1242 ;
3015 1179 3153 1230 intra
3181 1177 3236 1230 in
3263 1177 3510 1251 gaudium

1937 1266 2150 1320 Domini
2183 1267 2292 1335 .Dei
2319 1267 2396 1320 tui
2436 1267 2650 1337 (Matth.
2677 1272 2836 1331 kxv,
2886 1267 2974 1333 21,
3004 1267 3116 1339 2'5).
3163 1266 3512 1335 Omnipotens

1936 1356 2078 1410 Deus
2104 1359 2478 1425 paternitatem
2529 1367 2765 1412 vestram
2801 1348 2877 1412 ad
2904 1358 3281 1412 exaltationem
3310 1365 3526 1429 sanctaa.

1938 1441 2046 1498 suae
2081 1444 2332 1499 Ecclesia:
2378 1446 2431 1498 in
2468 1445 2616 1499 omni
2659 1461 2822 1515 opere
2859 1445 3100 1514 perfecto
3145 1444 3511 1513 multipliciter

1930 1533 2125 1590 ﬂorere
2147 1534 2332 1600 faciat,
2363 1536 2706 1590 sanctissime
2734 1535 2894 1590 Pater
2918 1537 2930 1589 ε

2391 1657 2412 1684 ε
2438 1644 2768 1700 EPISTOLA
2810 1645 3043 1701 LXXVI.
3065 1653 3069 1657 '

2462 1732 2528 1770 AD
2556 1732 2769 1771 οοδωυι
2798 1730 2972 1771 REGI-II
2984 1755 2998 1768 .

2252 1807 2426 1879 (Anno
2450 1807 2574 1871 797,
2621 1821 2806 1861 mense
2851 1805 3183 1872 Novembri.)

2355 1899 2432 1952 De
2453 1900 2653 1952 ratione
2671 1898 2835 1953 saltus
2856 1896 3079 1966 lunaris.

2003 1995 2229 2052 Domino
2254 1975 2754 2049 desiderantissime
2777 2003 2830 2047 et
2859 1993 3005 2046 omni
3029 1991 3304 2062 sapientiae
3315 1992 3510 2046 decore

1932 2085 2232 2140 clarissimo
2261 2083 2427 2137 David
2457 2085 2569 2152 regi
2598 2084 2826 2138 Flaccus
2851 2082 3082 2137 Albinus
3106 2091 3374 2152 perpetua:
3412 2098 3508 2152 pa-

1932 2176 2010 2230 cis
2040 2183 2095 2228 et
2121 2174 2302 2245 gloriae
2331 2164 2592 2229 salutem.‘

2004 2265 2189 2321 Solent
2227 2267 2408 2334 itaque
2453 2265 2518 2320 de
2569 2265 2715 2320 fonte
2769 2251 3050 2320 charitatis
3105 2264 3301 2334 smpius
3343 2265 3504 2319 verba

1931 2356 2097 2412 ﬂuere
2124 2357 2494 2422 salutationis;
2528 2357 2614 2411 vel
2646 2357 2690 2411 si
2725 2356 3092 2427 longinquitas
3118 2364 3382 2410 terrarum
3412 2371 3508 2410 vo-

1931 2448 2009 2501 cis
2037 2448 2210 2501 olltcia
2236 2457 2412 2518 neget,
2442 2447 2626 2516 apices
2648 2447 2954 2502 dilectionis
2981 2457 3287 2520 atramento
3309 2447 3507 2504 forma-

1930 2539 1972 2592 ti
1994 2538 2267 2591 tnultotics
2286 2547 2586 2592 recurrant.
2614 2539 2820 2593 Idcirco
2844 2538 3082 2608 simplici
3109 2547 3232 2593 voto
3243 2539 3507 2606 deprecor

1929 2637 1990 2682 ut
2012 2628 2173 2683 liceat
2194 2637 2388 2684 nostrae
2411 2629 2698 2698 pirvitatis
2722 2630 3030 2684 chartulam
3065 2630 3132 2684 ad
3165 2639 3356 2684 vestrae
3403 2643 3502 2682 au-

1928 2723 2198 2776 ctoritatis
2247 2723 2590 2790 praesentiam
2641 2723 2837 2790 saepius
2882 2738 3181 2784 recurrere,
3243 2720 3501 2776 ferentem

1928 2826 2049 2880 qua:
2085 2810 2170 2865 vel
2207 2819 2404 2864 vestrae
2433 2811 2710 2880 sapientia:
2732 2809 2993 2877 jucunda,
3023 2811 3107 2864 vel
3138 2818 3334 2863 nostra
3373 2823 3500 2877 par-

1928 2901 2078 2955 vitati
2102 2899 2404 2955 necessaria
2427 2913 2547 2954 esse
2570 2882 2896 2963 arbitremur
2929 2915 2942 2952 :
2970 2907 3024 2952 et
3043 2906 3343 2968 opportuno
3367 2906 3502 2950 teut-

1928 2993 2058 3060 pOre
2085 2990 2306 3045 Flaccus
2327 2999 2504 3043 vester
2525 2989 2733 3058 legatur
2771 2989 2824 3042 in
2862 2988 3075 3052 litteris,
3106 2989 3197 3058 qui
3227 2987 3497 3058 quondam

1930 3081 2248 3136 audiebatur
2278 3080 2332 3133 in
2356 3081 2533 3135 verbis
2558 3079 2607 3132 ἀ.
2640 3079 2787 3156 Nam.
2809 3095 2970 3134 causa
3017 3080 3175 3150 hujus
3222 3080 3504 3150 praesentis

1932 3172 2187 3226 chartulae
2212 3172 2418 3226 lunaris
2445 3172 2616 3227 saltus
2635 3171 2824 3227 effecta
2854 3180 2958 3238 est,
2982 3174 3071 3242 qui
3104 3173 3156 3226 in
3189 3173 3291 3227 hac
3305 3172 3506 3226 lucenti

1928 3265 2076 3319 Luna
2101 3264 2404 3320 Novembrii
2441 3265 2640 3318 mensis
2668 3280 2811 3318 anno
2834 3264 3024 3320 curculi
3056 3266 3500 3319 decennovenna-

1927 3357 1996 3412 lis
2021 3357 2316 3412 novissimo
2347 3367 2370 3395 ο
2397 3355 2701 3410 certissime
2731 3356 2925 3425 inspici
2951 3341 3173 3425 poterit.
3201 3354 3367 3424 Igitur
3391 3353 3506 3407 haec

1926 3449 2052 3502 luna
2087 3447 2396 3502 Novembrii
2423 3431 2647 3512 mensis,
2678 3463 2796 3516 quae
2817 3462 2915 3518 per
2946 3448 3132 3502 decem
3161 3454 3215 3500 et
3234 3455 3358 3500 octo
3404 3459 3503 3497 an-

1926 3556 2024 3595 nos
2057 3540 2335 3594 tricesima
2366 3539 2799 3606 computabatur,
2832 3539 2886 3591 in
2917 3538 3023 3592 hoc
3056 3552 3199 3591 anno
3250 3533 3504 3605 praesenti

1922 3630 2130 3702 przel‘ati
2155 3629 2345 3686 circuli
2375 3643 2517 3684 nono
2542 3625 2784 3691 decimo,
2834 3626 3254 3680 undetricesima
3280 3639 3502 3693 compu-

1926 3723 2026 3779 tari
2055 3723 2164 3794 82
2189 3721 2368 3777 debet.
2393 3719 2471 3774 lta
2495 3727 2556 3773 ut
2577 3719 2642 3773 de
2678 3718 2932 3773 vicesima
2959 3731 3119 3782 nona,
3142 3730 3263 3785 quae
3303 3713 3364 3768 ﬁt
3401 3729 3498 3770 oc-

1928 3825 2078 3872 tavas
2096 3814 2215 3869 Kal.
2239 3813 2572 3877 Decembris,
2602 3820 2846 3867 vertatur
2871 3810 3098 3879 septima
3123 3808 3242 3863 Kal.
3285 3809 3337 3864 in
3383 3810 3498 3879 pri-

1921 3922 2065 3962 mam
2097 3924 2110 3960 :
2137 3914 2192 3960 et
2221 3905 2281 3959 ﬁt
2307 3905 2394 3975 die
2417 3903 2535 3958 Kal.
2558 3903 2932 3958 Decembrium
2952 3901 3201 3970 septima,
3231 3914 3351 3969 quae
3373 3899 3499 3966 jux-

1920 4006 1974 4052 ta
2003 3997 2281 4067 regulares
2319 4003 2538 4064 epactas
2582 4003 2732 4048 sexta
2762 4000 3070 4062 computata
3095 3979 3212 4055 est;
3236 4000 3299 4045 et
3343 4002 3503 4045 erunt

1921 4095 2031 4140 tres
2061 4086 2203 4140 lunae
2228 4085 2454 4155 pariter,
2478 4083 2700 4139 Octobri
2727 4083 2958 4145 scilicet,
2980 4089 3039 4134 et
3081 4079 3394 4142 Novembri,
3443 4089 3501 4132 et

243 4175 509 4246 injungat.
533 4173 643 4229 Nec
661 4189 761 4246 ego
777 4184 1201 4245 praesumptuosa
1230 4175 1536 4231 temeritate
1578 4175 1692 4245 egi,
1725 4175 1819 4231 sed
1919 4178 2199 4234 Decembri
2236 4166 2439 4231 menSis
2466 4175 2937 4229 undetricenarum
2973 4172 3206 4228 dierum.
3255 4169 3406 4236 Quod
3453 4169 3499 4220 si

244 4265 439 4319 humili
467 4265 802 4330 obedientia;
854 4265 1233 4332 considerans,
1270 4266 1402 4337 quid
1433 4266 1615 4320 multis
1658 4266 1820 4335 proli-
1919 4272 2037 4341 quis
2061 4270 2330 4325 obstinata
2355 4276 2531 4322 mente
2553 4265 2732 4321 facere
2759 4263 3077 4336 neglc'erit,
3113 4271 3168 4320 et
3200 4263 3387 4331 magis:
3421 4276 3500 4315 rc-

241 4371 367 4410 cere
415 4356 697 4425 potuisset,
745 4358 860 4411 sive
907 4357 1062 4426 culpa
1097 4368 1266 4421 esset,
1312 4360 1426 4414 sive
1454 4376 1563 4414 non
1585 4368 1729 4414 esset
1762 4359 1817 4413 in
1919 4362 2194 4432 gularibus
2229 4374 2390 4429 quam
2421 4358 2614 4412 rationi
2638 4357 2807 4414 saltus
2843 4356 3115 4422 innititur,
3146 4364 3205 4410 et
3230 4355 3345 4410 vult
3391 4353 3509 4430 No—q

241 4450 389 4520 luga.
419 4447 621 4502 Tamen
657 4456 914 4518 quantum
939 4464 1056 4502 mea
1083 4449 1297 4505 devotio
1326 4451 1672 4505 considerare
1714 4465 1815 4518 po-
1847 4473 1894 4530 ι)
1919 4454 2146 4508 vembrii
2175 4452 2378 4506 mensis
2405 4451 2584 4504 lunam
2627 4450 2849 4519 triginta
2887 4449 3100 4503 habere
3140 4448 3278 4511 dies,
3337 4456 3393 4500 et
3437 4447 3493 4500 in

1914 4565 2301 4634 metropolitica
2330 4562 2607 4634 competit,
2639 4562 2688 4614 id
2711 4571 2794 4616 est
2829 4553 3270 4616 Cantuariensem
3311 4574 3498 4614 recur-
3583 4598 3594 4608 ι

1913 4646 2016 4692 rat.
2049 4632 2180 4690 Vide
2215 4633 2496 4704 epistolam
2521 4632 2775 4704 priorem.
2928 4700 2942 4704 Α
3000 4700 3026 4704 _
3106 4699 3117 4704 _
3156 4699 3167 4704 _
3402 4693 3404 4696 ,

1985 4718 2008 4746 ο
2035 4707 2129 4760 Est
2161 4699 2285 4769 haec.
2307 4699 2534 4774 epistola
2560 4703 2784 4758 decima
2804 4700 2945 4774 apud
2988 4699 3285 4774 Canisiu_m,
3320 4700 3492 4774 tertia

311 4571 337 4599 ⁸
366 4557 429 4613 Si
458 4558 574 4626 ﬁeri
593 4559 772 4628 possit.
803 4557 1289 4630 Malmesburiensis
1318 4559 1390 4613 ita
1431 4560 1588 4630 legit:
1622 4578 1639 4610 ι
1661 4559 1812 4625 Quod

239 4631 284 4710 si
321 4630 443 4684 fieri
471 4630 717 4710 possitut
746 4629 968 4710 pacilice
1006 4631 1286 4695 adunetur,
1315 4638 1368 4682 et
1405 4629 1594 4710 sciSsio
1639 4645 1812 4710 resar-

239 4703 440 4761 ciatur,
471 4704 669 4753 bonum
709 4701 920 4754 videtur
947 4715 1085 4763 esse,
1137 4716 1259 4754 cum
1298 4701 1525 4755 consilio
1571 4701 1811 4754 omnium

239 4768 587 4840 sacerdotum
615 4767 811 4840 Christi
835 4777 888 4822 et
916 4772 1216 4840 coepiscopi
1243 4771 1406 4826 vestri
1445 4772 1811 4826 Eboracensis

240 4837 520 4900 Ecclesiae,
550 4844 608 4889 ut
637 4837 759 4901 ﬁat;
793 4839 866 4890 ita
898 4842 1096 4903 tamen,
1123 4861 1140 4890 ι
1164 4837 1282 4895 ’θια
1440 4851 1446 4858 ‘

309 4910 339 4950 b
363 4907 503 4988 Pius
525 4916 688 4988 pater:
714 4906 975 4988 Nimirum
1002 4903 1244 4988 hldull‘us
1269 4925 1372 4988 seu
1397 4909 1811 4988 édvulfusepi-

239 4993 441 5049 scapus
480 4977 930 5049 Liccidl‘eldensis,
964 4993 1121 5046 quem
1155 4982 1370 5049 quidem
1393 4979 1507 5034 Oﬂ‘a
1541 4995 1633 5032 rex
1670 4977 1835 5034 Μέμ-

239 5047 448 5104 ciorum
479 5047 916 5119 archiepiscopali
948 5049 1150 5102 honore
1187 5058 1242 5102 et
1265 5048 1426 5118 pallio
1452 5050 1698 5118 insigniri
1720 5067 1811 5104 cu-

240 5126 490 5181 raverat,
535 5117 825 5173 abstractis
881 5118 1094 5188 primali
1149 5117 1521 5183 Cantuaricnai
1563 5117 1811 5174 Omnibus

241 5188 560 5259 Merciorum
600 5188 873 5259 ecclesiis;
916 5189 1057 5243 sedis
1112 5197 1289 5243 tamen
1341 5205 1451 5243 sum
1497 5189 1808 5259 dignitatem

241 5257 512 5328 reparavit
532 5257 871 5330 Athelardus,
901 5261 1172 5330 negotium
1206 5257 1575 5330 promovente
1596 5261 1810 5330 scriptis

241 5327 340 5384 suo
377 5334 438 5382 et
476 5327 716 5398 omnium
751 5327 1041 5384 Britanniae
1089 5327 1463 5398 episcoporum
1502 5327 1720 5383 nouiine
1743 5332 1811 5385 ad

241 5400 475 5454 Leonem
496 5395 782 5470 ll_l_li_tteris
805 5399 1030 5454 Kenulfo
1056 5395 1200 5470 rege,
1228 5395 1356 5454 Oll'a:
1382 5409 1434 5452 et
1455 5399 1658 5470 ngridi
1688 5416 1808 5454 suc-

241 5482 478 5540 cessore.
506 5466 725 5540 (Mabill.
756 5469 948 5523 Annal.
973 5466 1164 5524 Bened.
1204 5470 1297 5524 lib.
1327 5485 1471 5531 xxvi,
1497 5466 1551 5540 ri.
1580 5469 1805 5540 65,pag.

419 5537 786 5620 Monetigitur
814 5540 916 5623 hoc
942 5541 1376 5623 loco'Alcuinus,
1429 5548 1488 5618 ut
1535 5537 1845 5593 Liccidfe’l»

241 5607 433 5682 densis
446 5609 735 5682 episcopus
771 5611 1159 5678 metropolitico
1183 5612 1398 5682 quidem
1425 5607 1688 5682 jurc,non
1715 5626 1807 5682 veg

244 5696 307 5735 ro
333 5676 502 5752 pallio
514 5676 772 5752 exuitur;
795 5688 851 5752 et
869 5676 1238 5752 episcoporum
1269 5681 1555 5742 ordinatio,
1589 5696 1692 5752 non
1714 5751 1719 5752 ί
1743 5681 1809 5734 ad

250 5751 442 5821 ipsum,
486 5753 578 5808 sed
611 5751 677 5807 ad
733 5751 960 5833 primam
1013 5751 1322 5818 sedem,cui
1349 5767 1538 5820 nempe
1582 5751 1830 5833 dignitasK

1913 4778 2052 4847 apud
2068 4770 2462 4847 Quercetanurn
2479 4770 2850 4847 (Sexagesima
2864 4772 3035 4847 prima
3052 4771 3190 4837 apud
3213 4770 3490 4847 Froben.).

1915 4842 2046 4902 E'arn
2081 4842 2266 4919 inulto
2295 4842 2586 4919 auctiorem
2638 4842 3221 4919 ediditQuercetanus
3263 4857 3330 4919 ex
3347 4842 3488 4919 _co_d.

1913 4935 2014 4973 ms.
2065 4918 2439 4974 Correctiones
2481 4915 2685 4983 aliquot
2711 4909 3055 4969 adhibuimus
3097 4929 3163 4966 ex
3200 4911 3318 4964 cod.
3347 4909 3492 4963 Vati-

1912 5006 2069 5045 (3800.

1982 5053 2546 5132 dliiclinis'epistolzn
2577 5053 3038 5132 apudCanisium.
3150 5119 3162 5132 .
3228 5118 3239 5128 .

1989 5142 2012 5168 ε
2040 5129 2239 5186 Οἰνουῆ
2286 5125 2774 5200 ὁθεθηῃονθιιηαξίβ
2816 5140 2988 5200 annus
3043 5125 3366 5200 novissimus
3391 5133 3485 5171 seu

1913 5200 2135 5254 ultimus
2160 5201 2295 5252 intra
2321 5191 2675 5269 tempuslquo
2696 5195 2953 5269 Alguinus
2974 5196 3026 5246 in
3056 5191 3281 5269 Francia
3309 5203 3488 5268 mora.-

1912 5271 2091 5330 batur,
2123 5277 2239 5324 erat
2265 5262 2726 5334 annus—797,'quo
2755 5266 2880 5319 luna
2902 5262 3320 5334 quartadecima
3347 5262 3488 5334 _iuci-
3523 5291 3530 5296 -

1911 5328 2191 5412 debat-sv.
2219 5337 2335 5412 Kal.
2368 5335 2510 5399 Maii,
2536 5328 2676 5389 sicut
2709 5328 3133 5412 annosaquenti,
3167 5329 3257 5412 qui
3275 5328 3487 5412 primus

1913 5419 2028 5463 crat
2075 5407 2259 5462 circuli
2297 5405 2803 5466 dcccnnovennalis,
2852 5399 3040 5456 incidit
3069 5399 3234 5454 Nonis
3261 5399 3481 5466 Aprilis.

1912 5480 2012 5545 Qui
2040 5477 2275 5532 calculus
2297 5476 2460 5530 etiam
2487 5475 2737 5530 convenit
2767 5471 3114 5545 curnhcalculo
3140 5469 3274 5545 Yet].
3305 5469 3484 5534 Bedar,

1913 5540 2072 5618 quem
2111 5547 2232 5600 vide
2277 5554 2408 5600 tom.
2444 5547 2460 5601 Ι
2491 5546 2625 5615 Opp.
2648 5560 2771 5618 pag.
2809 5541 2914 5618 36:5
2946 5540 3287 5618 (l’atrologite
3337 5548 3488 5618 torno

2074 5618 2240 5685 Igitur
2290 5613 2553 5690 pueseus
2573 5613 2800 5690 epistola
2848 5613 2944 5670 abs
2974 5613 3134 5669 dubio
3162 5613 3362 5681 scripta
3402 5617 3490 5667 est

1911 5682 2261 5745 eodcm'anno
2291 5682 2420 5753 797,
2463 5682 2643 5742 mense
2667 5682 2800 5739 Nov.
