4232 6426
773 376 876 430 255
907 384 909 387 ’

1647 377 1705 428 Β.
1747 377 1807 429 Γ.
1849 377 2071 430 Αωιλι
2112 377 2239 430 δειι
2283 377 2559 434 Αιευιδι
2595 379 2876 434 OPLRUM
2913 379 3086 460 PARS
3121 380 3162 434 Ῑ.
3240 441 3245 447 _

3902 376 4001 429 εδδ
4060 359 4061 404 ι

777 489 892 542 Kal.
929 486 1239 541 Decembris
1259 496 1464 538 sextam
1495 485 1697 549 lunam,
1733 498 1925 553 magno
1973 500 2030 539 se
2074 499 2198 538 mox
2246 485 2346 538 im-
2372 490 2413 545 Δ
2448 487 2681 555 adjicere
2707 488 2840 542 solet
2858 504 2950 543 seu
2983 487 3144 543 solari
3172 501 3266 542 seu
3294 487 3464 541 lunari
3495 501 3651 550 anno,
3692 489 4003 551 ututimo,

778 578 1057 646 plicaverit
1088 576 1260 630 errori
1284 576 1338 628 in
1382 583 1573 642 quarta
1624 575 1830 628 decima
1891 574 2016 628 luna
2067 573 2343 628 Paschalis

778 669 918 724 festi.
954 666 1010 720 Si
1037 680 1165 719 vero
1185 664 1301 719 Kal.
1337 664 1648 717 Decembris
1673 672 1821 717 sexta
1852 664 2345 732 computahiturlu-

777 776 864 820 na,
897 773 1115 813 necesse
1137 759 1238 812 erit
1269 766 1325 810 ut
1349 758 1398 809 in
1427 756 1540 809 Kal.
1570 755 1853 809 Januarias
1881 768 2071 810 octava
2100 757 2169 809 sit
2197 756 2342 818 luna,

774 859 830 903 et
858 849 1152 902 Februario
1191 863 1349 908 nona,
1383 847 1510 900 etin
1541 845 1731 898 Martio
1750 855 1936 899 octava
1967 863 1978 899 :
2009 855 2064 898 et
2102 846 2186 900 die
2242 845 2342 898 Ka-

777 939 1053 993 lendarum
1079 938 1343 1007 Aprilium
1367 951 1528 998 nona,
1553 945 1607 988 et
1633 945 1855 1003 quartas
1898 934 2076 989 Nonas
2107 933 2346 1001 ejusdem

773 1030 972 1097 Aprilis
1013 1030 1258 1091 decima;
1306 1029 1496 1081 tertias
1550 1027 1727 1080 Nonas
1780 1026 2097 1089 undecima;
2149 1027 2347 1095 pridias

776 1117 956 1172 Nonas
980 1119 1333 1180 duodecima;
1365 1117 1544 1170 Nonas
1573 1119 1726 1169 tertia
1753 1117 1977 1175 decima,
2022 1131 2141 1184 qua:
2191 1113 2344 1181 juxta

777 1214 1038 1267 rationem
1071 1212 1348 1266 lPaschalis
1375 1211 1496 1266 festi
1529 1221 1719 1279 quarta
1755 1212 1958 1265 decima
1998 1209 2156 1263 debet
2209 1209 2345 1272 ﬁeri,

775 1307 917 1360 sicut
945 1307 1013 1359 ab
1037 1303 1284 1357 omnibus
1335 1305 1388 1356 in
1422 1304 1665 1358 terminis
1691 1302 2029 1369 paschalibus
2069 1302 2348 1355 verissime

776 1399 1092 1452 decantatnr
1141 1406 1188 1452 el
1237 1395 1542 1450 ﬁrmissime
1577 1405 1809 1449 tenetur.
1836 1395 1902 1449 Et
1954 1395 2123 1448 videri
2173 1403 2349 1463 potest

773 1487 1058 1557 diligenter
1079 1487 1566 1549 considerantibus,
1598 1496 1835 1556 quantus
1882 1501 2036 1539 error
2079 1494 2136 1538 et
2187 1499 2346 1553 quam

774 1578 1106 1644 perniciosus
1133 1579 1183 1630 in
1217 1577 1339 1630 luna
1371 1590 1562 1646 quarta
1590 1577 1794 1631 decima
1818 1578 1940 1631 etin
1953 1577 2039 1632 die
2060 1576 2347 1630 Dominiea:

774 1665 1014 1730 Pas-lim,
1042 1679 1098 1722 et
1143 1669 1192 1721 iu
1224 1678 1384 1722 :etate
1434 1669 1571 1723 Iun:e
1584 1667 1821 1734 ejusdem
1843 1668 1946 1720 diei
1973 1668 2103 1736 oriri
2129 1667 2344 1735 poterit,

773 1757 817 1812 si
845 1758 966 1825 quis
999 1741 1104 1810 non
1131 1759 1402 1811 curaverit
1429 1773 1592 1811 unum
1621 1758 1761 1810 diem
1802 1757 1852 1809 in
1882 1765 2039 1810 aetate
2067 1756 2205 1810 luna:
2260 1772 2344 1809 ra-

2447 577 2608 633 diem.

2514 667 2752 733 Qualiter
2769 682 2897 723 vero
2952 667 3108 736 hujus
3155 667 3290 722 ratio
3340 665 3506 720 saltus
3566 665 3788 737 singulis
3849 669 4006 724 annis

2447 755 2627 828 [eyeli]
2653 756 3131 811 deecnnovcunalis
3154 757 3208 809 in
3242 755 3644 810 diminutionem
3692 755 3851 812 unius
3904 756 4005 811 diei

2447 851 2742 906 accrescat,
2773 844 2998 899 diversis
3024 844 3196 900 modis
3226 852 3588 913 computatur.
3623 841 3727 898 Sed
3769 845 3887 899 bi£C
3931 843 4003 899 fa-

2446 934 2598 988 cilior
2631 935 2840 989 videtur
2871 935 3216 1002 computatio,
3244 943 3302 987 ut
3321 935 3572 996 sciamus,
3597 933 3824 1002 singulis
3850 936 4003 990 annis

2445 1028 2580 1098 eyeli
2595 1027 3070 1090 deeennovenualis
3088 1043 3248 1081 unam
3264 1028 3449 1081 horam
3471 1036 3700 1082 etunum
3721 1036 4000 1097 punctum,

2444 1127 2500 1171 et
2525 1132 2714 1172 novam
2743 1115 2860 1188 [F.,
2885 1116 3102 1188 nonam]
3136 1117 3394 1170 decimam
3437 1123 3646 1184 partem
3675 1116 3832 1169 rnius
3877 1131 4004 1184 pun-

2447 1209 2516 1262 cti
2542 1224 2850 1263 accrescere
2870 1198 2936 1262 ad
2975 1209 3220 1262 undecim
3245 1216 3556 1277 epactarum
3570 1206 3702 1260 dies.
3720 1206 3798 1260 Ex
3813 1207 4006 1275 quibus

2448 1299 2594 1354 horis
2619 1308 2671 1351 et
2697 1300 2908 1369 punctis
2931 1299 3199 1374 colligitur
3230 1313 3366 1351 unus
3391 1312 3488 1366 per
3516 1312 3707 1351 novem
3734 1306 3789 1352 et
3823 1299 4006 1353 decem

2447 1401 2615 1440 annos
2635 1386 2768 1441 dies.
2802 1384 2932 1441 Nam
2961 1386 3151 1457 viginti
3181 1394 3235 1440 et
3262 1393 3494 1455 quatuor
3518 1385 3664 1441 horae
3687 1387 3823 1440 diem
3864 1387 4002 1440 inte-

2447 1491 2601 1545 grum
2628 1476 2937 1545 perﬁciunt;
2968 1486 3196 1544 quatuor
3224 1492 3353 1532 vero
3377 1477 3558 1545 puncti
3587 1477 3771 1530 horam
3799 1476 4022 1533 faciunt.

2447 1569 2676 1622 sedecim
2698 1569 2878 1636 puncti
2893 1578 3122 1637 quatuor
3147 1569 3310 1622 horas
3325 1556 3559 1622 eﬂieiuut
3585 1583 3600 1622 :
3616 1577 3670 1622 et
3686 1568 3855 1622 tribus
3876 1558 4008 1636 puni

2447 1658 2567 1721 etis,
2592 1646 3003 1726 quisupersunt,
3033 1657 3168 1712 adde
3189 1671 3359 1711 nonas
3388 1655 3619 1744 decimas
3652 1665 3832 1725 partes
3848 1658 4006 1711 unius

2447 1737 2653 1817 puncti,
2684 1756 2739 1804 et
2767 1736 3141 1816 ﬁuntquatuor
3166 1748 3369 1816 puneti,
3403 1755 3460 1801 et
3478 1736 3558 1802 est
3573 1763 3674 1802 una
3689 1749 3842 1804 hora.
3859 1747 4008 1802 Hanc

773 1845 917 1898 tione
951 1845 1121 1898 saltus
1150 1845 1204 1898 in
1251 1844 1572 1899 Novenihrio
1601 1860 1783 1898 mense
1827 1845 2116 1899 transilire.
2169 1845 2344 1898 Etiam
2377 1821 2421 1879 Β

2337 1866 2344 1898 ι
2377 1821 2421 1879 Β
2451 1838 2504 1902 εἰ,
2546 1837 2814 1892 addideris
2845 1837 2955 1907 83
3003 1847 3235 1908 quatuor
3283 1838 3609 1908 praescriptis
3649 1838 3816 1904 horis,
3877 1841 4008 1893 fiunt

773 1949 874 1990 nec
894 1944 1021 1988 πως
1051 1934 1255 1988 lunaris
1286 1935 1339 1988 in
1370 1932 1651 1999 Januario,
1685 1935 2000 1994 Februario.
2055 1933 2247 1987 Martio
2295 1943 2351 1988 et

770 2024 976 2094 Aprile,
1012 2024 1350 2094 regularibus
1375 2026 1646 2089 convenit,
1674 2026 1766 2094 qui
1818 2024 2096 2079 observari
2154 2023 2353 2077 debent

772 2131 870 2186 per
895 2117 1081 2170 decem
1123 2124 1178 2169 et
1206 2130 1397 2170 novem
1424 2131 1604 2170 .annos
1660 2115 1726 2170 ad
1755 2115 2185 2186 cognoscendam
2238 2114 2351 2168 die-

772 2206 872 2260 bus
915 2204 1272 2259 Kalendarum
1327 2215 1540 2260 aetatem
1596 2205 1736 2260 lunae
1785 2206 1840 2260 in
1897 2205 2175 2259 mensibus
2240 2205 2349 2260 sin-

773 2295 931 2364 gulis.
1125 2305 1129 2309 ‘
1622 2284 1635 2302 ’

843 2384 940 2439 Est
961 2400 1175 2454 quoque
1195 2386 1335 2439 aliud
1361 2387 1414 2440 in
1439 2385 1598 2454 hujus
1628 2387 1834 2440 ratione
1871 2386 2039 2440 saltus
2060 2386 2351 2454 aliquando

769 2471 1038 2530 diﬂicilius
1076 2476 1516 2546 computandum,
1549 2476 1643 2530 sed
1689 2476 1996 2531 necessario
2048 2477 2344 2532 sciendum.

771 2568 1120 2622 Notissimum
1155 2583 1284 2622 vero
1309 2579 1501 2623 vestrae
1528 2569 1640 2623 scio
1687 2569 2011 2622 acutissima:
2052 2568 2349 2637 prudentiae

761 2659 908 2723 fore,
930 2644 1070 2727 quod
1102 2660 1154 2712 in
1181 2659 1559 2714 communibus
1574 2659 1727 2713 annis
1748 2660 2043 2713 secundum
2065 2674 2348 2713 numerum

768 2754 1102 2816 epactarum,
1140 2761 1259 2815 qua:
1293 2746 1518 2816 singulis
1549 2747 1702 2801 annis
1743 2756 2062 2802 accrescunt
2098 2747 2347 2802 undecim

771 2836 990 2902 diebus;
1019 2847 1212 2906 quarta
1248 2838 1452 2891 decima
1479 2837 1600 2912 luna
1628 2837 1906 2893 Paschalis
1932 2838 2109 2892 locum
2150 2837 2350 2905 prioris

771 2934 976 2992 quarta:
1002 2925 1222 2979 decimae
1250 2925 1496 2981 undecim
1521 2924 1668 2997 [Al.,
1693 2926 1974 2980 undecima
1997 2942 2012 2991 ;
2047 2925 2176 2980 σθαι.
2223 2922 2343 2980 Vm.

774 3013 1089 3086 duodecim]
1121 3016 1307 3071 diebus
1352 3016 1631 3087 anticipat.
1646 3017 1797 3083 Quod
1811 3016 1969 3074 facile
1995 3027 2079 3073 est
2105 3019 2346 3073 invenire.

771 3119 871 3174 per
900 3102 1074 3160 annos
1088 3122 1417 3162 communes.
1435 3108 1492 3162 In
1507 3111 1662 3163 annis
1701 3112 1882 3178 itaque
1907 3109 2354 3174 embolismorum,
2372 3153 2417 3213 ε

784 3193 956 3213 LM“
1666 3200 1676 3213 .

775 3193 962 3248 decem
989 3203 1044 3248 et
1065 3211 1258 3251 novem
1275 3198 1464 3252 diebus
1479 3200 1771 3253 secundum
1787 3215 2066 3254 numerum
2084 3215 2346 3254 annorum

774 3283 964 3339 circuli
981 3284 1484 3353 decennovennalis,
1509 3297 1700 3358 quarta
1718 3290 1923 3344 decima
1934 3290 2057 3345 luna
2075 3290 2350 3346 Paschalis

773 3375 1136 3444 tratnpouitur
1148 3377 1340 3443 prioris
1356 3380 1480 3433 anni
1495 3387 1701 3449 quartae
1713 3379 1960 3434 decimm:
1977 3381 2052 3458 uti
2065 3381 2350 3436 detrimen-

750 3474 890 3538 gtnm
943 3469 1226 3522 commune
1261 3482 1522 3523 annorum
1579 3471 1910 3526 embolismis
1941 3472 2274 3542 suppleatur,
2295 3481 2349 3528 et

685 3552 689 3557 ⁴
773 3552 1101 3624 ﬁatzequalis
1126 3572 1386 3613 numerus
1414 3560 1620 3614 dierum
1643 3561 1696 3616 in
1724 3562 1910 3618 decem
1925 3571 1981 3618 et
1999 3577 2190 3618 novem
2205 3563 2347 3620 sola-

772 3646 946 3710 ribus,
975 3657 1031 3704 et
1062 3649 1116 3704 in
1143 3651 1330 3705 decem
1352 3661 1406 3705 et
1427 3668 1621 3707 novem
1667 3653 1947 3709 lunaribus
1982 3655 2159 3710 annis.
2205 3654 2350 3710 Inter

769 3751 1019 3810 quartam
1062 3744 1326 3808 decimam
1383 3746 1566 3816 itaque
1628 3747 1811 3802 lunam
1872 3749 2173 3810 novissimi,
2223 3750 2346 3804 anni

702 3905 708 3911 ι
769 3832 955 3888 circuli
987 3847 1127 3902 s:epe
1147 3837 1428 3897 nominati,
1456 3852 1575 3905 quae
1615 3837 1676 3892 ﬁt
1701 3835 1921 3908 quintas
1949 3840 2187 3900 decimas
2226 3838 2345 3893 Kal.

770 3920 959 3985 Maias,
994 3932 1051 3977 et
1070 3932 1322 3992 quartam
1345 3925 1608 3980 decimam
1633 3928 1792 3997 primi
1817 3929 1945 3982 anni
1976 3926 2217 3996 ejusdem
2238 3929 2349 3984 cir-

765 4013 900 4077 culi,
927 4028 1047 4082 quze
1093 4015 1153 4070 lit
1181 4015 1364 4072 Nonas
1414 4018 1647 4090 Aprilis;
1699 4035 1804 4075 non
1833 4029 1893 4074 ut
1941 4021 2153 4076 caeteris
2191 4022 2346 4076 annis

769 4107 1151 4166 communibus
1205 4109 1481 4174 undecim,
1525 4111 1618 4165 sed
1676 4111 1959 4165 duodecim
2002 4111 2347 4166 inveniuntur

769 4200 919 4262 dies;
971 4208 1241 4267 quatenus
1274 4199 1364 4253 illa
1386 4200 1520 4265 dies,
1549 4215 1668 4270 qua:
1694 4201 1747 4254 in
1792 4200 2115 4257 Novembrio
2162 4215 2346 4256 mense

771 4288 942 4342 lunari
973 4289 1119 4343 aetati
1141 4290 1389 4359 adempta
1412 4299 1516 4355 est,
1547 4290 1757 4346 hine'in
1779 4290 1962 4360 Aprile
1996 4290 2138 4346 inter
2181 4304 2342 4361 epaco

773 4385 856 4429 tas
895 4378 1223 4441 inveniatur,
1254 4388 1565 4446 epaetarum
1610 4393 1738 4434 vero
1787 4380 2050 4436 rationem
2095 4381 2343 4436 undecim

771 4465 961 4522 diebus
986 4457 1210 4544 singulis
1263 4469 1418 4524 annis
1455 4484 1787 4526 accrescere.
1848 4470 1961 4526 Hoc
2026 4487 2154 4526 vero
2200 4488 2342 4528 anno
2373 4493 2422 4554 ι)

769 4564 990 4626 propter
1017 4557 1236 4621 saltum,
1263 4559 1543 4614 duodecim
1572 4561 1687 4614 dies
1715 4561 1857 4615 inter
1901 4570 2148 4631 quartam
2195 4563 2342 4617 deei-

774 4661 916 4698 mam
949 4648 1223 4702 novissimi
1253 4649 1379 4702 anni
1407 4659 1462 4702 et
1492 4653 2018 4719 quartamdecimam
2039 4654 2199 4724 primi
2217 4656 2342 4709 anni

772 4735 1114 4802 reperiuntur
1142 4752 1156 4790 :
1188 4747 1456 4806 quatenus
1479 4741 1827 4796 embolismus
1857 4745 2016 4814 hujus
2062 4746 2188 4800 anni
2249 4747 2346 4801 tri-

769 4827 914 4907 ginta
937 4828 1130 4884 haheat
1155 4831 1271 4884 dies
1291 4833 1582 4886 secundum
1602 4835 1865 4888 rationem
1879 4837 2340 4903 emholismorum,

770 4920 956 4974 decem
984 4929 1038 4973 et
1077 4930 1199 4978 octo
1227 4925 1500 4979 novissimi
1529 4927 1653 4980 anni
1681 4911 1928 4995 epaetas;
1954 4929 2148 4996 quibus
2170 4930 2212 4984 si
2248 4931 2342 4986 ad-

769 5008 970 5064 dideris
993 5010 1262 5077 undecim,
1292 5017 1380 5083 qui
1411 5018 1633 5088 singulis
1670 5022 1826 5076 anuis
1854 5036 2003 5075 more
2046 5021 2203 5076 solito
2245 5039 2337 5079 ae-

771 5110 1041 5166 crescunt,
1064 5111 1119 5156 et
1147 5118 1311 5158 unum
1337 5106 1504 5162 saltus
1531 5110 1690 5173 diem,
1745 5110 1879 5166 ﬁunt
1927 5113 2162 5184 triginta.
2214 5115 2340 5186 ideo

770 5189 946 5258 primo
971 5205 1111 5246 anno
1131 5193 1316 5249 circuli
1346 5210 1485 5266 saepe
1536 5199 1792 5253 nominati
1813 5200 1971 5256 nullae
2028 5202 2340 5260 scribuntur

770 5286 991 5346 epaetze,
1024 5289 1079 5334 et
1102 5296 1132 5335 a
1159 5285 1340 5352 pueris
1361 5285 1428 5339 de
1455 5286 1614 5342 nullis
1641 5288 1692 5342 in
1715 5290 1962 5345 undecim
1998 5291 2334 5347 decantatur.

774 5370 880 5428 Sed
903 5366 958 5428 et
980 5374 1025 5430 si
1057 5389 1086 5427 a
1117 5377 1319 5444 quintis
1357 5377 1580 5432 decimis
1639 5379 1892 5437 Kalendis
1954 5381 2108 5436 Maiis
2178 5384 2342 5439 totius

773 5466 976 5522 lunaris
1005 5467 1130 5522 anni
1152 5468 1267 5522 dies
1287 5478 1671 5540 computantur
1693 5488 1862 5542 usque
1885 5475 1937 5528 in
1969 5473 2148 5530 Nonas
2187 5473 2344 5543 Apri-

772 5552 859 5618 lis,
884 5569 992 5610 non
1011 5561 1072 5610 ut
1097 5556 1305 5611 caeteris
1329 5561 1486 5614 annis
1512 5561 1795 5616 trieenteni
1823 5563 2186 5633 quinquageni
2210 5579 2345 5633 qua-

772 5643 927 5703 terni,
960 5646 1052 5700 sed
1075 5646 1360 5702 tricenteni
1386 5649 1752 5722 quinquageni
1775 5652 2044 5709 ternldies
2059 5656 2341 5724 reperiun-

772 5737 881 5785 tur.
917 5735 1026 5788 Nisi
1061 5737 1194 5813 forte
1221 5739 1509 5796 hissextllis
1539 5741 1814 5798 immineat
1841 5756 2032 5811 annus,
2065 5747 2154 5815 qui
2180 5762 2339 5802 unum

2447 1932 2683 2000 quinque
2714 1931 2964 1996 horze;et
2987 1932 3084 1986 has
3123 1933 3359 2001 quinque
3395 1933 3558 1988 horas
3605 1933 3649 1987 si
3696 1933 4011 2002 adiunxeris

2448 2021 2634 2075 decem
2657 2031 2710 2075 et
2740 2037 2929 2076 novem
2956 2022 3124 2086 horis,
3178 2021 3313 2076 ﬁunt
3339 2023 3528 2094 viginti
3573 2033 3802 2094 quatuor
3841 2027 4006 2091 bone,

2447 2128 2586 2167 unus
2612 2113 2726 2168 dies
2755 2112 2963 2182 integer
2999 2114 3051 2168 in
3093 2114 3276 2168 decem
3324 2123 3378 2168 et
3423 2129 3612 2169 novem
3664 2115 3818 2169 annis
3857 2114 4009 2184 juxta

2449 2202 2652 2255 zodiaci
2671 2202 2784 2271 jam
2811 2199 2928 2274 [F.,
2966 2201 3317 2274 zozliacieam]
3347 2202 3476 2258 solis
3505 2211 3560 2257 et
3589 2204 3727 2258 lunae
3773 2205 4011 2275 regulam

2447 2291 2635 2361 plenus
2657 2300 2712 2345 et
2732 2291 3016 2360 perfectus.
3046 2292 3113 2347 Et
3143 2301 3202 2346 ut
3221 2293 3426 2348 certius
3448 2293 3669 2365 intelligi
3691 2294 3860 2364 possit
3895 2311 4010 2363 qua:

2448 2381 2518 2436 sit
2539 2397 2699 2436 causa
2728 2381 2898 2438 saltus
2924 2383 3131 2439 lunaris
3165 2402 3178 2436 :
3215 2383 3356 2440 hunc
3404 2398 3534 2440 vero
3577 2384 3734 2441 cilior
3767 2386 4009 2455 quaedam

2447 2482 2503 2529 et
2527 2469 2927 2530 velocior'hora
2956 2490 3066 2531 sua:
3113 2462 3440 2531 incensionis
3474 2484 3720 2547 generat,
3771 2477 3911 2531 sicut
3962 2485 4013 2531 et

2447 2568 2693 2622 undecim
2738 2567 2853 2621 dies
2891 2575 3200 2636 epaetarnm
3229 2567 3423 2621 annuis
3470 2567 3797 2636 temporibus
3842 2566 4013 2622 solent

2445 2656 2643 2714 facere.
2674 2657 2835 2712 Verbi
2876 2658 3064 2729 gratia,
3099 2657 3144 2712 si
3171 2657 3328 2712 modo
3354 2655 3514 2726 hujus
3545 2655 3684 2710 lunae
3727 2654 4011 2710 No~emhn

2446 2747 2646 2803 mensis
2667 2746 2906 2802 incensio
2925 2755 3075 2802 sexta
3099 2739 3231 2802 hora
3255 2745 3357 2802 diei
3385 2744 3524 2800 facta
3555 2752 3653 2807 est,
3672 2744 4013 2814 eritseqnen-

2449 2837 2488 2894 ti
2515 2851 2658 2891 anno
2681 2835 2919 2904 ejusdem
2947 2836 3085 2891 Iunze
3116 2835 3278 2889 unius
3308 2835 3452 2888 hora:
3475 2841 3530 2888 et
3546 2833 3704 2889 unius
3732 2835 3938 2904 puncti,
3962 2844 4014 2891 et

2446 2940 2584 2980 nona
2611 2925 2815 2980 decima
2837 2933 2990 2994 parte
3019 2925 3178 2979 unius
3197 2924 3378 2995 puncti
3407 2924 3646 2980 incensio
3672 2932 3795 2978 ante
3824 2925 4009 2979 horam

2445 3026 2653 3072 sextam
2680 3033 2694 3071 :
2718 3017 2792 3072 ita
2818 3025 2878 3071 ut
2904 3025 3012 3073 tota
3045 3024 3198 3074 sexta
3221 3017 3352 3072 hora
3375 3025 3431 3072 et
3449 3031 3588 3072 unus
3611 3026 3842 3087 punctus
3863 3017 4013 3085 quin~

2451 3116 2515 3161 ta:
2536 3107 2682 3162 horae
2708 3115 2761 3161 et
2787 3121 2927 3161 nona
2955 3106 3160 3162 decima
3189 3120 3316 3176 pars
3357 3106 3516 3160 unius
3553 3104 3736 3175 puncti
3759 3102 4014 3173 ejusdem

2448 3197 2596 3252 horae
2619 3197 2961 3266 anticipetur.
2991 3195 3061 3250 Et
3083 3196 3163 3252 sic
3186 3209 3518 3251 se-creseere
3539 3195 3673 3250 solet
3697 3208 3794 3264 per
3821 3195 4008 3266 singu-

2447 3285 2529 3341 los
2551 3300 2722 3341 annos
2742 3300 2911 3355 usque
2945 3287 2999 3340 in
3021 3286 3163 3341 diem
3198 3285 3486 3356 integrum,
3511 3284 3603 3354 qui
3650 3281 3711 3337 iit
3759 3283 4012 3340 horarum

2450 3375 2635 3448 viginti
2653 3385 2902 3445 quatuor.

2520 3465 2645 3521 H'ce
2663 3474 2851 3521 vestrm
2874 3465 3339 3522 excellentissime
3365 3464 3520 3538 (Cod.
3563 3464 3704 3530 ναι..
3741 3464 4010 3520 extollen-

2449 3556 2693 3627 tissimm]
2747 3557 3046 3626 sapientiae,
3098 3558 3170 3614 mi
3222 3557 3531 3614 dulcissime
3571 3556 3738 3612 David
3771 3598 3787 3624 ,
3820 3558 3873 3614 in
3905 3571 4015 3612 mc-

2448 3649 2674 3703 moriam
2699 3662 2953 3703 revocare
2981 3649 3166 3704 curavi
3189 3688 3204 3716 ,
3259 3663 3366 3704 non
3419 3649 3595 3726 ignota
3626 3650 3894 3726 ingerens,
3925 3648 4014 3706 sed

2447 3747 2572 3793 nota
2595 3747 2841 3809 repetens
2852 3747 3072 3810 propter
3087 3740 3532 3810 opportunitatem
3554 3725 3836 3809 prudntia
3855 3739 4012 3802 lanae,

2448 3829 2502 3882 in
2527 3844 2631 3898 qua
2662 3831 2797 3884 ratio
2815 3829 3004 3893 saltus,
3027 3837 3087 3882 ut
3105 3829 3332 3892 videtur,
3351 3828 3586 3883 maxime
3623 3828 4012 3884 consideranda

2447 3928 2548 3975 est.
2580 3919 2732 3976 Licet
2760 3935 2864 3977 non
2892 3922 3198 3990 ignoremus
3223 3921 3378 3978 aliter
3415 3921 3548 3978 alios
3571 3923 3771 3978 saltum
3796 3938 4009 3993 compn-

2449 4019 2582 4073 tare,
2607 4018 2663 4065 et
2684 4010 2923 4067 inserere
2941 4009 3078 4067 velle
3102 4027 3117 4077 ;
3148 4020 3323 4067 tamen
3351 4021 3568 4082 propter
3593 4013 3856 4068 rationem
3881 4011 4003 4068 Pas-

2445 4099 2615 4156 chalis
2638 4099 2796 4165 lunae,
2837 4112 2959 4170 qum
2985 4099 3309 4155 omnimodis
3336 4100 3654 4157 inviolabilis
3678 4104 3742 4159 et‘
3761 4102 4006 4157 immuta~

2445 4190 2570 4245 bilis
2613 4205 2933 4260 permanere
2959 4191 3138 4254 debet.
3189 4193 3482 4248 secundum
3533 4194 3756 4264 antiqua
3805 4204 4009 4250 saneto.

2447 4294 2564 4334 rum
2595 4279 2813 4335 Patrum
2831 4281 3094 4346 instituta,
3121 4292 3176 4337 et
3201 4283 3373 4337 totius
3389 4282 3870 4340 sanetae‘Ecclesim
3891 4299 4009 4340 eon-

2447 4372 2807 4434 suetudinem,
2837 4373 2926 4428 hie
2949 4372 3180 4427 maxime
3204 4370 3524 4428 Novembrio
3547 4388 3726 4430 mense
3751 4376 4008 4431 notandus

2446 4476 2566 4516 esse
2617 4461 2845 4515 videtur.
2892 4459 3004 4531 Ego
3051 4475 3180 4516 vero
3219 4462 3418 4518 veteris
3470 4462 3753 4519 immemor
3799 4479 4008 4534 prover-

2447 4550 2519 4604 bii
2553 4549 2705 4604 :Non
2745 4549 2888 4606 feres
2935 4550 3075 4622 ligna
3100 4552 3154 4606 in
3189 4552 3414 4624 sylvam,
3442 4554 3542 4608 has
3567 4553 3667 4607 sub
3713 4553 4006 4610 munusculi

2447 4641 2662 4695 nomine
2688 4639 2956 4696 litterulas
2981 4641 3035 4695 in
3068 4649 3276 4696 vestras
3323 4641 3596 4696 transmisi
3622 4641 3839 4699 divitias
3863 4662 3873 4695 :
3898 4658 4002 4697 me-

2449 4746 2628 4786 mores
2648 4747 2744 4787 vos
2769 4746 2890 4786 esse
2930 4733 3107 4786 sciens
3146 4731 3376 4787 laudata:
3415 4731 3604 4798 vidum,
3657 4749 3776 4804 qua:
3825 4726 4005 4791 curato

2452 4821 2605 4894 [Cod.
2648 4820 2790 4887 Van,
2827 4821 3040 4894 aurato]
3072 4823 3270 4892 templo
3308 4824 3412 4879 duo
3447 4825 3650 4880 addidit
3679 4828 3883 4881 minuta
3916 4844 3929 4893 ;
3958 4835 4006 4882 et

2451 4915 2664 4969 illorum
2701 4915 2790 4985 qui
2835 4915 2974 4986 pilos
2997 4930 3278 4984 caprarum
3326 4917 3378 4971 in
3409 4917 3735 4973 tabernaculi
3764 4917 4004 4974 decorem

2448 5007 2738 5064 attulerant
2766 5006 2961 5078 (Exod.
2991 5022 3116 5072 xxv,
3139 5008 3174 5062 4
3199 5012 3350 5078 ιαμ).
3371 5008 3438 5063 Et
3457 5008 3581 5063 dum
3609 5008 3859 5064 omnibus
3886 5011 4004 5065 estis

2447 5102 2681 5173 benigni,
2712 5101 2951 5156 omnium
2983 5101 3036 5156 in
3069 5116 3164 5157 vos
3206 5101 3440 5156 favorem
3471 5101 3754 5165 revocatis,
3793 5111 3848 5158 et
3877 5118 4002 5159 cun-

2447 5193 2549 5246 ctis
2574 5191 2790 5260 copiose
2817 5199 2994 5245 vestra
3019 5191 3356 5248 lienefaeiens
3381 5191 3553 5264 pietas
3578 5201 3891 5250 cunctorum
3913 5210 3998 5249 νο·
4022 5239 4030 5246 .

2446 5283 2531 5338 bis
2578 5281 2792 5336 divitias
2831 5281 3054 5336 attrahit
3093 5321 3108 5346 ,
3157 5282 3296 5336 sicut
3329 5280 3618 5350 Apostolus
3656 5284 3770 5339 ait:
3795 5282 3899 5349 Qui
3923 5300 3999 5338 u—

2445 5371 2608 5424 nrth
2650 5371 2705 5423 in
2735 5370 3107 5436 benedictione,
3147 5369 3212 5423 de
3261 5369 3609 5429 benedictione
3649 5380 3803 5430 metu
3850 5374 3994 5426 vitam

2448 5473 2693 5519 afternam
2725 5460 2809 5532 (ιι
2833 5460 2953 5517 Cor.
2980 5477 3053 5523 ις,
3089 5459 3165 5531 6).
