4232 6470
114 595 215 651 261

1523 587 1899 643 ΕΙ’15’ῐυι..·1·ῖ.

3250 579 3351 632 262

108 709 394 765 suetudine
435 708 670 759 Romana
727 703 1202 773 Septuagesintam,
1258 702 1676 769 St‘xagitsitnam,
1709 710 1753 764 Α
1783 698 2146 767 pwnitt'utiam
2175 697 2242 748 ad
2282 696 2648 749 remissionem
2681 707 3019 762 pct't'utut‘tttn
3046 702 3349 750 nostrorum

109 811 167 854 et
190 797 718 868 Quinquagcsimam]
741 811 1045 864 nuncupare
1071 795 1392 850 Dominicos.
1422 794 1531 848 lloc
1555 795 1678 861 quia

106 905 139 943 a
174 889 370 943 talibus
403 904 507 942 non
540 887 716 940 audivi
762 887 1053 955 magistris,
1101 901 1325 955 quorum
1379 885 1680 938 auctoritati

108 998 201 1035 me
244 980 456 1034 tradere
503 978 787 1038 auderem,
841 976 1060 1029 omnino
1107 976 1424 1030 conlirmare
1472 990 1575 1026 non
1605 973 1682 1026 fui

105 1085 294 1123 ausus.
325 1067 661 1136 Quapropter
688 1067 862 1119 adhuc
907 1073 1071 1118 restat
1111 1064 1309 1133 aliquid
1338 1063 1680 1132 qum-rendam

103 1159 253 1225 quod
282 1157 506 1225 tempori
533 1157 814 1209 conveniat
846 1162 896 1209 et
945 1155 1138 1221 rationi
1167 1155 1472 1215 concordet,
1502 1163 1554 1206 et
1583 1169 1681 1205 nu-

102 1264 262 1302 mero
288 1263 391 1301 non
419 1248 748 1301 adversetur.
779 1246 1000 1300 Videtur
1027 1246 1168 1299 enim
1197 1246 1324 1298 mihi
1355 1244 1683 1313 septuagesi-

103 1354 231 1392 mus
251 1338 365 1392 dies
381 1337 488 1391 dici
516 1352 671 1406 posse
698 1345 919 1407 propter
946 1337 1129 1388 decem
1155 1337 1533 1397 hebdomadas,
1564 1347 1682 1400 qua:

101 1436 236 1481 sunt
261 1429 329 1480 ab
359 1427 474 1495 ipso
501 1427 587 1481 die
623 1441 792 1494 usque
819 1426 886 1479 ad
912 1427 1151 1480 clausum
1173 1425 1391 1479 Pascha;
1418 1425 1549 1496 [ΑΜ
1583 1425 1683 1478 Pa-

100 1513 284 1586 sella],
317 1530 423 1583 quo
470 1515 558 1568 die
597 1515 717 1568 alba
768 1514 1026 1568 tolluntur
1071 1513 1386 1567 vestimenta
1436 1529 1467 1566 a
1514 1529 1684 1581 nuper

100 1607 415 1676 baptizatis.
453 1607 618 1678 Igitur
646 1615 700 1660 et
746 1607 798 1661 in
831 1606 1084 1675 Apostolo
1112 1607 1336 1676 legimus
1377 1623 1389 1658 :
1434 1605 1683 1675 Regnavit

101 1713 252 1750 mors
281 1697 345 1749 ab
371 1697 541 1749 Adam
586 1713 744 1765 usque
793 1697 862 1747 ad
903 1694 1116 1764 Moysen
1158 1693 1342 1763 (Rom.
1374 1710 1421 1755 v,
1459 1694 1582 1764 M);
1629 1703 1682 1746 et

99 1788 397 1858 signiﬁcat,
438 1802 607 1855 usque
635 1787 700 1840 ad
734 1786 920 1838 ultima
964 1794 1202 1853 tempora
1252 1784 1402 1854 legis,
1430 1798 1548 1851 qua:
1589 1798 1684 1852 per

99 1878 328 1948 Moysen
353 1879 476 1933 data
501 1887 603 1941 est,
647 1887 700 1931 et
724 1877 1028 1931 decucurrit
1062 1877 1116 1929 in
1155 1874 1351 1930 Christi
1383 1875 1472 1928 Dei
1513 1874 1682 1927 nostri

99 1978 370 2049 tempora.
406 1967 576 2022 Porro
605 1967 971 2034 sexagesimus
1018 1964 1140 2018 inde
1178 1964 1280 2018 dici
1327 1972 1519 2031 potest,
1559 1962 1683 2030 quia

1785 790 1938 842 nobis
1960 786 2314 840 festinandum
2339 795 2438 839 est.

1853 896 1958 950 Sed
1992 904 2045 947 et
2075 894 2271 962 aliquid
2309 893 2551 947 mirabile
2598 894 2650 946 in
2687 895 2788 947 hac
2829 894 3252 948 consideratione
3297 905 3354 948 et

1783 981 2150 1034 convenientia
2172 980 2367 1032 senarii
2394 981 2599 1032 numeri
2630 981 2855 1033 inveniri
2878 989 3080 1049 potest;
3132 990 3186 1033 et
3211 998 3353 1050 quo—

1783 1072 2067 1125 dammodo
2093 1071 2412 1140 principium
2459 1069 2616 1138 hujus
2663 1072 3078 1139 computationis
3125 1071 3351 1125 mirabili

1785 1165 1886 1218 ﬁne
1913 1163 2204 1217 concordat
2235 1162 2284 1214 in
2330 1163 2529 1230 regulis
2579 1178 2943 1215 numerorum.
3003 1163 3170 1231 Igitur
3215 1164 3354 1217 inter

1783 1253 2230 1322 septuagesimum
2254 1258 2308 1303 et
2333 1253 2724 1320 sexagesimum
2745 1268 2832 1304 sex
2853 1255 3191 1320 reperiuntur
3205 1255 3318 1308 dies
3339 1274 3348 1304 :

1783 1344 2029 1397 similiter
2076 1344 2215 1396 inter
2265 1345 2656 1413 sexagesimum
2710 1353 2763 1396 et
2813 1346 3350 1412 quinquagesimum;

1782 1434 1942 1486 ctiam
1975 1433 2114 1486 inter
2146 1433 2646 1500 quinquagesimum
2675 1443 2725 1483 et
2753 1434 3220 1500 quadragesimum
3265 1449 3351 1488 sc-

1782 1526 1965 1578 narius
1993 1526 2260 1578 invenitur
2289 1537 2561 1585 numerus,
2583 1533 2636 1575 et
2666 1523 2800 1576 ﬁunt
2827 1533 2908 1576 ter
2934 1539 3043 1584 sex,
3075 1533 3128 1576 et
3154 1523 3358 1578 faciunt

1782 1615 1965 1668 decem
1993 1624 2047 1669 et
2070 1623 2191 1668 octo
2213 1614 2340 1685 (AL.
2371 1615 2484 1668 dies
2505 1614 2846 1685 octodecim].
2877 1615 2976 1679 Qui
3010 1631 3284 1680 numerus,
3311 1618 3354 1669 si

1785 1705 2170 1760 rationabiliter
2197 1706 2585 1768 consideratur,
2603 1715 2651 1759 ct
2679 1707 2937 1760 dividitur
2965 1707 3015 1760 in
3040 1717 3148 1761 tres
3175 1717 3356 1777 partes

1782 1795 2207 1865 :equales,erunt
2232 1803 2314 1848 ter
2333 1810 2456 1858 sex;
2485 1803 2539 1848 et
2563 1805 2643 1848 est
2669 1796 2804 1848 ratio
2833 1796 3006 1865 simpli
3031 1797 3097 1850 ad
3113 1797 3352 1866 duplum,

1783 1895 1835 1942 ct
1862 1887 2126 1958 signiﬁcat
2156 1886 2401 1954 simpla’m
2439 1893 2666 1938 mortem
2695 1885 2787 1938 Dei
2811 1885 3012 1940 Christi
3049 1887 3115 1939 ad
3142 1886 3355 1954 duplam

1785 1988 2042 2032 nostram.
2069 1977 2204 2043 Quia
2235 1993 2331 2030 nos
2358 1976 2566 2030 duabus
2595 1977 2856 2029 mortibus
2884 1975 3081 2030 fuimus
3117 1977 3354 2036 obnoxii.

96 2059 386 2128 sexaginta
414 2065 540 2111 sunt
561 2058 677 2110 dies
702 2071 870 2125 usque
908 2055 978 2108 ad
1012 2053 1247 2108 medium
1276 2052 1513 2114 Paschae,
1542 2051 1685 2119 quod

1812 2068 1840 2121 d
1875 2075 1976 2131 est,
2002 2068 2190 2120 anima:
2215 2073 2269 2119 et
2287 2066 2468 2118 carnis
2496 2063 2623 2135 [Al.,
2650 2064 2933 2136 corporis].
2963 2065 3052 2118 llle
3083 2079 3206 2118 vero
3229 2066 3358 2118 sim-

94 2147 213 2206 crit
252 2135 388 2201 feria
433 2157 626 2216 quarta
683 2145 949 2215 pascbalis
1004 2142 1370 2198 hebdomadis.
1418 2142 1691 2208 Quinqua-

96 2240 344 2310 msimus
379 2254 540 2301 vero,
582 2238 674 2307 qui
716 2237 955 2294 decurrit
998 2251 1166 2306 usque
1192 2236 1244 2288 in
1280 2235 1422 2289 diem
1446 2241 1688 2288 sanctum

98 2330 520 2385 resurrectionis
556 2328 865 2384 Dominicm.
899 2327 1363 2396 Quadragenarius
1389 2327 1549 2380 etiam
1588 2337 1688 2378 nu-

98 2435 294 2477 merus
314 2435 436 2474 cum
460 2421 569 2490 87
590 2420 866 2473 Dominica
890 2435 986 2472 sua
1003 2419 1174 2472 currit
1198 2417 1262 2470 ad
1281 2417 1563 2487 mysticum
1592 2415 1687 2468 Pa-

96 2510 627 2590 schaﬁebneorum,
649 2508 787 2578 quod
802 2510 1054 2564 Dominus
1074 2517 1256 2562 noster
1272 2506 1426 2561 Jesus
1445 2506 1691 2561 Christus

97 2620 231 2658 cum
255 2604 537 2673 discipulis
561 2604 673 2657 suis
692 2602 1005 2664 celebravit,
1027 2611 1081 2655 et
1105 2617 1201 2654 nos
1222 2598 1447 2654 dicimus
1467 2597 1687 2652 Canam

100 2695 347 2750 Domini.

175 2803 292 2858 Nec
317 2802 495 2874 typica
524 2803 896 2872 interpretatio
923 2785 1011 2858 bis
1039 2802 1347 2857 discordare
1369 2801 1582 2855 videtur
1603 2814 1690 2853 ra-

101 2895 366 2952 tionibus.
408 2894 540 2949 Nam
563 2895 905 2965 septenarius
932 2892 1158 2962 Spiritui
1184 2900 1373 2946 sancto
1399 2890 1690 2945 convenire

101 2986 294 3039 multis
318 2985 373 3039 in
392 2984 526 3038 locis
544 2999 712 3038 sacrae
731 2981 1024 3052 Scriptura:
1047 2982 1306 3035 noscitur.
1327 2979 1477 3034 Unde
1499 2990 1548 3032 et
1572 2988 1692 3049 post

103 3082 320 3143 septem
343 3072 707 3127 hebdomadas
734 3071 968 3143 Spiritus
997 3078 1217 3125 sanctus
1257 3070 1453 3123 missus
1497 3077 1580 3121 est
1623 3067 1690 3122 de

103 3168 247 3222 ctelo
274 3166 330 3219 in
355 3165 526 3236 igneis
543 3164 744 3235 linguis
782 3179 944 3233 super
979 3158 1200 3218 centum
1248 3163 1438 3233 viginti
1475 3162 1689 3216 nomina

103 3255 450 3311 credentium
491 3254 628 3323 (Act.
651 3270 710 3319 ιι,
743 3253 834 3323 3);
883 3262 935 3307 et
969 3263 1174 3323 septem
1205 3254 1343 3307 dona
1372 3255 1541 3308 sancti
1563 3236 1690 3323 Spi-

106 3348 248 3400 ritus
273 3346 503 3415 legimus
529 3345 581 3398 in
608 3346 865 3414 propheta
887 3343 1021 3413 (lsa.
1047 3361 1122 3408 xi,
1152 3343 1203 3407 2,
1232 3345 1308 3412 5).
1334 3342 1401 3397 Et
1428 3352 1552 3396 tunc
1583 3359 1691 3396 ma-

105 3439 276 3495 xime.
314 3437 440 3489 dum
468 3435 586 3489 alba
625 3435 886 3489 tolluntur
931 3449 961 3488 a
1013 3435 1301 3504 baptizatis
1350 3435 1688 3496 vestimenta,

105 3545 209 3600 per
234 3544 434 3583 manus
461 3528 854 3596 impositionem
887 3541 921 3578 a
959 3525 1220 3604 [pontiﬁce
1267 3525 1524 3594 Spiritum
1571 3541 1691 3578 san-

106 3631 260 3676 ctum
299 3621 545 3686 accipere
569 3617 895 3672 conveniens
924 3611 1026 3684 est,
1053 3617 1145 3685 qui
1174 3618 1227 3670 in
1271 3617 1537 3685 baptismo
1577 3633 1694 3671 om-

109 3712 264 3763 nium
300 3714 620 3776 receperunt
655 3706 1021 3758 remissionem
1062 3716 1442 3774 peccatorum;
1496 3716 1551 3760 et
1599 3723 1696 3776 per

110 3810 326 3870 septem
381 3799 496 3851 dies
540 3797 593 3850 in
634 3783 1038 3867 angelico’[Al.,
1065 3794 1396 3866 evangelico]
1431 3796 1694 3849 castitatis

111 3890 303 3943 habitu
340 3896 396 3940 et
426 3886 716 3954 luminibus
748 3885 984 3939 cmlestis
1024 3885 1284 3939 claritatis
1331 3885 1528 3939 sanctis
1563 3886 1697 3938 assi~

109 3989 264 4035 utere
311 3975 590 4032 sacriﬁciis
625 3977 821 4030 solent.
869 3975 936 4029 Et
974 3976 1218 4030 senarius
1247 3991 1496 4029 numerus
1521 3973 1698 4044 perfe-

110 4071 281 4124 etioni
318 4069 442 4122 vita:
464 4078 664 4122 nostrae
683 4053 990 4131 concordat,
1018 4069 1152 4137 quia.
1171 4068 1224 4121 in
1253 4083 1347 4122 sex
1375 4069 1562 4122 diebus
1585 4083 1698 4121 om-

112 4161 204 4212 nia
234 4173 404 4228 opera
426 4157 660 4225 perfecta
684 4157 811 4228 fecit
835 4156 1062 4209 Creator
1086 4157 1424 4226 omnipotens
1469 4157 1620 4227 (Gen.
1653 4175 1694 4222 ι,

112 4251 208 4312 3i,
235 4263 296 4305 tt.
331 4239 406 4315 1).
439 4241 506 4299 Et
531 4246 643 4313 ipse
658 4244 910 4299 senarius
940 4258 1212 4305 numerus,
1242 4245 1381 4298 sicut
1404 4254 1579 4298 vestra
1603 4247 1698 4297 do—

113 4338 365 4394 ctissima
401 4335 567 4389 novit!
586 4322 870 4404 sagacitas,
893 4333 1139 4402 partibus
1163 4334 1273 4386 suis
1296 4333 1569 4402 perfectus
1593 4343 1695 4386 est.

116 4435 186 4488 Et
208 4430 494 4502 quinarius
526 4442 782 4491 numerus
805 4441 901 4496 per
927 4425 1150 4480 dccades
1175 4425 1386 4489 ductus,
1411 4427 1478 4480 ad
1521 4441 1700 4480 resur-

118 4523 418 4578 rectionem
444 4517 656 4572 Domini
678 4516 847 4569 nostri
866 4513 991 4569 Jesu
1013 4515 1211 4570 Christi
1228 4531 1402 4574 concu
1412 4516 1526 4580 rrit,
1543 4517 1704 4586 signi-

121 4615 296 4666 ﬁcans
321 4607 476 4661 nobis
504 4605 877 4659 remissionem
906 4604 1144 4656 omnium
1181 4613 1524 4672 peccatorum
1562 4620 1700 4668 esse,

1787 2157 1872 2225 pla
1902 2165 2073 2210 morte
2095 2171 2191 2209 sua
2215 2163 2270 2208 et
2300 2155 2535 2215 innoxia,
2560 2154 2774 2222 duplam
2802 2155 3067 2207 destruxit
3091 2163 3355 2218 nostram,

1787 2256 1842 2301 et
1865 2247 2056 2316 simpla
2080 2245 2471 2299 resurrectione
2510 2259 2603 2296 sua
2661 2243 2875 2312 duplam
2923 2244 3156 2297 ostendit
3204 2245 3359 2297 nobis

1790 2328 1921 2408 (AL,
1949 2333 2230 2405 nostram],
2259 2343 2312 2386 et
2339 2334 2685 2403 perdonavit;
2721 2350 2881 2388 unam
2909 2332 3126 2388 nuncin
3155 2335 3356 2398 anima,

1787 2427 2012 2480 alteram
2041 2426 2094 2480 in
2116 2425 2202 2480 die
2233 2437 2425 2494 magno
2455 2424 2718 2477 adventus
2753 2424 2834 2477 sui
2858 2426 2912 2478 in
2933 2439 3179 2492 corpore,
3202 2432 3262 2477 ut
3289 2427 3360 2477 sit

1788 2527 1916 2571 tunc
1945 2533 2082 2571 unus
2137 2516 2295 2569 homo
2339 2515 2606 2586 gloriosus
2665 2529 2890 2584 corpore
2942 2523 2995 2568 et
3039 2513 3359 2584 anima,qui

1788 2606 1936 2674 prius
1967 2619 2105 2658 unus
2149 2603 2248 2658 fuit
2298 2604 2542 2657 mortalis
2581 2605 2757 2657 anima
2797 2613 2850 2658 et
2878 2619 3137 2673 corpore;
3178 2606 3360 2656 anima

1783 2701 2027 2762 peccato,
2051 2707 2272 2761 corpore
2294 2693 2656 2760 corruptione.

1859 2804 2148 2867 Similiter,
2182 2811 2238 2857 et
2265 2803 2309 2856 si
2362 2802 2482 2856 ﬁnis
2527 2801 2899 2856 consideratur
2939 2791 3310 2861 calculationis
3335 2843 3353 2866 ,
3434 2867 3437 2870 η

1788 2904 2168 2965 οοηνεειιρηιει·
2197 2894 2322 2949 huic
2367 2893 2558 2947 rationi
2599 2893 2809 2947 videtur
2845 2894 3194 2948 concordare.
3225 2893 3363 2948 Nam

1789 2985 1932 3039 inter
1956 2985 2198 3054 quintam
2230 2982 2419 3036 feriam
2448 2997 2615 3037 eorum
2653 2981 2964 3046 Dominicaa,
2993 2983 3046 3036 in
3085 2998 3190 3052 qua
3227 2999 3364 3052 qua-

1789 3075 2139 3145 dragenarius
2164 3089 2421 3128 numerus
2442 3074 2707 3138 decurrit,
2736 3089 2905 3143 usque
2924 3074 2990 3128 ad
3011 3078 3365 3130 resurrectio-

1790 3181 1911 3220 nem
1936 3165 2167 3230 Domini,
2192 3166 2245 3219 id
2272 3172 2376 3229 est,
2409 3165 2740 3220 Dominicam
2766 3165 2906 3219 diem
2925 3206 2939 3232 ,
2965 3181 3072 3235 quo
3099 3167 3363 3234 quinqua-

1789 3258 2040 3329 genarius
2065 3270 2320 3311 numerus
2353 3256 2617 3325 pervenit,
2647 3256 2752 3309 duo
2802 3264 2925 3310 sunt
2967 3256 3100 3309 dies.
3153 3255 3284 3310 ltcm
3335 3272 3366 3311 a

1794 3348 2068 3401 Dominica
2115 3345 2528 3400 resurrectionis
2554 3344 2762 3398 Domini
2795 3343 2926 3415 (AL,
2949 3343 3079 3416 die],
3104 3359 3272 3413 usque
3298 3345 3363 3397 ad

1794 3443 2040 3504 quartam
2069 3434 2276 3497 feriam,
2299 3449 2406 3502 quo
2432 3435 2796 3505 sexagesimus
2820 3450 3075 3488 numerus
3099 3435 3363 3505 pervenit,

1794 3527 1899 3580 duo
1926 3533 2051 3578 sunt
2072 3525 2206 3578 dies.
2243 3523 2373 3578 Item
2401 3539 2431 3575 a
2455 3533 2644 3592 quarta
2674 3522 2808 3578 feria
2855 3540 3022 3592 usque
3060 3525 3126 3578 ad
3175 3525 3369 3579 sabba-

1795 3623 1931 3679 tum,
1964 3613 2053 3668 ubi
2081 3613 2504 3683 septuagesimus
2529 3627 2785 3666 numerus
2830 3613 3075 3680 impletus
3125 3621 3226 3677 cst,
3261 3615 3368 3669 duo

1795 3712 1920 3759 sunt
1940 3704 2074 3758 dies.
2106 3701 2170 3755 Hi
2207 3717 2336 3754 vero
2369 3701 2481 3754 dies
2519 3700 2564 3753 si
2605 3699 2920 3768 junguntur,
2951 3701 3056 3754 duo
3082 3711 3135 3754 et
3165 3701 3270 3756 duo
3314 3712 3369 3756 ct

1796 3797 1920 3859 duo,
1954 3793 2152 3846 faciunt
2179 3807 2292 3844 sex.
2322 3792 2387 3844 Et
2413 3793 2515 3846 iste
2543 3792 2788 3844 senarius
2812 3791 2854 3844 si
2884 3791 3139 3844 dividitur
3161 3792 3214 3846 in
3261 3780 3366 3846 duo

1795 3893 1849 3937 et
1870 3890 2118 3952 quatuor,
2147 3879 2332 3933 eadem
2362 3877 2535 3946 simpli
2581 3886 2635 3930 ct
2681 3878 2826 3946 dupli
2867 3877 3004 3930 ratio
3063 3878 3367 3932 invenietur

1797 3972 1849 4026 in
1879 3987 1963 4026 eo.
1999 3971 2075 4025 Ita
2111 3971 2225 4022 hth
2257 3967 2541 4044 concordia
2571 3966 2800 4036 pertinet
2823 3967 2885 4018 ad
2919 3967 3366 4020 resurrectionem

1798 4064 2008 4118 Domini
2037 4063 2206 4116 nostri
2234 4059 2361 4116 Jesu
2383 4059 2580 4114 Christi
2611 4075 2622 4109 :
2660 4057 2747 4110 illa
2774 4058 2924 4126 prior
2949 4058 3364 4126 ad'passionem,

1799 4155 1853 4208 in
1884 4169 1988 4222 qua
2034 4151 2292 4220 redempti
2336 4166 2540 4213 sumus,
2565 4158 2619 4200 et
2665 4148 2716 4200 in
2766 4148 2866 4201 ista
2904 4147 3204 4214 iustiﬁcati,
3233 4151 3374 4203 sicut

1798 4245 1990 4297 beatus
2011 4241 2296 4309 Apostolus
2316 4240 2392 4290 ait
2425 4255 2441 4289 ς
2469 4237 2704 4290 Christus
2740 4253 2925 4305 passus
2948 4246 3020 4288 est
3045 4247 3252 4304 propter
3286 4255 3369 4290 rc—

1799 4333 2143 4400 demptioném
2175 4340 2425 4391 nostram,
2454 4327 2734 4380 resurrexit
2764 4335 2936 4379 autent
2970 4338 3176 4396 propter
3208 4329 3371 4397 justi-

1800 4421 2096 4488 ﬁcstionem
2119 4429 2346 4472 nostram
2363 4417 2537 4489 (Rom.
2562 4432 2636 4480 iv,
2653 4415 2763 4486 25).
2783 4414 3013 4469 Potestis
3040 4432 3102 4470 ex
3127 4417 3229 4472 hac
3250 4433 3373 4488 spe-

1802 4511 2068 4566 culatione
2090 4511 2283 4564 vestris
2311 4510 2682 4562 demonstrare
2705 4502 3079 4572 familiaribus,
3101 4523 3260 4576 quam
3277 4507 3370 4576 ju-

1805 4604 1977 4656 cunda
2007 4612 2089 4656 est
2117 4611 2170 4656 et
2199 4601 2343 4654 utilis
2368 4599 2721 4652 arithmetica:
2769 4598 3062 4666 disciplina:
3109 4599 3370 4668 cognitio;

119 4711 178 4756 et
203 4695 649 4768 justiﬁeatienem
689 4693 814 4746 vitae
865 4694 915 4744 in
951 4691 1189 4745 Christo.
1235 4692 1703 4762 Quadragenarius
1733 4729 1778 4784 ο
1805 4709 1965 4762 quam
2003 4701 2055 4746 et
2098 4703 2292 4747 vestrae
2335 4691 2449 4760 88
2489 4690 2772 4766 diligentiae
2807 4691 2942 4744 bene
2966 4698 3166 4754 notam,
3199 4700 3252 4747 et
3277 4707 3374 4760 per

121 4806 254 4846 vero
279 4802 380 4858 per
404 4784 634 4840 deeathes
663 4791 856 4851 quater
899 4780 1109 4844 ductus,
1134 4782 1460 4850 poenitentiae
1515 4785 1696 4850 typum

124 4894 316 4937 tenere
345 4876 531 4932 multis
558 4875 612 4929 in
643 4873 776 4928 locis
799 4878 1026 4927 constat.
1055 4871 1207 4927 Unde
1230 4882 1285 4926 et
1310 4873 1420 4941 ipse
1443 4873 1699 4926 Dominus

125 4979 318 5025 noster
341 4965 696 5036 quadraginta
742 4963 930 5017 diebus
955 4959 1218 5032 jejunavit
1245 4963 1466 5034 (Matth.
1495 4979 1564 5026 iv,
1587 4961 1641 5031 2)
1679 5003 1695 5026 ,

125 5060 282 5130 cuius
315 5043 625 5126 praedicatio
652 5053 826 5120 prima
859 5051 997 5105 fuit:
1026 5052 1388 5106 Paenitentiam
1432 5054 1586 5122 agite,
1613 5071 1704 5122 (ψ-

124 5144 490 5219 propinquam
514 5156 727 5210 regnum
745 5138 989 5193 cartorum
1010 5139 1230 5210 (Matth.
1263 5158 1342 5204 ιιι,
1374 5143 1450 5212 2).
1480 5145 1544 5196 Et
1567 5146 1704 5197 sicut

131 5241 360 5309 Moyses,
385 5233 579 5304 legem,
609 5231 755 5285 Elius
786 5224 1120 5300 prophetiam
1150 5230 1363 5301 (Exod.
1394 5248 1580 5298 xxxiv,
1608 5236 1708 5298 23;

132 5328 229 5384 111
262 5327 393 5395 Reg.
422 5339 536 5388 ιιι,
560 5321 649 5393 8),
676 5323 750 5376 ita
772 5321 886 5390 ipse
918 5319 1175 5374 Dominus
1213 5333 1396 5376 noster
1441 5325 1710 5394 evangeli-

292 5417 730 5488 praedicationem
759 5413 1110 5486 quadraginta
1135 5413 1342 5468 dierum
1367 5410 1575 5482 jejunio
1617 5415 1710 5468 de-

136 5510 356 5567 dicavit.
385 5507 454 5561 Et
485 5514 543 5563 ut
567 5511 744 5561 vestra
770 5507 918 5560 novit
944 5499 1228 5576 ingeniosa
1244 5513 1298 5558 et
1343 5504 1602 5573 przeclara
1658 5505 1712 5556 in

135 5596 392 5657 munibus!
425 5596 866 5666 philosophorum
891 5593 1185 5664 disciplinis
1208 5595 1489 5665 prudentia
1507 5635 1522 5659 ,
1551 5609 1712 5663 quam

139 5687 461 5748 mirabiliter
475 5685 934 5755 quadragenarius
952 5698 1230 5748 numerus,
1249 5683 1338 5751 qui
1367 5684 1714 5751 penitentitc,

140 5789 200 5836 ut
223 5778 484 5843 diximus,
511 5776 782 5840 convenit,
813 5776 858 5830 si
888 5789 988 5846 per
1010 5789 1134 5831 suas
1158 5773 1391 5845 partitur
1408 5772 1716 5838 divisiones,

142 5882 198 5932 et
227 5887 324 5942 per
346 5879 533 5942 partes
557 5881 682 5922 suas
700 5867 920 5930 crescit,»
935 5881 1108 5938 usque
1131 5866 1197 5921 ad
1216 5865 1718 5935 quinquagesimum

148 5961 407 6032 pervenit,
438 5959 530 6031 qui
585 5965 667 6014 est
721 5957 1052 6012 remissionis
1099 5971 1380 6021 numerus;
1448 5955 1570 6023 quia
1625 5970 1720 6024 per

1804 4799 1900 4836 vos
1930 4782 2051 4836 aliis
2077 4781 2346 4852 cognitam
2381 4793 2500 4834 esse
2515 4779 2811 4835 credimus.
2851 4780 3007 4834 Plura
3043 4783 3168 4837 hinc
3217 4783 3372 4857 (AL,

1811 4875 2038 4944 plurima
2067 4889 2132 4928 ex
2167 4871 2323 4944 hinc]
2375 4873 2552 4926 dicere
2598 4874 2779 4940 potui,
2804 4875 2894 4927 sed
2943 4874 3086 4928 nolui
3120 4877 3376 4932 chartula:

1812 4965 2070 5019 excedere
2098 4964 2311 5017 modum
2354 4980 2367 5015 :
2417 4971 2471 5017 et
2513 4963 2743 5016 maxime
2779 4963 2904 5030 quia
2959 4979 3065 5018 non
3110 4965 3377 5033 ignoranti

1810 5056 2021 5126 scripsi,
2045 5057 2137 5112 sed
2163 5055 2212 5110 ei
2235 5056 2324 5124 qui
2347 5055 2461 5108 haec
2485 5053 2663 5108 omnia
2690 5055 2890 5120 optime
2919 5054 3085 5106 novit.
3113 5055 3233 5108 Ideo
3257 5072 3378 5123 per-

1817 5148 2001 5217 paucis
2027 5148 2142 5201 ba-c
2163 5142 2435 5213 przelibavi
2462 5143 2663 5205 verbis,
2686 5143 2808 5211 quia
2850 5144 3000 5198 vobis
3042 5145 3156 5199 hate
3197 5147 3377 5202 omnia

1812 5250 1929 5289 esse
1971 5235 2248 5288 notissima
2295 5229 2550 5285 sciebam.
2603 5230 2667 5283 Et
2704 5240 2761 5283 ut
2789 5233 2986 5285 dictum
3012 5241 3113 5298 est,
3141 5249 3260 5286 cum
3292 5249 3377 5289 sa-
3455 5236 3466 5254 ‘

1812 5326 1990 5394 piente
2012 5323 2193 5392 paucis
2224 5322 2470 5376 utendam
2501 5329 2574 5374 est
2621 5322 2783 5398 uerbis
2819 5322 3026 5392 (Eccle.
3059 5339 3112 5386 v,
3141 5324 3164 5376 l
3193 5325 3234 5393 ).
3274 5325 3378 5386 Et,

1814 5417 2024 5482 Beatus,
2050 5417 2138 5486 qui
2163 5415 2392 5485 loquitur
2415 5416 2470 5468 in
2497 5405 2679 5468 aurem
2709 5415 3001 5468 audientem
3047 5415 3066 5484 (
3088 5414 3242 5469 Prov.
3275 5431 3341 5469 xx
3361 5457 3378 5479 ,

1818 5509 1883 5562 12
1900 5510 1938 5577 ),
1968 5510 2020 5564 id
2050 5517 2134 5564 est
2161 5507 2560 5576 iutelligentcm.
2587 5506 2715 5560 Mihi
2739 5505 2919 5572 itaque
2947 5505 2999 5558 in
3022 5504 3126 5559 ﬁne
3145 5505 3380 5572 epistola:

1815 5612 1939 5652 cum
1988 5599 2170 5666 regina
2222 5595 2365 5650 Saba
2414 5595 2698 5650 dicendum
2730 5602 2858 5647 est:
2902 5592 3051 5647 Beati
3090 5593 3185 5646 viri
3211 5594 3381 5657 tui,“

1819 5688 1954 5742 beati
1974 5687 2105 5742 servi
2129 5687 2205 5739 tui
2234 5702 2251 5739 :
2285 5685 2356 5740 lli
2383 5688 2472 5757 qui
2497 5694 2638 5740 stant
2661 5699 2838 5738 coram
2877 5693 2927 5740 te
2964 5698 3182 5752 semper,
3211 5694 3258 5737 et
3287 5701 3384 5737 au-

1819 5777 1968 5832 diunt
1995 5777 2301 5843 sapientiam
2326 5764 2494 5830 tuam.
2521 5773 2602 5829 Sit
2628 5772 2882 5828 Dominus
2904 5773 3042 5827 Deus
3076 5781 3197 5825 tuus
3238 5773 3385 5826 bene—

1821 5868 2011 5930 dictus,
2041 5867 2126 5920 cui
2151 5865 2526 5937 complacuisti,
2562 5874 2609 5917 et
2651 5866 2821 5934 posuit
2869 5873 2918 5916 te
2953 5878 3106 5931 super
3145 5861 3385 5916 thronum

1827 5954 2012 6020 Israel,
2041 5971 2097 6008 eo
2128 5941 2266 6026 quod
2293 5954 2531 6010 dilexerit
2572 5951 2825 6008 Dominus
2853 5950 3019 6006 Israel
3044 5953 3098 6006 in
3123 5953 3389 6022 sempiter-
