4232 6446
730 544 836 602 865

1599 523 1765 594 13.)".
1804 520 2026 578 ALBlNl
2065 518 2192 575 SE13
2236 509 2505 572 ALCUIM
2546 509 2821 568 OPERL’M
2858 507 3032 562 PARS
3068 505 3106 560 l.

3844 492 3965 550 864

733 671 860 711 nam
888 671 904 706 :
935 662 978 705 et
1009 645 1268 703 constituit
1313 654 1358 697 te
1394 657 1588 712 regem,
1622 648 1677 691 ut
1713 638 1909 707 faceres
1948 616 2206 703 judicium
2245 638 2291 682 et
2321 634 2369 692 Α
2394 635 2513 695 p05t
2539 623 2756 677 Petrum
2781 618 3139 689 apostolorum
3159 612 3450 685 principem
3477 627 3650 666 nonus
3678 613 3730 666 in
3763 623 3963 667 sancta

731 744 991 816 justitiam
1028 735 1156 808 (111
1185 733 1311 804 Reg.
1340 748 1392 794 x,
1419 732 1451 784 8
1481 738 1526 782 et
1554 729 1641 795 9).

1160 858 1186 886 ι
1221 839 1549 898 EPISTOLA
1581 837 1792 893 LXXXI
1820 836 1875 893 ’⁵.

1194 931 1264 969 ΔΙ)
1300 925 1528 967 ΑιΒΙΝυΙ
1579 921 1844 962 ΔΒΒᾹΤΕΙ.

740 1007 1208 1100 Carolus-Magnus
1242 993 1947 1139 τεδὲἓῶῖῗθξὲἓζὲῗρὶειοιω
1993 993 2056 1044 de
2101 991 2301 1042 ratione

811 1168 1032 1226 Carolus
1051 1207 1066 1229 ,
1094 1163 1260 1234 gratia
1294 1161 1424 1224 Dei,
1448 1173 1542 1212 rex
1567 1159 1893 1212 Francorum
1911 1194 1927 1220 ,
1957 1165 1978 1192 ο
2013 1153 2302 1220 imperator

749 1255 1243 1325 Langobardorum,
1274 1264 1335 1302 ac
1361 1247 1617 1316 patricius
1661 1243 2046 1303 Romanorum,
2070 1237 2303 1293 dilectis-

745 1322 889 1404 simo
911 1346 1184 1414 magistro,
1210 1340 1465 1407 nobisque
1496 1353 1616 1391 cum
1645 1349 1830 1389 amore
1859 1329 2181 1385 nominando
2208 1322 2300 1379 Al-

742 1438 868 1493 bino
896 1432 1074 1497 abbati
1109 1431 1161 1485 in
1186 1429 1408 1483 Domino
1435 1433 1620 1479 nostro
1646 1422 1770 1478 Iesu
1796 1421 2010 1475 Christo
2044 1427 2303 1472 aeternam

745 1528 1063 1658 ωᾚεξξῗέηἰι
1093 1597 1158 1651 ad
1189 1609 1285 1650 nos
1320 1592 1540 1663 epistola
1587 1591 1748 1644 missa
1795 1605 1823 1642 a
1879 1588 2129 1654 religione
2171 1599 2292 1653 pru-

744 1692 935 1747 dentiae
957 1697 1168 1749 vestrm,
1194 1699 1310 1751 qum
1331 1690 1450 1752 post
1477 1680 1658 1732 laudes
1688 1687 1740 1731 et
1769 1675 2161 1735 benedi'cziones
2187 1688 2302 1726 om-

745 1777 1005 1848 nipotenti
1054 1773 1162 1827 Deo
1204 1771 1426 1830 debitas,
1471 1769 1621 1822 nobis
1663 1775 1716 1819 et
1754 1764 2024 1834 progeniei
2073 1771 2302 1825 nostraa,

745 1865 1167 1922 benedictionem
1196 1858 1482 1929 optabilem
1521 1872 1641 1910 cum
1687 1869 1893 1908 summa
1939 1852 2305 1907 benevolentia

749 1957 876 2030 [Al.,
903 1966 1275 2024 summamque
1304 1944 1752 2016 benevolentiam]
1779 1943 1990 1998 detulit.
2023 1943 2149 1995 Post
2194 1941 2307 1993 lucc

751 2028 929 2103 textus
953 2046 1092 2098 illius
1123 2041 1436 2110 inquirendo
1459 2040 1776 2093 subsecutus
1825 2032 1946 2105 [AL
1966 2073 1980 2098 ,
2003 2028 2308 2101 subjectus]

748 2149 851 2203 est,
884 2153 980 2193 cur
1010 2133 1411 2204 Septuagesima
1457 2138 1513 2184 et
1549 2127 1912 2196 Sexagesima,
1962 2139 2062 2178 nec
2112 2138 2215 2176 non
2261 2127 2315 2174 et

749 2226 1198 2296 Quinquagesima
1235 2222 1287 2275 in
1327 2221 1514 2275 ordine
1555 2233 1651 2287 per
1692 2217 1806 2270 dies
1846 2214 2140 2268 dominicos
2191 2219 2314 2263 ante

751 2319 1222 2388 Quadragesimam
1254 2315 1482 2377 dicatur,
1517 2312 1600 2366 vel
1625 2309 1909 2386 scribatur.
1938 2308 2063 2362 Inde
2102 2313 2314 2374 arrepta

753 2411 962 2463 ratione
991 2422 1089 2476 per
1129 2419 1348 2473 campos
1389 2401 1740 2456 arithmetica:
1784 2400 1934 2459 artis,
1961 2396 2218 2466 quidquid
2253 2410 2318 2448 ex

752 2501 853 2554 hac
884 2513 942 2552 re
968 2504 1145 2550 vestra
1179 2495 1346 2548 sensit
1374 2491 1656 2553 industria,
1691 2503 1748 2542 se
1791 2485 2124 2541 extendendo
2167 2483 2319 2536 nobis

751 2587 980 2658 pleniter
1009 2582 1310 2654 signiﬁcare
1356 2580 1558 2634 studuit
1607 2577 1736 2649 [Αιη
1761 2573 1989 2646 statuit].
2043 2573 2149 2627 Sed
2195 2572 2320 2626 dum
2366 2561 2372 2565 ’

754 2692 906 2732 mens
934 2684 1114 2736 nostra
1146 2673 1250 2726 huc
1291 2671 1519 2742 illucque
1563 2669 1910 2728 discurreret,
1939 2664 2120 2720 solerti
2167 2663 2319 2716 inda-

755 2768 966 2838 gatiOne
987 2763 1473 2840 consideravimus,
1495 2773 1601 2812 non
1630 2758 1797 2813 solum
1827 2756 1964 2809 infra
2007 2754 2135 2825 [Αι.,
2159 2751 2321 2822 intra]

756 2859 1097 2928 pnescriptos
1143 2869 1172 2907 a
1223 2854 1376 2906 vobis
1421 2850 1564 2914 dies,
1611 2850 1704 2903 sed
1750 2847 1910 2902 etiam
1955 2861 2050 2915 per
2093 2843 2324 2912 singulas

757 2944 1141 3005 hebdomadas,
1191 2957 1289 2996 nec
1335 2955 1439 2994 non
1487 2947 1542 2992 et
1597 2953 1691 3008 per
1749 2946 1917 2992 totum
1965 2935 2090 2989 anni
2139 2932 2324 2988 circuli

761 3039 964 3114 [Go!d.,
994 3035 1278 3106 circulum]
1307 3035 1536 3104 spatium
1575 3030 1754 3104 [δοιά.
1792 3047 1896 3083 om.
1925 3025 2202 3098 spatium],
2231 3040 2326 3095 per

759 3127 1037 3185 intervalla
1070 3128 1324 3180 horarum
1348 3136 1412 3176 ac
1438 3132 1754 3190 punctorum
1779 3123 1872 3174 seu
1901 3126 2321 3188 momentorum;

762 3217 1016 3286 mysteria
1043 3226 1386 3268 numerorum
1414 3224 1570 3279 posse
1615 3209 1682 3261 ab
1731 3207 1813 3260 his
1854 3206 1944 3275 qui
1992 3206 2150 3274 hujus
2195 3203 2328 3281 artis

2397 717 2636 770 Romana
2661 708 3129 769 Ecclesia'claruit,
3155 713 3354 774 septem
3388 703 3734 759 hebdomadae
3776 705 3828 758 in
3861 705 3970 758 ab-

2397 803 2647 858 stinentia
2676 801 2933 854 dedicatae
2959 806 3114 860 sunt;
3146 804 3202 850 et
3225 795 3325 848 hoc
3353 803 3579 863 tempus,
3601 809 3707 862 quo
3729 794 3836 847 alio
3862 808 3972 846 no-

2398 891 2540 944 mine
2574 889 2770 942 rectius
2795 886 2975 940 vocari
3013 899 3170 953 quam
3209 881 3653 950 Quinquagesima
3683 882 3734 934 in
3765 881 3972 934 ordino

2399 977 2793 1033 rationabiliter
2841 975 3084 1029 debuerit
3140 971 3268 1042 [Al.,
3294 971 3502 1033 debuit;
3551 969 3704 1023 δοιά.
3737 984 3969 1030 vocare.

2397 1085 2558 1140 quam
2601 1065 3169 1135 Quinquagesimam...
3202 1059 3556 1130 debuerunt]?
3593 1060 3670 1112 Ex
3727 1059 3856 1113 hinc
3912 1068 3974 1111 et

2399 1159 2646 1225 deinceps
2668 1154 2887 1209 collecta
2912 1152 3134 1213 ratione,
3159 1149 3249 1218 qui
3274 1158 3396 1202 octo
3419 1147 3764 1201 hebdomadis
3809 1145 3926 1218 [AL
3951 1182 3968 1208 .

2399 1247 2789 1309 hebdomadas;
2840 1242 2993 1299 δοιά.
3035 1241 3178 1294 addit
3222 1255 3240 1292 :
3286 1239 3572 1292 observare
3617 1239 3976 1303 studuerunt,

2349 1398 2369 1406 ,
2401 1338 2798 1408 Sexagesimam
2848 1329 3189 1404 gradatim],
3244 1329 3641 1400 Sexagesimam
3691 1329 3976 1399 gradatim

2400 1428 2824 1483 nominaverunt.
2855 1421 3112 1476 Similiter
3149 1420 3238 1487 qui
3277 1433 3486 1481 novem,
3518 1416 3977 1487 Septuagesim.

2392 1515 2544 1584 juxta
2587 1510 2862 1586 praefatam
2910 1505 3195 1572 rationem,
3237 1524 3429 1562 nomen
3477 1509 3867 1576 imposuerunt,
3916 1518 3982 1564 et

2403 1621 2506 1660 non
2532 1607 2600 1660 ob
2620 1617 2900 1658 numerum
2933 1601 3038 1673 [ΑΙ.
3060 1639 3074 1659 .
3100 1601 3338 1654 ordinem
3370 1600 3734 1671 numerorum]
3764 1601 3981 1656 hebdo-

2405 1696 2680 1749 madarum
2710 1693 2788 1746 vel
2817 1693 3043 1754 dierum,
3075 1690 3168 1744 sed
3190 1698 3424 1742 tenorem
3446 1689 3675 1741 nominis
3707 1688 3838 1760 [Αι.,
3868 1704 3980 1742 nu-

2407 1781 2590 1853 meris]
2621 1789 2896 1836 servantes
2920 1781 3035 1833 haec
3073 1778 3286 1831 nomina
3319 1786 3640 1831 censuerunt
3667 1776 3794 1838 ῐΑι..
3826 1792 3983 1831 eom-

2407 1869 2741 1942 posuerunt].
2774 1868 2948 1930 Velut,
2971 1867 3107 1936 siqui
3138 1881 3278 1919 nunc
3313 1864 3553 1927 fuissent,
3585 1865 3676 1933 qui
3705 1866 3980 1920 decimam

2343 1965 2383 2022 Β
2410 1959 2794 2014 hebdomadam
2825 1958 3017 2011 addere
3043 1970 3138 2024 pro
3171 1955 3345 2023 aliqua
3371 1953 3513 2022 justa
3544 1955 3747 2006 ratione
3773 1954 3956 2008 voluis

2411 2057 2550 2112 sent,
2575 2058 2629 2102 et
2655 2056 2872 2116 propter
2898 2061 3176 2098 numerum
3217 2044 3666 2098 hebdomadarum
3697 2044 3979 2113 decagesi.

2412 2152 2555 2190 mam
2599 2135 2750 2206 [Al.,,
2775 2131 3303 2203 Decimagesimam],
3338 2147 3427 2186 seu
3449 2132 3686 2200 quolibet
3729 2133 3836 2186 alio
3874 2147 3984 2186 uo-

2414 2227 2577 2295 mine,
2605 2227 2688 2280 vel
2723 2233 2939 2295 propter
2960 2239 3235 2278 numerum
3258 2225 3459 2277 dierum
3490 2223 3980 2295 Septuagesimum,

2413 2318 2496 2373 vel
2523 2316 2960 2386 octuagesimam,
2990 2315 3175 2368 ordine
3197 2322 3406 2367 servato
3431 2313 3832 2377 vocabulorum,
3866 2324 3986 2367 tra-

2416 2408 2544 2461 mite
2583 2415 2726 2459 recto
2751 2405 3017 2474 pergendo
3040 2417 3342 2470 nuncupare
3371 2402 3694 2456 debuissent.

2487 2496 2622 2561 Quia
2663 2495 2843 2562 igitur,
2872 2494 3039 2562 gratia
3076 2492 3250 2546 divina
3297 2491 3608 2561 opi.ulante,
3637 2501 3794 2560 prout
3819 2494 3986 2546 nobis

2419 2586 2590 2639 visum
2623 2583 2741 2646 fuit,
2771 2583 2834 2635 de
2865 2583 3074 2635 nomine
3101 2581 3514 2650 Septuagesimaa
3542 2589 3594 2633 et
3621 2582 3988 2650 Sexagesima:

2422 2673 2552 2745 [Αι.,
2581 2670 3030 2742 Quadragesirnw]
3052 2711 3065 2733 ,
3099 2687 3163 2731 ac
3188 2670 3678 2738 Quinquagesimm,
3711 2681 3815 2725 ιιιω
3853 2673 3989 2726 cha-

2422 2763 2567 2816 ritati
2600 2762 2936 2830 scripsimus,
2980 2777 3122 2815 nunc
3162 2760 3297 2831 style
3334 2769 3674 2829 percurrente
3699 2761 3765 2814 de
3789 2762 3990 2816 obser-

2433 2851 2609 2905 vantia
2638 2858 2692 2904 et
2717 2850 2859 2903 cultu
2886 2850 3073 2904 harum
3110 2849 3604 2918 (hebdomadarum)
3643 2847 3796 2916 juxta
3825 2865 3991 2919 capa-

2424 2945 2637 2997 citatem
2667 2939 2866 3012 [Go(d.,
2891 2938 3257 3010 sagacitatem]
3284 2954 3471 2992 sensus
3514 2939 3681 2992 nostri
3720 2939 3813 2993 tibi
3849 2939 3990 2993 scri-

2423 3033 2554 3086 bere
2597 3029 2919 3084 curavimus.
2969 3026 3417 3097 Quinqnagesima
3446 3041 3569 3080 vero
3601 3026 3718 3080 ideo
3761 3027 3986 3089 dicitur,

2427 3130 2481 3177 ct
2504 3123 2821 3176 observatur
2847 3133 2877 3172 a
2903 3118 3187 3182 nonnullis,
3225 3124 3282 3171 ut
3306 3125 3360 3171 et
3387 3117 3616 3171 decimas
3653 3116 3883 3180 dierum,
3904 3116 3992 3182 je-

2421 3215 3060 3292 junandotomnipotenti
3088 3215 3196 3269 Deo
3234 3213 3426 3268 oil‘erre
3450 3211 3676 3273 valeant,
3704 3220 3760 3265 et
3784 3211 3989 3264 imitari

759 3307 953 3378 peritia
986 3305 1174 3358 imbuti
1197 3310 1321 3356 sunt
1349 3300 1593 3370 reperiri.
1621 3297 1772 3361 Unde
1795 3297 1918 3366 quia
1936 3305 2053 3362 ture
2078 3294 2324 3348 cbaritati
2351 3327 2352 3335 η

2361 3297 2394 3356 Β
2429 3309 2706 3366 Dominum
2738 3315 2976 3362 nostrum
2998 3302 3176 3358 Jesum
3199 3302 3490 3361 Christum.
3518 3301 3605 3370 qui
3632 3301 3989 3370 quadraginta

759 3397 962 3468 placuit
989 3403 1226 3450 nostram
1251 3391 1485 3461 regalem
1517 3391 1688 3444 aulam
1719 3391 1816 3444 hac
1840 3389 1905 3443 de
1935 3403 1993 3441 re
2027 3386 2323 3448 consulere,

761 3485 1020 3558 quidquid
1051 3483 1171 3537 inde
1203 3482 1360 3538 sentit
1414 3478 1768 3553 [Al.,scnsit]
1818 3485 1998 3531 nostra
2047 3476 2326 3537 serenitas,

765 3590 1011 3632 sermone
1032 3574 1346 3630 commatico
1369 3573 1461 3625 tibi
1479 3569 1779 3640 patefacere
1801 3583 1904 3621 non
1921 3581 2175 3637 negamus
2194 3563 2329 3636 [Al.,

772 3662 1130 3736 negavimus].
1936 3723 1949 3728 _

841 3754 1094 3823 Exigente
1117 3751 1278 3820 igitur
1299 3749 1658 3818 inquisitione,
1676 3754 1730 3800 et
1746 3744 2165 3800 consideratione
2188 3759 2333 3812 qure-

755 3843 990 3901 .renalum
1021 3849 1122 3902 est,
1154 3854 1249 3892 cur
1276 3836 1407 3908 [Al.,
1435 3836 1767 3890 considerata
1791 3875 1804 3899 ,
1828 3849 1954 3896 cur;
1995 3832 2146 3886 Gold.
2167 3872 2180 3895 ,
2207 3847 2333 3886 con-

712 3955 715 3957 ί
769 3931 1000 3985 siderata
1036 3928 1243 3980 ratione
1273 3925 1390 3995 cur]
1421 3925 1510 3979 alii
1539 3941 1662 3988 sex,
1695 3925 1782 3977 alii
1810 3933 2009 3993 septem
2031 3963 2045 3984 ,
2074 3923 2160 3976 alii
2189 3932 2332 3987 octo,

771 4020 1008 4095 nonnulli
1040 4033 1166 4072 vero
1189 4032 1378 4070 novem
1405 4017 1706 4070 abstineant
1742 3996 2137 4069 hebdomadas?
2158 4014 2202 4064 Ἀ
2214 4028 2337 4082 rgu-

771 4117 1009 4162 mentum
1033 4119 1222 4160 sensus
1253 4104 1418 4157 nostri
1445 4111 1547 4157 tuze
1578 4102 1921 4155 familiaritati
1951 4116 2046 4170 per
2087 4101 2182 4154 hos
2219 4101 2336 4169 api—

773 4213 868 4251 ces
894 4212 918 4250 s
943 4195 1196 4264 gniﬁcare
1219 4192 1512 4246 studemus.
1540 4191 1638 4257 Qui
1664 4185 1802 4244 enim
1833 4189 1981 4262 [Cod.
2002 4207 2097 4242 ms.
2122 4189 2180 4243 S.
2208 4189 2335 4241 Em-

773 4287 1010 4346 merami,
1051 4283 1200 4349 Quod
1247 4283 1324 4337 sic
1377 4281 1685 4336 solvendum
1727 4289 1837 4343 est;
1887 4279 1974 4347 qui
2023 4277 2186 4349 enim]
2244 4294 2335 4331 sex

776 4372 1137 4428 hebdomadas
1149 4357 1492 4424 observantes
1516 4385 1573 4424 se
1600 4370 1933 4424 abstinentiae
1958 4369 2195 4430 tradunt,
2215 4369 2339 4420 sub-

780 4461 967 4516 tractis
992 4474 1085 4512 sex
1116 4460 1302 4512 diebus
1333 4460 1646 4521 dominicis,
1669 4459 1721 4510 in
1751 4459 1942 4526 quibus
1963 4456 2204 4524 jejnnare
2235 4457 2336 4508 mi-

780 4549 921 4604 nime
967 4546 1118 4607 licet,
1152 4546 1385 4598 decimas
1431 4533 1639 4598 dierum
1685 4545 1870 4597 dantes
1919 4543 2118 4614 [Go(d.,
2151 4545 2338 4598 dantes

2429 3399 2614 3452 diebus
2655 3393 2915 3462 jejunium
2963 3391 3380 3446 sacratissimum
3429 3389 3684 3458 implevit.
3730 3389 3773 3442 Α
3821 3388 3986 3455 Quin.

2428 3485 2736 3556 quagesima
2772 3497 3001 3552 namque
3029 3496 3198 3550 usque
3231 3482 3282 3534 in
3306 3481 3512 3534 Pascha
3556 3489 3756 3549 septem
3785 3480 3992 3534 hebdo-

2429 3575 2599 3628 madaa
2658 3580 2810 3633 sunt,
2862 3587 2987 3640 qua!
3027 3568 3228 3624 faciunt
3275 3570 3388 3623 dies
3441 3570 3824 3638 quinquaginta
3867 3587 3879 3622 :
3924 3585 3992 3623 ex

2429 3667 2622 3736 quibus
2650 3665 2693 3719 si
2719 3661 2840 3718 octo
2870 3664 2982 3716 dies
3003 3659 3307 3716 'domiuicos
3336 3663 3683 3726 subtraxeris,
3714 3663 3767 3716 in
3795 3664 3994 3733 quibus

2425 3755 2681 3823 jejunium
2711 3769 2813 3808 non
2844 3753 2965 3808 licet
2993 3753 3297 3815 observare,
3327 3761 3604 3820 remanent
3635 3754 3994 3824 quadraginta

2417 3846 2537 3899 ‘duo
2565 3845 2698 3909 dies,
2729 3852 2783 3898 et
2809 3843 2863 3897 hi
2893 3843 2996 3896 duo
3018 3842 3154 3905 dies,
3181 3842 3364 3910 quinta
3410 3833 3613 3912 [Gold.,
3641 3852 3814 3903 sexta,
3849 3860 3997 3896 men-

2433 3930 2575 4002 dose]
2606 3931 2849 3992 videlicet
2879 3938 2934 3982 et
2962 3931 3180 3998 septima
3209 3929 3362 3991 feria,
3389 3933 3480 3998 qui
3508 3932 3992 4000 qnadragenarinm

2435 4034 2713 4072 numerum
2743 4019 3024 4082 excedunt,
3053 4018 3191 4087 apud
3223 4018 3478 4086 quosdam
3510 4017 3712 4090 jejunio
3739 4021 3999 4076 dedican-

2437 4118 2550 4173 tur;
2587 4109 2724 4177 apnd
2755 4108 3010 4177 quosdam
3040 4108 3109 4172 in
3153 4109 3493 4162 veneratione
3517 4107 3648 4181 [ΑΛ.
3675 4109 3994 4184 refectione]

2435 4212 2650 4272 propter
2685 4201 2903 4256 Coenam
2948 4201 3268 4254 dominicam
3310 4209 3364 4255 ct
3407 4209 3647 4254 sanctum
3697 4199 3996 4260 Sabbatum

2437 4293 2717 4353 habentur.
2761 4289 3100 4357 Sexagesima
3141 4297 3342 4352 autem,
3381 4297 3440 4342 ut
3476 4287 3846 4353 aestimamus,
3872 4304 4001 4358 pro-

2436 4387 2617 4449 pterea
2660 4379 2688 4430 a
2719 4376 2985 4430 nonnullis
3006 4378 3340 4439 observatur,
3369 4385 3426 4428 ut
3452 4384 3506 4428 et
3528 4376 3762 4429 decimas
3788 4377 4000 4430 dierum

2439 4465 2679 4536 corporis
2721 4465 2801 4518 sui
2845 4462 2973 4535 [A1,
3000 4464 3311 4533 corporibus
3335 4462 3468 4536 suis]
3512 4465 3861 4533 omnipozenti
3894 4466 4002 4522 Deo

2441 4557 2564 4609 dare
2589 4554 2816 4623 possint,
2842 4563 2895 4606 et
2925 4554 3206 4608 Dominum
3243 4564 3483 4608 nostrum
3515 4553 3694 4609 Iesum
3721 4555 4000 4611 Christum

781 4635 1009 4706 dierum]
1036 4635 1273 4708 corporis
1301 4634 1404 4697 ευίο
1431 4634 1645 4703 ιτίείηιθ
1676 4647 1766 4688 8⁸³(
1805 4634 1934 4696 dies:
1965 4634 2103 4687 δίευῑ
2150 4635 2338 4688 beatus
2370 4619 2417 4676 θ
2441 4645 2494 4699 in
2544 4619 2966 4714 quadragenario
3023 4657 3242 4698 numero
3297 4645 3653 4714 particulatim
3705 4644 4003 4714 jejunando

782 4725 1068 4794 Gregorius
1102 4723 1358 4776 mirabilis
1385 4722 1570 4776 doctor
1606 4722 2110 4795 edocet,jejunaut;
2158 4729 2213 4774 et
2240 4723 2340 4776 hoc

786 4820 1012 4879 tempus,
1034 4810 1158 4862 licet
1194 4811 1246 4861 in
1275 4810 1392 4878 ipso
1434 4811 1537 4862 duo
1579 4824 1859 4878 superesse
1905 4811 2185 4864 videantur
2229 4811 2342 4863 dies

784 4914 952 4969 usque
979 4899 1042 4952 ad
1069 4906 1306 4951 sinctam
1353 4895 1837 4961 Resurrectionem,
1871 4899 2342 4967 Quadragesimam

786 4987 1095 5043 doctoribus
1109 4997 1305 5041 sancta:
1329 4985 1424 5042 Dei
1446 4987 1694 5041 Ecclesia:
1719 4988 1829 5057 89
1850 4989 2110 5042 nominari
2126 4987 2339 5058 placuit.

786 5079 1060 5149 Beligione
1090 5091 1216 5132 vero
1241 5090 1509 5133 crescente
1536 5095 1566 5134 a
1594 5079 1916 5151 Telesphoro
1953 5078 2224 5152 pontiﬁce,
2254 5081 2343 5153 qui

857 5200 883 5230 ι
924 5188 1711 5261 llanqepistqlam.quamvis
1750 5189 1863 5261 jam
1919 5207 1948 5245 a
2001 5192 2156 5248 nobis
2211 5194 2346 5250 inter

790 5270 951 5326 opera
980 5258 1038 5309 Β.
1062 5257 1238 5332 Caroli
1274 5257 1444 5325 Magni
1467 5257 1860 5332 -recusam,r'hic
1891 5261 2205 5332 exhibemus
2227 5278 2347 5332 pro-

790 5325 909 5394 pter
937 5336 1137 5406 arctam
1163 5325 1277 5409 ejus
1299 5328 1763 5409 cum-pramedcmi
1791 5337 1845 5409 et
1867 5331 2107 5409 sequenti
2127 5325 2346 5399 epistola

793 5409 1194 5518 @3333???
1215 5395 2182 5518 éiﬂidoi.2?$i‘5..i?”§ii.‘i6{i7i‘iiié

862 5464 888 5502 ι)
916 5463 1168 5531 Epistula.
1187 5534 1197 5538 _
1215 5463 1354 5518 Edit.
1387 5463 1732 5538 Quercetani;
1756 5483 1875 5538 pag.
1903 5463 2184 5538 iluuﬂic
2209 5482 2350 5522 eam-

794 5533 910 5584 dem
957 5534 1349 5601 castigatiorem
1401 5533 1714 5587 exhibemus
1755 5533 2014 5589 ex'codd.
2061 5533 2252 5590 Salisb.
2297 5545 2352 5590 et

869 5602 1212 5673 Emmerami.
1237 5601 1528 5673 Utramque
1553 5604 1617 5656 de
1644 5602 2041 5673 Septuagesima
2070 5605 2349 5671 epistolam

795 5671 1046 5750 scriptam
1206 5685 1347 5750 antu)
1368 5671 1469 5727 798
1492 5673 1761 5750 existimo,
1785 5671 2076 5750 quor-tiam
2095 5675 2354 5729 Aicuinus

795 5736 920 5791 huic
945 5740 1117 5812 Caroii
1144 5740 1673 5812 epistolterespoudit
1699 5736 2100 5812 per'epistolam
2127 5758 2354 5812 sequenq

801 5812 923 5882 tem.
955 5806 1320 5886 ‘pccasionem
1363 5809 1426 5862 de
1463 5806 1522 5860 ea
1563 5824 1618 5862 re
1654 5806 1951 5877 inquirendi
2010 5806 2352 5880 praebuerunt

797 5875 912 5940 ejus
938 5875 1198 5943 diSCipuli,
1251 5894 1268 5938 ς
1302 5891 1487 5929 eorum
1514 5886 1636 5929 tunc
1664 5875 1955 5949 temporum
1986 5875 2352 5936 convenientia

2438 4734 2661 4795 imitari,
2689 4741 2744 4786 et
2779 4741 2839 4786 ut
2863 4733 3109 4801 primam,
3133 4732 3215 4785 vel
3239 4733 3477 4800 quintam
3515 4731 3699 4787 feriam
3738 4749 3770 4785 a
3790 4732 3998 4801 jejunio

2441 4835 2632 4874 vacare
2651 4819 2880 4873 valeant.
2917 4818 2962 4870 A
2989 4818 3329 4888 Sexagesima
3354 4819 3552 4890 quippe
3580 4835 3746 4890 usque
3785 4822 3840 4876 in
3869 4837 3998 4877 san-

2442 4919 2586 4964 ctum
2609 4910 2747 4965 diem
2770 4908 3192 4963 Resurrectionis
3216 4909 3494 4965 dominica
3514 4919 3640 4967 octo
3662 4911 4002 4967 hebdomade

2443 5009 2586 5064 sunt,
2614 5013 2678 5054 ex
2706 4999 2900 5068 quibus
2925 4998 2971 5052 si
2997 4999 3064 5053 de
3085 4999 3307 5070 singulis
3331 5001 3753 5058 hebdomadibus
3775 5003 4002 5071 primam

2443 5097 2498 5144 et
2521 5089 2760 5159 quintam
2798 5087 2988 5144 feriam
3026 5090 3374 5154 subtraxeﬁs.
3407 5099 3462 5145 et
3502 5092 3691 5161 ipsum
3713 5091 3852 5147 diem
3879 5105 4000 5147 san-

2441 5201 2680 5282 gxcitati.
2715 5221 2756 5282 ι.
2779 5200 3159 5280 Ergqscripta;
3186 5199 3334 5257 fuere
3361 5202 3478 5256 ista:
3503 5203 3741 5272 epistoite
3765 5213 4001 5274 tempore

2446 5269 3007 5338 Septuagesimaa’cjus
3034 5271 3180 5324 anni.
3537 5269 3554 5272 ⁷
3874 5269 3888 5274 ⁷

2448 5407 2480 5417 _
2519 5349 2552 5417 ξ.
2574 5336 3072 5417 ζηιρςγεεον.“Ηθηο
3099 5352 3280 5417 vocem
3311 5352 3415 5393 non
3447 5341 3646 5397 habent
3673 5339 3994 5417 Coddamss.

2448 5405 2640 5479 Salisb.
2659 5404 2726 5460 ‘et
2752 5404 3368 5479 san-Emmeramianus;
3403 5425 3500 5465 nec
3523 5420 3699 5467 exstat
3727 5413 3860 5479 apud
3882 5405 3998 5466 Gol-

2447 5475 2680 5548 dastunr,
2722 5476 2810 5543 qui
2857 5477 2993 5548 hanc
3035 5476 3312 5548 epistolam
3348 5479 3512 5533 edidit
3533 5475 3822 5535 Constitut.
3850 5481 3992 5548 imp.,

2449 5552 2577 5616 tom.
2605 5543 2688 5616 lil,
2737 5559 2854 5616 pag.
2882 5547 3003 5616 [57.
3032 5544 3310 5599 Ontittitur
3333 5563 3544 5616 quoque
3572 5550 3626 5602 in
3650 5551 3847 5604 Chron.
3875 5543 3996 5603 cur

2450 5612 2680 5691 tulensi,
2713 5612 3145 5691 apud_Pongct..,
3188 5628 3308 5691 pag.
3336 5612 3474 5680 626;
3510 5628 3622 5691 not;
3653 5618 3991 5691 a._Et_bene,

2451 5697 2571 5734 nam
2599 5682 2717 5757 data
2749 5682 2832 5736 est
2868 5685 2982 5757 hmo
3016 5682 3238 5750 epistola
3267 5692 3552 5757 antequam
3584 5686 3806 5742 Carolus
3835 5685 3992 5757 impe-

2451 5758 2595 5872 rato:
2637 5749 2824 5832 fuisset
2865 5749 3181 5821 declaratus,
3211 5761 3269 5805 ut
3297 5749 3526 5811 diximus
3571 5757 3623 5812 in
3656 5763 3764 5809 not.
3798 5749 4008 5825 antéceo_

2454 5836 2466 5867 ί
2522 5836 2551 5872 n
2578 5835 2627 5872 Ρ.
3235 5847 3239 5856 ‘

2454 5835 2627 5872 (ῐρηῑρ.
3235 5847 3239 5856 .
