4232 6446
120 465 232 522 365

1567 436 1917 495 Ενιδτυιηιιῖ
1931 477 1943 487 .

3265 429 3365 482 ‘266

120 592 276 637 ctum
296 571 539 636 Pascha,
567 566 918 639 quadraginta
955 574 1161 619 tantum
1190 563 1304 616 dies
1332 564 1611 614 remanent
1639 554 1692 609 in
1727 601 1733 615 ,

1822 550 2123 611 Iieavimus;
2185 549 2281 607 οι..
2340 549 2688 615 prohibetur;
2751 546 2845 605 ul.,
2892 544 3363 613 pr;t:.!icavittttts|.

125 658 471 725 abstinentia.
507 660 838 717 Melchiadcs
878 673 1005 713 vero
1054 657 1269 710 natione
1310 656 1458 716 Afer,
1492 653 1575 704 vir
1604 664 1699 720 per

123 764 313 819 omnia
348 758 691 832 apostolicus,
713 754 1019 808 tricesimus
1045 758 1267 819 quartus
1295 756 1415 818 post
1455 753 1697 799 sanetum

128 855 373 915 Petrum,
415 849 502 905 cui
549 845 805 902 successit
850 844 1037 896 beatus
1068 834 1324 894 Silvester
1372 837 1424 891 in
1448 834 1701 890 cathedra

133 942 270 1016 [Αι.,
298 934 628 1007 cathedram]
653 933 953 1005 apostolicm
978 930 1281 1000 dignitatis;
1313 927 1400 981 hic
1427 924 1704 1016 constituit

134 1015 200 1087 ut
226 1032 366 1086 nulla
407 1028 629 1091 ratione,
663 1026 715 1078 in
740 1024 914 1093 prima
942 1021 1023 1076 vel
1049 1021 1234 1090 quinta
1263 1019 1416 1079 feria,
1442 1015 1702 1084 jejunium

133 1124 263 1194 quis
298 1121 365 1175 de
402 1117 647 1173 ﬁdelibus
687 1128 845 1184 agere
881 1116 1249 1182 prmsumeret.
1288 1120 1313 1148 ι
1343 1105 1475 1161 Nam
1520 1121 1617 1160 cur
1652 1105 1705 1159 in

129 1215 311 1284 prima
338 1209 471 1264 feria
499 1206 757 1275 jejunium
791 1205 906 1274 ipso
935 1202 1177 1255 tradente
1205 1199 1463 1261 solvatur,
1491 1212 1596 1252 non
1625 1204 1708 1250 est

132 1301 432 1357 necessitas
460 1296 689 1350 texendo
716 1293 993 1363 replicare.
1029 1290 1283 1357 Quintam
1308 1304 1437 1343 vero
1462 1285 1708 1341 arbitrati

136 1409 359 1456 suntns,
392 1398 608 1461 propter
642 1403 830 1457 magna
866 1385 1118 1456 mysteria
1140 1425 1152 1447 ,
1196 1400 1314 1452 qua:
1356 1386 1408 1436 in
1446 1399 1507 1437 ea
1540 1384 1711 1437 conti-

138 1494 358 1546 nentur,
406 1482 474 1535 ab
504 1496 573 1535 eo
615 1478 969 1550 solutam..lu
1016 1476 1128 1544 ipsa
1158 1468 1412 1543 namque.
1465 1482 1710 1529 sanctum

136 1574 374 1628 chrisma
405 1569 687 1624 coniicitur
711 1566 777 1620 ad
808 1564 1100 1618 abluendas
1128 1564 1292 1617 totius
1323 1563 1502 1616 mundi
1526 1565 1714 1631 prima:

135 1662 367 1732 originis
391 1659 576 1727 culpas
602 1656 737 1729 [AI.,
766 1651 1460 1723 abluendam....culpam];
1514 1654 1568 1706 iu
1600 1653 1712 1721 ipsa

136 1751 506 1809 reconciliatio
550 1748 611 1803 ﬁt
656 1746 1061 1817 pmuiteutium;
1120 1746 1172 1797 in
1226 1745 1339 1813 ipsa
1386 1743 1713 1811 Redemptor

134 1845 380 1900 omnium
407 1839 666 1897 ctenando
687 1837 818 1909 [.tl.,
842 1836 1137 1906 redemptio
1160 1835 1398 1889 omnium
1431 1832 1712 1902 cenando]

136 1952 261 1990 cum
289 1932 564 2001 discipulis
592 1943 783 1999 panem
814 1926 988 1995 fregit,
1018 1935 1072 1979 et
1101 1925 1319 1978 calicem
1344 1924 1546 1992 pariter
1566 1923 1711 1976 dedit

136 2024 218 2078 eis
243 2024 271 2061 δ
307 2023 360 2076 in
391 2024 613 2091 ligttrant
646 2016 890 2084 corporis
926 2025 980 2068 et
1020 2015 1293 2083 sanguinis
1320 2015 1420 2074 sui,
1454 2015 1712 2081 nobisque

136 2114 482 2183 profuturum
511 2124 762 2180 magnum
788 2108 1028 2161 exhibuit
1055 2107 1461 2160 Sat-ramentum
1495 2103 1708 2172 (Πατήρ.

139 2218 292 2268 xxvi,
325 2202 413 2263 26,
439 2202 549 2269 Ξῖ).
577 2201 655 2253 Eo
685 2198 929 2251 videlicet
955 2197 1059 2261 die,
1086 2207 1206 2265 post
1236 2196 1400 2248 multa
1435 2194 1711 2262 mysteria,

116 2295 284 2346 -Deus
328 2299 385 2345 et
433 2290 689 2343 Dominus
719 2294 901 2340 noster
926 2286 1081 2339 Jesus
1107 2284 1369 2345 Christus,
1410 2282 1715 2336 videntibus

140 2384 342 2439 sanctis
368 2379 641 2448 discipulis
669 2378 778 2431 suis
810 2377 1036 2445 gloriosa
1066 2374 1391 2428 Ascensionc
1433 2372 1597 2426 malos
1626 2386 1714 2439 pe-

142 2473 378 2528 netravit
419 2469 573 2538 (Luc.
609 2482 755 2527 xxiv,
786 2466 872 2529 5|;
914 2464 1027 2515 Aet.
1061 2475 1100 2523 ι,
1124 2464 1200 2531 9).
1256 2461 1360 2516 Sed
1408 2476 1475 2513 ne
1504 2460 1716 2515 .diutius

138 2578 319 2619 sermo
347 2558 721 2629 protrahatur;
756 2554 920 2606 multa
953 2562 999 2605 te
1028 2552 1218 2620 legisse
1244 2550 1310 2604 de
1340 2549 1442 2605 hac
1466 2547 1718 2625 solemni-

139 2657 251 2703 tate
292 2650 345 2701 in
389 2654 695 2701 sanctorum
740 2639 1123 2695 venerabilium
1168 2632 1591 2693 o'rtliodOttorum
1618 2632 1737 2690 Pa?

141 2747 290 2790 trum
329 2734 489 2789 dictis
517 2747 618 2785 non
651 2731 978 2799 ignoramus.
1031 2728 1435 2796 Septuagesima
1467 2726 1741 2793 denique,

136 2838 199 2882 nt
221 2827 571 2887 aestimamus,
604 2831 887 2892 propterea
915 2822 982 2874 ab
1012 2820 1278 2888 aliquibus
1301 2820 1637 2879 observatur,
1662 2829 1722 2872 ttt

140 2932 195 2973 et
232 2916 471 2972 decimas
509 2915 716 2995 dierum
740 2913 849 2966 Deo
887 2910 1021 2982 [Al.,
1044 2908 1292 2980 Domino]
1324 2909 1451 2962 dare
1488 2916 1715 2977 queant;

139 3008 389 3076 etprima
418 3005 502 3059 vel
532 3004 733 3072 quinta,
778 3017 878 3056 nec
911 3017 1014 3056 non
1043 3010 1098 3055 et
1138 3000 1366 3068 septima
1406 3000 1538 3054 feria
1581 2997 1751 3066 jeju-~

142 3096 293 3149 nium
344 3093 551 3148 solvere
583 3089 784 3161 [Gold.,
827 3090 1118 3143 observare
1168 3085 1433 3158 mendose]
1488 3088 1715 3155 possint.

139 3189 188 3239 Α
207 3181 609 3253 Septuagesima
634 3193 761 3233 vero
782 3192 952 3245 usque
980 3177 1033 3230 in
1055 3176 1281 3240 Pascha,
1311 3190 1503 3230 novem
1528 3175 1720 3228 hebdo-

144 3273 316 3328 matlte
368 3278 516 3332 sunt,
570 3283 689 3337 qua:
735 3265 939 3321 faciunt
987 3266 1102 3319 dies
1154 3264 1431 3333 sexaginta
1490 3271 1721 3331 quatuor

143 3358 346 3434 [Calda
380 3355 533 3428 tres],
565 3372 594 3411 e
623 3355 837 3424 quibus,
864 3354 909 3407 si
936 3352 1356 3422 deﬂuuaquaque
1384 3351 1718 3406 ltebtlomada

147 3460 259 3505 tres
292 3448 545 3519 praefatos
572 3446 906 3501 subtraxeris
938 3446 1074 3506 dies,
1105 3454 1157 3498 ct
1184 3444 1499 3499 Paschalcm
1544 3458 1721 3496 saera-

84 3533 89 3538 ’
144 3540 434 3597 tissimum,
467 3537 686 3603 triginta
713 3550 804 3587 sex
841 3535 891 3586 itt
930 3534 1255 3595 abstinentia
1287 3532 1416 3603 [Αι.,
1451 3533 1722 3585 abstinen-

146 3626 255 3699 tia]
289 3634 567 3680 remanent
590 3623 724 3677 dies.
763 3622 828 3675 Hi
856 3636 981 3675 vero
1005 3620 1320 3683 Sabbatum,
1370 3623 1420 3673 in
1449 3635 1555 3688 quo
1585 3620 1724 3673 Deus

147 3723 213 3775 ab
243 3720 495 3774 omnibus
520 3717 771 3787 cperibus
802 3714 1065 3782 requievit
1099 3712 1275 3783 (Gem,
1306 3729 1366 3771 ιι,
1393 3714 1468 3777 ‘2),
1499 3727 1604 3765 non
1635 3726 1723 3766 so-

147 3812 255 3865 lum
285 3812 359 3865 ob
382 3808 817 3878 superstitionem
842 3804 1170 3869 Judzeorum,
1200 3819 1300 3858 nec
1326 3813 1546 3872 propter
1575 3816 1725 3856 man-

146 3906 272 3959 data
298 3903 489 3972 legalia
516 3901 728 3955 Veteris
752 3898 1102 3962 Testamenti,
1125 3913 1243 3966 quae
1272 3906 1396 3950 sunt
1426 3897 1615 3951 umbra
1645 3894 1726 3947 fu-

148 4003 416 4053 turorum,
447 3992 540 4044 sed
566 4005 632 4043 ne
655 4005 776 4043 cum
804 3987 1005 4041 Ιυίιωίδ
1031 3986 1395 4050 scandalizent
1417 3984 1547 4056 [Al.,
1572 4001 1727 4040 scan-

146 4082 483 4146 dalizentur;
519 4077 702 4141 δοιώ,
726 4073 1205 4144 sabbaptizentur],
1225 4074 1488 4140 jejunium
1516 4074 1725 4127 solvere

149 4168 354 4241 [Gold.,
386 4167 694 4228 observare,
726 4163 990 4236 mendose]
1041 4172 1322 4218 conantur.
1357 4163 1431 4216 Ea
1458 4163 1726 4231 praecipue

149 4275 311 4314 causa
364 4265 466 4317 est,
516 4256 641 4325 quia
687 4261 1097 4323 vesperascente
1150 4253 1264 4320 ipso
1310 4251 1416 4313 die,
1468 4250 1725 4320 gaudium

148 4352 259 4420 90
286 4356 485 4405 sancta:
523 4346 931 4401 resurrectionis
967 4360 995 4397 a
1025 4344 1270 4420 ﬁdelibus
1300 4342 1594 4397 honoriﬁce
1642 4354 1728 4395 ce-

152 4416 411 4493 lebratur.
440 4437 545 4491 Sed
570 4437 694 4503 quia
723 4416 1097 4503 unusquisque.
1123 4435 1175 4488 in
1221 4450 1319 4495 suo
1348 4449 1509 4489 sensu
1557 4434 1727 4486 abun-

1874 652 1894 678 ο
1929 642 1999 695 De
2028 640 2127 717 hoc
2171 648 2365 695 autem.
2406 638 2546 704 quod
2592 634 2835 689 chartula
2878 642 3156 701 prosecuta
3190 644 3364 686 vestra

1805 735 2006 794 retulit,
2032 732 2175 801 quod
2201 728 2429 799 plurima
2462 730 2585 784 hinc
2614 729 2716 783 dici
2755 730 2979 796 possint,
3016 727 3107 781 sed
3139 726 3372 780 noluisse

1804 834 1855 879 te
1881 822 2137 878 excedere
2166 821 2382 875 modum
2428 819 2707 879 chartulre,
2740 828 2793 872 ct
2824 818 3053 871 maxime
3080 818 3203 885 quia
3252 832 3372 869 cun

1805 914 2030 985 sapienti
2051 913 2236 981 paucis
2267 912 2521 966 utendum
2558 912 2626 964 sit
2655 910 2853 971 verbis,
2887 909 2957 961 ita
2996 918 3050 960 et
3100 924 3196 961 nos
3222 923 3373 961 versa

1803 1004 1921 1057 vice
1936 1003 2119 1071 paucis
2148 1016 2315 1072 pauca
2354 1001 2744 1071 rescripsimus.
2765 1000 2915 1064 Quod
2942 1007 3120 1053 autent
3149 1014 3373 1068 usurpa-

1808 1093 1905 1147 stis
1926 1092 2086 1146 verba
2112 1092 2306 1161 regina:
2330 1090 2484 1143 Saba:
2509 1090 2575 1143 ad
2596 1088 2933 1142 Salomonem
2960 1087 3024 1139 de
3051 1088 3377 1140 beatitudine.

1810 1199 2086 1241 servorum
2111 1183 2202 1253 qui
2247 1181 2401 1235 nobis
2439 1181 2717 1240 assistunt,
2754 1188 2808 1230 et
2843 1177 3066 1231 audiunt
3098 1178 3258 1229 verba
3289 1193 3375 1230 sa-

1809 1276 2024 1343 pientia:
2049 1281 2267 1334 nostrae,
2295 1272 2339 1326 si
2370 1271 2470 1325 hoc
2499 1284 2681 1322 verum
2730 1267 2841 1320 fore
2870 1268 3040 1329 seitis,
3071 1266 3263 1325 venite,
3296 1281 3378 1316 as-

1812 1365 2004 1425 sistite,
2039 1363 2236 1423 audite,
2268 1369 2321 1414 et
2349 1360 2551 1429 pariter
2598 1360 2649 1411 in
2680 1358 2904 1411 Domino
2950 1358 3001 1409 in
3051 1356 3216 1425 pratis
3267 1371 3381 1407 ver.

1814 1455 2067 1509 nantibus
2089 1453 2352 1507 varietate
2381 1450 2569 1504 ﬂerunt
2599 1449 2997 1519 Scriptttrat'unt
3030 1446 3383 1514 jucttndantes

1816 1546 2163 1600 delectemur.

2249 1620 2272 1651 ά
2309 1614 2633 1668 ΙΞΡΙΞΤΟΙΑ
2688 1610 2823 1667 LXX
2836 1613 2941 1667 ΧΠ.

2322 1700 2387 1736 ΑΒ
2429 1701 2641 1738 DUSIVl'll
2684 1700 2853 1737 “illi.”
2866 1723 2876 1733 .

2423 1774 2596 1839 (\nno
2628 1772 2773 1837 798.)

1888 1858 2177 1927 [respondet
2211 1860 2280 1913 ad
2315 1860 2582 1927 episwlum
2617 1860 3012 1929 pm‘redenmu,
3042 1869 3086 1909 et
3116 1850 3319 1912 lunaris

2194 1929 2358 1980 saltus
2397 1931 2785 1996 sttpptttationes
2824 1931 2998 1980 mittit.

1883 2015 2146 2085 Oplahilis
2190 2016 2320 2087 [.-ll.,
2353 2028 2398 2068 et
2440 2018 2555 2068 rod.
2598 2016 2730 2071 ιρι..
2778 2028 2959 2085 optata
3004 2021 3155 2089 mihi}
3199 2032 3250 2074 ct
3299 2023 3387 2075 ditt

1815 2107 2118 2161 desiderata
2161 2117 2352 2160 vestrm
2394 2108 2647 2161 bonitatis
2690 2109 2988 2161 litterarum
3024 2107 3188 2163 facies
3215 2111 3391 2163 subito

1815 2196 2029 2253 ell‘ulsit.
2061 2198 2432 2265 permultoquc
2460 2207 2703 2266 tempore.
2741 2199 2926 2251 avidos
2958 2200 3171 2251 videndi
3211 2201 3391 2253 oculos

1818 2286 2141 2339 sanctissimi
2177 2287 2342 2338 vestri
2373 2288 2603 2339 nominis
2643 2286 2820 2354 apices
2848 2286 3172 2339 refecerunt.
3214 2287 3297 2349 Et,
3332 2288 3390 2339 li-

1816 2385 1901 2429 cet
1943 2375 2140 2443 aliquid
2191 2376 2611 2443 reprehensibile
2664 2376 2906 2443 sequenti
2954 2377 3093 2427 serie
3140 2378 3202 2430 de
3259 2380 3393 2435 meis

1816 2464 2169 2518 cantitassent
2200 2464 2470 2525 litterulis,
2507 2474 2682 2517 tamen
2714 2466 2893 2516 omnia
2939 2464 3186 2517 tnellillua
3216 2466 3396 2519 dulce-.

1817 2550 1939 2603 dine
1969 2551 2156 2610 hausi,
2207 2549 2332 2603 dum
2374 2553 2473 2604 hoc
2498 2540 2862 2607 desiderabile
2901 2562 2956 2606 et
2992 2555 3218 2606 multum
3265 2557 3393 2609 mihi

1817 2640 2046 2693 amabile
2088 2641 2140 2692 in
2180 2640 2354 2707 ptimo
2389 2644 2564 2709 capite
2600 2657 2793 2696 nomen
2829 2644 3094 2712 apparuit.
3140 2638 3396 2699 Gratissi-

1820 2743 1964 2780 mum
1996 2729 2125 2781 mihi
2152 2730 2312 2781 etiam
2346 2729 2457 2783 fore.
2488 2728 2663 2785 fateor
2688 2730 2816 2801 HL,
2844 2731 3091 2802 fatebor].
3123 2742 3179 2784 ut
3203 2732 3285 2785 vel
3318 2734 3395 2787 sic

1819 2818 2164 2870 beatitudinis
2212 2826 2404 2871 vestra:
2465 2820 2701 2887 syllabas
2744 2835 2982 2874 mererer
3029 2822 3303 2874 osculari:
3338 2832 3398 2874 ut

1820 2895 1961 2975 quod
2025 2916 2282 2978 perpetua
2326 2916 2377 2959 et
2434 2908 2683 2962 inviolata
2740 2925 2845 2964 non
2886 2912 3056 2979 potuit
3101 2911 3433 2989 promereri.

1820 2998 2057 3063 dilectio,
2106 2998 2294 3052 saltem
2326 2998 2782 3066 reprehensionis
2828 3003 3051 3055 materia
3101 3002 3279 3057 subito
3306 2996 3402 3058 ex;
3488 3044 3491 3047 ‹

1824 3096 2133 3157 torqueret:
2174 3089 2350 3141 sciens
2401 3089 2620 3142 meliora
2677 3104 2794 3144 esse
2843 3091 3061 3145 vulnera
3111 3092 3397 3161 diligentis,

1820 3195 1984 3248 quant
2035 3179 2378 3234 fraudulenta
2425 3180 2605 3233 oscula
2657 3181 2905 3235 otlientis.
2963 3182 3070 3236 Nec
3111 3184 3306 3237 mirum
3353 3186 3398 3237 si

1826 3269 2051 3321 tarditas
2074 3268 2224 3321 aselli
2257 3269 2520 3321 sustineat
2556 3270 2607 3322 in
2636 3271 2796 3324 dorso
2826 3268 3114 3340 ﬂagellum.
3144 3272 3254 3337 Ego
3286 3280 3400 3325 tar-

1824 3362 1945 3421 dus,
1972 3374 2071 3429 ego
2114 3360 2218 3412 mei
2269 3360 2435 3427 ipsius
2459 3358 2614 3430 [Cod.
2657 3360 2796 3424 Vah,
2830 3373 3038 3430 egomet
3075 3362 3261 3433 ipsius]
3302 3364 3406 3418 itu-

1827 3465 2051 3511 memor,
2078 3457 2379 3503 vestrorum
2406 3448 2631 3504 forsitan
2672 3450 2830 3521 digne
2858 3466 3145 3520 puerorum
3173 3453 3400 3506 sustinui

1826 3537 2109 3605 flagellum.
2146 3536 2384 3591 Entellus
2427 3539 2608 3593 senior
2637 3538 2793 3593 ell‘cto
2823 3554 3047 3610 corpore
3076 3541 3272 3594 dudum
3300 3556 3401 3595 cte-

1828 3636 1941 3678 stus
1970 3626 2213 3693 deposuit
2245 3641 2373 3679 suos
2405 3644 2417 3678 :
2452 3637 2608 3682 :etate
2639 3627 2954 3684 ﬂorentibus
2986 3632 3127 3684 cedit
3170 3631 3287 3685 illos
3312 3614 3419 3683 diu?

1828 3713 1937 3766 tlni.
1989 3713 2112 3767 ideo
2163 3714 2358 3782 aliquis
2406 3714 2616 3779 illorum
2667 3719 2934 3772 seniorem
2986 3721 3185 3787 ingenti
3227 3737 3404 3789 pugno

1827 3805 2127 3871 percussit,
2175 3805 2248 3858 ita
2298 3815 2357 3858 ut
2391 3806 2562 3873 caligo
2604 3808 2984 3876 obversaretur
3018 3810 3201 3864 oculos
3232 3812 3406 3867 senio-

1828 3894 1935 3956 ris;
1966 3902 2019 3947 ct
2048 3895 2131 3947 vix
2168 3896 2454 3964 resumptis
2490 3897 2694 3951 viribus
2736 3897 2962 3969 frigidus
2997 3901 3138 3955 circa
3167 3916 3403 3969 praecor-

1828 3986 1914 4057 dia
1947 3987 2172 4040 recaluit
2203 3988 2440 4055 sanguis.
2472 3987 2539 4042 Et
2567 3996 2626 4042 ttt
2656 3992 2723 4045 ad
2758 4004 2872 4045 rem
2894 3992 3127 4053 veniam,
3160 4007 3223 4046 ac
3253 3992 3404 4061 igno-

1829 4076 2017 4129 rantiae
2047 4075 2300 4129 fomentis
2325 4086 2487 4144 caput
2516 4080 2761 4146 percussi
2805 4080 3063 4138 medicari
3112 4080 3399 4147 incipiant:

1828 4177 1928 4231 ego
1980 4163 2279 4230 imperitus,
2311 4178 2411 4232 ego
2459 4164 2708 4234 ignarus,
2757 4167 3004 4221 nesciens
3031 4166 3401 4238 Algyptiacam

1829 4251 2063 4306 scholam
2112 4253 2161 4305 in
2189 4253 2389 4321 palatio
2414 4255 2681 4311 Davidica:
2703 4259 2909 4313 versari
2949 4259 3132 4329 gloria:
3158 4271 3219 4311 ες
3256 4259 3273 4298 ί
3306 4276 3406 4330 ego

1831 4340 2017 4395 abiens
2054 4340 2272 4395 Latinos
2293 4342 2364 4395 ibi
2390 4342 2587 4396 dimisi.
2638 4344 2829 4400 Nescio
2854 4346 2977 4415 quis
3007 4347 3405 4403 subintroduxit

1837 4432 1861 4469 ⁸
1885 4429 2184 4501 Εεγρῑίοε.
2231 4430 2341 4485 Nec
2371 4440 2476 4485 tam
2510 4432 2758 4488 indoctus
2796 4435 2872 4489 fui
2902 4436 3253 4505 Memphitica:
3280 4452 3407 4505 sup-

121 4578 124 4580 .
153 4532 244 4585 dat
294 4525 472 4597 (Rom.
501 4541 613 4589 xrv,
638 4524 715 4594 5),
765 4524 877 4577 sive
920 4526 1042 4585 hoc,
1076 4525 1189 4577 sive
1244 4524 1388 4606 aliud
1436 4524 1525 4585 sit,
1581 4520 1810 4607 salvan
1834 4522 2144 4589 putationis,
2174 4536 2334 4589 quam
2367 4520 2654 4576 benevolus
2692 4522 2950 4577 Romana:
2979 4525 3401 4580 consuetudinis.

155 4618 255 4674 ﬁde
315 4625 368 4670 et
409 4616 662 4686 religione
708 4612 837 4668 nihil
884 4598 1296 4682 pracjudicamu's
1343 4610 1471 4681 [Αι.,
1530 4609 1727 4678 prasju-

224 4786 250 4813 8
285 4772 426 4825 Nam
451 4788 610 4824 cur...
639 4771 695 4823 ln
739 4768 869 4822 Cod.
899 4782 999 4822 ms.
1037 4763 1605 4819 San-Emmeramiam
1655 4764 1725 4817 ita

155 4842 384 4911 legitur:
418 4838 558 4911 Nam
581 4852 731 4911 gitur
758 4839 812 4889 in
838 4838 1004 4904 prima
1043 4836 1173 4903 feria
1200 4835 1465 4911 jejuni-um
1496 4849 1598 4885 non
1630 4834 1723 4911 ﬁat

156 4900 283 4988 5ng
310 4908 545 4988 tradente
573 4900 866 4966 Saluatore,
913 4921 1015 4956 non
1043 4900 1139 4957 est
1183 4900 1464 4956 necessitas
1506 4900 1725 4955 texendo

159 4978 611 5114 "witty/inurunt.
636 5042 902 5114 Cod._ms.
936 5040 993 5093 S.
1019 5040 1502 5114 Emmeramianus,
1531 5046 1585 5092 et
1608 5036 1729 5114 Gol—

158 5118 344 5169 dastus
366 5107 487 5166 3'1»
524 5113 713 5183 ﬁgura.
743 5111 880 5183 plltcc
909 5124 1016 5183 non
1048 5108 1392 5183 intelligenda
1424 5123 1583 5161 sensu
1613 5107 1726 5183 cal-

160 5184 427 5245 vinistico.
458 5175 863 5242 sed'catholico,
893 5180 967 5231 uti
999 5175 1335 5245 explicantur
1382 5178 1432 5230 in
1463 5191 1623 5244 opere
1657 5175 1717 5229 D.

161 5252 496 5321 Arualdi,“
521 5251 881 5321 Perpetuitate
912 5248 1054 5321 ﬁdei,
1086 5250 1214 5321 tom.
1248 5248 1287 5310 Ι,
1312 5262 1432 5317 pag.
1458 5245 1581 5321 765.

230 5332 251 5358 ε
301 5320 377 5373 De
398 5319 495 5372 hoc
524 5314 715 5373 autem.
760 5320 909 5373 Hanc
946 5317 1265 5385 clausulam,
1290 5314 1409 5385 qua:
1440 5316 1623 5385 deerat
1674 5314 1724 5366 in

163 5390 357 5449 Editis,
398 5387 699 5443 addidimus
746 5403 812 5444 ex
852 5387 983 5441 Cod.
1029 5400 1129 5439 ms.
1181 5384 1401 5444 Salisb.,
1446 5384 1725 5445 Goldasto,

164 5460 266 5512 loc.
312 5458 430 5526 cit.,
478 5470 596 5526 pag.
625 5459 746 5521 138,
794 5454 1196 5515 et'D‘Acherio,
1242 5452 1426 5521 Spicil.
1479 5450 1727 5506 tom.'lV.

164 5524 660 5674 pagillggcpistolg
685 5595 823 5674 apud
855 5594 1126 5674 C‘a_nisium
1160 5592 1240 5674 l5,
1271 5588 1733 5674 apztd'Quercetao

169 5681 293 5734 num
321 5668 374 5728 ξ),
412 5658 570 5734 (apud
614 5658 843 5734 Froben.
878 5662 968 5731 67)
1002 5670 1340 5734 numeratur;
1391 5658 1463 5711 i'ai
1507 5658 1729 5734 mutila;

172 5732 257 5786 hic
284 5727 506 5801 integra.
537 5730 815 5801 accedunt
841 5727 1415 5801 nunciemendationes
1463 5727 1731 5779 nonnullae.

171 5813 235 5853 ex
262 5795 506 5856 codfms.
536 5799 666 5867 Reg.
702 5799 819 5851 Vat.
858 5816 910 5851 η.
950 5795 1071 5850 226.

527 5892 765 5954 PATROI
842 5890 888 5947 C

1836 4610 2046 4663 Annum
2083 4625 2202 4664 cum
2239 4619 2364 4665 nato
2389 4610 2627 4675 Christo,
2659 4620 2713 4666 et
2742 4624 3019 4668 crescente
3048 4614 3165 4669 luce
3184 4616 3407 4687 initiare

1908 4781 1928 4842 ξ
1959 4768 2054 4842 llic
2082 4768 2201 4842 linis
2228 4779 2311 4825 est
2319 4770 2571 4842 epistola:
2593 4768 2732 4842 apud
2757 4770 3053 4842 Canisium.

1908 4837 1931 4907 ξ
1960 4837 2071 4907 Ego
2093 4836 2290 4894 abiens.
2318 4836 2567 4893 E'sehola
2597 4836 2785 4907 nempe
2815 4840 3049 4907 palatina
3080 4839 3343 4894 Turonos.

1899 4905 2062 4989 937i3
2096 4908 2391 4989 Egyptios.
2440 4910 2670 4989 Quinam
2718 4905 2919 4989 iuerint
2970 4905 3299 4989 Egyptiacl_
3329 4908 3402 4961 illi

1830 4975 2498 5045 praeceptores,’eonjicere
2526 4978 2655 5031 mihi
2680 4976 2865 5029 videor
2888 4992 2954 5030 ex
2978 4975 3215 5029 carmine
3240 4976 3405 5031 Theo-

1833 5044 1961 5099 dulli
1989 5044 2393 5117 Aurelianensis
2422 5046 2657 5115 episcopi
2680 5047 2751 5117 ad
2782 5045 3151 5117 Angilbertum
3177 5063 3188 5097 :
3219 5048 3405 5117 quoin

1833 5115 2072 5169 carmine
2094 5110 2336 5167 Scottum
2365 5110 2647 5180 quemdam
2677 5116 2727 5168 in
2757 5110 2894 5170 aula'
2913 5118 3190 5183 degentem
3224 5110 3284 5168 ac
3314 5116 3406 5168 do—

1833 5191 2043 5253 centem
2072 5183 2219 5237 faISis
2264 5183 2719 5253 amarulentisque
2748 5185 2987 5238 dicteriis
3018 5184 3241 5253 impetit.
3274 5184 3404 5237 Nam

1836 5250 2005 5321 Scotti
2031 5268 2096 5306 ex
2127 5252 2380 5321 Hibernia
2414 5253 2517 5305 orti
2548 5250 2673 5307 olit'n
2706 5254 3066 5321 sequebantur
3095 5250 3405 5319 Paschalem

1834 5320 2091 5390 circulum
2138 5320 2641 5383 Alexandrinorum.
2672 5323 2759 5390 qui
2784 5320 2998 5375 Pascha
3032 5322 3169 5373 lume
3212 5331 3407 5387 quarta

1836 5389 2040 5444 decima
2075 5390 2181 5451 die,
2211 5390 2256 5442 si
2285 5390 2498 5456 quando
2530 5392 2580 5445 in
2611 5389 2941 5444 Dominicam
2986 5390 3277 5452 incidisset,
3321 5406 3409 5443 ce-

1835 5457 2130 5526 lebrabant.
2164 5456 2229 5510 Et
2258 5456 2436 5513 forsan
2462 5459 2509 5512 is
2548 5468 2662 5513 erat
2691 5457 2935 5511 Clemens
2970 5457 3205 5521 Scottus.
3250 5473 3405 5526 quem

1836 5528 1889 5580 in
1918 5525 2086 5579 Gallia
2120 5526 2187 5580 ad
2213 5527 2506 5581 docendum
2539 5528 2702 5579 fuisse
2729 5526 2972 5581 relictum
2998 5543 3027 5581 a
3058 5525 3276 5587 Carolo,
3302 5536 3407 5579 tra~

1837 5595 1913 5648 dit
1940 5594 2231 5649 monachus
2256 5593 2711 5663 Sanct—Gallensis
2745 5594 2897 5648 initio
2926 5594 3046 5648 libri
3079 5595 3256 5663 primi.
3293 5594 3403 5647 MA~

1838 5676 2111 5717 atttostus
2160 5664 2270 5715 Act.
2320 5662 2423 5717 SS.
2477 5680 2595 5716 me.
2650 5678 2700 5715 tv
2778 5671 2916 5731 part.
2962 5678 3013 5724 ι,
3064 5662 3408 5736 prmf.,.pag.

1842 5746 2022 5784 -ὛΧΧΙο
2444 5756 2445 5759 ‘

3019 5882 3055 5933 9
