4232 6442
765 440 862 494 267
1367 405 1371 416 ’
1655 432 1713 487 Β.
1756 431 1815 486 r.
1857 428 2078 485 suum
2113 426 2241 484 seu
2283 419 2553 511 ALCUINl
2583 419 2861 478 omnum
2895 417 3073 475 rans
3099 417 3137 472 ι.

766 546 1057 604 secundum
1099 545 1324 602 Latinos
1370 540 1573 608 volens,
1624 556 1732 597 non
1780 550 1906 595 cum
1930 535 2224 609 Egyptiis,
2252 535 2343 604 qui
2377 539 2421 598 Α
2459 531 2600 598 ναι..
2628 531 2905 602 duxistis],
2948 530 3126 603 nescio
3153 526 3284 599 quid
3309 525 3528 581 flacctna
3566 525 3841 583 rusticitas
3860 526 4013 584 diviti

768 635 997 691 tenebr.e
1027 634 1471 703 interpretantur,
1498 644 1531 686 a
1557 627 2059 701 supervenientibus
2103 624 2343 680 tenebris

764 726 930 782 ordiri
954 741 971 782 :
995 724 1121 795 quia
1149 723 1282 789 scio,
1316 736 1405 779 me
1427 720 1558 777 olim
1605 735 1727 776 cum
1755 718 1937 790 Moyse
1958 716 2066 787 οι
2095 714 2342 800 tenebras

765 815 1139 888 Egyption
1175 814 1501 886 rdinquere,
1528 819 1585 868 et
1609 812 1771 868 modo
1795 810 1852 866 in
1881 818 2025 864 terra
2055 805 2342 878 repromis-

763 910 950 974 sionis,
979 908 1115 964 lucis
1141 916 1197 963 et
1228 905 1429 963 laetitias
1467 920 1592 962 cum
1619 902 1748 960 Iesu
1778 903 1914 958 duce
1952 907 2144 956 nostro
2176 897 2340 953 liber-

763 1007 875 1054 tate
910 999 1202 1053 honoratus
1227 1005 1396 1061 stare,
1431 1002 1488 1050 et
1512 992 1838 1059 nullatenus,
1873 989 2170 1045 secundum
2199 985 2345 1056 quod

762 1092 871 1146 dux
911 1105 1080 1156 meus,
1112 1091 1221 1145 imo
1255 1096 1312 1144 et
1342 1087 1603 1143 Dominus
1637 1093 1823 1140 noster
1853 1081 2009 1146 dixit,
2048 1080 2245 1134 iterum
2275 1077 2344 1131 ad

765 1182 1046 1254 Egyptias
1071 1181 1250 1236 redire
1274 1179 1546 1234 tenebras.

839 1275 987 1331 Unde
1015 1272 1183 1335 miror
1210 1286 1307 1326 cur
1346 1269 1498 1341 pueri
1525 1265 1695 1324 vestri
1737 1277 1939 1320 annum
1979 1259 2282 1332 legitimum
2311 1271 2344 1311 a

766 1378 952 1418 mense
987 1359 1326 1431 Septembrio
1351 1357 1590 1427 incipere
1619 1352 1814 1418 velint,
1835 1358 1893 1406 et
1915 1357 2131 1421 partem
2169 1357 2344 1400 trans-

765 1455 872 1510 acti
915 1448 1400 1510 decennovennalis
1447 1445 1694 1516 sequenti
1750 1449 2071 1500 connectere
2115 1436 2338 1500 circulo,

765 1544 992 1600 caudam
1033 1548 1308 1598 vertentes
1342 1538 1397 1593 in
1429 1544 1594 1606 caput
1624 1553 1639 1589 :
1675 1543 1733 1590 et
1761 1547 1872 1590 non
1897 1530 2069 1600 magis
2091 1527 2347 1585 omnibus

766 1635 907 1690 luna:
951 1640 1006 1688 et
1048 1631 1284 1687 siderum
1313 1626 1636 1698 augmentis,
1667 1623 1754 1680 vel
1781 1607 2118 1679 detrimentis
2154 1614 2344 1686 explo-

766 1726 863 1791 sis,
894 1723 964 1779 ad
1007 1737 1204 1778 novum
1254 1733 1457 1776 annum
1501 1723 1558 1774 et
1601 1713 1669 1770 ad
1704 1718 1868 1782 caput
1913 1703 2342 1779 supervenientis

765 1813 954 1873 circuli
981 1812 1202 1869 omnino
1253 1810 1426 1865 libere
1450 1807 1672 1862 intrare.
1715 1802 1874 1858 Libet
1899 1808 2078 1855 tamen
2107 1797 2346 1852 interro-

2443 619 2598 692 [Cod.
2658 620 2802 686 ναι,
2832 616 3119 689 Βυνίιιίοτε]
3152 615 3432 686 sapientiae
3480 615 3720 687 ignotum
3769 615 4015 687 ingerere

2441 711 2638 766 valeat.
2670 709 2778 765 Sed
2807 709 2852 765 si
2881 716 3006 763 nota
3039 715 3093 762 ct
3130 705 3261 762 olim
3294 705 3474 760 audita
3501 719 3610 760 non
3636 704 3762 761 licet
3789 702 4014 768 inferre,

2440 799 2570 870 quid
2601 799 2860 855 faciemus
2885 798 2953 853 de
2985 796 3199 861 litteris,
3248 795 3470 867 syllabis
3497 795 3691 860 etiam,
3717 803 3772 849 et
3800 793 4011 856 verbis,

2441 891 2638 960 quibus
2670 891 2748 945 uti
2799 889 2954 944 nobis
3002 901 3226 943 necesse
3248 893 3333 942 est
3381 885 3652 956 quotidie;
3705 885 3811 939 nisi
3865 899 4016 939 nova:

2443 982 2806 1051 grammaticae
2847 980 2983 1034 artis
3037 977 3252 1049 regulas
3299 976 3607 1046 excogitare
3659 974 4018 1045 incipiamus?

2439 1069 2560 1127 lam
2588 1069 2720 1124 mihi
2764 1067 2992 1122 multum
3025 1065 3220 1120 melius
3262 1063 3384 1130 fuit,
3413 1078 3576 1133 super
3600 1078 3844 1119 mensam
3886 1062 4016 1118 delio

2442 1159 2648 1214 ciarum
2670 1166 2968 1212 vestrarum
2997 1168 3189 1225 panem
3213 1153 3540 1209 manducare
3579 1153 4014 1217 mundissimum,

2442 1264 2604 1321 quam
2624 1263 2748 1303 cum
2775 1246 3014 1302 Menalca
3038 1246 3092 1300 in
3122 1244 3376 1314 pistrinio
3406 1258 3574 1315 grana
3602 1243 3767 1297 tritici
3794 1258 4014 1313 compu-

2442 1347 2582 1404 tare,
2623 1337 2766 1392 unde
2805 1335 2964 1406 panis
3009 1333 3350 1390 conficiatur.
3404 1333 3462 1388 Si
3510 1333 3722 1408 placet,
3756 1333 4021 1387 intremus

2441 1425 2715 1503 paululum
2763 1424 3148 1480 calculatorum
3182 1421 3463 1491 pistrillas,
3501 1422 3587 1476 vel
3609 1422 4017 1476 mathematico-

2443 1531 2570 1574 rum.
2590 1513 2902 1586 fuliginosas
2944 1511 3204 1582 coquinas
3228 1528 3242 1564 :
3268 1518 3325 1565 et
3351 1509 3685 1580 proferemus
3719 1512 3864 1566 unde
3891 1510 4018 1566 olim

2443 1606 2680 1675 ¢Ognita,
2704 1617 2848 1661 nunc
2870 1617 3005 1673 pene
3039 1601 3227 1666 oblita,
3251 1599 3406 1670 juxta
3453 1599 3658 1670 Virgilii
3700 1600 3868 1655 vestri
3896 1614 4021 1669 pro-

2443 1693 2704 1763 phetiam.
2729 1693 2864 1747 Nam

2520 1806 3633 1878 ...........s:epcegolongos

765 1870 895 1976 pare
938 1902 1039 1958 hos
1077 1900 1225 1970 ipsos
1267 1909 1497 1966 pueros,
1541 1909 1612 1948 an
1650 1889 2057 1948 convenientius
2094 1886 2339 1942 videatur
2369 1870 2417 1932 Β

2175 1887 2339 1942 leam?
2369 1870 2417 1932 Β
2511 1897 2789 1952 Cantando
2817 1911 3048 1966 puerum
3072 1870 3292 1950 memini
3317 1870 3401 1949 uie
3431 1870 3665 1950 condere
3688 1892 3846 1949 soles.

764 1992 926 2050 unius
953 1989 1077 2045 anni
1103 1995 1291 2044 states
1315 1986 1533 2040 lunares
1558 1997 1660 2054 pro
1696 1979 2031 2052 regularibus
2057 1977 2257 2033 habere
2287 1984 2345 2029 et

766 2083 869 2138 hoc
891 2078 1053 2151 primi
1077 2078 1240 2142 anni;
1282 2074 1369 2128 vel
1392 2073 1556 2128 etiam
1581 2072 1811 2128 duorum
1850 2082 2138 2132 annorum,
2169 2066 2224 2121 id
2261 2072 2345 2119 est

766 2170 1046 2229 novissimi
1072 2167 1265 2226 circuli
1289 2162 1794 2228 decennovennalis,
1836 2171 1892 2216 et
1915 2158 2077 2230 primi
2117 2171 2346 2226 sequen-

767 2265 873 2320 tis?
899 2263 967 2318 Et
991 2271 1178 2320 utrum,
1199 2256 1396 2315 rationi
1419 2255 1652 2312 vicinius
1677 2253 1771 2318 sit,
1799 2251 1856 2306 in
1896 2249 2005 2305 fine
2033 2245 2221 2304 circuli
2247 2245 2342 2299 de-

767 2350 1188 2412 cennovennalis
1205 2348 1402 2405 saltum
1433 2348 1780 2410 interserere,
1803 2341 1890 2398 vel
1917 2341 1974 2397 in
2000 2339 2179 2394 medio
2205 2350 2343 2406 quo—

767 2446 901 2502 libet
926 2443 1103 2513 anno?
1122 2441 1301 2498 Etiam
1324 2446 1380 2496 et
1407 2439 1513 2494 hoc
1531 2436 1694 2493 velim
1714 2434 1877 2499 scire,
1903 2430 2173 2502 quomodo
2197 2443 2346 2483 com-

764 2541 963 2606 putare
986 2529 1154 2586 velint
1170 2535 1365 2590 aetates
1391 2526 1610 2582 lunares
1634 2537 1668 2583 a
1691 2523 1882 2593 quinto
1913 2518 2121 2576 decimo
2149 2515 2346 2606 Kalem

766 2601 866 2682 das
897 2617 1042 2684 Maii,
1072 2617 1164 2673 ubi
1199 2624 1396 2689 quarta
1422 2613 1631 2670 decima
1671 2611 1798 2670 luna
1841 2623 1870 2652 ι
1905 2605 2183 2664 novissimi
2217 2601 2344 2658 anni

767 2709 890 2776 fuit,
929 2721 1102 2778 usque
1128 2705 1199 2760 ad
1224 2701 1625 2774 Septembrium
1651 2711 1915 2762 mensem,
1941 2696 1998 2752 in
2026 2708 2133 2764 quo
2157 2705 2347 2748 mense

767 2797 956 2868 quinta
981 2793 1122 2864 apud
1149 2790 1501 2863 Egyptiacos
1525 2801 1721 2861 pueros
1747 2785 2038 2843 cantatur?
2065 2781 2345 2850 Quomodo

767 2887 887 2943 fleri
931 2885 1102 2956 possit
1136 2891 1197 2939 ut
1240 2882 1414 2937 altera
1465 2879 1594 2936 luna
1637 2892 1851 2949 semper
1876 2876 2078 2932 habeat
2119 2872 2342 2945 triginta

768 2977 905 3042 dies,
931 2974 1102 3030 altera
1129 2971 1516 3042 undetriginta,
1554 2978 1613 3023 et
1641 2967 2062 3037 singulares'per
2083 2965 2262 3020 omnia
2288 2965 2344 3019 in

770 3065 880 3121 illis
920 3062 1196 3120 mensibus
1244 3059 1471 3114 firmiter
1514 3066 1660 3113 stare
1705 3056 1940 3111 valeant.
1971 3055 2058 3119 Et,
2094 3061 2155 3107 ut
2199 3067 2344 3117 reor,

771 3152 916 3224 quod
938 3151 992 3206 in
1017 3149 1225 3206 Latinis
1248 3147 1664 3218 reprehendent,
1687 3145 1791 3200 hoc
1818 3144 1983 3199 etiam
2009 3153 2067 3200 et
2095 3143 2149 3198 in
2177 3142 2345 3214 Egy-

769 3244 966 3315 ptiacis
992 3241 1293 3298 inveniunt.
1317 3239 1386 3295 Et
1411 3237 1583 3306 forte,
1607 3237 1751 3308 quod
1793 3237 1850 3292 in
1879 3235 2203 3293 Novembrio
2248 3253 2353 3292 κιο-ς

773 3333 890 3388 lunt
915 3333 1055 3398 fieri,
1086 3345 1309 3388 necesse
1341 3338 1424 3385 est
1450 3329 1508 3385 in
1549 3328 1656 3384 alio
1687 3326 1939 3399 quolibet
1974 3341 2162 3383 mense
2200 3327 2348 3381 invea-

774 3421 912 3476 nire.
937 3418 1050 3476 Nec
1074 3433 1177 3490 ego
1204 3433 1330 3474 cum
1348 3417 1590 3489 quolibet
1610 3409 2006 3473 contentiosum
2030 3415 2215 3469 funem
2236 3423 2349 3470 tra-

773 3509 908 3565 here
932 3508 1113 3574 velim,
1141 3521 1243 3563 nec
1263 3521 1352 3561 me
1381 3504 1788 3579 quaestiunculis
1821 3504 2062 3560 inserere
2095 3503 2344 3557 aliorum.

776 3597 1155 3668 Unusquisque
1179 3596 1236 3651 in
1256 3610 1357 3652 suo
1378 3609 1539 3651 sensu
1566 3593 1826 3650 abundet.

844 3707 998 3778 Quod
1021 3723 1150 3765 vero
1171 3709 1227 3763 in
1252 3706 1360 3764 ﬁne
1379 3705 1621 3777 epistolas
1646 3705 1987 3762 familiariter
2018 3705 2097 3778 [et
2119 3705 2350 3762 salubri-

776 3799 885 3872 ter]
931 3815 1018 3856 me
1051 3801 1348 3857 admonere
1380 3798 1645 3863 curastis,
1691 3805 1773 3862 ut,
1800 3797 1849 3853 si
1895 3797 2026 3868 quid
2074 3798 2354 3862 humiliter

777 3890 1168 3947 emendandum
1199 3890 1292 3954 sit,
1329 3888 1660 3958 corrigatur;
1695 3902 1970 3956 nunquam
1998 3887 2095 3954 fui,
2125 3888 2235 3944 Deo
2257 3890 2353 3944 do-

778 3985 964 4043 nante,
985 3978 1039 4036 in
1065 3991 1250 4035 errore
1272 3990 1398 4032 meo
1413 3975 1684 4047 pertinax,
1713 3990 1814 4032 nec
1828 3977 1895 4032 de
1916 3977 2053 4033 meis
2077 3976 2354 4032 conlidens

779 4067 1045 4124 sensibus.
1079 4065 1187 4121 Nec
1235 4065 1362 4121 talis
1389 4072 1450 4121 ut
1496 4064 1706 4122 meliori
1751 4053 2032 4123 sententia:
2078 4065 2234 4123 facile
2261 4082 2353 4123 ac-

781 4158 1060 4230 quiescere
1086 4170 1193 4211 non
1215 4155 1474 4221 valerem,
1508 4156 1705 4222 sciens,
1739 4155 1944 4218 dictum
1972 4171 2108 4220 esse,
2154 4156 2352 4226 saepius

783 4247 1004 4306 auribus
1032 4257 1193 4314 quam
1220 4245 1400 4313 lingua
1427 4247 1707 4304 utendum.
1735 4244 1850 4302 Hoc
1863 4246 2089 4302 omnino
2114 4255 2351 4302 vestram

784 4338 986 4395 sentire
1006 4334 1324 4404 sapientiam
1336 4335 1580 4399 obsecro,
1597 4351 1706 4390 non
1720 4335 1874 4390 vobis
1891 4336 2047 4404 quasi
2066 4336 2349 4400 nescienti,

785 4427 888 4493 sed,
909 4424 1062 4496 quasi
1092 4422 1338 4494 probanti
1380 4424 1618 4479 scribere
1661 4441 1674 4478 :
1718 4438 1819 4480 nec
1845 4425 2000 4494 quasi
2041 4425 2349 4495 ignoranti,

2511 1987 2664 2042 Nunc
2683 1987 2846 2042 oblita
2864 1987 2993 2041 mihi
3020 1995 3097 2042 tot
3122 1986 3378 2052 carmina,
3401 2001 3502 2040 vox
3526 2000 3739 2056 quoque
3767 1984 4019 2040 Flaccum

2479 2075 2629 2146 'lpsa
2659 2075 2815 2148 fugit.
2857 2117 2873 2132 .
2917 2117 2932 2132 .
2975 2115 2991 2133 .
3033 2117 3049 2132 .
3093 2118 3108 2132 .

2513 2187 2739 2254 Tamen,
2784 2197 2844 2243 ut
2869 2189 2936 2244 ad
2964 2189 3220 2259 inquisita
3263 2187 3521 2243 chartula:
3566 2195 3755 2242 vestrm
3797 2201 4022 2255 respon-

2443 2281 2620 2346 dcam,
2661 2298 2767 2337 non
2811 2285 3089 2353 sapientia:
3135 2283 3340 2338 divitiis
3383 2280 3651 2345 suffultus,
3705 2283 3798 2336 sed
3827 2293 4022 2336 vestrm

2443 2371 2785 2425 auctoritatis
2809 2369 3006 2426 litteris
3031 2370 3337 2436 instinctus,
3366 2370 3570 2440 gremio
3594 2369 3808 2440 pictatis
3827 2379 4022 2424 vestrm

2442 2461 2789 2532 protegendo,
2816 2477 2986 2531 pauca
3010 2461 3077 2516 de
3101 2461 3310 2516 ratione
3337 2459 3616 2530 multiplici
3641 2459 3812 2514 saltus
3848 2457 4022 2525 subji-

2444 2565 2566 2605 cere
2585 2552 2808 2606 curabo.
2837 2551 3076 2606 Primum
3095 2565 3296 2628 ponam
3317 2550 3458 2618 quod
3481 2549 3536 2602 in
3555 2548 3832 2603 doctorum
3855 2547 4021 2602 didici

2443 2640 2624 2704 libris;
2652 2642 2911 2707 secundo,
2936 2641 3080 2710 quod
3110 2637 3636 2710 rationepsuadendo
3675 2637 3830 2710 [ϐοά.
3871 2635 4016 2699 ναι..

2443 2729 2728 2803 suadente]
2775 2708 3101 2801 investigare
3123 2729 3300 2795 valui;
3327 2708 3518 2794 'tertio,
3541 2708 3695 2798 quod“
3720 2742 3788 2782 ex
3814 2727 4024 2781 mathe-

2443 2828 2641 2884 matica
2670 2821 2939 2895 quondam
2968 2819 3158 2874 audita
3190 2817 3502 2872 meminisse
3528 2815 3676 2886 potui
3714 2813 3823 2885 92
3857 2813 4027 2868 disci-

2443 2916 2609 2987 plina.
2645 2915 2921 2982 Quatenus
2968 2907 3252 2979 multiplici
3296 2905 3458 2962 modo
3500 2904 3774 2974 multiplex
3814 2903 4026 2958 lunaris

2445 3007 2615 3076 saltus
2655 3002 2934 3064 enodctur,
2987 2998 3276 3054 Salomone
3299 2998 3515 3053 dicente
3549 3014 3564 3050 :
3607 2994 3897 3049 Punica!“
3926 2995 4025 3048 tri-

2444 3094 2564 3167 plex
2586 3091 2791 3164 difﬁcile
2811 3089 3072 3161 rumpitur
3123 3086 3324 3160 (Eccle.
3365 3102 3442 3151 tv,
3486 3084 3596 3156 12).
3643 3081 3775 3139 Item
3803 3083 3930 3137 dum
3952 3081 4026 3136 de

2372 3199 2419 3262 ο
2448 3183 2713 3264 sapientia
2742 3180 3060 3250 loquebatur
3100 3175 3283 3232 intulit
3308 3175 3494 3230 dicens
3528 3187 3544 3226 :
3576 3171 3728 3227 Unde
3767 3187 3884 3226 eam
3925 3171 4024 3224 tibi

2447 3277 2601 3332 hodie
2643 3274 2917 3345 tripticiter
2955 3270 3160 3326 ostendi
3205 3268 3388 3340 (Prov.
3433 3281 3572 3330 xxlt,
3615 3264 3731 3331 20).
3762 3264 3871 3319 llos
3919 3277 4026 3334 ego

2447 3377 2658 3430 sensus,
2685 3359 3035 3433 sagacissime
3069 3355 3395 3412 naturalium
3422 3369 3604 3409 rerum
3634 3352 3945 3432 inquisitor,
3963 3359 4025 3407 et

2448 3453 2675 3510 rationis
2699 3449 3067 3521 cujuscunque
3084 3462 3262 3518 causa:
3281 3445 3624 3502 devotissime
3647 3443 4020 3512 investigator,

2447 3545 2662 3602 domine
2687 3543 2760 3598 mi
2781 3541 2968 3610 David,
2984 3540 3179 3596 vestra:
3206 3535 3514 3594 auctoritati
3541 3535 3774 3606 dirigere
3802 3536 3978 3590 studui
4001 3551 4020 3596 ;

2447 3649 2551 3690 non
2574 3631 2850 3702 iactantiae
2874 3639 3004 3702 typo
3032 3628 3232 3694 clarus,
3261 3626 3358 3682 sed
3380 3625 3698 3680 humilitatis
3714 3623 3889 3679 cilicio
3933 3624 4024 3678 dc-

2446 3733 2625 3788 votus,
2648 3721 2844 3778 vestris
2867 3718 3226 3777 sanctissimis
3242 3707 3696 3787 paratus‘obedirc
3715 3714 4020 3784 prmeeptis.

2446 3813 2515 3868 Et
2552 3813 2600 3867 si
2642 3811 2862 3880 dignum
2909 3822 3098 3862 earum
3142 3805 3467 3868 litterarum,
3509 3793 3818 3859 acutissime
3863 3802 4022 3874 [ϐοά.

2458 3899 2603 3964 Vat.,
2630 3894 2980 3968 acutissimis]
3003 3894 3280 3950 oculorum
3309 3893 3586 3949 obtutibus
3632 3892 3872 3948 invenire
3897 3906 4026 3962 pos-

2448 3991 2544 4056 sis,
2559 3990 2759 4061 gratias
2779 3988 2894 4044 Deo
2910 3985 3152 4042 omnium
3176 3983 3440 4040 donorum
3462 3982 3649 4056 [Edit.,
3678 3980 4022 4053 donatorum]

2449 4083 2692 4154 largitori
2735 4081 2868 4137 mihi
2911 4079 3178 4150 agendum
3226 4077 3360 4133 scio.
3411 4075 3468 4131 Si
3509 4075 3636 4146 quid
3665 4075 3821 4130 aliter
3859 4090 4025 4144 qnam

2449 4172 2701 4230 meruisti
2722 4169 2930 4225 citatim
2953 4182 3129 4238 penna
3149 4165 3544 4238 perscripserit,
3571 4165 3701 4220 mihi
3727 4165 4024 4234 putandum

2451 4255 2870 4333 [imputandum]
2898 4271 3019 4314 esse
3048 4256 3223 4312 fateor
3250 4273 3268 4311 :
3304 4263 3606 4324 vestraeque
3629 4253 3848 4333 pietatis
3879 4251 4026 4323 [gre—

2449 4351 2583 4424 mio]
2608 4351 2960 4420 protegendo,
2985 4356 3040 4404 et
3064 4347 3277 4403 eximia:
3313 4345 3574 4402 bonitatis
3605 4344 3816 4400 calamo
3854 4344 4028 4399 corri-

2451 4439 2702 4510 gendum.

786 4518 882 4574 sed
902 4517 1072 4585 magis
1092 4514 1398 4584 corrigenti,
1421 4514 1652 4585 dirigere
1675 4514 1958 4585 parvitatis
1981 4529 2115 4570 mem
2139 4529 2351 4571 sensus.
2384 4526 2439 4588 Β
2528 4527 2638 4583 Has
2685 4542 2817 4583 γει-ο
2852 4525 3058 4582 lunaris
3117 4525 3289 4582 εειιιιε
3347 4525 3752 4596 summi...“
3814 4523 4028 4594 aliquas

788 4607 898 4663 Nec
919 4622 1048 4662 vero
1087 4605 1390 4672 evangelica
1414 4605 1574 4660 vidua
1612 4605 1718 4661 duo
1753 4606 1958 4661 minuta
1988 4605 2169 4676 injecit
2191 4623 2354 4678 gazo-

790 4695 1036 4765 phylacio
1067 4695 1259 4762 (Marc.
1286 4710 1383 4757 xu,
1406 4694 1496 4764 ΛΞ)
1520 4704 1741 4763 propter
1772 4696 2122 4766 indigentiam
2148 4698 2354 4768 templi,

789 4782 885 4838 sed
906 4789 1122 4852 propter
1148 4781 1484 4835 devotionem
1513 4797 1686 4836 suam.
1732 4782 1844 4839 Nec
1874 4793 2058 4838 nostra
2080 4786 2358 4843 humilitas

792 4873 904 4927 Deo
949 4869 1166 4925 donaria
1206 4869 1380 4933 offert,
1408 4871 1563 4940 quasi
1607 4886 1714 4926 non
1766 4871 2006 4938 habenti,
2054 4876 2149 4928 sed
2186 4877 2360 4946 magis

792 4961 971 5015 omnia
993 4957 1284 5029 possidenti
1311 4956 1397 5028 (11
1426 4957 1548 5013 Cor.
1575 4976 1649 5024 vi,
1684 4959 1793 5030 l0).
1825 4959 1904 5017 Ita
1931 4962 2094 5016 etiam
2121 4965 2359 5032 parvitas

795 5063 912 5103 mea
946 5063 1050 5103 non
1080 5045 1368 5115 indigenti,
1403 5049 1498 5102 sed
1545 5049 1771 5105 multum
1810 5051 2003 5106 melius
2044 5052 2357 5122 intelligenti

793 5136 966 5201 vobis,
991 5137 1036 5190 si
1059 5139 1188 5206 quid
1212 5134 1450 5192 scribere
1488 5146 1792 5205 tentaver'o,
1825 5139 2128 5200 faciendum
2154 5145 2359 5201 veraci-

799 5235 882 5282 ter
931 5239 1180 5295 agnosco.
1225 5224 1408 5282 Gloria
1459 5227 1628 5296 patris
1691 5228 1834 5290 filius
1896 5231 2110 5301 sapiens
2164 5233 2356 5302 (Prov.

796 5329 920 5379 xm,
970 5315 1030 5385 1).

870 5402 1022 5469 Quod
1053 5416 1178 5458 vero
1205 5413 1329 5458 nota
1373 5415 1618 5474 repetere
1645 5406 1915 5479 indignum
1961 5413 2173 5469 dixistis
2204 5414 2356 5486 [Cod.

876 5549 1378 5643 :fiafiriaia'zri-
1393 5554 1609 5643 Elaeae
1640 5560 1887 5643 .P'9‘.‘,mF
1911 5563 2073 5643 anesi
2090 5564 2223 5643 .797.
2254 5581 2360 5643 ειμο

808 5615 1139 5700 lunaquarta
1166 5621 1367 5674 decima
1393 5615 1666 5700 incidebat
1686 5641 1750 5700 xv
1773 5615 2234 5700 Kal.‘llaiiv,ﬁjuxta
2258 5615 2362 5689 Ei?-

811 5684 1648 5773 ottlpaeecennovennalcsnlﬁn.
1689 5695 1862 5751 Betim.
1893 5684 2360 5773 llreciig'iiurwepi—

814 5753 944 5807 stola
971 5756 1163 5824 scripta
1189 5767 1268 5810 est
1290 5773 1427 5812 anno
1454 5760 1572 5815 798.

2449 4617 2642 4690 {Add.,
2679 4615 2860 4690 quas],
2885 4617 2941 4673 in
2965 4617 2996 4658 ιν
3021 4616 3244 4673 alterius
3273 4616 3532 4672 chartula)
3554 4615 3804 4672 distincte
3820 4615 4024 4677 notavi,

2456 4719 2518 4765 ut
2544 4711 2789 4780 praedixi,
2826 4725 2896 4766 ex
2949 4710 3181 4766 lectione
3223 4717 3568 4779 paternorum
3603 4721 3855 4764 sensuum
3891 4706 4028 4760 scri-

2456 4802 2574 4870 psi;
2612 4800 2749 4855 alias
2790 4813 2860 4854 ex
2907 4798 3135 4853 rationis
3174 4795 3482 4866 conjectura
3513 4795 3863 4872 investigavi;
3892 4795 4027 4850 alias

2459 4887 2961 4944 mathematicorum
2989 4888 3153 4943 variis
3176 4887 3664 4960 [supputationibns
3699 4886 3887 4958 collegi
3919 4886 4027 4957 (E2

2461 4976 2590 5031 ϐοά.
2646 4974 2766 5031 Vat.
2815 4977 2924 5044 AL,
2952 4977 3347 5047 suspicionibus
3385 4976 3600 5047 collexi]
3637 4989 3707 5030 ne
3737 4975 3804 5030 ad
3832 4984 4027 5031 vestra:

2460 5069 2775 5125 venerandae
2823 5067 3100 5138 dignitatis
3123 5073 3668 5136 praccptaaacerem,
3689 5051 3746 5120 et
3785 5065 4025 5119 criminis

2461 5173 2585 5212 reus
2623 5172 2821 5222 essent,
2849 5158 2894 5211 si
2917 5156 3232 5212 inobediens
3267 5163 3430 5212 tantae
3448 5154 3757 5214 auctoritati
3790 5155 4022 5211 viderer.

2463 5243 2652 5298 Sciens
2688 5259 2782 5298 vos
2817 5243 3094 5312 multoque
3125 5243 3305 5298 verius
3344 5251 3408 5298 et.
3428 5243 3675 5313 sagacius
3710 5244 4023 5298 hmcomuia

2463 5332 2760 5402 intelligere
2790 5340 2846 5386 et
2882 5333 3202 5404 investigare
3221 5349 3400 5404 posse,
3433 5342 3610 5386 tamen
3636 5333 4024 5390 Flaccinanw

2462 5421 2683 5475 ticitatis
2707 5419 2878 5476 officia
2904 5437 3010 5477 non
3041 5423 3300 5494 abnegavi
3321 5461 3337 5487 ,
3371 5430 3431 5476 ut
3464 5421 3708 5480 facerem.
3735 5425 3880 5494 Quod
3909 5424 4022 5494 jus—

2536 5571 2562 5610 δ
2590 5571 2816 5626 Alterius
2842 5574 3112 5630 εΙιανιιιιε.
3148 5574 3274 5632 limo
3318 5577 3561 5632 chartula
3600 5578 3700 5635 abs
3735 5579 3897 5634 dubio
3938 5579 4020 5634 illa

2463 5649 2730 5709 estquam
2759 5643 2897 5716 infra
2924 5642 3271 5716 inte3__(_)pera
3308 5646 3673 5716 philosophica
3712 5649 4023 5703 exhibemus

2463 5725 2546 5789 ex.
2564 5724 2673 5789 ms1
2692 5725 2804 5789 reg.
2830 5711 2989 5789 Suec:
3001 5711 3160 5789 Aliibl.’
3172 5714 3292 5770 Vat.
3310 5711 3370 5771 it.
3395 5711 3675 5772 226.'Vide
3697 5717 3865 5772 etiam
3889 5717 4020 5773 infra

2465 5779 2619 5846 epist.
2645 5779 2711 5832 84
2739 5781 2900 5847 (nunc
2930 5779 3071 5852 l00).
