4232 6486
96 566 197 623 269

1527 548 1881 605 EPlSTOLIE
1893 588 1907 602 .

3224 552 3329 606 270

99 679 260 743 sistis,
306 676 602 731 mercedem
645 672 958 729 obedientiue
991 677 1325 739 exspectans,
1368 680 1475 720 non
1524 663 1659 732 inju-
1690 664 1738 723 Α
1830 661 2123 743 ῃιειὶεανηςι
2143 662 2317 743 Δοιηηὲε
2342 658 2697 743 pliilfisopliite.
2726 660 2802 711 Ad
2832 661 3211 743 confatamlaut
3235 660 3335 743 fe-

102 765 233 818 riam
261 758 956 832 reprehensionis‘sperans,
975 756 1098 827 quia
1124 764 1337 811 assueta
1360 754 1521 808 vestri
1546 767 1664 807 cor-

100 853 183 910 dis
220 851 429 910 bonitas
454 864 725 920 nunquam
755 847 1031 909 immutari
1061 853 1258 917 potest,
1291 844 1385 899 sed
1412 842 1664 898 inviolata

100 951 299 1009 manet,
326 950 381 997 et
412 957 623 1012 semper
649 939 716 994 ad
765 938 986 993 meliora
1030 935 1334 1007 proﬁciens,
1383 934 1553 988 donec
1598 932 1666 988 ad

97 1031 432 1095 aeternitatis,
472 1028 697 1083 Domino
738 1027 847 1081 Deo
884 1025 977 1080 Dei
1017 1023 1152 1078 Filio
1192 1023 1502 1086 miserante,
1543 1035 1665 1075 cum

99 1121 379 1191 multiplici
406 1119 721 1174 meritorum
752 1118 908 1172 laude
930 1115 1206 1187 perveniat
1226 1113 1469 1185 gloriam.

168 1210 226 1265 In
277 1209 503 1268 artiwlo
543 1206 897 1280 profectionis
946 1220 1226 1262 servorum
1267 1212 1567 1259 vestrorum
1613 1210 1668 1255 et

96 1310 297 1358 nostra:
325 1301 620 1357 devotionis
642 1298 896 1365 ﬁliorum,
920 1303 1182 1352 venerunt
1207 1294 1445 1350 melliﬁui
1466 1292 1665 1348 dulcis-

94 1393 248 1457 sima:
273 1392 607 1447 auctoritatis
627 1403 652 1431 ι
677 1389 871 1460 apices,
896 1387 950 1443 in
975 1387 1168 1457 quibus
1195 1383 1582 1439 rationabiliter
1599 1381 1668 1436 ad

95 1484 355 1554 inquisita
398 1490 595 1537 nostra:
630 1479 908 1550 parvitatis
933 1475 1301 1546 respondistis,
1333 1484 1387 1530 et
1406 1473 1557 1543 quasi
1586 1472 1666 1525 la-

95 1590 229 1629 vum
277 1574 542 1630 distillans
583 1570 759 1641 (Cant.
787 1585 861 1634 tv,
893 1568 1001 1640 il),
1049 1568 1121 1621 ita
1150 1565 1431 1621 suavitatis
1475 1572 1667 1618 vestra:

92 1666 266 1720 verba
320 1664 587 1733 legebam,
618 1662 672 1716 in
720 1661 916 1731 quibus
944 1667 999 1714 et
1034 1657 1357 1713 hilaritatem
1388 1663 1443 1711 et
1470 1654 1669 1708 verita-

94 1761 206 1806 tem
235 1752 448 1822 agnovi,
479 1759 533 1807 et
561 1750 761 1820 gratias
791 1763 955 1819 agens
980 1747 1089 1802 Deo
1114 1745 1323 1801 laudavi
1349 1752 1664 1813 utrumque,

90 1849 149 1896 et
177 1841 462 1911 sapientia:
493 1840 761 1903 decorem,
792 1848 847 1893 et
872 1836 1189 1892 humilitatis
1218 1834 1458 1905 vigorem
1480 1872 1494 1897 ,
1541 1831 1669 1885 dum

90 1931 304 2002 dignati
337 1932 512 1987 fuistis
552 1940 749 1986 nostra:
774 1928 1105 1984 rusticitatis
1133 1925 1429 1982 chartulam
1462 1923 1666 1987 audire,

1832 728 1981 809 licent
2005 729 2271 809 adjutores
2298 728 2542 809 postulat,
2571 739 2617 780 et
2650 744 2814 798 regem
2852 729 3335 809 addefendeudam

1833 805 2097 852 veritatem
2117 805 2336 853 animal.
2932 805 2937 810 “

1834 934 1944 989 Deo
1982 933 2176 989 dilecto
2212 942 2375 1004 atque
2403 949 2433 987 a
2461 934 2571 989 Deo
2596 934 2767 988 electo
2808 934 2978 988 David
3007 934 3151 1005 regi,
3180 933 3338 995 Flac-

1765 1041 1862 1080 cus
1907 1026 1960 1080 in
2005 1024 2108 1081 ﬁde
2146 1014 2203 1080 et
2244 1024 2504 1080 charitate
2533 1032 2846 1094 perpetuam
2897 1024 2951 1079 in
2999 1023 3215 1083 Christo
3253 1043 3342 1084 sa-

1768 1114 1951 1171 lutem.
1978 1117 1981 1120 ’

1835 1204 2151 1260 Dulcissima
2195 1204 2437 1277 [pietatis
2481 1214 2671 1260 vestra:
2700 1204 2892 1276 (Edit.,
2922 1207 3091 1275 pietas
3117 1205 3340 1279 vestra)]

1766 1308 1987 1348 munera
2013 1294 2143 1347 mihi
2170 1293 2197 1332 ἀ
2222 1294 2539 1365 Fredegisns
2571 1295 2817 1349 servulus
2842 1304 3023 1350 vester
3057 1297 3252 1351 attulit.
3284 1297 3342 1352 in

1766 1386 1959 1456 quibus
2002 1395 2307 1456 utrumque,
2348 1395 2403 1441 et
2440 1386 2785 1441 dilectionem
2826 1387 3019 1457 agnovi
3052 1387 3105 1441 in
3144 1403 3253 1452 me,
3287 1398 3343 1443 et

1768 1479 2085 1549 sapientiam
2125 1480 2463 1535 consideravi
2509 1480 2565 1533 in
2611 1488 2700 1533 te:
2732 1481 2882 1548 quasi
2929 1480 3157 1549 quodam
3186 1482 3345 1536 modo

1769 1576 1999 1638 quatuor
2042 1568 2252 1623 dierum
2292 1584 2515 1623 munera
2549 1568 2920 1639 primordiales
2960 1580 3191 1639 quatuor
3229 1570 3343 1625 die-

1770 1672 1891 1711 rum
1916 1658 2217 1713 creationes
2255 1657 2621 1727 designarent.
2647 1658 2714 1711 Et
2756 1658 2883 1727 quia
2918 1660 3091 1729 prima
3128 1659 3215 1714 die
3256 1660 3346 1714 lux

1770 1746 1982 1800 condita
2023 1755 2106 1801 est
2133 1744 2286 1817 (Gen.
2313 1764 2349 1811 ι,
2374 1747 2429 1812 3,
2456 1747 2607 1817 δρψ),
2636 1748 2811 1817 prima
2837 1750 2937 1803 die.
2958 1761 2980 1788 ε
3004 1749 3139 1805 lucis
3175 1760 3347 1805 mate-

1772 1835 1908 1890 riam
1955 1835 2192 1890 ostendit
2244 1836 2397 1891 mihi.
2451 1836 2695 1911 Secunda
2743 1835 2967 1893 Creator
3026 1839 3350 1895 ﬁrmamenti

1772 1924 2226 1995 pulchritudinem
2265 1926 2507 1980 extendit
2545 1927 2687 1981 inter
2725 1944 2896 1999 aquas
2924 1938 2980 1985 et
3018 1945 3227 2000 aquas:
3257 1947 3349 1987 se—

90 1998 200 2078 nec
234 2022 405 2077 solum
430 2021 725 2093 perlegere,
744 2019 839 2075 sed
863 2019 1025 2087 etiam
1051 2024 1106 2071 et
1125 2015 1466 2085 respondere.
1496 2012 1673 2066 Etiam
1706 1998 1752 2057 Β
1778 2015 1952 2071 cunda
1979 2015 2066 2070 die
2093 2015 2149 2070 in
2180 2016 2512 2081 muneribus,
2540 1998 2856 2072 vestimenta
2886 1998 3237 2075 sacerdotalia
3271 2020 3354 2075 di-

88 2121 151 2169 et
199 2114 332 2167 illud
375 2111 678 2166 amabiliter
718 2110 773 2164 in
824 2108 927 2163 illis
954 2105 1208 2162 bonitatis
1250 2110 1441 2157 vestrm
1480 2100 1677 2155 litteris

89 2206 365 2274 scriptum
411 2202 604 2273 reperi,
638 2200 788 2270 quasi
820 2199 954 2254 meis
980 2197 1159 2252 verbis
1184 2195 1403 2258 dictum,
1447 2192 1678 2262 qualiter

89 2294 288 2362 regina
315 2291 495 2345 Austri
528 2290 759 2346 venisset
802 2288 986 2343 audire
1029 2284 1345 2354 sapientiam
1375 2280 1679 2337 Salomonis

89 2384 147 2455 (1
157 2383 186 2435 1
194 2382 231 2447 ι
260 2382 388 2452 Reg.
420 2382 505 2453 x);
539 2391 593 2436 et
618 2380 882 2450 quomodo
908 2376 1308 2439 acclamassem,
1332 2373 1517 2427 beatos
1557 2384 1679 2424 esse

86 2476 190 2544 qui
225 2474 542 2529 assistercnt
569 2471 843 2541 sapientiae
868 2466 1199 2531 Salomonis;
1226 2474 1281 2520 et
1300 2479 1367 2519 ex
1391 2462 1475 2517 his
1500 2460 1678 2517 verbis

88 2579 186 2619 me
222 2563 291 2617 ad
321 2563 462 2616 hanc
507 2559 888 2616 beatitudinem
916 2568 1210 2625 provocare
1247 2550 1511 2614 voluistis,
1537 2547 1679 2618 quod

87 2651 361 2723 [gratum,
379 2649 508 2719 (AL,
531 2644 803 2718 gratiam)]
820 2646 992 2700 habeo
1007 2641 1301 2699 secundum
1322 2639 1680 2695 valetudinem

84 2740 351 2810 corporis
364 2739 489 2804 mei,
503 2747 558 2792 et
570 2737 663 2791 Dei
673 2737 843 2807 gratia
853 2733 1211 2806 prarveniente
1223 2738 1279 2787 et
1292 2731 1583 2786 deducente
1595 2742 1684 2783 me

82 2842 364 2904 prospere
378 2835 505 2882 ante
526 2831 874 2896 conspectum
892 2821 1239 2880 beatitudinis
1252 2826 1462 2874 vestrm.
1478 2817 1682 2872 Tamen

83 2919 247 2976 sciat
255 2915 625 2972 misericordia
636 2921 813 2968 vestra
824 2910 966 2981 quod
979 2907 1563 2989 hzecbeatitudo,quam
1574 2905 1685 2959 lau-

88 3011 335 3065 daverat
367 3006 551 3075 regina
593 3004 802 3069 Austri,
829 3017 934 3056 non
974 3000 1075 3054 fuit
1101 2999 1155 3054 in
1194 3006 1339 3052 terra
1373 2994 1684 3051 Philistino-

89 3113 248 3161 rum,
279 3095 376 3151 sed
405 3095 458 3149 in
480 3093 835 3157 Hierusalem,
860 3091 912 3145 id
937 3097 1039 3153 est,
1058 3089 1114 3143 in
1139 3088 1345 3143 visione
1368 3085 1535 3156 pacis.
1560 3083 1684 3138 Ideo

88 3184 337 3257 supplex
364 3183 621 3252 deprecor
642 3187 701 3234 ut
723 3179 882 3235 liceat
907 3177 1099 3232 Flacco
1128 3183 1220 3229 tuo
1246 3174 1315 3228 ad
1348 3174 1485 3227 hanc
1509 3171 1684 3227 beati-

93 3275 357 3337 tudinem
399 3272 453 3326 in
482 3278 627 3325 terra
652 3269 801 3339 pacis
826 3274 879 3322 et
906 3264 1105 3321 laetitiae
1147 3264 1449 3334 pervenire,
1481 3276 1589 3316 non
1628 3261 1685 3315 in

1777 2106 2041 2160 visionem
2068 2105 2211 2159 inter
2229 2120 2453 2176 corpora
2473 2108 2815 2162 sacerdotum
2843 2116 2898 2163 et
2924 2109 3105 2179 populi
3133 2111 3355 2165 demon-

1778 2204 1952 2250 strare
1994 2194 2239 2265 cognovi.
2282 2194 2463 2250 Tertia
2508 2196 2624 2261 die,
2669 2203 2812 2252 terra
2861 2211 2984 2252 cum
3024 2200 3357 2254 ornamentis

1777 2286 1891 2341 suis
1919 2286 2203 2355 apparuit:
2230 2286 2388 2340 tertia
2416 2284 2520 2350 die,
2544 2286 2661 2341 auri
2688 2286 2958 2342 laetissima
2984 2287 3210 2358 species,
3234 2302 3357 2358 qua

1779 2374 1983 2441 gremio
2025 2374 2234 2427 eruitur
2270 2382 2447 2438 terrae,
2490 2374 2697 2435 directa
2719 2383 2805 2430 est
2844 2376 2997 2430 mihi.
3025 2377 3226 2443 Quarta
3267 2378 3357 2434 die

1778 2464 1859 2518 sol
1882 2465 2054 2519 honor
2082 2463 2262 2519 saaculi
2290 2479 2412 2519 cum
2452 2463 2718 2520 sideribus
2754 2466 2875 2521 caeli
2914 2468 3163 2523 inductus
3197 2468 3352 2540 [ϐοά.

1793 2550 1932 2617 Vat.,
1963 2551 2182 2624 inditus]
2204 2560 2317 2617 est;
2349 2561 2540 2621 quarta
2568 2554 2676 2617 die,
2715 2553 2860 2608 clara
2902 2557 3147 2625 quaedam
3181 2567 3237 2612 et
3269 2573 3356 2612 ro-

1779 2645 1944 2699 tunda
1969 2646 2023 2699 in
2049 2644 2450 2700 similitudinem
2476 2643 2606 2700 solis
2628 2645 2853 2715 species,
2890 2646 2909 2685 ι
2936 2648 3110 2703 honor
3134 2663 3353 2713 mensm,

1780 2736 1942 2790 allata
1969 2742 2052 2791 est
2080 2735 2230 2801 mihi,
2263 2735 2468 2789 habens
2497 2734 2684 2803 viginti
2713 2744 2921 2804 septem
2953 2738 3352 2794 semicirculos:

1780 2825 1873 2896 qui
1920 2824 1965 2880 si
2011 2824 2093 2880 bis
2143 2824 2423 2888 ducantur,
2468 2834 2626 2880 erunt
2671 2827 3055 2899 quinquaginta
3100 2839 3357 2901 quatuor,

1781 2921 2001 2984 propter
2027 2914 2190 2969 horas
2214 2914 2419 2969 lunaris
2444 2924 2652 2980 cursus,
2695 2917 2893 2985 quibus
2916 2931 3014 2987 per
3040 2918 3250 2989 singula
3287 2919 3360 2974 si-

1782 3018 1887 3073 gna
1932 3016 2149 3058 currere
2192 3003 2327 3057 solet
2361 3020 2374 3056 :
2404 3004 2612 3061 habens
2655 3005 2917 3062 circulum
2965 3010 3253 3066 rotundum
3301 3011 3358 3066 in

1782 3094 1988 3159 medio,
2023 3102 2241 3162 propter
2286 3094 2413 3150 solis
2460 3103 2773 3164 perpetuam
2823 3099 3228 3156 rotunditatem.
3280 3099 3359 3156 De

1784 3181 1935 3249 cujus
1964 3196 2125 3264 cursu
2156 3181 2411 3252 praefatus
2436 3197 2568 3252 puer
2605 3184 2737 3240 mihi
2774 3187 2976 3252 retulit,
3007 3195 3243 3243 vestram
3281 3187 3364 3244 in-

1787 3274 1999 3341 quirere
2038 3274 2380 3342 sapientiam,
2412 3275 2679 3343 quomodo
2710 3278 2737 3317 ⁶
2765 3276 2950 3332 decem
2995 3268 3156 3334 hora!
3180 3286 3235 3334 et
3271 3280 3356 3334 di-

88 3374 258 3419 terra
306 3335 655 3415 dissensionis
700 3357 809 3413 eth
857 3354 1002 3411 belli.
1035 3352 1172 3419 Quid
1213 3352 1356 3405 νιιῑει
1399 3350 1686 3439 inﬁrmitas
1710 3318 1759 3383 ο
1790 3318 1951 3415 midia
2000 3318 2224 3431 singulis
2268 3318 2541 3419 mensibus
2583 3318 3161 3423 accrescere-mla};
3180 3318 3365 3439 “Cuius

90 3452 295 3510 Flacci
320 3451 463 3505 inter
488 3448 670 3503 arma?
694 3446 823 3518 quid
852 3446 991 3500 inter
1012 3457 1171 3513 apros
1195 3439 1533 3512 lepusculus?
1558 3437 1688 3508 quid

91 3545 253 3597 inter
283 3541 468 3594 leones
515 3536 789 3607 agniculns
836 3534 891 3589 in
931 3547 1065 3606 pace
1103 3530 1370 3597 nutritus,
1404 3531 1683 3593 educatus,

91 3648 220 3687 non
270 3631 331 3684 in
366 3628 564 3699 prveliis
592 3625 872 3681 versatus?
898 3610 1024 3690 dum
1054 3629 1321 3692 praecepta
1352 3619 1562 3675 Domini
1591 3618 1685 3672 Dei

93 3720 353 3783 habetis,
397 3717 615 3771 timidus
643 3714 788 3769 donﬁ
827 3719 1122 3782 remaneat,
1152 3726 1221 3766 ne
1246 3710 1410 3765 faciat
1439 3710 1573 3765 alios
1618 3708 1688 3763 ti—

94 3823 288 3864 mere.
316 3808 385 3860 Et
412 3805 665 3876 Virgilius
687 3794 930 3875 Augusto
959 3802 1204 3858 scribens

386 3916 461 3967 Tu
481 3916 684 3964 sectaris
705 3926 865 3976 apros,
895 3925 991 3974 ego
1009 3913 1132 3962 retia
1150 3923 1315 3962 servo.

181 4009 285 4066 Hae
303 4022 510 4078 preces,
533 4007 777 4071 obsecro,
802 4004 1021 4058 veniant
1041 4003 1095 4058 in
1120 4018 1216 4058 cor
1242 4002 1455 4073 pietatis
1476 4009 1687 4064 vestrae,

90 4110 168 4155 ut
222 4099 394 4153 libeat
418 4096 568 4151 vobis
595 4103 649 4150 et
677 4095 836 4150 liceat
860 4093 1009 4159 mihi,
1055 4108 1178 4148 cum
1208 4094 1371 4148 ramis
1398 4092 1693 4163 palmarum

93 4188 306 4260 (Joan.
371 4199 492 4249 xu,
549 4184 637 4254 15)
680 4192 735 4237 et
778 4183 961 4251 pueris
1010 4182 1351 4235 cantantibus
1410 4194 1695 4235 occurrere

95 4272 402 4342 triumpho
426 4270 608 4339 gloriae
633 4276 826 4323 vestra:
850 4286 863 4321 :
894 4276 951 4322 et
998 4267 1333 4322 Hierusalem
1361 4275 1556 4335 optata:
1598 4282 1694 4335 pa-

94 4368 241 4421 tria:
271 4372 330 4418 et
356 4360 611 4431 templum
651 4360 1029 4430 sapientissimi
1061 4358 1363 4414 Salomonis
1404 4366 1521 4413 arte
1563 4373 1696 4411 con-

93 4455 359 4512 struitur
401 4450 519 4523 [F.,
565 4450 975 4522 constructum],
1017 4450 1272 4505 assistam
1316 4449 1536 4503 amabili
1564 4463 1696 4503 con-

92 4543 336 4616 Spectui
360 4550 556 4607 vestro,
585 4550 640 4596 et
662 4542 840 4597 dicere
865 4560 878 4594 :
907 4542 1224 4598 Benedictus
1250 4543 1507 4597 Dominus
1534 4541 1695 4605 Deus,

1791 3446 1869 3500 rei
1895 3442 2105 3502 subtilis
2134 3451 2271 3503 ratio
2300 3459 2400 3514 est,
2434 3451 2530 3505 sed
2556 3459 2747 3507 vestrae
2771 3442 3052 3523 sagacitati
3095 3456 3367 3527 perfacilis

1792 3535 1858 3590 ad
1881 3536 2300 3607 intelligendum.

1864 3646 1957 3702 Sol
1998 3648 2160 3717 igitur
2201 3637 2379 3718 primo
2415 3664 2554 3704 anno
2600 3659 2722 3720 post
2762 3652 3081 3719 bissextum,
3111 3653 3169 3708 in
3211 3654 3368 3710 initio

1791 3737 1980 3805 prima:
2022 3737 2169 3790 hora:
2210 3739 2404 3803 noctis,
2435 3739 2602 3792 intrat
2636 3740 2691 3793 in
2718 3738 2977 3805 Arietem,
3007 3751 3065 3796 et
3095 3752 3217 3812 post
3251 3741 3370 3803 dies

1794 3827 2011 3895 triginta
2036 3834 2092 3880 et
2117 3826 2301 3880 decem
2344 3829 2506 3882 semis
2549 3830 2712 3884 horas
2749 3830 2897 3885 exiet
2937 3831 3002 3886 de
3029 3831 3231 3893 Ariete,
3265 3831 3368 3885 hoc

1794 3923 1909 3980 est,
1953 3914 2082 3968 hora
2110 3914 2389 3970 undecima
2428 3917 2602 3971 noctis
2643 3918 2928 3973 tricesima:
2970 3919 3182 3988 prima,
3205 3925 3259 3973 et
3287 3931 3371 3971 se-

1795 4006 1968 4061 cundo
1996 4013 2212 4075 puncto.
2238 4006 2304 4061 Et
2331 4007 2490 4060 tertio
2514 4015 2715 4075 puncto
2733 4008 3031 4063 undecima:
3056 4008 3204 4062 hora
3229 4005 3373 4075 ejus—
3478 4030 3481 4033 λ

1796 4097 1915 4149 dem
1944 4095 2116 4161 noctis
2144 4094 2307 4149 intrat
2332 4094 2386 4147 in
2417 4093 2673 4157 Taurum,
2699 4096 2754 4148 et
2787 4095 2859 4150 ibi
2888 4104 3131 4150 moratur
3156 4094 3373 4164 triginta

1796 4186 1909 4240 dies
1936 4192 1990 4238 et
2016 4186 2200 4239 decem
2228 4184 2393 4239 semis
2429 4185 2608 4238 horas.
2639 4184 2707 4238 Et
2743 4184 2889 4239 exiet
2934 4185 3000 4239 de
3045 4183 3226 4238 Tauro
3264 4197 3371 4237 non

1796 4274 1864 4329 ab
1894 4274 2024 4327 hora
2050 4272 2136 4326 die
2166 4270 2371 4342 [Forte,
2398 4286 2536 4325 nona
2565 4271 2695 4326 hora
2722 4273 2852 4345 diei]
2876 4273 3053 4341 plena.
3080 4273 3145 4326 Et
3176 4272 3250 4325 ibi
3276 4273 3376 4326 ha-

1796 4365 1893 4418 bes
1912 4377 2074 4417 unam
2095 4362 2282 4416 horam
2304 4376 2372 4416 ex
2392 4370 2623 4429 quatuor
2646 4363 2857 4432 punctis
2878 4364 2932 4417 in
2952 4362 3163 4416 duobus
3182 4362 3370 4431 signis.

1798 4452 1865 4506 Et
1894 4452 2029 4505 ﬁunt
2068 4451 2296 4506 duorum
2322 4450 2598 4521 signorum
2637 4451 2917 4520 sexaginta
2948 4451 3063 4505 dies
3089 4457 3145 4505 et
3183 4450 3374 4520 viginti

1799 4556 1906 4595 ma
1950 4541 2101 4597 hora.
2132 4540 2199 4595 Et
2228 4539 2433 4595 decima
2467 4540 2597 4594 hora
2634 4538 2739 4595 diei
2785 4539 2953 4594 intrat
2998 4539 3054 4594 in
3096 4538 3370 4595 Geminos.

92 4632 215 4706 qui
245 4629 476 4685 adduxit
502 4629 579 4703 [et
603 4630 836 4702 reduxit]
864 4627 1031 4687 David
1050 4633 1302 4689 dilectum
1326 4647 1450 4689 cum
1479 4643 1700 4703 prospe—
1729 4653 1783 4717 υ
1802 4632 1872 4686 Et
1909 4631 2055 4686 exiet
2093 4630 2160 4684 de
2199 4627 2439 4685 Geminis
2476 4629 2701 4698 septima
2735 4628 2866 4683 hora
2894 4628 3049 4697 plena
3094 4627 3291 4692 noctis,
3318 4635 3375 4682 et

98 4723 290 4778 ritate
313 4725 371 4772 et
407 4717 578 4773 salute
604 4718 671 4773 ad
696 4732 881 4775 servos
921 4734 1066 4776 suos.

569 4814 592 4847 ε
610 4804 944 4863 ΕΡιετοιΑ
969 4802 1242 4864 LXXXIII.

649 4915 714 4955 AD
754 4915 968 4956 υοιιιωιι
1000 4916 1193 4957 ιεςει.

746 4989 922 5063 (Anno
948 4991 1094 5065 798.)

100 5083 205 5136 De
233 5090 400 5132 cm:
425 5075 552 5131 solis
575 5080 1172 5153 persigua‘xodiaciret
1206 5083 1429 5153 qualiter
1456 5085 1573 5138 inde
1601 5086 1705 5139 bis-

196 5156 385 5204 sextus
415 5147 677 5216 mergat!
698 5147 907 5202 Laudat
939 5150 1168 5204 audiunt
1192 5147 1505 5223 astrologia,
1538 5156 1704 5208 arith-

202 5254 472 5361 a‘dpicea.
681 5280 925 5361 epistola
948 5281 1127 5338 Caroli
1174 5286 1265 5361 de__
1284 5286 1705 5360 Septuagesima,

100 5349 491 5427 quam'supr‘a
515 5349 774 5405 dedimus.
804 5349 885 5405 Ex
910 5351 1011 5427 hac
1039 5367 1167 5423 ergo
1196 5356 1336 5411 illius
1357 5349 1576 5427 quoque
1613 5349 1709 5413 an;

100 5418 289 5526 simpl,
314 5418 428 5485 quo
446 5418 573 5473 data
599 5426 708 5501 est,
727 5418 1128 5501 cognoscime

174 5558 189 5559 ί
213 5556 237 5559 _
272 5483 431 5545 Belli.
461 5485 735 5555 Saxonica,
758 5496 818 5559 ut
866 5496 1205 5559 interpretor,

104 5622 302 5683 ciam
322 5627 379 5676 et
398 5622 540 5688 aliis,
562 5640 590 5679 a

214 5637 302 5677 mo
322 5627 379 5702 et
398 5627 540 5688 aliis,
562 5628 701 5695 apud
728 5627 946 5698 Pagium
975 5631 1079 5685 hoc
1101 5645 1259 5694 anno.
1284 5648 1340 5687 ιι.
1365 5633 1418 5688 4.

214 5703 239 5731 ε
272 5690 418 5745 Edtt.
447 5692 696 5759 Quercet.
727 5697 761 5752 8
784 5712 851 5751 ex
892 5712 1032 5759 ms.;
1069 5698 1157 5754 hic
1184 5716 1310 5756 vero
1338 5718 1405 5758 ex

565 5704 696 5750 reet.
727 5697 761 5752 8
784 5697 851 5751 ex
892 5712 1032 5765 ms.;
1069 5698 1157 5754 hic
1184 5716 1310 5756 vero
1338 5718 1405 5758 ex
1448 5706 1567 5761 cod.
1610 5724 1710 5765 ms.

207 5496 239 5526 ι
272 5496 431 5545 uati.
461 5496 735 5555 saxeum,
759 5496 818 5543 ut
866 5496 1205 5572 interpretor,
1244 5496 1385 5575 quod
1429 5498 1530 5553 hoc
1573 5514 1712 5553 anno
1811 5508 1967 5579 putus

106 5556 246 5611 798
275 5560 490 5623 gestum
512 5565 617 5623 est,
650 5566 709 5613 et
734 5558 1055 5615 describitur
1092 5562 1160 5616 ab
1185 5563 1461 5621 Annalista
1490 5568 1714 5623 Lambe-
1815 5578 1948 5623 stola

1805 4722 2012 4778 duobus
2051 4721 2264 4791 punctis
2300 4728 2505 4777 octava
2543 4720 2713 4774 bore.
2746 4718 2813 4773 Et
2844 4719 3005 4773 tertio
3047 4723 3244 4789 puncto
3281 4730 3375 4771 oc-

1732 4819 1739 4829 '
1806 4820 1941 4866 tavre
1968 4812 2115 4866 hom
2160 4810 2334 4867 noctis
2371 4810 2536 4865 intrat
2581 4810 2635 4864 in
2682 4807 2970 4865 Cancrum.
3013 4808 3081 4862 Et
3117 4806 3264 4862 exiet
3306 4807 3377 4863 de

1805 4903 2011 4958 Cancro
2033 4912 2183 4958 sexta
2208 4904 2341 4959 hora
2371 4902 2474 4959 diei
2499 4901 2676 4973 plena.
2701 4901 2768 4956 Et
2792 4900 2863 4956 ibi
2893 4900 3057 4955 habes
3084 4898 3375 4956 secundam

1807 4995 1994 5050 horam
2037 5002 2093 5048 et
2132 5002 2362 5064 quatuor
2406 5002 2639 5066 punctos
2681 4993 2913 5048 duorum
2961 4991 3256 5060 signorum.
3303 4987 3374 5042 Et

1807 5082 1940 5137 ﬁunt
1980 5084 2033 5137 in
2065 5083 2303 5138 Geminis
2328 5091 2383 5135 et
2421 5080 2629 5137 Cancro
2665 5081 2780 5135 dies
2818 5080 3096 5149 sexaginta
3134 5087 3191 5133 et
3226 5079 3375 5133 horai

1805 5175 1992 5244 viginti
2016 5186 2141 5229 una.
2173 5172 2348 5229 Habes
2377 5170 2530 5243 [ϐοά.
2572 5170 2717 5238 ναι,
2734 5171 2803 5228 Et
2828 5170 3023 5242 babes}
3040 5171 3097 5227 in
3124 5170 3212 5225 hia
3236 5183 3373 5238 qua-

1812 5300 2348 5371 incrementogdecem
2382 5300 2639 5371 horarum
2675 5309 2729 5357 et
2753 5302 2984 5371 dimidia:
3023 5300 3111 5357 hic
3132 5297 3373 5371 proposi-

1812 5379 1923 5440 tum
1948 5368 2199 5440 defendit.
2224 5368 2399 5440 (Apud
2415 5368 2652 5440 froben.
2682 5371 2840 5440 epist.
2874 5369 2989 5439 68.)

1879 5439 1905 5509 tl
1938 5435 2267 5509 Fredegisua.
2413 5435 2794 5509 [ridegisusiis
2832 5448 2944 5503 est,
2968 5435 3193 5509 Ἀιωίιιξ

1814 5508 1981 5579 pulus,
2010 5496 2170 5630 (quem
2200 5506 2413 5585 nomine
2437 5496 2779 5563 Natbanaelis
2804 5496 3143 5579 compellavit
3176 5507 3230 5562 in
3263 5496 3378 5573 cpi:

1814 5578 1949 5633 stola
1975 5592 2005 5629 a
2063 5574 2357 5629 Candidum
2380 5582 2435 5629 et
2459 5576 2878 5632 Nathanaelem?

1889 5658 1913 5685 ο
1942 5646 2093 5697 Lucis
2122 5646 2413 5698 materiam.
2443 5644 2651 5700 Oleum.

1892 5715 1910 5753 ί
1962 5712 2143 5765 Honor
2189 5727 2398 5767 mensa.
2450 5714 2659 5768 Delium
2710 5715 2836 5769 vino
2888 5712 3161 5784 impletum
3212 5711 3381 5767 inter-

110 5759 716 5854 ξὶξξερξξεεχιξξῇιξι
738 5766 951 5854 ιξιζξξβ
1152 5759 1560 5854 (ιιιίὺιιεάεῐῠ-ίὴ
1585 5759 1718 5834 locis
1818 5759 2019 5854 preter.

110 5830 490 5916 θρεψεως
511 5832 709 5916 prodit.
738 5833 949 5916 Scripta
982 5830 1191 5916 videtur
1218 5855 1364 5916 anno
1396 5830 1595 5901 eodem?
1611 5830 1719 5916 i166

1892 5852 1917 5890 ι
1962 5849 2145 5919 Decem
2189 5850 2331 5919 liora:
2374 5859 2421 5903 et
2467 5850 2704 5905 dimidia.
2752 5850 2827 5904 De
2872 5851 2973 5904 hac
3006 5856 3380 5919 supputatione

117 5903 324 5959 altera
359 5915 479 5971 qua
503 5900 687 5958 statim
706 5900 962 5973 sequitur,
992 5907 1046 5961 in
1072 5922 1175 5977 qua
1199 5909 1458 5966 calculum
1481 5900 1645 5971 suum‘
1656 5900 1720 5973 de
1822 5900 2025 5990 qumrit'
2039 5900 2269 5986 epistola
2286 5900 2703 5991 sequenti,qui—d
2728 5900 3255 5976 sii'iiﬁihishiluﬁﬁi
